3994 6352
267 326 333 383 3,
1620 332 1625 337 ~
1680 294 1880 367 LIBER
1921 308 2191 369 eamus.
3488 328 3556 381 sa

273 454 345 499 ret
366 444 456 497 ille
470 440 711 517 febribus,
721 437 889 510 jucuit
912 436 1001 489 diu
1020 436 1125 489 sine
1141 448 1289 487 sensu
1305 432 1356 486 in
1375 430 1558 484 sudore
1574 427 1766 483 let/tali.
1799 427 1865 482 Et

272 534 771 603 cumdesperaretur,
788 528 1070 598 baptizatus
1086 534 1157 578 est
1170 524 1412 589 nesciens,
1426 538 1504 575 me
1516 538 1614 575 non
1631 531 1861 583 curante,

270 635 314 677 et
330 631 664 694 presumente
687 618 742 673 id
762 619 975 672 retinere
990 616 1154 684 potius
1172 614 1394 667 animam
1413 614 1544 683 ejus,
1569 613 1703 681 quod
1722 612 1755 665 ὰ
1787 627 1865 665 me

268 722 549 783 acceperat,
584 727 683 763 non
712 708 847 778 quod
876 708 929 760 in
955 704 1215 761 nescientis
1252 719 1461 773 corpore
1493 702 1661 771 fiebat.
1692 701 1864 771 Longe

266 816 430 859 autem
444 805 595 857 aliter
603 811 732 867 erat;
747 816 866 855 nam
875 806 1124 852 recreatus
1134 803 1225 861 est,
1239 804 1285 848 et
1295 796 1461 849 salvus
1471 792 1866 865 factus.Statim—

264 914 357 965 que
376 907 432 950 ut
454 898 679 967 printum
702 910 817 946 cum
840 908 900 945 eo
924 890 1060 960 loqui
1070 888 1210 959 potui
1223 884 1385 959 (potui
1398 896 1563 940 autem
1576 904 1695 940 mox
1708 896 1761 941 ut
1776 887 1863 943 ille

267 990 445 1059 potuit,
461 988 669 1060 quando
683 1003 782 1040 non
797 983 1131 1048 discedebant,
1148 990 1192 1034 et
1210 979 1360 1034 nimis
1369 978 1706 1050 pendebatnus
1718 981 1861 1034 exin-

266 1081 435 1151 cicem)
447 1123 459 1140 ,
474 1079 660 1132 tentavi
672 1076 812 1148 apud
827 1076 970 1129 illum
983 1073 1212 1139 irridere,
1230 1080 1467 1143 tanquam
1482 1079 1527 1124 et
1544 1069 1633 1125 illo
1648 1072 1859 1125 irrisura

266 1189 454 1226 mecum
473 1170 814 1239 Baptismum,
834 1183 978 1237 quem
1007 1173 1265 1234 acceperat
1278 1172 1439 1217 mente
1453 1176 1597 1231 atque
1614 1179 1761 1217 sensu
1772 1162 1861 1216 ab-

263 1265 597 1326 sentissimus,
628 1262 717 1316 sed
745 1271 908 1314 tamen
929 1260 1041 1330 jam
1068 1274 1121 1312 se
1134 1256 1385 1328 accepisse
1409 1256 1669 1311 didicerat.
1690 1257 1860 1311 Atille

261 1358 328 1409 ita
348 1372 430 1409 me
459 1354 722 1408 exhorruit
762 1362 814 1405 ut
849 1351 1137 1416 inimicum,
1177 1347 1533 1419 admonuitque
1565 1347 1785 1401 mirabili
1811 1359 1859 1404 et

261 1449 519 1517 repentina
540 1446 788 1508 libertate,
821 1453 873 1496 ut
899 1443 943 1496 si
972 1442 1161 1495 amicus
1181 1457 1286 1495 esse
1306 1439 1501 1503 vellem,
1530 1441 1653 1494 talia
1668 1439 1761 1495 sibi
1786 1442 1859 1495 di-

259 1557 365 1595 cere
388 1540 691 1593 desinerem.
739 1536 846 1607 Ego
885 1544 1051 1588 autem
1089 1536 1400 1604 stupefactus
1429 1542 1575 1601 atque
1606 1532 1854 1600 turbatus,

259 1634 430 1687 distuli
450 1648 626 1685 omnes
647 1640 809 1684 motus
830 1645 986 1694 meos,
1010 1637 1063 1681 ut
1085 1627 1443 1681 convalesceret
1458 1627 1619 1697 prius,
1636 1636 1859 1696 essetque

259 1728 467 1781 idoneus
491 1725 677 1778 uiribus
700 1722 1022 1786 valetudinis,
1058 1737 1171 1774 eum
1197 1735 1295 1789 quo
1317 1735 1465 1791 agere
1502 1735 1696 1788 possent
1722 1719 1857 1789 quod

257 1817 454 1872 relletn.
484 1816 592 1870 Sed
616 1815 702 1867 ille
723 1814 958 1883 abreptus
986 1811 1246 1865 dementia:
1280 1825 1422 1871 meat,
1455 1819 1509 1863 ut
1534 1810 1673 1880 apud
1693 1818 1739 1864 te
1760 1828 1858 1863 ser-

259 1918 458 1963 raretur
475 1905 811 1962 consolationi
836 1919 977 1968 mete,
1002 1912 1113 1974 post
1158 1918 1344 1972 paucos
1388 1901 1494 1955 dies
1530 1918 1609 1955 me
1658 1901 1858 1956 absente

260 2002 502 2067 repetitur
528 1998 770 2069 febribus,
788 2006 836 2049 et
860 1994 1169 2063 defungitur.
1202 1991 1311 2058 Quo
1332 1990 1506 2045 dolore
1532 1991 1856 2045 contenebra-

263 2104 373 2145 tttm
396 2102 467 2146 est
489 2108 570 2143 cor
596 2104 795 2151 meum,
813 2097 859 2140 et
902 2084 1145 2155 quidquid
1185 2084 1505 2154 aspiciebam,
1556 2100 1692 2137 mors
1727 2092 1853 2137 erat.

258 2182 328 2235 Et
364 2191 472 2234 erat
495 2180 615 2233 mihi
653 2178 823 2251 patria
849 2176 1171 2246 supplicium,
1195 2184 1241 2227 et
1280 2183 1491 2246 paterna
1520 2175 1697 2228 domus
1728 2173 1856 2226 mira

255 2275 567 2347 infelicitas;
599 2283 646 2327 et
700 2268 945 2342 quidquid
1003 2285 1116 2322 cum
1167 2268 1257 2322 illo
1327 2268 1807 2321 communicaveram
1836 2307 1853 2334 ,

252 2369 358 2420 sine
392 2366 482 2420 illo
532 2367 587 2419 in
628 2363 909 2417 crueiatum
958 2364 1225 2417 immanem
1269 2368 1500 2415 verterat.
1551 2360 1707 2415 Solus
1751 2364 1853 2431 ﬂe-

255 2470 333 2513 tus
360 2468 469 2511 erat
498 2456 665 2511 dulcis
704 2455 826 2508 mihi
865 2464 911 2509 et
936 2463 1238 2509 successerat
1276 2454 1438 2506 amico
1464 2469 1572 2508 meo
1593 2453 1644 2506 in
1667 2452 1858 2508 deliciis

252 2548 410 2602 animi
435 2548 534 2601 mei
565 2545 585 2617 (
611 2544 817 2618 Confes.
865 2545 955 2598 lib.
1000 2544 1055 2608 4,
1096 2561 1148 2598 n.
1197 2541 1296 2598 7-9
1398 2541 1645 2599 Pluribus
1688 2543 1859 2598 adhuc

253 2640 664 2697 acerbissimum
687 2638 945 2699 dolorem.
976 2651 1082 2707 quo
1112 2645 1221 2690 tum
1253 2636 1529 2705 perculsus
1550 2643 1651 2697 est,
1677 2650 1860 2705 prose-

253 2734 452 2805 quitur.
486 2732 645 2787 lllum
670 2730 922 2785 divinitus
943 2729 1117 2785 curari
1147 2744 1305 2798 posse
1332 2744 1435 2782 non
1464 2737 1581 2783 erat
1609 2729 1857 2795 nescius;

253 2826 344 2881 sed
376 2841 558 2894 neque
586 2825 853 2888 voluntas,
906 2837 1082 2893 neque
1122 2821 1345 2877 facultas
1371 2822 1485 2890 epis
1516 2820 1861 2892 imploranda:

256 2918 464 2983 aderat,
490 2916 615 2987 quia
657 2916 799 2971 Deus
824 2914 1003 2969 animo
1032 2913 1220 2982 ipsius,
1246 2928 1365 2967 cum
1386 2912 1453 2966 de
1481 2927 1547 2967 eo
1572 2913 1864 2990 cogitabat.

263 3024 370 3061 non
399 3017 511 3063 erat
535 3006 749 3078 aliquid
776 3004 1002 3060 solidum
1031 3014 1084 3058 et
1104 3005 1337 3068 ﬁrmum,
1360 3003 1453 3057 sed
1472 3019 1665 3058 vanum
1692 3004 1861 3073 phan-

262 3110 432 3154 tasma
448 3096 630 3167 (lbid.,
647 3097 794 3163 ιω,
811 3114 925 3168 cap.
940 3096 995 3162 7,
1014 3114 1066 3149 n.
1090 3094 1199 3165 12).
1218 3095 1419 3150 Nimius
1440 3095 1648 3151 tandem
1664 3112 1862 3151 maeror

255 3205 379 3243 eum
405 3199 615 3243 mutare
651 3188 849 3254 solum,
875 3197 928 3241 et
955 3186 1323 3255 Carthaginem
1368 3185 1544 3241 redire
1582 3188 1858 3256 compulit.

258 3278 395 3351 Pagi
418 3279 482 3333 de
511 3280 699 3349 patria,
736 3278 925 3348 inquit.
951 3276 1003 3330 bl
1011 3279 1124 3331 inus
1143 3278 1274 3330 enint
1294 3293 1404 3331 eum
1426 3277 1711 3347 quterebaut
1727 3277 1862 3332 oculi

257 3373 373 3434 mei,
400 3370 489 3424 ubi
517 3370 691 3424 videre
714 3386 816 3423 non
843 3367 1089 3434 solebant,
1121 3378 1271 3438 atque
1292 3385 1324 3420 a
1352 3366 1645 3438 Tagastensi
1672 3368 1862 3437 oppido

257 3464 368 3516 aeni
414 3461 776 3530 Carthaginem
815 3458 1046 3533 (Ibid):
1081 3459 1169 3513 ubi
1227 3468 1433 3529 tempus
1483 3468 1538 3513 et
1568 3459 1860 3514 amicorum

257 3553 598 3609 consuetudo
635 3553 873 3607 dolorem
904 3552 1069 3621 ipsius
1116 3550 1315 3606 sensim
1351 3548 1859 3621 mitigaruut(lbid.,

259 3665 373 3716 cap.
401 3646 458 3709 8,
490 3664 546 3699 n.
576 3646 688 3715 15).

330 3740 386 3792 5.
409 3737 521 3792 Nec
549 3751 678 3791 vero
706 3736 850 3791 solus
879 3734 946 3789 de
971 3735 1125 3787 amici
1151 3742 1321 3789 morte
1349 3733 1499 3788 dolor
1527 3749 1650 3788 eum
1681 3735 1722 3787 Τ
1726 3749 1854 3805 aga-

262 3838 341 3883 sta
380 3830 560 3898 coegit
581 3827 838 3883 excedere
878 3843 891 3881 :
920 3825 1105 3880 scribit
1133 3824 1275 3879 enim
1306 3824 1526 3888 alibi,se
1553 3825 1859 3881 illustrioris

265 3921 612 3989 professionis
626 3921 789 3991 gratia
816 3917 1187 3987 Carthaginem
1215 3931 1479 3971 remeasse
1498 3916 1707 3986 (Contra
1723 3917 1858 3971 Aca-

262 4014 504 4077 dentices,
534 4012 622 4066 lib.
652 4012 707 4076 2,
731 4029 784 4065 η.
816 4012 907 4079 5);
939 4012 1051 4065 sive
1076 4010 1216 4079 quod
1247 4009 1489 4063 oratoria:
1517 4011 1647 4064 artis
1666 4010 1735 4063 ibi
1759 4010 1861 4065 do-

264 4104 453 4158 rentia:
501 4104 679 4159 studio
734 4103 982 4158 incitatus
1002 4103 1087 4165 sit,
1121 4117 1240 4155 cum
1268 4108 1423 4156 antea
1462 4102 1860 4171 grammaticam

269 4195 508 4263 Tagasue
536 4194 800 4257 traderet;
851 4197 963 4248 sive
1006 4191 1145 4261 quod
1189 4190 1427 4261 ejusdem
1452 4193 1582 4248 artis
1604 4192 1860 4262 professio

262 4284 581 4355 Carthagine
598 4284 729 4339 urbe
756 4284 1026 4354 primaria,
1056 4297 1213 4353 quam
1243 4282 1486 4353 Tagastze
1503 4283 1729 4339 obscuro
1750 4299 1858 4338 mu-

261 4374 480 4442 nicipio,
512 4373 648 4428 foret
675 4374 1002 4427 honoratior.
1034 4371 1151 4426 lniti
1176 4387 1205 4425 a
1232 4386 1289 4425 se
1310 4372 1537 4436 consilii,
1566 4382 1863 4441 concepta:-

257 4480 361 4529 que
388 4463 506 4533 spei
554 4479 715 4517 unum
755 4478 816 4517 ac
846 4463 1016 4517 solum
1070 4463 1459 4516 l‘tomanianum
1511 4464 1781 4518 conscium
1808 4473 1863 4520 et

259 4555 576 4623 participem
606 4554 759 4619 fecit;
792 4553 881 4623 qui
911 4552 1123 4624 quidem
1154 4553 1512 4609 Romaniauus
1542 4570 1725 4610 amore
1764 4572 1860 4625 pa-

257 4644 375 4699 tria:
422 4646 619 4701 ductus
659 4646 708 4699 in
754 4660 855 4715 qua
888 4654 1011 4699 tunc
1048 4642 1275 4699 docebat
1318 4645 1659 4715 Augustinus,
1712 4647 1859 4701 illum

257 4738 435 4806 primo
464 4738 535 4793 ab
562 4737 661 4792 hac
687 4737 946 4792 sententia
972 4736 1245 4793 dimovere
1266 4749 1487 4793 conatus
1504 4747 1619 4804 est;
1653 4739 1745 4796 sed
1770 4740 1857 4796 ubi

256 4827 518 4882 evincere
545 4827 901 4882 adolescentis
927 4826 1269 4897 cupiditatem
1292 4828 1356 4882 ad
1385 4844 1445 4883 ea
1467 4845 1585 4897 quae
1611 4829 1863 4885 videban-

256 4927 342 4971 tur
381 4918 609 4971 meliora
636 4918 920 4984 tendentis,
950 4918 1209 4988 nequivit,
1234 4934 1299 4973 ex
1322 4918 1662 4977 dehortatore
1688 4921 1740 4975 in
1761 4921 1860 4977 ad-

251 5008 493 5077 jutorcm
528 5008 662 5063 mira
704 5008 1092 5064 benevolentia:
1136 5009 1502 5067 moderatione
1548 5027 1858 5081 conversus,

253 5108 622 5154 commeatum
652 5100 726 5154 illi
753 5101 1115 5156 necessarium
1147 5101 1533 5172 suppeditavit;
1562 5113 1617 5158 et
1639 5104 1729 5173 qui
1764 5104 1862 5160 ibi-

254 5192 381 5244 dem
403 5191 668 5246 cunabula
697 5199 752 5246 et
771 5192 922 5262 quasi
953 5192 1137 5246 nidum
1164 5191 1460 5247 studiorum
1490 5192 1607 5262 ejus
1635 5194 1858 5263 foverat,

252 5284 363 5353 jam
387 5285 577 5339 volare
588 5284 831 5339 audentis
858 5285 1176 5340 sustentavit
1199 5283 1497 5341 rudimenta
1521 5283 1727 5357 (Ibid.).
1756 5286 1860 5341 Ve-

257 5378 337 5430 nit
379 5378 563 5445 itaque
608 5376 983 5447 Carthaginem
1021 5376 1340 5433 rhetoricam
1381 5377 1489 5432 illlc
1525 5377 1862 5446 professorus

259 5472 277 5533 (
311 5466 603 5531 Possidius,
641 5470 690 5523 in
728 5468 845 5522 Vita
870 5469 1104 5540 August.,
1130 5486 1177 5522 e.
1208 5469 1231 5523 l
1265 5469 1316 5539 );
1362 5478 1414 5524 et
1453 5478 1623 5526 artem
1651 5473 1861 5527 animo-

257 5576 381 5616 rum
404 5562 678 5616 victricem
703 5563 871 5616 vietus
898 5562 1010 5632 ipse
1049 5561 1312 5616 commodi
1340 5570 1395 5616 et
1417 5560 1633 5617 honoris
1659 5564 1862 5635 cupidi-

262 5663 369 5709 tate
392 5654 656 5710 vendebat
685 5652 910 5726 (Confes.
940 5654 1028 5709 lib.
1056 5654 1309 5726 i,cap.2,
1330 5670 1381 5708 η.
1400 5654 1642 5725 2).Ιίειυί1
1673 5658 1744 5712 ita
1779 5668 1859 5711 ta-

260 5762 388 5804 men
416 5758 623 5819 quastu
650 5756 705 5803 et
727 5747 873 5805 lucro
903 5746 1211 5815 ducebatur,
1249 5748 1375 5819 quin
1403 5764 1511 5819 prie
1540 5748 1641 5805 hoc
1680 5748 1861 5805 mallet

1976 426 2144 485 bonos
2182 429 2378 488 habere
2421 434 2726 501 discipulos,
2749 447 2805 492 ut
2833 439 2988 509 vulgo
3025 440 3355 509 appellantur
3383 441 3505 497 boni
3536 463 3552 498 :

1969 538 2089 575 cum
2108 534 2412 579 consuetam
2434 526 2869 583 scholasticorum
2885 528 3374 600 Carthaginensium
3392 532 3558 587 licen-

1970 616 2097 671 tiam
2127 617 2262 671 ferre
2279 634 2384 673 non
2403 631 2575 688 posset
2592 619 2772 691 (Ibid,
2792 622 2877 677 lib.
2903 624 2956 689 5,
2974 641 3088 696 cep.
3108 625 3161 688 8,
3181 642 3234 680 η.
3267 626 3331 680 14
3355 626 3394 696 ).
3426 624 3556 683 Illos

1968 707 2097 760 artis
2120 708 2397 763 rhetoricte
2428 710 2578 766 dolos
2605 713 2720 768 sine
2753 714 2877 768 dolo
2902 716 3126 770 docebat
3148 758 3163 783 ,
3207 732 3314 774 non
3362 719 3556 789 quibus

1967 798 2300 855 innocentem
2324 802 2376 856 in
2402 804 2586 873 capitis
2597 804 2877 861 discrimen
2897 808 3233 879 adducerent,
3259 810 3351 865 sed
3362 810 3556 881 quibus

1965 889 2248 957 aliquando
2299 902 2578 948 nocentem
2606 912 2635 949 e
2656 895 2971 965 judiciorum
3022 898 3220 968 laqueis
3259 902 3555 955 eximerent

1966 978 2151 1049 (Ibid.,
2183 983 2269 1035 lib.
2307 984 2359 1047 4,
2392 1001 2505 1056 cap.
2527 986 2581 1049 2,
2611 1003 2663 1039 η.
2695 986 2785 1057 2).
2816 987 2903 1042 Sic
2928 988 3052 1042 dum
3081 990 3131 1043 in
3161 990 3364 1045 lubrico
3389 992 3552 1046 vacil-

1966 1071 2099 1125 larct
2125 1074 2467 1143 Augustinus,
2502 1077 2665 1146 ipsius
2691 1077 2842 1143 ﬁdes,
2872 1095 3028 1150 quam
3053 1081 3105 1134 in
3129 1082 3218 1137 illo
3251 1083 3553 1152 magisterio

1963 1161 2265 1228 exliibebat,
2301 1165 2438 1218 velut
2468 1166 2518 1220 in
2544 1166 2861 1222 densissimo
2891 1169 3037 1225 fumo
3071 1170 3408 1226 scintillabat.
3449 1172 3551 1226 Na-

1962 1262 2077 1307 ctus
2106 1270 2263 1323 porro
2308 1266 2389 1310 est
2419 1257 2735 1330 Carthagine
2786 1262 2989 1318 nobiles
3032 1264 3299 1321 auditores
3354 1266 3551 1320 Roma-

1964 1346 2107 1399 niani
2139 1346 2438 1403 Maecenatis
2460 1351 2539 1404 sui
2578 1351 2713 1405 ﬁlios
2742 1353 2795 1406 in
2817 1354 3021 1424 primis,
3045 1356 3340 1412 Licentium
3368 1358 3553 1414 videli-

1961 1447 2065 1504 cet,
2108 1448 2264 1507 atque
2292 1440 2407 1509 ejus
2450 1441 2665 1498 fratrem
2698 1455 2841 1511 natu,
2882 1448 2955 1500 uti
2989 1447 3213 1512 videtur,
3242 1450 3501 1505 minorem
3533 1468 3550 1515 ;

1961 1528 2218 1597 siquidem
2242 1530 2287 1587 is
2313 1547 2446 1600 puer
2471 1544 2802 1603 nuncupatur
2816 1537 2882 1591 ab
2911 1539 3201 1608 Augustino
3219 1554 3337 1593 cum
3363 1540 3552 1595 Licen-

1962 1620 2059 1685 tio,
2086 1629 2264 1691 utpote
2289 1624 2447 1691 paulo
2474 1634 2628 1679 aetate
2644 1629 2991 1693 provectiore,
3022 1630 3321 1699 disputante
3343 1629 3552 1700 (Contra

1961 1713 2223 1778 Academ.,
2245 1715 2331 1768 lib.
2358 1716 2519 1781 2mm.
2550 1716 2633 1781 16,
2662 1717 2769 1787 19).
2816 1719 3065 1789 Eulogius
3089 1736 3297 1791 quoque
3329 1722 3550 1792 insignis

1960 1804 2141 1859 rhetor
2150 1804 2577 1876 Carthaginensis
2588 1808 2652 1862 ad
2667 1810 2799 1863 hanc
2811 1810 3179 1866 addisceudam
3192 1823 3381 1881 artem,
3393 1828 3548 1883 quam

1961 1895 2012 1948 in
2046 1897 2131 1951 illa
2164 1897 2376 1953 civitate
2404 1899 2544 1953 circa
2585 1915 2780 1954 annum
2813 1902 3239 1957 trecentesimum
3283 1906 3548 1975 octogesi-

1961 2004 2103 2043 mum
2125 1999 2330 2044 scxtum
2362 1992 2727 2060 profitebatur,
2759 1995 3051 2063 Augustino
3100 1997 3350 2064 magistro
3396 2013 3550 2052 usum

1962 2079 2124 2134 fuisse
2152 2082 2445 2149 reperimus
2476 2082 2577 2148 (De
2604 2082 2738 2137 Curti
2764 2101 2855 2155 pro
2881 2088 3088 2138 mortuis
3102 2086 3409 2156 gerendd,n.
3438 2090 3549 2143 15).

1963 2172 2198 2242 Denique
2228 2173 2467 2244 Alypius,
2493 2176 2582 2245 qui
2601 2176 2773 2231 eidem
2794 2178 3003 2232 docenti
3048 2178 3289 2249 Tagastm
3330 2195 3548 2249 operam

1961 2263 2196 2329 dederat,
2218 2264 2538 2335 Carthagine
2564 2283 2773 2338 quoque
2791 2270 2935 2323 illum
2952 2270 3134 2324 audire
3154 2272 3512 2340 perseveravit
3535 2289 3547 2323 :

1962 2357 2172 2410 tametsi
2201 2357 2341 2410 enim
2372 2359 2683 2413 verecundia
2713 2360 2875 2429 patris
2900 2362 3005 2425 sui,
3035 2362 3117 2415 cui
3146 2378 3268 2416 cum
3295 2365 3548 2432 Augusti-

1962 2466 2033 2504 no
2051 2450 2184 2505 forte
2208 2460 2323 2505 erat
2350 2452 2592 2521 qua-dam
2613 2453 2875 2516 simultas,
2907 2455 3231 2524 aliquantum
3257 2455 3372 2525 ejus
3403 2457 3551 2511 exci-

1966 2540 2170 2612 piendis
2227 2541 2651 2611 pratleetionihus
2701 2543 3044 2610 abstinuerit;
3071 2544 3236 2599 nihilo
3275 2546 3449 2600 secius
3493 2547 3547 2601 in

1964 2634 2079 2700 ejus
2098 2632 2415 2687 auditorium
2446 2633 2709 2697 veniebat,
2733 2644 2786 2689 et
2808 2649 2873 2688 eo
2904 2635 3159 2703 tantisper
3183 2636 3551 2692 anditodisce-

1964 2726 2360 2795 debathonfes.
2375 2728 2460 2780 lib.
2483 2727 2536 2791 6,
2552 2728 2733 2797 cop.7,
2756 2744 2843 2780 nn.
2870 2728 2956 2792 ll,
2985 2728 3335 2801 12).Contigit
3373 2737 3551 2783 autem

1964 2816 2263 2885 aliquando,
2296 2818 2689 2887 ntAugustinus
2708 2818 2757 2871 in
2787 2818 3098 2886 exponenda
3124 2819 3347 2873 lectione
3366 2820 3546 2874 simili-

1967 2909 2205 2983 tudinem
2251 2925 2279 2961 a
2307 2910 2445 2963 ludis
2471 2910 2801 2965 circensibus
2830 2910 3039 2964 ductam
3080 2911 3372 2976 adhiberet,
3403 2928 3550 2968 arre-

1966 3010 2161 3072 ptaque
2183 3002 2486 3068 occasione,
2519 3020 2622 3056 non
2645 3004 2905 3068 consulto,
2930 3003 3051 3058 huic
3083 3005 3325 3058 amentia:
3346 3004 3554 3061 deditos

1968 3093 2203 3146 mordaci
2232 3104 2520 3147 scommate
2558 3095 2938 3149 subsauuarct:
2966 3096 3182 3166 Alypius
3212 3111 3271 3150 ca
3301 3105 3446 3164 peste
3471 3096 3553 3149 in~

1967 3185 2132 3240 fectus
2160 3186 2209 3239 id
2230 3186 2279 3239 in
2315 3202 2373 3240 sc
2403 3187 2593 3256 rapuit,
2626 3195 2679 3242 et
2704 3186 2804 3241 sibi
2826 3188 2937 3253 uni,
2965 3188 3105 3257 quod
3137 3190 3461 3259 Augustinus
3486 3188 3552 3244 dc

1967 3278 2222 3333 industria
2256 3295 2358 3333 non
2386 3279 2610 3344 dixerat,
2641 3280 2839 3335 dictum
2868 3282 3109 3336 credidit.
3146 3281 3199 3336 ld
3240 3280 3433 3336 tamen
3466 3281 3551 3337 ho-

1966 3379 2149 3424 nestus
2184 3370 2493 3424 adolescens
2543 3386 2647 3425 non
2689 3372 2753 3424 ad
2787 3372 2835 3425 ei
2873 3372 3317 3439 succenscndum,
3366 3372 3458 3425 scd
3485 3373 3549 3425 ad

1965 3479 2083 3517 cum
2112 3464 2384 3518 ardentius
2414 3464 2737 3533 diligendum
2767 3464 3003 3531 accepit,
3054 3474 3106 3517 et
3145 3480 3172 3516 a
3213 3465 3356 3518 circo
3398 3464 3551 3519 dein-

1965 3570 2090 3625 ceps
2120 3554 2401 3618 abstinuit;
2432 3570 2492 3608 ac
2508 3554 2718 3607 demum
2755 3570 2784 3608 a
2815 3564 2962 3623 patre
2989 3554 3277 3609 reluctante
3305 3555 3554 3624 impetra-

1965 3649 2057 3713 vit,
2087 3656 2143 3701 ut
2174 3647 2463 3716 Augustino
2490 3647 2743 3716 magistro
2792 3646 2863 3699 uti
2908 3646 3007 3699 sibi
3044 3645 3225 3699 lieet'et
3254 3663 3265 3698 :
3306 3646 3405 3699 hoc
3435 3644 3552 3699 solo

1966 3742 2166 3805 infelix,
2200 3740 2338 3811 quod
2361 3739 2496 3810 ejus,
2527 3755 2683 3808 quam
2726 3739 3063 3792 ostentabant
3105 3736 3397 3802 Mauiclmri,
3425 3751 3553 3790 con-

1965 3833 2198 3887 tinenti-.1:
2239 3833 2414 3901 Specie
2465 3831 2699 3898 delusus,
2740 3846 2923 3884 eornnt
2965 3846 3022 3884 se
3046 3828 3415 3899 superstitione
3460 3841 3554 3897 per

1965 3926 2015 3981 ltl
2048 3934 2253 3996 tempus
2292 3924 2529 3978 involvit.

2563 4058 2789 4113 CAPUT
2823 4058 2952 4112 \‘lll.

1967 4177 1993 4230 Ι
2025 4175 2331 4246 Augustinus
2357 4192 2506 4241 quant
2537 4174 2683 4244 longe
2706 4175 2939 4227 abltorrct
2968 4190 2999 4226 a
3028 4174 3215 4244 magia.
3242 4172 3284 4227 2
3310 4171 3384 4227 De
3410 4172 3553 4227 Αιω-

2038 4267 2171 4320 eerio
2201 4266 2362 4319 ariolo
2389 4265 2689 4335 stupendum
2704 4264 2965 4333 quidpiam
2982 4272 3243 4317 memorat.
3275 4264 3309 4317 5
3327 4261 3553 4317 Astrolo-

2038 4361 2135 4430 gia:
2162 4359 2454 4429 judiciaria:
2479 4358 2593 4428 plus
2624 4356 2775 4411 nimio
2802 4356 3058 4421 tribuens,
3087 4356 3149 4409 ab
3170 4372 3228 4408 ea
3253 4371 3341 4425 per
3376 4353 3556 4408 Vindi-

2038 4452 2239 4504 eianum
2265 4459 2310 4501 et
2341 4448 2641 4502 Nebridium
2667 4447 2870 4501 avocari
2895 4464 2993 4500 non
3018 4454 3195 4517 potest.
3225 4446 3269 4500 4‘
3287 4444 3552 4499 Firminus

2039 4558 2153 4597 eum
2182 4540 2275 4593 Itoc
2305 4556 2471 4594 errore
2500 4540 2721 4593 nesciens
2747 4539 2975 4613 exsolvit.
3003 4539 3036 4593 5
3061 4536 3202 4592 Libri
3228 4539 3291 4592 de
3320 4536 3549 4593 Pulchro

1986 4614 1992 4623 ”
2036 4640 2085 4686 et
2111 4631 2247 4703 Apto
2276 4628 2344 4683 ad
2377 4628 2605 4683 Ilieriunt
2626 4630 2821 4701 scripti.

2039 4747 2090 4802 l.
2121 4745 2319 4801 Priscis
2351 4745 2700 4800 litteratorum
2745 4744 2979 4799 moribus
3016 4752 3289 4813 acceptum
3319 4751 3466 4804 erat,
3494 4749 3553 4798 ut

1965 4836 2240 4908 proposito
2270 4835 2475 4904 publice
2514 4834 2761 4905 prmmio,
2797 4850 2974 4888 coram
3013 4844 3173 4903 atque
3215 4834 3266 4887 in
3310 4832 3547 4895 theatro,

1967 4928 2202 4984 carmine
2230 4927 2582 4993 decertarent,
2606 4927 2889 4981 adinventa
2918 4926 3299 4981 exercitatione
3326 4923 3391 4978 ad
3416 4924 3550 4978 libe-

1968 5022 2107 5077 rales
2132 5029 2274 5075 artes
2300 5018 2574 5081 l‘ovendas,
2598 5018 2785 5074 alenda
2815 5018 3012 5082 studia,
3043 5033 3103 5072 ac
3134 5017 3385 5087 prmclara
3405 5032 3550 5086 qum-

1966 5128 2069 5183 que
2097 5112 2307 5181 ingenia
2350 5110 2571 5165 honesta
2622 5094 2965 5164 inmutatione;
2994 5107 3228 5162 acuenda
3263 5107 3545 5165 stimulati.-

1965 5202 2156 5272 daque.
2181 5202 2277 5256 Hic
2298 5201 2451 5255 ludus
2477 5200 2730 5255 solemnis
2758 5214 2879 5252 cum
2906 5206 3047 5252 esset
3076 5197 3412 5269 Carthagine,
3441 5198 3548 5253 Au-

1965 5295 2208 5365 gustinus
2232 5308 2327 5350 seu
2354 5294 2557 5348 ratione
2584 5292 2698 5362 ejus
2724 5291 2865 5362 quod
2894 5292 3250 5363 capessivcrat
3278 5290 3548 5354 muneris,

1966 5402 2060 5439 seu
2089 5384 2390 5440 ostentandi
2418 5384 2613 5453 ingenii
2632 5391 2721 5436 aut
2752 5382 3068 5437 ventilanda:
3098 5382 3226 5437 artis
3251 5397 3439 5444 causa,
3469 5382 3548 5435 lu-

1964 5475 2168 5529 dicrum
2217 5473 2345 5528 illud
2386 5482 2655 5528 certamen
2696 5473 2829 5526 inire
2865 5474 3156 5527 constituit.
3209 5471 3321 5526 lloe
3366 5485 3545 5525 secum

1967 5564 2238 5618 meditanti
2259 5563 2472 5633 quidam
2496 5578 2725 5633 aruspex
2744 5563 2978 5629 mandat,
3002 5562 3124 5632 quid
3146 5561 3244 5615 sibi
3266 5560 3391 5615 dare
3414 5576 3547 5615 mer-

1965 5657 2111 5712 cedis
2136 5658 2295 5712 vellet
2314 5698 2328 5719 ,
2362 5666 2419 5710 ut
2441 5671 2499 5711 se
2527 5667 2838 5727 procurante
2866 5657 3116 5711 vinceret.
3147 5655 3340 5710 Verum
3369 5657 3545 5724 Augu-

1966 5750 2133 5805 stinus
2162 5748 2295 5804 foeda
2330 5750 2415 5805 illa
2437 5759 2765 5806 sacramenta
2794 5748 3082 5804 detestatus
3110 5756 3161 5802 et
3188 5745 3542 5812 abominatus,
