3994 6352
436 285 509 342 83
1729 277 1888 332 νιτΑ
1924 276 1982 333 Β.
2025 315 2028 328 .

2134 272 2393 331 ΞυὸτιΝΙ
3638 271 3709 331 ει

437 393 744 469 respondit,
770 406 1038 466 nunquam
1062 405 1159 460 se,
1183 389 1308 449 licet
1342 405 1539 448 corona
1574 390 1659 447 illa
1690 389 1828 446 foret
1852 402 2016 451 aurea

435 502 487 546 et
519 487 862 554 immortalis,
883 486 966 543 vel
993 498 1233 541 muscam
1258 482 1491 540 victoriae
1510 496 1620 537 sure
1648 480 1814 553 gratia
1842 479 2020 539 necari

437 583 821 653 permissurum
835 576 1007 655 (Conf.
1023 578 1113 633 lib.
1125 577 1181 641 4,
1195 592 1310 649 cap.
1327 575 1385 643 2,
1403 593 1455 631 η.
1471 576 1547 647 3).
1562 573 1712 643 Quod
1735 571 1857 631 ideo
1866 571 2019 642 dixit,

437 673 562 745 quia
600 673 652 741 in
691 668 1039 729 exsecraudis
1076 666 1180 723 illis
1220 666 1495 729 sacrificiis
1531 663 1733 723 ariolus
1771 663 2020 725 animalia

436 776 720 829 necaturus
744 770 979 832 erat,ut
1014 758 1163 819 hisce
1200 758 1378 830 impiis
1420 757 1709 821 honoribus
1747 757 2021 817 daemones

436 858 735 929 Augustino
761 854 1141 928 sull‘ragaturos
1168 852 1434 908 invitaret.
1465 852 1711 907 Altamen
1743 850 1844 906 bac
1884 864 2019 907 cono

437 959 635 1019 tempta
660 947 1069 1020 superstitione,
1094 944 1289 1017 ingenii
1320 943 1521 1000 viribus
1552 956 1805 999 coronam
1837 941 2020 1014 agoni-

435 1041 621 1096 sticam
660 1037 980 1109 reportavit,
1021 1050 1178 1109 quam
1217 1050 1248 1091 a
1279 1032 1589 1093 Vindiciano
1629 1032 1872 1096 medico,
1906 1043 2019 1088 tum

437 1129 796 1202 proconsule,
845 1127 1004 1198 capiti
1046 1142 1142 1181 suo
1186 1142 1291 1181 non
1335 1140 1468 1180 sano
1511 1123 1812 1195 impositam
1854 1121 2020 1185 fuisse

434 1221 641 1278 scribit.
668 1220 735 1276 Et
762 1218 878 1275 huic
901 1217 1117 1290 quidem
1145 1232 1211 1274 ex
1241 1215 1488 1272 narrandi
1515 1214 1722 1279 ordine,
1755 1229 1912 1285 quem
1937 1223 2019 1269 te-

434 1323 527 1369 net
546 1312 889 1384 Augustinus,
913 1311 965 1366 in
989 1310 1118 1364 illud
1148 1316 1357 1379 tempus
1376 1323 1482 1378 quo
1506 1306 1747 1378 Tagasta:
1770 1305 2016 1377 docebat,

435 1401 715 1461 referenda
736 1410 1062 1472 putaremus,
1082 1399 1182 1454 nisi
1209 1398 1479 1454 Possidius
1498 1406 1680 1467 aperte
1699 1396 2023 1468 signiﬁcaret

435 1512 558 1551 eum
600 1496 766 1551 solam
804 1492 1200 1563 grammaticam
1239 1491 1479 1561 Tagastze
1522 1491 1683 1546 fuisse
1723 1489 2019 1560 professum

438 1585 760 1657 (Possidius,
802 1583 854 1637 in
894 1583 1005 1637 Vita
1041 1582 1278 1653 August,
1307 1598 1351 1635 c.
1381 1579 1472 1652 l);
1516 1589 1570 1635 et
1609 1580 1711 1636 nisi
1752 1589 2039 1639 constaret

435 1676 756 1741 Numidiam,
782 1676 835 1731 in
856 1690 956 1745 qua
983 1674 1081 1728 sita
1106 1683 1189 1728 est
1219 1672 1460 1742 Tagasta,
1483 1686 1592 1726 non
1619 1687 1649 1726 a
1676 1672 2018 1741 proconsule,

436 1778 495 1825 ut
518 1767 909 1839 Carthaginem,
932 1764 1025 1821 sed
1046 1780 1074 1818 a
1095 1763 1360 1819 consulari
1387 1761 1550 1818 fuisse
1574 1762 2017 1819 administratam.

436 1860 656 1917 Accedit
685 1856 845 1925 illud,
871 1855 1013 1928 quod
1038 1853 1298 1925 ejusmodi
1335 1852 1625 1909 certamina
1649 1853 1918 1927 primariis
1939 1854 2019 1909 ei-

434 1953 689 2015 vitatibus
734 1951 904 2022 magis
944 1948 1283 2005 conveniant.
1325 1947 1397 2004 Ita
1438 1946 1650 2002 videtur
1690 1946 2022 2017 Augustinus

436 2044 705 2115 prioribus
749 2041 896 2097 hisce
938 2039 1109 2111 quarti
1155 2037 1277 2094 libri
1317 2035 1720 2093 Confessionum
1762 2036 2023 2105 capitibus

438 2135 627 2193 ordine
664 2150 845 2190 rerum
884 2149 947 2189 ac
988 2142 1283 2202 temporum
1319 2130 1536 2185 minime
1558 2138 1793 2194 servato,
1821 2130 2020 2199 passim

437 2237 596 2296 atque
636 2223 1095 2279 indiscriminatim
1140 2236 1391 2287 narrare,
1419 2236 1537 2290 qua:
1576 2221 1673 2289 ipsi
1712 2220 2023 2281 acciderunt

438 2316 507 2372 ab
548 2332 690 2373 anno
731 2315 903 2371 aetatis
950 2312 1353 2382 undevigesimo
1398 2311 1466 2365 ad
1511 2310 2020 2381 duodetrigesimum

440 2422 641 2481 usque,
689 2415 746 2465 ut
786 2406 898 2475 ipse
945 2404 1114 2463 innuit
1158 2392 1312 2459 initio
1352 2402 1542 2473 capitis
1574 2401 2023 2475 primi:quorum

440 2500 697 2569 pleraque
736 2495 876 2551 haud
912 2496 1069 2557 dubie
1105 2495 1439 2566 contigerunt
1480 2504 1598 2565 post
1630 2494 1747 2564 ejus
1790 2495 2020 2551 reditum

439 2589 842 2660 Carthaginem;
870 2586 1019 2657 cujus
1059 2594 1234 2641 tamen
1278 2585 1422 2643 nulla
1452 2593 1626 2643 exsuli
1651 2584 1852 2642 mentio
1876 2585 2023 2657 prius

442 2695 598 2753 quam
626 2679 800 2751 capite
821 2678 939 2732 libri
960 2677 1197 2747 ejusdem
1225 2677 1474 2745 septimo.

509 2771 568 2827 2.
608 2769 752 2827 V'idit
775 2772 828 2824 in
852 2768 955 2824 illis
979 2769 1133 2824 annis
1152 2768 1470 2837 Carthagine
1500 2766 1794 2832 hominem,
1816 2769 1901 2826 cui
1928 2768 2024 2824 Al-

442 2861 641 2919 bicerio
682 2876 874 2917 nomen
893 2900 907 2925 ,
936 2868 1076 2917 tanta
1115 2857 1385 2913 divinandi
1412 2858 1627 2913 solertia
1658 2859 1985 2914 celebratum
2005 2898 2019 2923 ,

445 2964 500 3007 ut
521 2968 637 3009 eam
660 2952 728 3008 ob
748 2966 961 3005 causam
984 2966 1086 3004 non
1108 2949 1278 3003 solum
1303 2950 1370 3004 ab
1396 2949 1639 3018 imperita
1665 2949 2022 3014 multitudine,

445 3045 538 3103 sed
567 3049 725 3105 etiam
766 3042 834 3097 ab
875 3041 1097 3099 eruditis
1143 3041 1269 3095 viris
1310 3042 1703 3098 conveniretur.
1744 3041 2024 3112 Quidpiant

444 3140 583 3192 inter
610 3136 712 3191 alia
752 3135 819 3191 de
859 3136 959 3188 hoc
982 3133 1150 3189 ariolo
1178 3134 1450 3191 memoria:
1480 3133 1654 3203 prodit
1680 3134 2026 3206 Augustinus,

444 3230 586 3299 quod
630 3226 910 3289 insolentia
957 3242 1050 3280 sua
1091 3235 1146 3282 et
1189 3225 1551 3296 magnitudine
1591 3227 1747 3282 iidem
1775 3243 2028 3298 superare

446 3320 704 3375 videatur.
730 3317 861 3374 Nam
889 3333 994 3372 uno
1018 3333 1083 3374 ex
1104 3318 1381 3388 Augustini
1417 3318 1693 3388 discipulis
1712 3335 1833 3376 eum
1861 3320 2025 3376 laces-

446 3422 598 3467 sente
630 3425 693 3467 ac
732 3410 1029 3480 petulanter
1070 3417 1291 3479 rogante
1334 3419 1392 3464 ut
1434 3409 1666 3465 ediceret
1702 3410 2027 3478 Albicerius,

446 3502 572 3574 quid
618 3502 731 3573 ipse
760 3502 848 3573 qui
877 3501 1096 3573 rogabat
1119 3516 1302 3558 secum
1331 3502 1510 3557 animo
1537 3504 1727 3557 tacitus
1754 3503 2026 3559 volveret:

448 3592 652 3666 Virgilii
679 3608 889 3665 versum
926 3608 1049 3650 eum
1095 3592 1329 3664 cogitare
1376 3594 1670 3663 respondit.
1716 3594 1868 3664 Quod
1910 3611 2031 3651 cum

448 3683 674 3749 inﬁciari
720 3700 825 3739 non
872 3692 1050 3753 posset
1088 3682 1422 3750 adolescens,
1472 3684 1705 3753 perrexit
1747 3700 2028 3755 quaerere,

447 3774 693 3848 quisnam
733 3773 779 3829 is
812 3787 999 3828 versus
1034 3783 1212 3829 esset:
1238 3772 1538 3829 Albicerius
1574 3775 1819 3845 quamvis
1857 3792 2034 3846 gram-

451 3864 661 3920 matica:
684 3862 919 3917 scholam
948 3862 1036 3917 vix
1060 3862 1327 3918 transiens
1346 3861 1564 3919 vidisset
1588 3864 1893 3937 aliquando,
1917 3882 2037 3920 ver—

451 3970 570 4009 sum
615 3954 784 4024 ipsum
828 3953 1081 4009 continuo
1112 3954 1336 4008 lidenter
1371 3962 1426 4009 et
1457 3952 1689 4024 jocunde
1713 3954 2031 4011 decantavit.

458 4036 769 4107 Flaceiarius
813 4059 1025 4114 quoque
1048 4044 1131 4098 vir
1155 4044 1514 4112 clarissimus,
1542 4046 1631 4115 qui
1671 4049 2034 4115 proconsulari

451 4150 671 4195 munere
698 4136 749 4191 in
775 4135 949 4193 Africa
984 4135 1195 4192 iunctus
1233 4144 1344 4201 est,
1374 4151 1496 4191 cum
1523 4135 1590 4193 de
1615 4135 1780 4194 fundo
1805 4137 2036 4201 emendo

453 4227 740 4299 cogitaret,
771 4224 1015 4297 qtuesivit
1042 4242 1110 4283 ex
1138 4225 1325 4283 eodem
1347 4226 1633 4294 Albicerio,
1662 4238 1909 4297 possetne
1951 4230 2034 4284 in-

452 4318 583 4373 itum
608 4332 638 4370 a
661 4331 720 4375 se
764 4317 831 4372 de
855 4331 915 4373 re
938 4317 1170 4390 gerenda
1192 4316 1470 4373 consilium
1488 4319 1694 4386 aperire
1719 4336 1734 4374 :
1756 4319 1843 4374 ille
1858 4320 2036 4375 statim

454 4416 509 4461 ct
533 4407 726 4479 negotii
748 4421 940 4477 genus,
966 4415 1022 4462 et
1044 4407 1214 4477 ipsum
1243 4406 1389 4461 fundi
1419 4422 1614 4463 nomen
1643 4410 2035 4476 pronuntiavit;

452 4511 576 4553 cum
606 4497 677 4552 ita
704 4507 845 4552 esset
883 4496 1170 4552 absurdum
1191 4537 1208 4565 ,
1237 4505 1295 4551 ut
1320 4495 1410 4554 vix
1436 4497 1553 4567 ejus
1578 4496 1887 4555 Flaccianus
1926 4500 2039 4568 ipse

454 4586 804 4641 meminisset.
835 4586 1144 4642 Flaccianus
1172 4596 1378 4652 tamen,
1408 4586 1512 4643 alta
1538 4598 1716 4645 mente
1750 4588 2035 4658 prmditus,

456 4679 582 4736 illud
610 4680 950 4735 divinationis
978 4695 1146 4752 genus
1182 4680 1489 4749 deridebat,
1521 4681 1660 4751 quod
1687 4682 1914 4753 cuipiam
1942 4682 2040 4737 ab-

452 4772 750 4842 jectissimo
791 4773 997 4843 spiritui
1039 4772 1334 4837 tribuebat;
1373 4786 1480 4842 quo
1520 4771 1609 4827 ille
1652 4772 1897 4838 amatus,
1924 4769 2040 4831 hinc

460 4864 785 4935 respondere
809 4864 998 4929 solitus
1026 4872 1171 4919 esset
1194 4880 1208 4917 :
1231 4864 1424 4934 quippe
1453 4878 1573 4917 cum
1599 4874 1681 4917 sat
1707 4863 1966 4919 acuminis
1985 4872 2041 4920 et

448 4953 760 5012 subtilitatis
782 4955 906 5009 insit
922 4955 1269 5019 dmmonibns,
1286 4954 1526 5010 etiamad
1544 4970 1604 5008 ea
1626 4969 1743 5025 qum
1765 4954 1817 5009 in
1840 4969 2043 5009 memo-

455 5046 590 5106 riam
618 5057 851 5104 nostram
882 5048 1228 5111 incurrerint,
1260 5046 1648 5117 cognoscenda.
1686 5046 2041 5116 Quamobrem

451 5138 771 5195 hortabatur
809 5155 902 5194 eos
932 5140 1019 5211 qui
1059 5139 1126 5193 de
1155 5138 1257 5193 hoc
1282 5137 1494 5195 fatidico
1524 5138 1889 5209 loquerentur,
1921 5140 2041 5193 ani-

457 5245 576 5285 mos
602 5239 659 5285 ut
682 5245 806 5285 suos
830 5232 905 5287 illi
930 5231 1240 5288 divinationi
1263 5231 1594 5301 prtel'errent,
1623 5246 1823 5303 eosque
1849 5233 1918 5286 ita
1952 5249 2042 5287 ro-

458 5322 732 5388 borarent,
760 5334 819 5379 ut
848 5322 1035 5383 horum
1062 5323 1400 5379 invisibilium
1426 5323 1565 5377 aeris
1584 5322 1862 5392 Spirituum
1892 5333 2044 5377 natu-

465 5430 581 5469 ram
632 5424 847 5485 possent
887 5415 1286 5474 transcendere.
1313 5415 1495 5485 quue
1546 5413 1747 5470 facilius
1794 5413 1845 5469 id
1886 5432 2043 5470 omne

461 5508 609 5563 credi
661 5517 871 5579 poterat
910 5508 1170 5564 daemonis
1216 5522 1337 5564 esse
1381 5507 1706 5574 ludibrium,
1752 5504 1893 5576 quod
1936 5522 2041 5561 non

461 5604 697 5655 omnium
738 5599 897 5655 modo
939 5599 1279 5655 scientiarum
1320 5596 1748 5669 imperitissimus
1789 5604 1904 5650 erat
1945 5596 2044 5651 iste

468 5692 793 5757 Honorius,
822 5690 914 5748 scd
956 5690 1115 5747 etiam
1160 5688 1368 5760 ﬂagitiis
1412 5698 1569 5760 atque
1611 5688 1753 5745 omni
1780 5686 2045 5745 dedecore

2131 389 2373 457 infamis;
2392 398 2446 451 et
2462 391 2509 455 si
2530 390 2851 466 quandoque
2879 390 3089 455 veritati
3114 397 3469 470 congruenter
3485 406 3680 473 rectm

2126 480 2316 553 debat,
2342 496 2486 555 saepe
2509 492 2685 543 tamen
2713 482 3097 551 allucinabatur
3120 482 3328 544 (Contra
3347 482 3706 552 Academicos.

2125 571 2215 633 lib.
2236 573 2287 638 l,
2305 589 2394 629 nn.
2420 574 2506 639 17,
2532 572 2642 638 18).

2199 665 2255 720 5.
2282 664 2402 721 Non
2434 665 2657 737 perinde
2698 665 2766 733 ab
2807 665 3125 741 astrologia,
3174 680 3333 737 quam
3370 664 3706 730 iudiciariam

2125 765 2345 829 vocant,
2374 765 2537 827 atque
2565 773 2592 813 a
2623 758 2791 831 magia
2821 757 3142 814 abhorrebat
3176 759 3534 829 Augustinus;
3562 759 3707 831 quod

2124 851 2214 907 illa
2256 850 2431 913 nullas
2467 849 2535 907 ad
2575 849 2916 907 divinandum
2953 848 3235 905 adhiberet
3275 864 3491 919 preces,
3533 850 3709 913 nullas

2125 943 2424 1005 immolaret
2466 941 2701 1009 hostias,
2734 941 2879 999 omni
2917 956 3040 997 cum
3082 940 3325 995 dmmone
3361 940 3707 1009 commercio,

2125 1032 2375 1102 omnique
2404 1032 2615 1089 demum
2636 1031 3013 1102 superstitioso
3035 1032 3139 1087 ritu
3162 1045 3347 1087 carere
3370 1031 3471 1088 sibi
3494 1030 3675 1087 videre
3691 1062 3705 1071 -

2124 1133 2230 1185 tur.
2262 1123 2337 1179 Ea
2361 1131 2577 1194 propter
2600 1122 2790 1194 planos
2814 1122 2958 1191 illos,
2985 1136 3120 1193 quos
3147 1121 3276 1177 olim
3306 1120 3710 1179 mathematicos

2123 1214 2483 1289 appellabant,
2506 1213 2788 1270 consulere
2833 1228 2943 1271 non
2988 1212 3318 1269 desistebat:
3347 1212 3487 1282 quod
3532 1222 3709 1269 tamen

2123 1306 2411 1367 christiana
2437 1315 2490 1362 et
2510 1320 2633 1361 vera
2664 1305 2836 1375 pietas
2865 1304 3072 1375 repellit
3091 1312 3145 1361 et
3163 1304 3397 1361 damnat.
3415 1303 3575 1365 Grata
3596 1312 3711 1358 erat

2125 1396 2265 1453 haud
2288 1396 2447 1453 dubie
2473 1395 2802 1452 adolescenti
2822 1395 2941 1450 trita
2964 1396 3052 1453 illa
3076 1409 3261 1453 eorum
3284 1394 3557 1449 hominum
3585 1409 3709 1447 ora-

2124 1487 2219 1553 tio,
2243 1502 2345 1557 qua
2373 1488 2549 1556 pravis
2570 1486 2947 1556 cupiditatibus
2966 1486 3179 1557 egregie
3198 1484 3709 1541 adblandiebantur;

2122 1576 2203 1637 De
2225 1579 2349 1634 calo
2374 1579 2462 1634 tibi
2499 1588 2571 1635 est
2598 1579 2895 1635 inevitabilis
2931 1595 3088 1635 causa
3125 1578 3399 1649 peccandi;
3426 1587 3507 1644 et,
3548 1575 3710 1639 Venus

2124 1669 2219 1723 bac
2245 1669 2383 1739 fecit,
2405 1678 2491 1723 aut
2518 1668 2797 1733 Saturnus,
2820 1679 2910 1727 aut
2935 1668 2989 1725 Μ
2996 1686 3078 1723 ars
3100 1684 3119 1723 :
3138 1669 3324 1723 scilicet
3354 1678 3406 1722 ut
3436 1667 3583 1722 homo
3603 1668 3712 1723 sine

2124 1761 2274 1831 culpa
2312 1760 2407 1827 sit,
2442 1776 2560 1821 caro
2585 1768 2631 1814 et
2655 1761 2863 1831 sanguis
2891 1771 2937 1815 et
2965 1760 3181 1833 superba
3210 1759 3457 1828 putredo;
3496 1761 3711 1830 culpan-

2124 1851 2221 1906 dus
2246 1852 2309 1905 sit
2334 1858 2500 1904 autem
2521 1851 2633 1904 coeli
2651 1868 2710 1904 ac
2729 1850 2950 1907 siderum
2975 1860 3169 1904 creator
3187 1859 3234 1903 et
3252 1850 3511 1903 ordinator
3533 1848 3707 1921 (Conf.

2124 1941 2211 1996 lib.
2243 1942 2295 2008 4,
2319 1958 2435 2012 cap.
2458 1942 2512 2006 5,
2542 1958 2593 1993 η.
2626 1940 2705 2012 4).
2730 1941 2904 2011 Atque
2929 1948 2985 1993 ut
3011 1949 3125 1995 erat
3150 1940 3360 2009 ingenio
3400 1938 3464 1993 ad
3494 1954 3708 1994 omnem

2123 2033 2207 2087 cui
2235 2048 2354 2088 sese
2407 2033 2750 2103 applicuisset
2784 2032 3120 2103 disciplinam
3158 2042 3400 2103 prompto
3436 2032 3713 2101 expeditu-

2122 2141 2247 2197 que,
2268 2136 2468 2181 tantum
2498 2126 2549 2180 in
2574 2124 2846 2196 nugatoria
2873 2126 2959 2181 illa
2983 2124 3251 2183 divinandi
3278 2134 3391 2180 arte
3411 2123 3711 2195 profecisse

2125 2219 2423 2285 videbatur,
2456 2228 2514 2274 ut
2548 2218 2708 2274 veluti
2742 2219 3091 2289 peritissimus
3115 2218 3254 2273 illius
3279 2218 3345 2275 ab
3367 2218 3594 2272 curiosis
3620 2217 3710 2273 fu-

2127 2317 2363 2363 turorum
2385 2307 3083 2383 eventuuminquisitorihus
3108 2306 3371 2363 interdum
3398 2308 3711 2363 consulere-

2126 2407 2230 2453 tur.
2260 2399 2462 2470 Agebat
2501 2414 2597 2469 per
2639 2397 2690 2453 id
2734 2407 2947 2467 tempus
2985 2396 3304 2468 Carthagine
3328 2396 3711 2465 Viudicianus,

2124 2490 2217 2561 qui
2247 2505 2343 2560 pro
2368 2489 2586 2549 consule
2616 2498 2750 2553 erat,
2772 2504 2945 2561 eoque
2966 2489 3179 2542 nomine
3206 2488 3392 2543 victori
3415 2488 3712 2559 Augustino

2125 2597 2375 2639 coronam
2417 2596 2575 2652 supra
2617 2589 2961 2635 memoratam
2980 2579 3303 2652 imposuerat
3326 2578 3510 2652 (Ibid,
3538 2596 3593 2633 η.
3617 2578 3712 2651 5),

2126 2674 2209 2727 vir
2232 2688 2393 2744 sagax
2424 2672 2647 2727 medica:
2668 2672 2797 2727 artis
2823 2672 3194 2742 peritissimus,
3221 2681 3377 2742 atque
3398 2670 3452 2726 in
3477 2686 3538 2725 ea
3560 2670 3718 2726 nobi-

2127 2764 2386 2832 lissimus,
2418 2765 2485 2819 de
2514 2780 2620 2835 quo
2646 2764 2862 2819 disertis
2891 2762 2943 2818 id
2966 2764 3143 2818 verbis
3170 2762 3323 2819 aﬂ'ert
3346 2780 3359 2815 :
3383 2760 3655 2820 Consultus
3679 2779 3713 2817 ιι

2125 2859 2364 2931 quodam,
2388 2858 2577 2929 inquit,
2608 2856 2773 2913 dolori
2798 2858 2907 2930 ejus
2932 2856 3160 2910 adhiberi
3172 2856 3328 2927 jussit
3352 2853 3485 2926 quod
3510 2856 3563 2909 in
3584 2864 3716 2909 tem~

2130 2967 2250 3023 pore
2280 2966 2553 3020 congruere
2577 2949 2874 3013 videbatur;
2898 2947 3177 3002 adhibitum
3215 2948 3408 3002 sanitas
3449 2956 3717 3001 consecuta

2128 3040 2422 3095 est.Deinde
2439 3051 2552 3112 post
2568 3056 2727 3095 annos
2736 3040 2927 3111 aliquot
2938 3039 3111 3094 eadem
3129 3056 3302 3097 rursus
3320 3040 3545 3109 corporis
3563 3056 3721 3093 causa

2130 3142 2401 3209 commota,
2433 3132 2529 3187 hoc
2553 3132 2687 3187 idem
2714 3132 2800 3187 ille
2826 3132 3014 3204 putavit
3040 3129 3412 3197 adhibendum;
3435 3131 3719 3185 adhibitum

2130 3229 2272 3285 vertit
2298 3228 2351 3282 in
2378 3228 2543 3300 pejus.
2588 3225 2808 3281 Miratus
2844 3225 3055 3281 recurrit
3095 3224 3164 3278 ad
3204 3224 3486 3289 medicum,
3528 3223 3722 3279 indicat

2132 3323 2343 3391 factum.
2375 3320 2440 3371 At
2479 3318 2583 3385 ille,
2608 3327 2661 3372 ut
2699 3326 2806 3372 erat
2846 3318 3147 3383 acerrimus,
3172 3317 3246 3372 ita
3277 3317 3569 3390 respondit:
3593 3313 3724 3371 Ideo

2135 3411 2265 3467 male
2288 3418 2522 3480 acceptus
2551 3426 2602 3464 es
2620 3451 2634 3474 ,
2666 3410 2785 3480 quia
2808 3426 2898 3480 ego
2919 3426 3018 3469 itan
3036 3409 3205 3480 jussi;
3235 3418 3288 3463 ut
3312 3425 3483 3469 omnes
3508 3409 3596 3485 qui
3624 3426 3722 3469 au-

2134 3501 2341 3567 dissent,
2370 3517 2648 3575 parumque
2667 3501 2917 3556 hominem
2943 3510 3180 3569 nossent,
3210 3518 3313 3557 non
3337 3516 3453 3555 eum
3476 3511 3585 3561 arte
3614 3518 3723 3555 me-

2136 3594 2342 3648 dicinali
2367 3593 2539 3663 ﬁdere,
2572 3593 2661 3648 sed
2688 3594 2854 3648 nescio
2882 3610 2981 3663 qua
3008 3593 3188 3647 illicita
3212 3594 3435 3663 potentia
3464 3602 3722 3663 putarent.

2140 3684 2287 3740 Unde
2308 3703 2421 3741 cum
2448 3694 2573 3742 esset
2595 3702 2627 3740 α
2645 3685 2943 3755 quibusdam
2970 3697 3142 3752 postea
3170 3686 3483 3757 stupentibus
3509 3686 3725 3739 interro-

2135 3786 2306 3849 gatus,
2327 3777 2525 3849 aperuit
2550 3776 2687 3849 quod
2713 3793 2813 3830 non
2840 3777 3206 3841 intellexerant,
3230 3777 3465 3832 uidelicet
3493 3775 3569 3830 illi
3586 3776 3727 3830 (etuti

2127 3869 2242 3939 jam
2266 3884 2365 3923 non
2394 3868 2489 3921 hoc
2507 3883 2559 3922 se
2577 3867 3008 3941 fuissejussurum
3038 3866 3231 3937 (Epist.
3265 3868 3389 3931 158,
3414 3884 3464 3920 η.
3498 3867 3573 3938 5).
3600 3865 3726 3922 Haec

2138 3957 2205 4013 de
2235 3957 2544 4013 Vindiciano
2574 3958 2941 4029 Augustinus:
2966 3955 3202 4027 quicum
3231 3957 3282 4011 in
3322 3956 3477 4026 hujus
3509 3956 3608 4010 viri
3637 3955 3723 4010 fa-

2139 4050 2497 4109 miliaritatem
2541 4062 2661 4104 sese
2701 4050 2935 4120 peuitius
2981 4050 3337 4115 insinuasset,
3382 4049 3539 4119 eique
3568 4063 3724 4102 suum

2139 4158 2265 4217 erga
2313 4141 2775 4199 chetltliacorum
2834 4141 2999 4197 libros
3056 4140 3287 4195 studium
3345 4139 3398 4194 in
3457 4138 3727 4210 colloquio

2140 4234 2467 4304 aperuisset,
2525 4234 2653 4288 nihil
2697 4233 2785 4288 ille
2829 4234 3089 4302 reliquum
3147 4234 3319 4302 iecit,
3373 4248 3483 4304 quo
3551 4231 3727 4287 adole-

2141 4332 2381 4379 scentem
2408 4322 2479 4377 ab
2523 4322 2868 4379 ludificatoria
2898 4330 3013 4379 arte
3058 4333 3344 4389 avocaret;
3395 4323 3619 4395 benigne
3660 4338 3726 4376 ac

2145 4426 2363 4487 paterno
2401 4416 2539 4488 (erat
2576 4416 2717 4472 enim
2760 4414 2838 4469 vir
2876 4414 2926 4471 id
2975 4416 3229 4486 temporis
3261 4416 3542 4472 admodum
3567 4424 3727 4473 aetate

2146 4508 2471 4580 provectus)
2524 4524 2649 4569 eum
2700 4506 3015 4565 adhortatus
3042 4548 3060 4574 ,
3117 4517 3174 4564 ut
3216 4524 3284 4565 ne
3329 4524 3508 4565 curam
3564 4517 3728 4579 atque

2143 4615 2362 4670 operam
2393 4599 2553 4655 rebus
2584 4599 2801 4654 utilibus
2824 4600 3176 4656 necessariam
3195 4641 3211 4665 ,
3242 4600 3458 4655 vanitati
3496 4598 3569 4653 illi
3609 4598 3725 4654 fru-

2142 4698 2253 4747 stra
2303 4688 2653 4759 impenderet.
2683 4688 2873 4749 Aiebat
2895 4704 2955 4744 se
2983 4705 3195 4760 quoque
3241 4689 3382 4744 inani
3437 4688 3560 4743 huic
3605 4697 3727 4748 stu-

2143 4778 2235 4836 dio
2272 4794 2440 4853 usque
2467 4779 2602 4835 adeo
2629 4779 2739 4851 jam
2774 4778 2897 4834 inde
2912 4794 2949 4834 a
2978 4779 3147 4849 prima
3181 4787 3336 4834 aetate
3371 4778 3605 4834 deditum
3626 4819 3643 4841 ,
3672 4789 3730 4833 ut

2144 4870 2302 4931 etiam
2325 4884 2391 4927 ex
2409 4885 2475 4926 eo
2494 4878 2751 4940 quaestum
2767 4867 2941 4925 facere
2956 4868 3304 4927 deliberaret:
3326 4884 3506 4923 verum
3529 4876 3728 4927 retecta

2145 4959 2263 5030 ejus
2302 4960 2431 5019 artis
2474 4959 2656 5023 fraude
2680 4960 2923 5019 animum
2958 4958 3024 5015 ad
3064 4958 3381 5016 medicinam
3426 4958 3729 5030 appulisse;

2146 5048 2286 5122 quod
2329 5048 2601 5118 indignum
2625 5047 2920 5117 judicnret,
2945 5047 3261 5107 deludendis
3297 5047 3733 5119 decipiendisth

2148 5138 2451 5197 hominibus
2471 5140 2665 5196 victum
2686 5139 2789 5194 sibi
2812 5154 2999 5208 parare
3022 5156 3036 5193 ;
3062 5140 3272 5197 tametsi
3295 5139 3416 5194 huic
3435 5138 3735 5209 qualicum-

2147 5247 2250 5302 que
2291 5229 2585 5300 disciplina:
2628 5229 2980 5301 percipienda:
3016 5229 3155 5289 haud
3194 5230 3448 5301 imparem
3478 5245 3537 5284 se
3568 5228 3735 5286 fuisse

2148 5321 2516 5389 existimaret,
2543 5322 2633 5392 qui
2659 5321 2821 5378 libros
2850 5321 3184 5392 Hippocratis
3207 5330 3363 5391 captu
3400 5320 3553 5392 longe
3586 5318 3734 5375 difﬁq

2148 5420 2375 5475 cillimos
2400 5421 2515 5479 sine
2542 5434 2733 5489 magno
2759 5419 2969 5489 negotio
2998 5416 3402 5488 Iegisset,atque
3437 5413 3735 5470 intellexi».

2151 5521 2266 5565 set:
2291 5524 2398 5581 quo
2426 5510 2593 5582 magis
2620 5510 2695 5566 illi
2720 5508 3017 5572 videbatur,
3038 5508 3387 5578 Augustinum
3410 5522 3473 5563 ea
3498 5506 3737 5575 abjicere

2150 5601 2367 5669 debere,
2385 5602 2450 5656 ad
2467 5617 2585 5673 quae
2604 5600 2854 5660 sectanda
2875 5598 3015 5653 nulla
3028 5600 3105 5654 rei
3127 5600 3393 5654 familiaris
3416 5598 3735 5656 necessitate

2154 5693 2474 5765 ειίίεετειυτς
2494 5693 2686 5765 quippe
2699 5692 2781 5752 cui
2797 5698 2989 5763 praesto
3014 5700 3154 5753 esset
3169 5707 3259 5748 ars
3272 5688 3731 5763 rhetor-temeti“.
