3994 6352
256 321 322 375 es
1090 299 1098 303 “
1352 359 1358 367 ,
1640 303 1838 365 LIBER.

1944 303 2151 361 \IMUS.
3459 320 3533 377 81

260 431 641 489 honestissima
664 426 997 498 proieseione
1020 439 1130 480 non
1158 421 1318 479 modo
1344 421 1504 477 vitam
1525 427 1843 482 sustentare,

260 525 353 579 σαι
378 532 437 578 et
459 522 773 592 dignitatem
793 529 990 587 augere
1015 523 1217 587 posset.
1243 514 1405 584 Atqui
1429 521 1488 568 ut
1516 520 1632 567 erat
1659 510 1848 566 Vindi-

255 616 397 670 eiani
430 624 635 678 emito,
655 611 776 666 sine
802 610 1087 666 verborum
1114 608 1263 662 cultu
1280 648 1298 672 ,
1324 606 1603 660 vivacitate
1634 612 1851 661 senten-

258 711 455 762 tiarum
482 704 751 776 iucundus
790 710 846 758 et
886 702 1096 773 gravis;
1144 698 1391 755 assiduus
1424 698 1763 764 intentusque
1782 711 1849 750 ex

258 801 373 867 ejus
406 813 506 854 ore
540 795 808 867 pendebat
835 792 1190 864 Augustinus,
1216 790 1383 860 requis
1404 830 1421 854 ,
1453 788 1529 843 uti
1573 802 1670 858 par
1701 794 1848 853 erat,

253 889 476 943 auribus
499 887 774 958 excipiens
793 898 1139 954 quascumque
1157 882 1225 936 ab
1244 880 1549 936 venerando
1567 893 1723 949 sene,
1741 893 1850 934 non

256 982 430 1035 solum
459 979 746 1041 monitore,
775 976 891 1041 sed,
910 974 961 1030 id
987 960 1131 1045 quod
1159 972 1330 1042 majus
1357 980 1471 1031 est.
1496 976 1717 1039 experto
1749 968 1850 1023 do-

254 1082 404 1128 ctore
444 1071 774 1126 dicerentur.
803 1068 908 1125 Sed
951 1066 1079 1121 illud
1118 1065 1172 1120 in
1215 1065 1398 1134 primis
1421 1062 1662 1118 obstabat
1687 1075 1848 1128 argu-

256 1174 521 1232 mentum,
535 1163 819 1234 quominus
844 1161 913 1215 ab
928 1156 1190 1214 sententia
1211 1156 1431 1227 pristina
1442 1153 1722 1210 decederet
1734 1154 1846 1207 Au-

254 1260 498 1328 gustinus
518 1276 534 1310 :
555 1257 687 1324 Quae
716 1270 875 1310 causa
903 1267 1033 1323 ergo
1061 1252 1279 1317 laceret,
1299 1256 1356 1303 ut
1387 1247 1550 1302 multa
1579 1246 1701 1302 inde
1722 1261 1846 1302 vera

255 1348 753 1417 pronuntiarentur.
794 1344 1038 1399 Diluebat
1079 1340 1295 1412 quidem
1338 1337 1464 1395 illud
1506 1336 1849 1394 Vindicianus

253 1441 447 1510 quibus
474 1448 686 1508 poterat
716 1437 891 1493 modis
910 1477 924 1501 ,
950 1434 1078 1489 illud
1112 1432 1485 1501 quodcumque
1507 1438 1621 1484 erat
1642 1428 1847 1483 divina-

254 1532 416 1586 tionis
441 1531 494 1586 in
518 1543 770 1584 arcanam
800 1525 1085 1597 quamdam
1114 1523 1223 1578 vim
1252 1521 1412 1578 sortis
1441 1528 1647 1575 naturrc
1666 1536 1845 1574 rerum

253 1623 473 1677 inditam
497 1619 810 1677 refundens.
839 1618 900 1674 Si
919 1617 1051 1672 enim
1074 1614 1140 1669 de
1167 1614 1363 1684 paginis
1385 1621 1543 1684 poene
1559 1612 1845 1681 cujnspiam

253 1717 399 1784 longe
429 1712 574 1766 aliud
598 1711 829 1765 canentis
858 1717 1008 1778 atque
1046 1705 1347 1761 intendentis
1366 1742 1382 1769 ,
1416 1719 1530 1757 cum
1569 1705 1698 1775 forte
1736 1704 1848 1773 quis

251 1806 483 1866 consulit,
504 1802 805 1857 mirabiliter
824 1816 1081 1856 consonus.
1098 1798 1292 1868 negotio
1311 1812 1445 1867 stupe
1463 1812 1632 1850 versus
1656 1796 1845 1858 exiret;

254 1896 542 1948 mirandum
568 1911 669 1949 non
692 1909 797 1948 esse
823 1892 1016 1945 dicebat
1033 1933 1046 1955 ,
1071 1890 1114 1944 si
1139 1904 1202 1943 ea:
1230 1888 1402 1940 animo
1441 1887 1662 1939 humana
1695 1900 1847 1955 snpe-

252 1986 383 2040 riore
418 1986 587 2052 aliqua
627 1983 867 2037 instinctu
886 2019 909 2045 ,
941 1980 1187 2034 nesciente
1217 1979 1337 2048 quid
1373 1978 1427 2030 in
1465 1992 1519 2030 se
1544 1976 1712 2043 ﬁeret,
1742 1991 1843 2028 non

253 2088 387 2143 arte,
414 2078 497 2131 sed
525 2085 653 2130 sorte
678 2082 884 2130 sonaret
912 2071 1136 2142 aliquid,
1165 2069 1300 2140 quod
1319 2069 1670 2137 interrogantis
1696 2066 1843 2121 rebus

249 2170 493 2238 factisque
515 2169 798 2222 concineret
827 2163 1003 2237 (Conf.
1029 2163 1115 2218 lib.
1144 2164 1198 2227 4,
1223 2179 1337 2229 cap.
1362 2163 1415 2225 5,
1439 2179 1492 2215 n.
1521 2160 1598 2231 5).

316 2261 371 2314 4.
412 2258 799 2330 Ittgerebautttr
838 2255 956 2311 lucc
988 2255 1104 2325 ejus
1146 2254 1325 2307 animo
1365 2251 1506 2306 haud
1547 2251 1707 2305 dubie
1748 2250 1840 2305 Dei

252 2364 380 2407 nutu
406 2370 419 2405 :
444 2352 543 2407 sed
571 2366 747 2421 neque
770 2349 1106 2404 V’indicianus
1127 2356 1313 2402 acutus
1342 2346 1431 2400 ille
1459 2360 1644 2410 senex,
1669 2359 1841 2413 neque

248 2443 534 2499 Nebridius
558 2442 637 2498 illi
665 2443 715 2496 itt
754 2440 939 2511 primis
966 2439 1180 2500 charos,
1213 2446 1397 2507 atque,
1420 2445 1478 2491 ut
1515 2438 1628 2506 ipse
1658 2435 1837 2501 habet,

249 2533 507 2587 mirabilis
530 2534 726 2588 animm
746 2531 1079 2592 adolescens,
1098 2528 1253 2584 valde
1272 2528 1443 2583 bonus
1460 2536 1514 2581 ct
1537 2526 1690 2581 valde
1713 2541 1839 2580 cau—

250 2637 349 2691 tus,
378 2627 468 2697 qui
500 2634 674 2681 totum
701 2625 827 2681 illud
856 2624 1199 2679 divinationis
1218 2637 1385 2693 genus
1409 2621 1683 2686 irridebat,
1719 2635 1841 2689 pcr-

246 2718 473 2775 suadere
506 2719 585 2774 illi
628 2730 738 2773 tum
766 2726 1073 2787 potuerunt,
1106 2726 1165 2771 ttt
1188 2715 1410 2784 hujusce
1439 2714 1567 2768 artis
1604 2713 1837 2768 studium

244 2808 506 2879 abjiceret
544 2809 959 2879 repudiaretqne
984 2807 1169 2877 (litim,
1207 2808 1300 2863 lib.
1340 2808 1393 2871 7,
1423 2822 1537 2875 cap.
1575 2806 1628 2869 6,
1665 2822 1720 2859 η.
1756 2805 1835 2874 8).

249 2898 460 2955 Scilicet
485 2912 612 2955 eum
648 2900 822 2955 multo
857 2899 1085 2968 amplius
1113 2897 1361 2953 movebat
1389 2906 1574 2952 eorum
1602 2896 1838 2950 auctori-

254 3002 359 3057 tas,
384 2994 471 3062 qui
493 2994 667 3062 ipsam
697 3001 867 3047 artem
893 2998 1232 3055 tractassem,
1258 3005 1414 3060 quam
1443 3003 1629 3045 eorum
1656 2988 1838 3058 opinio

254 3085 345 3154 qui
372 3096 485 3141 eam
519 3085 936 3140 criminarentur
964 3084 1121 3139 nullis
1159 3082 1321 3139 certis
1352 3080 1467 3137 fulti
1489 3082 1834 3153 argumentis,

248 3174 440 3245 quibus
460 3175 682 3247 quidem
709 3175 910 3246 liquido
939 3176 1037 3245 ipsi
1068 3183 1367 3244 appareret,
1402 3175 1701 3229 temeritate
1721 3183 1837 3228 sor-

253 3264 318 3320 tis
342 3267 545 3336 potius,
574 3282 732 3337 quam
755 3267 858 3323 ulla
877 3275 1021 3322 certa
1052 3266 1275 3331 ratione,
1305 3281 1368 3321 ex
1398 3265 1629 3321 siderum
1664 3264 1837 3334 positu

250 3369 652 3428 consttectuque
664 3360 833 3415 futura
847 3360 1110 3414 interdum
1126 3358 1466 3428 praenuntiari
1480 3357 1636 3428 (Ibid.
1647 3400 1662 3422 ,
1677 3356 1762 3411 lib.
1778 3357 1834 3423 4,

244 3466 358 3521 cep.
394 3451 452 3518 δ,
489 3469 544 3505 n.
569 3452 650 3526 6).
691 3451 974 3507 “terebant
1011 3460 1187 3506 tamen
1224 3448 1487 3520 pervicaci
1520 3448 1644 3503 licet
1678 3455 1837 3518 atque

245 3544 530 3599 obﬁrmato
574 3556 689 3599 tum
724 3545 919 3606 animo,
966 3556 1245 3598 sermones
1278 3541 1598 3607 Vindiciani,
1643 3539 1834 3610 quibus

248 3635 415 3690 veluti
451 3635 521 3690 ad
566 3636 855 3705 pleniorem
900 3635 1237 3690 intbuebatur
1273 3632 1692 3703 inquisitionem,
1730 3645 1833 3701 qua

245 3741 303 3782 se
327 3728 443 3797 ipse
469 3726 759 3797 aliquando
780 3738 967 3781 errore
1003 3726 1252 3780 liberaret
1280 3725 1535 3795 :jamque
1560 3723 1612 3778 in
1640 3722 1833 3778 Nebri~

246 3817 319 3871 dii
356 3820 683 3872 sententiam
722 3816 862 3872 llecti
899 3826 1157 3886 emperat,
1189 3816 1277 3887 qtti
1319 3831 1423 3870 non
1468 3824 1835 3871 asseveranter

245 3909 483 3978 quidem,
517 3908 611 3963 sed
650 3909 841 3963 crebro
868 3909 1209 3963 nihilominus
1245 3916 1404 3977 atque
1437 3906 1723 3962 identidem
1748 3907 1834 3962 dit

248 4000 426 4061 cebat,
455 4014 562 4052 non
595 4014 713 4054 esse
741 3998 899 4053 ullam
922 4010 1091 4053 artem
1124 3998 1293 4053 futura
1326 3998 1673 4070 praevidendi,
1703 4013 1834 4055 con-

249 4087 489 4158 jecturas
514 4097 690 4143 autem
718 4088 990 4144 hominum
1016 4089 1215 4145 habere
1248 4102 1392 4159 saepe
1420 4089 1526 4145 vim
1556 4091 1749 4145 sortis:
1782 4099 1835 4145 et

251 4180 425 4235 multa
467 4180 711 4245 dicendo,
752 4180 855 4235 dici
900 4182 1152 4251 pleraque
1188 4190 1430 4249 ventura,
1475 4183 1834 4238 nescientibus

243 4272 328 4327 eis
348 4272 440 4341 qui
459 4272 729 4339 dicerent,
749 4273 841 4326 sed
869 4272 919 4325 in
947 4285 1010 4327 ea
1031 4287 1135 4327 non
1169 4272 1393 4327 tacendo
1415 4273 1830 4329 incurrentibus.

243 4365 323 4418 Ae
366 4362 584 4417 demum
617 4364 727 4418 Deo
766 4364 1055 4433 aspirantc,
1102 4364 1251 4419 omni-
1290 4381 1475 4420 errorc
1503 4380 1629 4421 casu
1660 4367 1833 4436 potius

239 4469 406 4522 quam
442 4453 674 4509 consilio
696 4454 928 4508 solutum
958 4469 1018 4510 se
1041 4455 1373 4527 gratulatur:
1401 4456 1541 4527 quod
1566 4456 1663 4510 hac
1688 4466 1836 4511 occa-

237 4547 399 4602 sione
440 4546 688 4616 contigit.
726 4545 992 4601 Firminus
1029 4547 1111 4601 vir
1138 4545 1429 4601 liberaliter
1468 4548 1738 4601 institutus
1780 4555 1832 4602 et

238 4637 551 4706 eloquentia
591 4652 696 4691 non
724 4637 1065 4694 mediocriter
1089 4638 1350 4705 excultus,
1388 4639 1691 4709 astrologire
1716 4641 1835 4711 qui-

236 4726 366 4781 dcm
401 4742 591 4796 parum
620 4728 839 4796 peritus,
862 4728 1202 4799 pereuriosus
1232 4738 1409 4784 tamen
1433 4730 1834 4786 mathematico-

238 4834 364 4874 rum
408 4818 702 4885 consultor,
756 4821 1106 4890 Augustinum
1162 4829 1411 4891 tanquam
1460 4819 1829 4877 charissimam

234 4908 516 4974 convenit,
546 4919 604 4964 ut
630 4925 751 4965 eum
776 4910 939 4981 certis
962 4912 1032 4967 de
1069 4911 1248 4976 rebus,
1274 4911 1466 4983 quibus
1493 4913 1543 4967 in
1587 4927 1831 4984 magnam

237 5001 487 5057 ﬂorentis
524 5000 749 5057 fortunae
784 5018 933 5073 spem
959 5003 1344 5073 adducebatur,
1380 5005 1681 5061 consuleret
1704 5007 1831 5077 quid

240 5094 341 5165 ipsi
369 5095 667 5151 secundum
686 5110 810 5151 suas
832 5096 1262 5154 constellationes
1282 5096 1571 5153 videretur.
1599 5094 1715 5163 Bon
1738 5099 1835 5153 ab—

240 5189 357 5244 nuit
402 5187 620 5257 quidem
662 5188 1006 5258 Augustinus,
1043 5189 1167 5261 quid
1201 5191 1503 5259 conjectura
1544 5200 1833 5261 augurare-

240 5288 351 5346 tur,
389 5279 632 5334 Firmino
662 5280 911 5349 aperire:
939 5280 1165 5351 subjecit
1192 5289 1369 5336 tamen
1394 5296 1558 5352 prope
1577 5283 1690 5351 jam
1728 5281 1828 5337 sibi

243 5388 363 5428 esse
393 5386 725 5443 persuasum,
759 5382 926 5429 totum
959 5373 1087 5429 illud
1128 5373 1491 5444 praedictionis
1517 5386 1686 5445 genus
1716 5388 1828 5431 me-

241 5476 358 5519 ntm
386 5478 508 5520 esse
535 5480 598 5521 ac
635 5466 789 5521 inane
817 5465 1125 5521 ludibrium.
1156 5463 1291 5521 Tum
1329 5466 1415 5520 ille
1456 5466 1694 5520 narravit
1716 5467 1827 5519 Αιιο

240 5558 459 5613 vestino
480 5559 652 5629 rcipsa
674 5568 878 5630 patrem
901 5572 1054 5614 suum
1082 5558 1380 5628 huiusmodi
1404 5558 1553 5613 libris
1570 5557 1824 5624 inhiasse,

242 5659 293 5702 et
335 5652 573 5707 amicum
611 5652 859 5709 habuisse
902 5668 1089 5708 corum
1136 5668 1242 5708 non
1288 5654 1463 5709 minus
1505 5652 1823 5721 studiosum,

244 5749 501 5812 tactuque
531 5743 651 5799 illos
678 5743 860 5798 harum
903 5744 1218 5816 ineptiarum
1257 5755 1438 5800 amore
1467 5743 1738 5817 ﬂagrasse,
1769 5752 1829 5801 ut

1951 416 2111 473 etiam
2136 419 2442 477 animalium
2464 439 2582 493 qtae
2608 427 2746 496 apud
2772 430 2914 497 ipsos
2939 433 3310 502 nascebantur,
3338 447 3535 493 ortum~

1950 509 2315 577 observarent,
2348 516 2577 586 coalitum
2604 517 2918 587 positionem
2948 522 2999 577 in
3027 523 3127 579 hoc
3156 538 3426 584 momento
3453 533 3527 585 adt

1951 603 2244 673 colligenda
2266 620 2378 661 sua:
2402 609 2531 663 artis
2551 612 2911 682 experimenta
2939 617 3134 685 pariter
3161 622 3521 689 explorarent.

1952 693 2131 766 Itaque
2155 696 2386 763 dicebat,
2417 700 2628 757 audisse
2664 719 2724 758 se
2749 720 2779 757 a
2811 716 2960 775 patre
2987 722 3105 774 suo,
3136 712 3278 780 quod
3313 727 3433 767 eum
3460 714 3529 771 de

1951 801 2011 842 se
2048 788 2287 844 Firmino
2324 799 2602 861 praegnans
2645 805 2819 850 mater
2859 807 3023 865 esset,
3070 801 3275 868 paterni
3319 816 3534 875 quoque

1950 877 2107 932 amici
2144 877 2339 934 famula
2369 882 2609 951 quaedam
2659 896 2869 941 uterum
2909 888 3135 957 ferebat;
3178 893 3320 961 quod
3361 893 3526 950 latere

1950 968 2223 1026 dominum
2267 986 2370 1027 non
2403 976 2587 1043 potuit,
2626 978 2716 1047 qui
2743 979 2829 1033 vel
2865 990 3054 1035 eantnn
3089 990 3309 1040 suarum
3350 992 3533 1055 partus

1950 1069 2058 1116 tam
2085 1073 2331 1120 accurate
2357 1066 2692 1134 observaret;
2716 1081 2875 1141 atque
2893 1071 2964 1127 ita
2990 1076 3291 1146 contigisse,
3322 1086 3381 1134 ut
3407 1095 3528 1134 cum

1950 1150 2052 1207 iste
2079 1154 2337 1225 conjugis.
2369 1155 2458 1211 iile
2477 1167 2652 1213 autem
2675 1161 2879 1217 ancilla:
2906 1163 3071 1231 diem,
3101 1165 3306 1231 horam,
3337 1176 3390 1224 et
3414 1186 3533 1225 mo—

1950 1254 2188 1300 mentum
2216 1246 2497 1317 diiigenter
2519 1252 2875 1323 explorarent,
2907 1257 3095 1313 eodem
3124 1260 3295 1315 ambze
3321 1269 3529 1333 tempo-

1949 1337 2027 1394 ris
2052 1347 2247 1408 puncto
2276 1354 2557 1410 parerent:
2587 1346 2657 1401 ita
2684 1357 2737 1402 ιιι
2765 1349 2979 1404 easdem
3006 1352 3436 1409 constellationes
3456 1356 3527 1409 ad

1948 1428 2163 1485 easdem
2205 1445 2376 1501 usque
2408 1435 2656 1491 minutias
2696 1440 2904 1509 utrique
2945 1444 3180 1498 nascenti
3223 1443 3550 1502 describere

1950 1522 2116 1575 coacti
2148 1521 2365 1592 fuerint,
2410 1526 2511 1581 iste
2545 1529 2668 1594 tilio,
2712 1532 2799 1587 ille
2831 1535 3062 1588 servulo.
3110 1536 3240 1591 Nam
3282 1553 3404 1594 cum
3446 1555 3527 1595 ea:

1949 1612 2202 1669 mulieres
2230 1618 2490 1684 parturire
2518 1620 2824 1689 coepissent,
2855 1622 3225 1682 indicaverunt
3247 1628 3347 1682 sibi
3370 1630 3543 1685 ambo

1948 1704 2073 1773 quid
2108 1705 2159 1759 in
2197 1722 2292 1760 sua
2337 1708 2593 1779 cujusque
2621 1710 2779 1765 domo
2819 1723 3083 1783 ageretur,
3123 1728 3179 1773 et
3210 1730 3551 1788 paraverunt

1948 1806 2081 1864 qttos
2106 1796 2171 1852 ad
2213 1810 2272 1853 se
2309 1799 2532 1853 invicem
2576 1802 2866 1866 mitterent,
2908 1806 3062 1861 simul
3089 1821 3151 1863 ac
3180 1810 3285 1863 illa:
3315 1820 3525 1881 partum

1948 1884 2257 1942 edidissent.
2281 1889 2523 1945 Addebat
2543 1907 2653 1957 eos,
2682 1894 2770 1964 qui
2791 1895 2860 1950 ab
2875 1905 3101 1968 utroque
3125 1901 3271 1955 missi
3293 1901 3529 1963 fuerant,

1948 1977 2081 2032 adeo
2107 1994 2171 2033 ex
2199 1981 2414 2050 paribus
2433 1982 2711 2039 domorum
2738 1986 3027 2045 intervallis
3047 1990 3149 2045 sibi
3170 1991 3379 2047 obviam
3403 2009 3529 2050 esse

1948 2066 2135 2136 factos,
2159 2078 2215 2124 ut
2231 2072 2385 2125 aliam
2413 2075 2725 2144 positionem
2749 2079 3003 2146 siderum,
3026 2082 3264 2153 aliasque
3288 2100 3532 2142 momen-

1948 2168 2120 2214 torum
2150 2163 2432 2231 particulas
2463 2166 2516 2221 in
2539 2166 2727 2223 horum
2758 2171 3031 2228 infantium
3055 2184 3173 2230 ortu
3205 2187 3391 2233 notare
3419 2194 3526 2235 non

1948 2252 2231 2319 potuerint.
2262 2254 2324 2307 Et
2351 2263 2524 2311 tamen
2557 2257 2824 2315 Firminus
2865 2264 3025 2317 nobili
3057 2265 3174 2320 loco
3203 2279 3378 2333 natus,
3408 2282 3527 2323 ma.

1946 2344 2030 2413 gni
2057 2346 2193 2415 apud
2217 2362 2399 2401 omnes
2419 2350 2646 2405 nominis
2671 2360 2805 2417 erat,
2830 2352 3022 2409 divitiis
3044 2356 3096 2410 in
3118 2358 3230 2412 dies
3251 2360 3527 2428 aitluebat,

1945 2443 1999 2487 ct
2021 2433 2316 2490 honoribus
2334 2439 2622 2509 augebatur
2645 2460 2657 2494 :
2684 2458 2871 2499 servus
2895 2453 3072 2501 autem
3096 2447 3183 2503 ille
3203 2451 3529 2508 conditionis

1940 2528 2069 2598 jugo
2115 2530 2412 2585 nullatenus
2455 2534 2692 2589 relaxato
2734 2535 2963 2591 dominis
3000 2539 3284 2595 serviebat.
3322 2542 3415 2597 llis
3458 2545 3526 2597 ab

1945 2619 2137 2674 idoneo
2169 2628 2302 2676 teste
2338 2622 2518 2678 relatis
2556 2623 2712 2679 fidem
2754 2642 2877 2680 cum
2922 2628 3036 2683 sine
3066 2633 3399 2688 cunctatione
3426 2634 3531 2688 ad-

1940 2709 2204 2779 jnnxisset
2228 2712 2572 2784 Augustinus,
2605 2716 2857 2787 quidquid
2883 2717 2934 2773 ei
2968 2719 3314 2777 dubitationis
3348 2738 3529 2793 supcr-

1944 2809 2077 2864 erat,
2107 2806 2343 2869 evanuit,
2375 2813 2429 2859 et
2458 2807 2631 2862 omnis
2658 2806 2801 2863 illius
2829 2809 3108 2865 reluctatio
3139 2813 3367 2868 resoluta
3394 2830 3525 2869 con.-

1943 2892 2090 2948 cidit.
2132 2895 2199 2950 Et
2228 2897 2399 2966 primo
2428 2898 2638 2968 quidem
2670 2898 2961 2956 Firminttm
2990 2904 3057 2959 ab
3082 2903 3169 2958 illa
3200 2905 3539 2974 curiositate,~

1943 3000 2104 3055 quam
2130 3000 2218 3041 res
2249 3002 2344 3056 per
2364 2987 2536 3058 ipsum
2563 3001 2771 3046 narrata
2800 2990 3003 3047 futilem
3025 3003 3080 3049 et
3103 2994 3378 3051 ridiculam
3406 3012 3528 3053 esse

1944 3077 2293 3145 monstrabat,
2331 3081 2551 3135 tentavit
2586 3096 2828 3137 avocare.
2864 3084 3059 3139 Deinde
3100 3098 3221 3141 cum
3264 3088 3331 3143 ab
3370 3088 3525 3158 hujus

1942 3167 2178 3224 historiae
2205 3173 2510 3227 narratione
2547 3188 2734 3244 magna
2761 3176 2846 3230 lux
2877 3177 2994 3248 ejus
3034 3180 3212 3234 animo
3241 3179 3527 3238 aliitlsisset

1941 3260 2008 3316 ad
2049 3260 2211 3331 hujus
2242 3263 2373 3318 artis
2413 3264 2646 3321 fallacias
2693 3269 2904 3337 penitus
2941 3268 3289 3341 detegendas,
3331 3275 3526 3329 mentis

1940 3352 2107 3408 aciem
2148 3354 2201 3409 in
2246 3370 2340 3411 eos
2383 3358 2715 3427 potissimum
2760 3360 3008 3428 intendit,
3056 3365 3146 3434 qui
3187 3365 3382 3434 gemini
3426 3381 3525 3423 na-

1938 3457 2162 3501 scuntur
2184 3465 2198 3503 :
2222 3462 2447 3518 quorum
2476 3449 2731 3520 plerique,
2773 3454 2916 3506 velut
2941 3453 3106 3510 Jacob
3139 3465 3192 3510 et
3218 3457 3379 3521 Esau.
3405 3470 3533 3527 posr

1940 3540 2166 3595 invicem
2196 3548 2303 3595 tam
2334 3540 2443 3596 cito
2472 3541 2766 3597 funduntur
2793 3560 2860 3599 cx
2885 3554 3057 3610 utero,
3086 3554 3145 3601 ut
3184 3548 3518 3606 intervallum

1941 3634 2197 3702 temporis
2220 3632 2507 3689 observare
2534 3633 2940 3690 mathematicus
2964 3653 3068 3692 non
3097 3640 3281 3709 possit,
3313 3657 3411 3696 nec
3435 3642 3523 3697 di-

1938 3738 2122 3779 versas
2149 3739 2333 3779 eorum
2360 3724 2793 3781 constellatioues
2816 3725 3002 3781 litteris
3021 3729 3264 3798 signare;
3292 3748 3517 3803 quorum

1940 3822 2116 3870 tamen
2146 3830 2264 3870 sors
2292 3815 2446 3886 longe
2469 3814 2741 3871 dissimilis
2769 3816 2941 3871 futura
2982 3818 3068 3872 sit.
3102 3819 3294 3876 Verum
3321 3828 3522 3892 acquis-

1940 3906 2108 3960 simus
2151 3916 2206 3960 ct
2251 3906 2673 3976 sapientissimus
2724 3908 2956 3962 universi
3004 3910 3310 3967 moderator
3355 3913 3516 3976 Deus.

1939 3999 2359 4064 consulentibus,
2391 4000 2763 4070 consultisque
2790 4002 3165 4069 nescientibus,
3200 4006 3406 4061 occulto
3437 4010 3522 4061 iit-

1941 4091 2135 4147 stinctu
2183 4091 2313 4161 agit,
2357 4100 2414 4146 ut
2463 4091 2591 4147 dum
2634 4094 2857 4163 quisque
2903 4095 3148 4163 consulit,
3195 4097 3296 4151 hoc
3341 4099 3522 4155 audiat

1940 4183 2081 4255 quod
2117 4198 2237 4239 eum
2268 4191 2477 4253 Oportet
2504 4182 2687 4238 audire
2715 4185 2937 4240 occultis
2966 4188 3168 4242 meritis
3196 4189 3513 4255 animarum,

1940 4289 2003 4329 ex
2026 4273 2355 4347 abyssojusti
2379 4274 2560 4344 judicii
2586 4276 2673 4329 Dei
2696 4275 2876 4345 (lbid.,
2901 4277 2986 4331 lib.
3003 4278 3054 4343 7,
3074 4295 3185 4348 cap.
3208 4279 3517 4351 6,n.8-iO).

1942 4366 2022 4422 An
2052 4365 2192 4421 istud
2220 4366 2437 4421 Firmini
2466 4383 2586 4422 cum
2620 4369 2911 4439 AuguSIiuo
2946 4372 3267 4442 coiioquiunt
3295 4374 3519 4432 Cartlta~

1939 4458 2062 4528 gine
2087 4458 2382 4528 contigerit,
2413 4473 2480 4513 an
2510 4474 2638 4513 vero
2675 4471 2949 4530 postquam
2980 4463 3032 4517 in
3063 4462 3261 4519 ltaliatn
3286 4469 3516 4534 trajecit,

1940 4564 2045 4603 non
2088 4549 2287 4619 liquet:
2318 4559 2465 4604 extra
2512 4552 2931 4606 controversiam
2972 4554 3199 4623 positum
3241 4566 3343 4623 est,
3392 4557 3520 4615 illud

1938 4647 2063 4697 ante
2087 4640 2491 4697 conversionem
2527 4641 2643 4711 ejus
2682 4642 2968 4708 accidisse;
3000 4645 3224 4700 necdum
3268 4646 3408 4702 cnim
3450 4649 3518 4704 ita

1938 4747 1999 4789 se
2024 4732 2166 4788 omni
2197 4747 2380 4789 errore
2413 4733 2731 4802 exsolverat,
2762 4735 2890 4806 quin
2918 4736 3077 4791 etiam
3108 4746 3215 4792 ttttu
3256 4738 3376 4794 mali
3403 4742 3485 4795 ori
3502 4760 3525 4781 ο·

1935 4824 2113 4897 ginem
2143 4824 2482 4895 investigarct
2508 4823 2679 4895 (Conf.
2711 4825 2800 4881 tib.
2830 4825 2882 4892 7,
2913 4842 3026 4898 cap.
3053 4827 3106 4895 7,
3133 4845 3186 4883 η.
3215 4829 3328 4901 il).

2007 4918 2061 4974 5.
2103 4918 2256 4973 Anno
2276 4917 2446 4972 aetatis
2471 4917 2726 4989 vigesimo
2745 4925 2899 4973 sexto
2922 4926 3013 4973 aut
3035 4921 3258 4990 septimo
3281 4922 3516 4979 animum

1939 5010 2141 5079 appulit
2173 5009 2239 5064 ad
2271 5003 2630 5063 lucubrandos
2666 5009 2833 5065 libros
2882 5008 3016 5065 duos
3048 5018 3139 5064 aut
3165 5018 3272 5066 tres
3295 5010 3360 5065 de
3391 5012 3519 5068 Pul-

1936 5101 2069 5156 ebro
2092 5110 2146 5157 et
2170 5104 2307 5171 Apto
2331 5099 2517 5175 (lbid.,
2546 5100 2634 5156 lib.
2658 5100 2714 5165 4,
2739 5116 2853 5174 cap.
2885 5102 2972 5167 15,
3002 5116 3056 5155 η.
3080 5098 3198 5170 27).
3228 5100 3285 5156 lu
3313 5099 3396 5157 his
3419 5101 3515 5159 de-

1938 5192 2153 5248 ﬁniebat
2182 5192 2466 5248 Pulchrum
2500 5192 2552 5248 id
2575 5207 2695 5248 esse
2720 5191 2858 5263 quod
2884 5207 2984 5264 per
3015 5207 3074 5248 se
3102 5192 3295 5264 ipsum,
3317 5195 3514 5265 Aptum

1935 5296 2110 5341 autem
2156 5285 2208 5341 id
2251 5286 2390 5357 quod
2440 5286 2507 5341 ad
2551 5284 2749 5356 aliquid
2804 5286 3262 5342 accommodatum
3302 5287 3514 5346 deceret

1936 5376 2117 5451 (lbid.,
2162 5395 2215 5433 η.
2255 5378 2369 5448 2t).
2406 5377 2536 5433 Nam
2572 5392 2692 5432 eum
2730 5392 2834 5431 non
2869 5393 3111 5434 amemus
3147 5378 3364 5451 aliquid.
3412 5379 3513 5435 nisi

1935 5470 2213 5541 pulchrum
2254 5485 2348 5524 seu
2384 5470 2667 5534 decorum;
2698 5468 2894 5539 quippe
2927 5484 3047 5525 cum
3086 5487 3172 5527 res
3201 5486 3332 5542 quas
3361 5486 3510 5526 ama-

1934 5577 2071 5626 mus,
2120 5561 2222 5616 nisi
2249 5568 2391 5616 esset
2419 5561 2469 5615 in
2513 5561 2593 5617 eis
2632 5560 2795 5617 decus
2821 5572 2874 5616 ct
2912 5563 3136 5633 species,
3169 5564 3316 5619 nullo
3355 5564 3510 5620 modo

1931 5669 2029 5709 nos
2054 5653 2120 5709 ad
2159 5669 2216 5708 se
2244 5660 2557 5710 moverent:
2581 5653 2979 5711 demonstrabat
3018 5655 3069 5710 in
3101 5656 3226 5726 ipsis
3268 5657 3507 5725 corpori-

1930 5746 2029 5803 bus
2066 5744 2215 5802 aliud,
2235 5760 2351 5801 esse
2375 5744 2523 5816 quasi
2556 5754 2744 5815 totum,
2773 5756 2828 5802 et
2864 5745 2983 5802 ideo
3009 5746 3292 5804 Pulchrum
3310 5762 3327 5816 ς
3355 5744 3498 5805 aliud
