3994 6352
426 317 496 371 ετ
1570 304 1724 357 ms
1778 302 1835 355 s.
1877 292 2244 354 AUGUSTINI
2281 295 2604 355 EPISCOPI.
3632 303 3703 359 ss

433 443 608 486 autem
635 428 777 500 quod
808 427 927 483 ideo
952 425 1182 487 deceret,
1211 421 1463 492 quoniam
1492 428 1613 489 apte
1637 412 2011 471 accommoda-

436 532 583 580 retur
622 522 798 585 alicui,
829 521 967 577 sicut
994 530 1113 586 pars
1148 514 1387 583 corporis
1414 511 1481 565 ad
1520 512 1824 563 universum
1861 519 2014 559 suum

438 612 625 687 (lbid.,
656 629 772 682 cap.
813 611 900 674 l5,
932 626 987 663 η.
1028 606 1144 677 20).
1178 604 1305 659 lude
1332 603 1397 656 ad
1422 600 1584 656 animi
1610 612 1823 669 quoque
1860 604 2016 650 natu»

432 722 551 769 tam
602 718 722 759 sese
770 696 1273 757 convertebatzsed
1326 696 1452 750 lalsa
1496 693 1698 762 opinio,
1749 703 1907 760 quam
1951 687 2019 741 de

439 796 805 868 spiritualibus
833 792 1061 849 habebat
1097 790 1342 844 traditam
1372 786 1473 842 sibi
1514 800 1544 839 a
1576 782 1899 847 Maniclimis,
1924 795 2017 833 ve-

441 905 558 943 rum
581 901 803 943 cernere
827 900 934 939 non
962 883 1170 937 sinebat
1199 879 1382 949 (lbid.,
1414 894 1528 945 cap.
1560 876 1647 938 l5,
1672 891 1727 928 n.
1754 873 1870 941 94).
1903 871 2019 926 Jam

444 994 555 1036 tum
581 978 966 1036 interciderant
985 976 1039 1030 hi
1062 975 1153 1030 libt
1168 974 1204 1039 i,
1228 989 1346 1028 cum
1371 969 1730 1026 confessiones
1750 980 1872 1020 suas
1892 964 2024 1018 scri-

442 1074 623 1135 beret;
672 1086 771 1125 nec
801 1078 930 1139 quot
973 1067 1292 1135 scripsisset,
1342 1064 1455 1132 ipse
1501 1054 2019 1125 meminerat(lbid.,

443 1179 558 1232 cap.
589 1162 675 1225 13,
706 1177 759 1213 n.
787 1157 899 1229 20).
934 1158 1055 1211 illos
1082 1155 1147 1209 ad
1177 1152 1410 1207 llierium
1437 1150 1691 1204 Romamn
1724 1144 1872 1201 urbis
1900 1160 2021 1198 ora-

447 1264 618 1309 torem
648 1251 955 1321 scripserat,
979 1249 1066 1320 qui
1090 1263 1210 1302 cum
1235 1258 1436 1315 graecas
1455 1243 1695 1313 apprime
1720 1240 1921 1293 litteras
1942 1252 2025 1291 ex-

444 1343 719 1409 coluisset,
760 1341 938 1396 latina:
964 1338 1221 1393 facundiae
1249 1336 1435 1391 doctor
1466 1332 1744 1416 mirabilis,
1776 1340 1831 1384 et
1869 1328 2024 1382 simul

445 1436 777 1492 clarissimus
797 1433 967 1488 :etatis
996 1447 1104 1485 sua:
1134 1426 1479 1499 philosophus
1504 1432 1765 1479 evaserat.
1798 1422 1929 1476 Eum
1958 1418 2026 1473 de

447 1527 580 1581 t'acie
606 1540 712 1580 non
742 1533 961 1579 noverat
999 1521 1344 1591 Augustinus,
1375 1516 1468 1571 sed
1496 1514 1707 1569 amabat
1734 1528 1798 1567 ex
1825 1511 2026 1565 doctri-

447 1634 531 1674 na:
553 1615 690 1671 fama
710 1623 766 1670 et
791 1614 1032 1670 claritate
1060 1611 1317 1675 nominis;
1346 1624 1409 1662 ac
1431 1606 1675 1677 quaedam
1701 1604 1840 1658 illius
1865 1601 2028 1657 verba

444 1710 708 1772 audierat,
746 1725 864 1779 qua:
906 1707 1004 1777 ipsi
1048 1706 1357 1759 arriscraat.
1408 1701 1543 1755 Cum
1585 1698 1763 1767 itaque
1793 1694 2029 1749 llierium

451 1803 660 1871 plurimi
683 1801 898 1862 laceret,
927 1814 1108 1854 secum
1136 1796 1390 1866 praclare
1417 1792 1498 1861 agi
1529 1790 1751 1860 putavit,
1792 1786 1931 1857 quod
1954 1786 2034 1839 lu-

451 1894 789 1949 cubrationes
817 1906 927 1946 suae
951 1890 1017 1944 ad
1047 1889 1175 1943 tanti
1205 1887 1304 1941 viri
1331 1884 1570 1940 notitiam
1602 1888 1817 1952 possent
1844 1891 2034 1948 perve-

452 1984 568 2039 nire
590 1981 773 2054 (lbid.,
802 1998 917 2051 cap.
946 1980 1033 2046 14,
1053 1996 1108 2032 n.
1130 1977 1245 2046 2|).

1080 2113 1303 2170 CAPUT
1343 2111 1432 2167 IX.

452 2233 480 2297 1
526 2228 758 2287 Perditos
794 2228 1191 2283 Manichazorum
1231 2241 1393 2279 mores
1427 2219 1751 2291 deprehendit
1796 2217 2037 2289 Augusti-

524 2338 636 2382 nus.
692 2319 728 2381 2
776 2318 972 2375 Horum
1020 2317 1234 2369 Auditor
1285 2312 1603 2369 Constantius
1648 2326 1732 2363 eos
1774 2307 2037 2363 emendare

434 2485 441 2491 .
524 2416 715 2485 frustra
742 2418 968 2473 conatus,
999 2424 1053 2461 se
1083 2407 1136 2460 in
1170 2404 1409 2459 Ecclesia:
1438 2402 1697 2459 catholica:
1724 2401 1886 2455 sinum
1912 2399 2038 2452 reci-

524 2502 616 2570 pit.
659 2500 693 2555 3
731 2498 945 2557 Errores
985 2515 1181 2567 quoque
1222 2497 1425 2553 illorum
1464 2495 1525 2553 ab
1570 2493 1849 2563 Augustino
1895 2508 2034 2544 cons-

524 2592 671 2661 perti.
722 2590 757 2645 4
794 2590 917 2657 Quis
965 2598 1238 2660 quantusve
1284 2585 1504 2641 Faustus
1542 2585 1627 2637 ille
1668 2600 1698 2635 a
1738 2582 2036 2636 Manichteis

448 2664 453 2665 ν
523 2693 779 2752 tantopere
815 2682 1137 2751 prtedicatus.
1188 2680 1221 2734 5
1264 2677 1391 2747 Ejus
1431 2676 1632 2735 inscitia
1659 2674 1721 2728 ab
1754 2674 2036 2744 Augustino

524 2776 850 2845 deprehensa.
899 2774 932 2830 6
980 2774 1377 2829 Maniclueorum
1430 2767 1821 2825 imbecillitatem
1863 2767 2037 2822 audito

525 2867 719 2923 Fausto
744 2866 995 2937 intelligit.

526 2982 578 3036 1.
627 2980 739 3035 Etsi
789 2994 977 3050 magna
1027 2977 1186 3032 animi
1226 2975 1581 3045 propensione
1626 2970 2034 3026 Manichaeorum

455 3080 615 3126 secta:
652 3084 711 3126 se
739 3068 1041 3137 adjnuxisse
1072 3067 1339 3121 videretur
1362 3062 1707 3132 Augustinus,
1739 3075 1912 3130 neque
1938 3060 2037 3112 mi-

457 3160 577 3225 nori
613 3161 788 3215 studio
826 3175 942 3219 eam
995 3158 1129 3213 tueri
1177 3167 1336 3226 atque
1381 3168 1674 3224 propagare
1721 3160 2034 3214 conaretur;

448 3253 600 3315 haud
631 3255 704 3307 ita
739 3262 913 3307 tamen
942 3252 991 3307 ei
1021 3265 1140 3306 sese
1166 3248 1461 3312 dediderat,
1493 3248 1619 3317 quin
1649 3246 1854 3300 traditm
1894 3246 1944 3298 in
1975 3260 2037 3299 ea

455 3346 711 3408 doctrina:
752 3342 1013 3405 interdum
1043 3339 1518 3405 diltideret.Quam
1557 3337 1909 3409 suspicionem
1954 3350 2040 3389 so-

458 3436 579 3500 lerti
630 3435 839 3505 ingenio
882 3450 1003 3489 mox
1045 3433 1287 3488 obortam
1326 3446 1445 3485 esse
1476 3430 1559 3485 vel
1595 3444 1662 3483 ex
1690 3444 1755 3483 eo
1797 3435 2035 3497 apparet,

459 3525 621 3598 quod,
670 3535 727 3580 ut
763 3525 1007 3596 superius
1049 3540 1080 3578 a
1125 3523 1276 3577 nobis
1318 3522 1654 3576 observatum
1699 3528 1780 3574 est
1819 3519 2036 3589 (Supra,

460 3634 576 3689 cap.
601 3618 654 3684 6,
682 3635 734 3671 η.
759 3618 835 3687 5),
867 3617 1177 3670 Auditorum
1204 3613 1445 3671 ordinem
1475 3610 1815 3681 prmtergredi
1836 3610 2036 3674 noluit,

459 3724 520 3769 ac
552 3719 661 3765 tum
682 3709 893 3763 demum
925 3719 1249 3775 magnopere
1268 3712 1473 3756 auctam
1508 3700 1894 3769 ﬁrmatumque,
1918 3715 2038 3753 cum

464 3800 620 3870 paulo
649 3799 820 3853 serius
847 3798 991 3862 licet,
1025 3794 1285 3849 intellexit
1310 3791 1627 3849 Manichusos
1654 3793 1704 3844 in
1736 3789 2040 3848 refellendis

462 3890 670 3955 alienis,
698 3904 854 3958 quam
877 3889 927 3941 in
957 3887 1066 3940 suis
1092 3884 1395 3956 asserendis
1417 3881 1771 3951 dogmatibus,
1800 3896 1918 3934 esse
1937 3880 2043 3934 elo-

463 3981 789 4051 quentiores.
824 3978 1003 4048 Neque
1033 3977 1171 4031 enim
1196 3976 1359 4031 latere
1386 3989 1504 4028 cum
1536 3980 1732 4042 posset,
1756 3988 1912 4041 quam
1944 3987 2042 4027 ειτ-

463 4071 699 4142 peditum
730 4071 863 4125 iuret
900 4069 1067 4125 cuivis
1093 4067 1433 4121 mediocriter
1459 4065 1689 4132 erudito,
1722 4066 1774 4125 in
1817 4064 2040 4118 aliorum

464 4177 676 4217 errores
701 4161 867 4215 multo
888 4159 1166 4213 verborum
1200 4158 1419 4225 strepitu
1445 4156 1652 4218 invehi;
1681 4170 1786 4224 quo
1808 4169 1913 4208 uno
1937 4153 2044 4208 lue-

469 4252 753 4317 reticorum
784 4249 1089 4304 eorumdem
1122 4249 1281 4301 robur
1312 4262 1469 4301 cunne
1493 4246 1882 4301 continebatur.
1911 4245 2043 4303 Cum

467 4344 608 4397 enim
642 4342 743 4396 hoc
772 4350 925 4412 pacto
968 4339 1255 4404 efﬁcerent,
1285 4345 1341 4390 ut
1371 4337 1500 4391 nulli
1536 4335 1769 4405 opinioni
1805 4334 2047 4391 adbtere—

468 4451 619 4490 scere
651 4435 852 4493 liceret,
884 4434 934 4486 in
976 4433 1209 4501 ipsorum
1256 4430 1572 4483 sententiam
1603 4438 1715 4483 erat
1745 4429 2047 4482 necessario

468 4524 868 4579 transeundum.
905 4522 1081 4592 Itaque
1122 4520 1260 4575 nobis
1291 4520 1557 4591 faciebant,
1599 4517 1768 4587 inquit
1793 4517 2046 4587 Augusti-

471 4630 590 4679 nus,
619 4614 753 4687 quod
790 4614 1016 4667 insidiosi
1042 4628 1261 4681 aucupes
1301 4611 1476 4674 solent,
1508 4610 1594 4679 qui
1630 4610 1839 4662 uiscatos
1875 4625 2050 4661 surcu-

470 4709 547 4763 los
575 4716 777 4777 propter
803 4722 984 4774 aquam
1013 4704 1259 4773 defigunt,
1290 4711 1343 4754 ut
1372 4702 1587 4754 sitientes
1626 4716 1739 4753 aves
1772 4699 2045 4769 decipiant.

474 4799 703 4852 Obrumtt
744 4797 893 4858 enim,
938 4804 981 4848 et
1020 4809 1215 4865 quoquo
1256 4792 1403 4845 modo
1446 4791 1734 4861 cooperiunt
1774 4790 1902 4843 alias
1939 4805 2051 4858 qute

469 4890 603 4953 circa
631 4896 745 4942 sunt
780 4904 951 4956 aquas,
982 4885 1056 4939 vel
1084 4885 1200 4938 inde
1227 4884 1375 4937 etiam
1400 4882 1740 4952 formidolosis
1775 4881 2048 4934 molitioni-

473 4982 561 5037 btts
578 4979 847 5045 deterrent,
876 4988 926 5030 ut
947 4978 997 5030 in
1018 4992 1189 5031 eorum
1210 4975 1371 5040 dolos,
1392 4991 1492 5027 non
1509 4973 1761 5035 electione,
1779 4972 1865 5025 sed
1880 4973 2051 5042 inapia

473 5072 703 5124 decidant
733 5069 832 5143 (De
870 5067 1035 5125 Utilit.
1072 5066 1323 5132 credendi,
1367 5082 1420 5118 n.
1460 5065 1538 5135 ‘2).
1579 5064 1751 5118 Multae
1794 5072 2050 5134 praeterea

474 5163 902 5232 gravissima‘que
917 5160 1302 5216 concurrebant
1319 5172 1511 5219 causa,
1535 5172 1653 5226 quae
1669 5165 1928 5226 suscepta:
1945 5157 2054 5212 ita:-

476 5268 657 5309 rcseos
677 5251 939 5308 fastidium
968 5252 1044 5308 illi
1070 5253 1371 5322 ingererent
1396 5267 1409 5302 :
1443 5249 1535 5311 sed
1567 5248 1724 5303 nulla:
1745 5264 1867 5304 eum
1895 5250 2051 5305 vehe-

477 5345 705 5410 mentius
746 5342 1173 5408 commovebant,
1202 5354 1357 5411 quam
1393 5326 1535 5409 quod
1564 5339 1822 5394 obscenos
1859 5339 2051 5409 depre-

479 5439 735 5500 Itenderat
771 5437 1179 5493 Maniclueorum
1212 5450 1409 5502 mores,
1453 5445 1506 5489 et
1546 5450 1572 5488 a
1605 5434 1797 5489 Christi
1828 5435 2050 5505 legibus,

478 5542 531 5583 et
578 5547 606 5583 a
656 5529 765 5591 suis
804 5530 1038 5598 ipsorum
1085 5527 1339 5581 institutis
1381 5526 1683 5595 longissime
1721 5527 2049 5581 aberrantes.

484 5629 695 5686 Novem,
732 5621 919 5690 inquit,
960 5635 1118 5673 annos
1157 5626 1303 5682 totos,
1337 5635 1519 5689 magna
1558 5635 1681 5672 cura
1716 5628 1761 5671 et
1796 5619 2053 5690 diligentia

490 5732 563 5768 ros
597 5714 783 5777 audiri,
828 5712 995 5783 nullus
1044 5708 1163 5764 mihi
1214 5708 1497 5770 Flectarunt
1538 5712 1839 5771 innotescere
1869 5715 2047 5782 potuit,

2122 412 2209 479 qui
2225 412 2495 466 secundum
2517 416 2624 467 hinc
2653 421 2902 483 praecepta
2920 424 3020 466 non
3040 422 3129 467 aut
3150 413 3488 484 deprehensus
3512 420 3567 470 in
3584 430 3705 487 pee-

2122 515 2251 568 cato,
2281 512 2371 557 aut
2406 515 2536 559 certe
2558 506 2834 575 suspiciani
2858 505 3087 559 subditus
3115 508 3287 575 fuerit.
3321 506 3475 561 Multi
3510 509 3563 561 in
3586 510 3703 563 vino

2123 606 2166 649 et
2192 597 2444 663 carnibus,
2475 596 2620 649 multi
2647 595 2869 648 lavantes
2906 596 2958 649 in
2987 594 3177 649 balneis
3206 596 3395 651 inventi
3417 608 3552 652 sunt.
3595 597 3702 653 Sed

2123 686 2232 739 hare
2273 686 2617 739 audiebamus.
2659 683 2917 740 Nonnulli
2959 685 3155 740 alienas
3196 687 3409 757 feminas
3444 688 3709 743 seduan'ssc

2124 784 2391 852 approbati
2428 793 2561 850 sunt,
2595 784 2667 837 ita
2695 794 2749 837 ut
2773 785 2891 839 hinc
2919 786 3069 855 plane
3095 786 3327 842 dubitare
3362 804 3463 843 non
3495 791 3703 859 possim.

2128 875 2234 928 Sed
2278 878 2342 929 sit
2386 884 2431 928 et
2473 876 2581 929 hac
2614 877 2774 947 magis
2813 881 2951 947 fama
2990 894 3144 944 quam
3186 894 3376 932 verum.
3439 881 3553 934 Vidi
3592 882 3706 952 ipse

2126 981 2227 1018 non
2267 964 2427 1030 solus,
2472 965 2560 1019 sed
2598 982 2711 1019 cum
2747 968 2809 1021 iis
2842 968 2927 1037 qui
2960 969 3145 1037 partim
3174 970 3286 1040 jam
3328 969 3422 1024 illa
3460 974 3709 1042 supersti-

2128 1056 2262 1108 tione
2286 1055 2477 1109 liberati
2504 1064 2637 1122 sunt,
2669 1059 2857 1126 partim
2881 1059 3047 1112 adhuc
3073 1070 3195 1129 apto
3221 1069 3275 1113 ut
3303 1061 3606 1128 liberentur;
3634 1065 3712 1117 vi-

2129 1145 2294 1197 dimus
2326 1160 2443 1215 ergo
2470 1145 2522 1198 in
2548 1146 2807 1217 quadrivio
2842 1147 3182 1219 Carthaginis,
3214 1152 3267 1204 in
3296 1152 3465 1221 platea
3494 1152 3713 1207 celeber-

2129 1237 2279 1302 rima,
2307 1254 2407 1290 non
2439 1253 2615 1303 unum,
2658 1239 2747 1293 sed
2774 1238 2943 1310 plures
2979 1257 3131 1311 quam
3170 1250 3270 1296 tres
3299 1244 3500 1299 Electos
3535 1246 3706 1311 simul,

2131 1336 2242 1397 post
2272 1336 2581 1382 transeuntes
2607 1330 2773 1383 nescio
2791 1347 2916 1400 quas
2936 1333 3149 1401 feminas
3170 1342 3273 1386 tam
3299 1336 3543 1403 petulanti
3567 1350 3711 1407 gestit

2131 1420 2418 1485 adhinnire,
2461 1431 2515 1473 ut
2547 1422 2769 1474 omnium
2823 1423 3093 1475 trivialium
3135 1425 3499 1494 impudicitiam
3539 1429 3711 1499 impn-

2134 1513 2449 1583 dentiamque
2472 1522 2785 1583 superarent.
2825 1514 2974 1579 Quod
3006 1515 3068 1567 de
3096 1528 3281 1586 magna
3306 1518 3471 1571 venire
3497 1535 3712 1572 consue-

2136 1603 2325 1668 tudine,
2370 1612 2517 1673 atque
2547 1603 2665 1659 illos
2693 1605 2824 1657 inter
2865 1621 2919 1658 se
2958 1605 3031 1658 ita
3068 1604 3245 1669 vivere,
3290 1607 3413 1661 satis
3445 1609 3710 1672 entinebat,
3762 1634 3767 1637 -

2134 1694 2537 1764 quandoquidem
2579 1696 2749 1751 nullus
2784 1697 2907 1751 socii
2946 1699 3262 1766 pra’sentiam
3304 1700 3508 1765 veritus,
3545 1718 3716 1755 omnes

2135 1796 2221 1838 aut
2245 1796 2376 1839 certe
2403 1803 2525 1853 pene
2547 1803 2717 1843 omnes
2745 1787 2921 1842 eadem
2948 1790 3105 1842 teneri
3135 1801 3268 1858 peste
3289 1792 3559 1846 indicabat.
3593 1794 3716 1848 Non

2136 1878 2269 1930 enim
2294 1887 2434 1930 erant
2460 1878 2514 1930 hi
2548 1894 2609 1931 ea:
2642 1894 2744 1932 una
2769 1879 2957 1945 domo;
2995 1880 3081 1934 sed
3109 1880 3300 1935 diverse
3330 1899 3534 1954 prorsus
3566 1885 3717 1939 habi-

2137 1974 2315 2033 tantes,
2360 1983 2424 2022 επ
2460 1985 2517 2021 eo
2544 1969 2654 2022 loco
2692 1969 2776 2022 ubi
2818 1980 3085 2024 conventus
3123 1972 3344 2045 omnium
3376 1977 3541 2042 factus
3587 1984 3715 2040 erat,

2140 2062 2327 2130 pariter
2367 2063 2498 2131 forte
2542 2062 2915 2116 descenderant.
2969 2061 3080 2117 Nos
3121 2076 3284 2117 autem
3327 2060 3545 2135 graviter
3578 2083 3719 2120 cont-

2139 2153 2280 2215 moti,
2304 2154 2521 2222 graviter
2544 2154 2695 2206 etiam
2722 2155 2880 2224 questi
2903 2171 3091 2207 sumus.
3128 2154 3251 2218 Quis
3272 2156 3471 2209 tandem
3497 2156 3591 2209 hoc
3611 2157 3721 2211 vin.-

2139 2246 2428 2310 dicandum,
2462 2263 2563 2299 non
2600 2247 2764 2299 dicam
2797 2248 3110 2317 separatione
3150 2249 3211 2300 ab
3238 2248 3466 2312 ecclesia,
3507 2248 3596 2301 sed
3624 2264 3718 2317 pro

2140 2338 2483 2407 magnitudine
2501 2338 2703 2408 flagitii,
2734 2338 3007 2392 vehementi
3033 2339 3208 2392 saltem
3237 2338 3605 2408 objurgatione,
3636 2355 3723 2392 ar-

2141 2428 2348 2482 bitratus
2371 2430 2479 2483 est?
2508 2429 2571 2482 Et
2595 2430 2700 2482 [nec
2724 2412 2827 2483 erat
2847 2430 3006 2483 omnis
3028 2433 3281 2483 excusatio
3307 2431 3622 2499 impunitatis
3646 2431 3716 2485 il-

2142 2520 2323 2584 lorum,
2346 2520 2481 2589 quod
2501 2537 2557 2574 eo
2576 2530 2811 2592 tempore,
2834 2537 2930 2591 quo
2949 2521 3290 2575 conventicula
3307 2538 3480 2576 eorum
3498 2523 3604 2593 lege
3618 2538 3721 2594 pu-

2140 2611 2269 2664 blica
2295 2610 2690 2680 prohiberentur,
2726 2628 2786 2665 ne
2815 2611 2936 2681 quid
2966 2612 3073 2665 (cesi
3101 2612 3365 2682 proderent
3389 2615 3719 2669 metuebatur.

2139 2700 2209 2755 ld
2236 2702 2385 2755 etiam
2405 2701 2546 2755 nobis
2569 2717 2862 2771 responsum
2885 2712 2978 2767 est,
3002 2719 3115 2755 cum
3136 2702 3203 2756 ad
3226 2703 3360 2773 ipsos
3382 2704 3615 2773 primates
3634 2704 3723 2758 de-

2144 2792 2428 2846 tulissemus
2452 2802 2770 2861 conquestam
2793 2792 2931 2845 nobis
2952 2810 3056 2847 esse
3079 2794 3357 2861 mulierem,
3380 2794 3513 2864 quod
3530 2794 3583 2847 in
3602 2810 3725 2848 con-

2140 2881 2290 2949 clavi,
2319 2883 2403 2935 ubi
2427 2899 2541 2935 cum
2563 2882 2679 2936 aliis
2700 2884 2899 2953 feminis
2927 2892 3051 2947 erat,
3083 2883 3145 2937 de
3169 2884 3371 2938 illorum
3391 2885 3580 2938 scilicet
3597 2901 3724 2938 san-

2140 2974 2309 3026 ctitate
2354 2989 2550 3039 secura,
2604 2974 2839 3043 ingressis
2890 2972 3076 3027 Electis
3124 2975 3370 3043 pluribus,
3419 2983 3465 3028 et
3517 2974 3579 3027 ab
3620 2989 3725 3027 uno

2142 3068 2345 3122 lucerna
2370 3067 2631 3129 mtincta,
2661 3066 2904 3120 incertum
2929 3068 3073 3137 cujus
3098 3072 3290 3131 eorum,
3324 3068 3376 3120 in
3396 3066 3609 3120 tenebris
3632 3082 3725 3135 ap-

2142 3161 2297 3231 petita
2322 3170 2446 3215 esset
2472 3160 2731 3231 amplexu,
2772 3169 2821 3214 et
2855 3170 3026 3213 coacta
3055 3161 3107 3213 in
3136 3160 3405 3230 ﬂagitium,
3434 3160 3532 3212 nisi
3560 3157 3726 3212 subsi—

2142 3254 2227 3307 dio
2274 3252 2511 3307 clamoris
2548 3253 2797 3308 evasisset.
2839 3251 2952 3306 Hoc
2991 3252 3132 3305 nobis
3172 3268 3367 3324 quoque
3408 3252 3726 3306 notissimum

2143 3348 2305 3413 nefas,
2337 3344 2400 3397 de
2425 3352 2617 3413 quanta
2640 3343 2997 3397 consuetudine
3024 3343 3216 3397 venisse
3236 3342 3586 3396 arbitrandum
3610 3344 3728 3397 est?

2143 3434 2213 3487 Et
2240 3435 2334 3487 hoc
2358 3434 2549 3503 factum
2578 3444 2651 3487 est
2688 3450 2747 3487 ea
2780 3443 2938 3498 nocte,
2971 3449 3069 3502 qua
3099 3436 3239 3504 festa:
3265 3433 3403 3501 apud
3426 3450 3509 3487 vos
3542 3433 3730 3503 vigilia

2144 3524 2457 3578 celebrantur
2482 3524 2583 3597 (De
2611 3523 2837 3577 Moribus
2869 3524 3119 3588 Μινύαι,
3145 3541 3195 3579 n.
3225 3524 3437 3595 68.70).
3460 3524 3613 3591 Quod
3642 3534 3725 3577 at-

2146 3616 2278 3669 tinet
2297 3617 2361 3669 ad
2385 3615 2826 3681 interdictionem,
2850 3631 2952 3684 qua
2978 3614 3249 3668 Manichazi
3278 3615 3426 3669 vetiti
3449 3622 3572 3667 sunt
3590 3629 3725 3667 con-

2148 3715 2333 3760 ventus
2364 3722 2542 3775 agere,
2575 3714 2746 3760 exstat
2776 3722 2837 3759 ea
2865 3706 2931 3759 de
2969 3722 3029 3760 re
3055 3706 3137 3759 lex
3166 3720 3197 3759 a
3226 3704 3595 3759 Valentiniano
3622 3704 3727 3758 imo

2146 3807 2393 3866 peratore
2404 3797 2507 3850 lata
2523 3812 2662 3851 anno
2681 3797 3050 3850 trecentesimo
3062 3796 3449 3865 septuagesimo
3460 3795 3726 3850 secundo:

2146 3888 2388 3955 quamvis
2416 3886 2500 3940 hic
2529 3887 2771 3955 princeps
2801 3886 2867 3939 ita
2891 3887 3101 3955 ingenio
3126 3896 3462 3956 comparatus
3485 3895 3649 3953 esset,
3671 3895 3731 3939 ut

2148 3976 2340 4045 cuique
2370 3976 2590 4030 liberam
2623 3976 2890 4045 religionis
2921 3976 3193 4045 optionem
3224 3977 3444 4046 ejusque
3472 3991 3623 4030 usum
3646 3975 3727 4030 fa-

2147 4069 2249 4123 cile
2280 4069 2622 4139 relinqueret.
2656 4069 3038 4139 Suspicionibns
3057 4085 3171 4122 vero
3192 4071 3362 4135 ianua:
3380 4078 3582 4138 quantm
3604 4084 3731 4139 ape-

2147 4162 2424 4223 riebantur,
2458 4161 2628 4229 pergit
2654 4161 2995 4229 Augustinus,
3033 4176 3147 4212 cum
3178 4176 3260 4212 eos
3288 4159 3481 4212 invidos
3509 4159 3732 4212 invenie-

2150 4252 2343 4316 bamus,
2373 4268 2487 4304 cum
2512 4267 2709 4313 avaros,
2741 4268 2852 4303 cum
2878 4252 3143 4319 epularum
3165 4250 3522 4319 exquisiturum
3545 4248 3736 4302 avidis-

2150 4342 2321 4407 simas,
2363 4357 2479 4394 cum
2524 4340 2576 4393 in
2606 4341 2794 4410 jurgiis
2835 4340 3277 4408 frequentissimos,
3321 4356 3433 4392 cum
3475 4340 3539 4393 de
3583 4338 3731 4392 rebus

2149 4431 2342 4499 exiguis
2360 4429 2747 4487 mobilissimos.’
2768 4428 2889 4483 Non
2919 4433 3086 4500 utique
3112 4430 3478 4483 arbitrabamur
3502 4446 3587 4483 eos
3607 4439 3732 4482 tent-

2151 4539 2327 4592 perare
2369 4539 2541 4591 posse,
2594 4538 2626 4575 a
2678 4522 2856 4589 quibus
2912 4539 2964 4576 se
3011 4533 3285 4590 temperare
3334 4510 3732 4591 proﬁtebantur,

2151 4615 2356 4683 quando
2403 4614 2612 4669 latibula
2659 4624 2702 4667 et
2748 4614 2973 4668 tenebras
3018 4614 3312 4668 invenirent.
3367 4611 3485 4665 Duo
3526 4611 3735 4680 quidam

2152 4714 2295 4757 erant
2323 4706 2705 4759 existimationis
2730 4706 2851 4758 satis
2892 4705 3053 4769 bonas,
3092 4707 3231 4773 facili
3257 4706 3477 4774 ingenio,
3508 4714 3655 4769 atque
3682 4704 3737 4754 in

2152 4797 2253 4850 illis
2289 4798 2395 4852 suis
2423 4798 2843 4866 disputationibus
2887 4799 3135 4867 principes
3172 4797 3314 4851 nobis
3342 4798 3559 4864 amplius
3583 4810 3737 4864 quam

2153 4890 2318 4941 caueri
2349 4888 2744 4957 fanciliariusque
2768 4888 3043 4955 conjuncti.
3069 4888 3297 4950 Quorum
3330 4904 3478 4951 unus,
3505 4886 3588 4955 qui
3617 4892 3743 4956 pro.”

2156 4990 2264 5049 pter
2296 4978 2464 5033 studia
2494 4979 2646 5033 etiam
2675 4979 2903 5031 liberalia
2932 4978 3072 5031 nobis
3096 4980 3284 5032 arctius
3313 4977 3618 5041 adlucrebat,
3656 4977 3741 5029 hic

2155 5052 2286 5122 nunc
2425 5085 2531 5122 esse
2569 5066 2822 5136 presbyter
2850 5068 3034 5121 dicitur
3056 5084 3074 5120 :
3094 5069 3146 5121 hi
3176 5069 3269 5122 sibi
3307 5068 3524 5137 graviter
3544 5066 3741 5125 invide-

2156 5159 2294 5225 bant,
2320 5170 2363 5213 et
2398 5159 2660 5230 objiciebat
2687 5160 2819 5211 alter
2852 5158 3021 5225 alteri,
3047 5174 3147 5213 non
3171 5159 3486 5213 accusatione
3518 5156 3739 5224 manifeo

2157 5263 2253 5317 sta,
2284 5254 2369 5307 sed
2396 5267 2625 5307 sermone
2651 5252 2789 5323 apud
2817 5269 2941 5316 quos
2966 5260 3180 5321 poterat,
3217 5260 3263 5304 et
3298 5253 3539 5313 susurris,
3578 5248 3642 5300 ab
3681 5264 3742 5300 eo

2157 5345 2396 5399 violenter
2436 5352 2730 5397 attentatam
2768 5344 3037 5413 cujusdam
3078 5342 3338 5396 Auditoris
3376 5356 3604 5394 uxorem.
3638 5335 3744 5393 Ille

2158 5446 2324 5489 autem
2345 5453 2396 5488 se
2422 5452 2666 5506 purgans,
2694 5436 2892 5489 interim
2921 5434 3061 5504 apud
3088 5450 3178 5487 nos
3204 5435 3359 5487 alium
3388 5430 3610 5503 ejusdem
3634 5446 3745 5487 sco.-

2160 5528 2275 5581 Ieris
2308 5525 2539 5580 Electum
2568 5527 2948 5592 criminabatur,
2990 5527 3077 5596 qui
3105 5526 3243 5596 apud
3274 5525 3501 5579 eumdem
3526 5524 3744 5578 Audito-

2159 5636 2284 5682 rem,
2311 5620 2451 5689 quasi
2481 5620 2671 5673 amicus
2702 5620 2977 5688 fidissimus
3008 5618 3261 5672 habitabat
3290 5634 3309 5673 :
3332 5633 3479 5687 quem
3508 5616 3747 5685 quoniam

2162 5713 2322 5770 subito
2366 5714 2647 5785 ingrediens
2686 5729 2799 5767 cum
2844 5710 3049 5770 muliere
3092 5710 3505 5782 deprehenderat,
3549 5710 3745 5765 diccbat
