3994 6352
229 278 303 337 ss
1584 246 1587 249 ’
1648 270 1846 325 unm
1885 270 2177 345 ramus.

230 362 438 448 aiulieri
454 403 507 447 et
530 390 760 445 adultae
777 389 840 444 ab
860 389 950 444 illo
968 388 1170 442 inimico
1191 396 1339 455 atque
1366 384 1531 440 invido
1559 384 1822 437 consilium

228 488 433 551 datam,
474 495 531 538 ut
548 480 1089 553 illa'sibivconﬂaretnr
1105 479 1377 543 calunmia,
1405 495 1468 532 ne
1492 478 1536 530 si
1554 477 1675 546 quid
1699 492 1821 545 pro-

228 580 389 641 deret,
420 575 727 629 crederetur.
758 571 1217 642 Angebamurnos,
1248 580 1292 623 et
1320 569 1664 623 molestissime
1687 568 1818 637 fere~

226 673 429 731 beluas,
459 665 599 736 quod
630 663 829 720 etiamsi
854 663 918 716 de
942 661 1165 731 appetita
1188 661 1396 713 muliere
1418 661 1660 713 incertum
1690 666 1815 723 erat,

228 762 357 814 livor
378 769 551 813 tamen
576 760 631 812 in
650 758 755 813 illis
778 756 992 819 duobus,
1017 754 1195 824 quibus
1217 753 1443 806 meliores
1468 753 1535 805 ibi
1560 769 1657 804 non
1679 751 1817 803 inve-

225 850 515 915 niebamus,
545 848 819 919 apparebat
848 846 1142 904 acerrimus,
1181 853 1230 897 et
1260 842 1361 896 alia
1395 843 1643 911 conjicere
1669 857 1817 909 coge-

225 943 327 995 bat.
368 939 643 994 Postremo
668 937 958 991 iri-theatris
988 934 1188 988 Electos
1225 943 1271 987 et
1312 942 1477 997 astate,
1506 940 1571 997 et,
1602 940 1655 983 ut
1680 930 1818 984 vide-

222 1035 423 1089 bantur,
458 1030 685 1083 moribus
708 1044 902 1097 graves,
938 1041 1052 1079 cum
1086 1040 1203 1078 sene
1231 1024 1517 1093 presbytero
1544 1020 1817 1090 sapissime

222 1121 524 1173 invenustus.
561 1118 753 1171 Omitto
761 1116 992 1186 juvenes,
1019 1129 1143 1182 quos
1172 1115 1320 1166 etiam
1347 1112 1570 1164 rixantes
1597 1127 1687 1179 pro
1706 1126 1815 1163 sce-

220 1215 346 1266 nicis
388 1221 455 1266 et.
474 1212 670 1282 aurigis
707 1208 1074 1278 deprehendere
1113 1205 1430 1266 solebamus;
1451 1218 1563 1272 qua:
1603 1218 1683 1256 res
1713 1218 1813 1254 non

221 1304 467 1357 undiocri
506 1309 807 1371 argumento
843 1307 939 1363 est,
960 1295 1212 1366 quomodo
1249 1310 1302 1347 se
1339 1293 1532 1363 possint
1563 1293 1816 1346 continere

220 1396 283 1447 et
302 1394 539 1456 occultis,
570 1409 686 1447 cum
708 1406 819 1445 eam
850 1389 1176 1459 cupiditatem
1210 1400 1451 1455 superare
1474 1399 1574 1437 non
1596 1383 1809 1453 possint,

220 1501 329 1554 qua
365 1484 491 1537 illos
526 1482 830 1535 Auditorum
872 1493 1079 1533 suorum
1117 1475 1525 1529 oculisostentat
1560 1481 1605 1525 et
1646 1472 1814 1542 prodit

222 1575 733 1642 mbesceutesatque
755 1571 1047 1642 fugitantes.
1075 1569 1151 1621 An
1171 1583 1283 1620 vero
1304 1565 1443 1619 illius
1458 1565 1609 1617 etiam
1629 1563 1808 1628 sancti,

222 1665 287 1717 ad
325 1665 479 1733 cujus
514 1661 880 1731 disputationes
918 1659 971 1711 in
1008 1658 1297 1727 ficariorum
1335 1656 1499 1708 vicum
1541 1655 1814 1708 ventitaba-

223 1770 351 1817 ruus,
379 1762 578 1804 tantum
604 1750 731 1804 illud
750 1748 1003 1819 ﬂagitium
1030 1747 1346 1817 proderetur,
1372 1744 1415 1798 si
1440 1744 1679 1814 virginem
1702 1760 1813 1797 san-

224 1845 561 1898 ctimonialem
598 1843 857 1896 mulierem
886 1851 1101 1904 tantum,
1143 1854 1249 1891 non
1286 1847 1335 1890 et
1362 1845 1701 1907 pratgnantem
1734 1838 1815 1907 [u-

224 1954 333 1989 cere
366 1934 648 2005 potuisset?
677 1932 786 1987 Sed
819 1932 1068 1985 occultum
1103 1938 1148 1982 et
1174 1927 1462 1981 incredibile
1484 1926 1675 1980 malum
1705 1942 1814 1978 cre-

224 2043 370 2079 scens
417 2038 584 2079 uterus
617 2024 771 2077 latere
818 2039 918 2075 non
961 2036 1137 2090 passus
1178 2028 1269 2073 est.
1314 2017 1462 2084 Quod
1502 2032 1616 2070 cum
1657 2026 1815 2069 mater

598 2114 926 2184 prodidisset,
955 2112 1197 2165 acerrime
1224 2109 1421 2173 dolens,
1448 2107 1708 2177 religionis
1733 2117 1814 2159 ta-

224 2223 334 2260 alat
354 2206 564 2260 mute
582 2203 645 2257 ab
668 2202 990 2257 accusatione
1016 2199 1215 2271 publica
1243 2207 1500 2254 revocatus
1519 2207 1626 2261 est;
1647 2196 1814 2266 perfe-

224 2298 383 2367 citque
408 2306 465 2349 ut
492 2295 584 2349 ille
615 2293 743 2361 (non
775 2294 909 2347 enim
939 2293 1033 2346 hoc
1058 2296 1190 2365 ferre
1226 2293 1488 2365 quisquam
1516 2289 1724 2360 posset),
1753 2288 1815 2341 de

224 2385 313 2443 illa
338 2388 555 2441 ecclesia
579 2384 850 2457 pelleretur
874 2400 893 2438 :
917 2393 963 2437 et
979 2399 1042 2437 ne
1064 2368 1313 2453 impunita
1342 2399 1420 2435 res
1441 2382 1643 2435 omnino
1664 2389 1811 2447 esset,

225 2481 349 2548 cepit
374 2481 670 2545 consilium,
701 2488 756 2532 ut
798 2478 1055 2547 adjunctis
1087 2474 1178 2529 sibi
1206 2476 1401 2540 amicis,
1440 2475 1691 2528 hominem
1718 2490 1815 2544 pu-

224 2574 331 2644 gis
352 2573 682 2643 alitibusque
706 2570 987 2625 concideret
1018 2570 1203 2640 (fbid.,
1236 2586 1326 2621 nn.
1354 2569 1442 2633 7i,
1470 2567 1582 2639 73).

284 2663 343 2717 is
366 2663 441 2719 In
458 2662 600 2717 hanc
625 2677 740 2723 rem
790 2660 965 2716 adhuc
991 2660 1225 2715 maxime
1250 2659 1509 2728 insignem
1546 2658 1707 2713 refert
1735 2657 1816 2712 hl-

224 2754 473 2817 stor'mn,
492 2769 616 2823 qua:
643 2752 858 2823 quidem
880 2765 1049 2822 usque
1084 2750 1219 2805 adeo
1244 2749 1640 2819 percrebuerat,
1670 2758 1728 2803 ut
1750 2749 1817 2803 ad

226 2843 473 2905 absentes
486 2845 652 2898 etiam
682 2844 944 2913 longeque
966 2842 1167 2911 positos
1192 2842 1330 2894 fama
1351 2840 1608 2909 vulgante
1631 2855 1819 2909 perve-

228 2935 382 2989 nisu.
425 2934 667 3004 Contigit
713 2934 799 2988 illa
832 2933 1015 2988 Roma:
1055 2947 1178 2987 cum
1223 2932 1292 2986 ab
1333 2947 1395 2985 ca
1438 2931 1567 2986 urbe
1607 2932 1818 2986 abesset

229 3027 577 3096 Δηναίη-ες·
592 3025 692 3097 qui
720 3041 835 3080 rem
867 3039 1080 3080 omnem
1109 3033 1312 3092 gestam
1333 3064 1348 3089 ,
1380 3038 1409 3076 a
1441 3022 1683 3077 familiari
1718 3037 1817 3076 suo

228 3117 411 3186 proba
434 3116 557 3172 fidei
588 3117 740 3182 viro,
771 3116 983 3170 oculato
1012 3115 1128 3184 ejus
1156 3123 1314 3180 teste,
1366 3114 1645 3183 Cognovit:
1680 3129 1814 3167 non-

228 3206 733 3277 adlisqucinsuper
754 3206 891 3260 idem
912 3205 1107 3260 eadem
1136 3203 1276 3259 serie
1297 3202 1666 3262 referentibus,
1693 3217 1814 3255 cum

229 3299 451 3352 “omni
474 3294 664 3366 postea
692 3298 948 3362 venisset,
974 3303 1300 3364 compertam
1332 3293 1548 3346 omnino
1576 3292 1817 3360 explora-

216 3398 436 3458 .tamque
460 3388 565 3441 sibi
594 3386 761 3442 fuisse
791 3397 1030 3441 testatur.
1068 3384 1215 3439 Illam
1248 3385 1362 3453 ipse
1389 3392 1571 3437 narrat
1595 3382 1734 3436 hunc
1761 3383 1811 3436 in

225 3481 461 3535 modum:
484 3480 710 3545 Quidam
726 3490 880 3533 vester
898 3478 1113 3532 Auditor
1136 3476 1477 3549 (Manicbmos
1502 3476 1811 3546 alloquitur)

224 3574 273 3623 in
298 3572 391 3625 illa
426 3570 747 3623 memorabili
777 3570 1076 3624 abstinentia
1106 3569 1263 3622 nihilo
1297 3567 1480 3621 Electis
1505 3568 1706 3630 cedens,
1730 3569 1813 3635 qui

222 3669 270 3715 et
296 3662 577 3715 liberaliter
604 3662 862 3715 institutus
894 3670 1051 3723 esset,
1083 3669 1128 3713 et
1159 3669 1372 3713 vestram
1406 3667 1589 3711 sectam
1614 3658 1815 3728 capiose

225 3752 654 3819 lalldeetgsoleret
674 3750 960 3820 defendere,
991 3749 1337 3804 molestissime
1365 3749 1579 3818 ferebat,
1609 3748 1743 3816 quod
1768 3748 1814 3800 ei

224 3858 344 3913 uage
382 3842 701 3914 pessimeque
724 3842 1053 3897 habitantium
1082 3841 1367 3912 passimque
1396 3839 1664 3892 viventium
1690 3838 1811 3891 Ele-

224 3946 421 3987 ctoruut
443 3950 611 3987 mores
634 3932 958 4005 perditissimi
978 3946 1112 4001 sape
1131 3930 1410 4001 disputanti
1434 3927 1807 4000 objiciebantnr.

224 4027 468 4095 Cupiebat
490 4027 682 4096 itaque,
710 4024 756 4080 si
780 4026 891 4094 ﬁeri
913 4033 1095 4093 posset,
1129 4040 1301 4089 omnes
1319 4022 1405 4090 qui
1429 4022 1702 4075 secundum
1722 4021 1812 4073 illa

228 4130 484 4188 precepts:
508 4120 665 4172 vitam
687 4117 864 4187 degere
889 4118 1055 4187 parati
1081 4124 1243 4169 essent
1263 4157 1277 4178 ,
1308 4129 1612 4183 congregare
1634 4114 1687 4165 in
1716 4111 1811 4165 do-

223 4225 367 4261 mum
386 4225 551 4273 suam,
574 4218 623 4261 et
642 4207 749 4261 suis
766 4208 1045 4277 sumptibus
1062 4206 1324 4259 sustinere.
1349 4201 1475 4256 Erat
1491 4203 1621 4256 enim
1646 4212 1692 4255 et
1711 4219 1810 4255 non

224 4303 495 4355 mediocris
522 4302 751 4372 pecunia:
767 4309 1095 4370 contemptor,
1124 4306 1171 4351 et
1194 4314 1294 4351 non
1320 4296 1631 4350 mediocriter
1660 4311 1811 4365 pecu-

223 4394 421 4446 niosus.
455 4392 775 4458 Querebatur
808 4402 975 4446 autem
1002 4390 1237 4460 impediti
1268 4399 1432 4441 tantos
1459 4396 1667 4441 conatus
1692 4402 1810 4440 suos

220 4486 583 4552 episcoporum
619 4484 946 4538 dissolutione
968 4523 983 4546 ,
1018 4484 1196 4552 quibus
1224 4479 1573 4551 adjuvantibus
1604 4480 1812 4549 implere

222 4573 453 4625 debebat.
483 4571 689 4626 Interea
711 4582 868 4627 vester
891 4574 1156 4641 episcopus
1180 4571 1388 4642 quidam
1406 4610 1421 4633 ,
1448 4569 1597 4622 homo
1631 4568 1807 4638 plane,

222 4676 275 4720 ut
306 4667 424 4734 ipse
454 4676 691 4735 expertus
724 4682 869 4731 sum,
904 4665 1193 4718 rusticanus
1227 4673 1375 4731 atque
1412 4662 1687 4730 impolitus,
1722 4662 1811 4713 sed

222 4759 389 4811 nescio
419 4759 693 4824 quoniodo,
713 4772 770 4809 ea
794 4758 909 4825 ipsa
933 4755 1122 4808 duritia
1148 4754 1360 4807 severior
1386 4752 1439 4804 in
1474 4750 1811 4805 custodiendis

224 4850 363 4902 bonis
392 4849 623 4902 maribus
649 4848 926 4901 videbatur.
956 4846 1110 4900 Hunc
1137 4845 1417 4898 diutissime
1444 4842 1807 4909 desideratum,

220 4953 263 4995 et
286 4942 575 5011 aliquando
603 4950 896 5011 prasentem
929 4938 1111 5008 arripit
1135 4938 1256 5002 iste,
1283 4936 1485 5007 exponit
1512 4935 1700 4988 homini
1722 4951 1808 4987 vo-

224 5036 473 5087 luntatem
498 5048 647 5085 suam
668 5046 689 5084 :
718 5030 897 5083 laudat
917 5030 1007 5083 ille
1026 5039 1176 5100 atque
1199 5028 1459 5091 consentit,
1492 5025 1655 5100 placet
1678 5037 1731 5079 ut
1757 5025 1810 5079 in

224 5126 373 5178 domo
397 5126 514 5193 ejus
538 5124 678 5192 prior
704 5124 814 5190 ipse
844 5121 1053 5190 incipiat
1078 5092 1319 5174 babitare.
1349 5092 1502 5184 Quod
1520 5092 1810 5187 ubﬂ'actum

222 5227 317 5279 α.
343 5233 409 5269 eo
432 5213 720 5284 congregati
744 5224 859 5267 sunt
886 5212 1049 5266 Electi
1074 5228 1263 5274 omnes,
1291 5212 1374 5280 qui
1396 5211 1572 5264 Roma:
1596 5227 1702 5265 esse
1728 5226 1811 5280 po-

226 5316 449 5360 tuerunt.
470 5303 736 5375 Pr0posita
746 5313 816 5359 est
827 5303 1021 5357 vivendi
1031 5303 1204 5373 regula
1217 5302 1278 5355 de
1291 5299 1561 5354 Manicluei
1575 5301 1806 5371 epistola.

231 5395 282 5451 Ι
287 5398 417 5450 altis
428 5396 741 5449 intolerabile
757 5396 917 5449 visum
937 5403 1043 5458 est;
1065 5393 1446 5446 abscesserunt:
1467 5401 1809 5445 remanserunt

229 5498 396 5540 Mea
420 5486 613 5557 pudore
635 5503 735 5540 non
761 5486 928 5555 pauci.
965 5483 1122 5557 Coepit
1145 5485 1216 5538 ita
1240 5483 1336 5537 vivi
1369 5493 1422 5536 ut
1448 5485 1732 5553 placuerat,
1765 5492 1811 5537 et

230 5589 284 5633 ut
306 5588 454 5633 tanta
492 5580 840 5647 praescribebat
879 5578 1151 5631 auctoritas
1169 5591 1188 5630 :
1221 5591 1336 5629 cum
1369 5575 1569 5628 interim
1597 5574 1811 5628 Auditor

232 5671 315 5724 ille
335 5671 649 5724 vehementer
668 5686 838 5725 omnes
862 5671 929 5723 ad
950 5671 1119 5724 omnia
1137 5678 1354 5738 cogeret,
1378 5669 1623 5722 neminem
1645 5676 1810 5721 tamen

234 5766 301 5816 ad
322 5763 380 5816 ill
406 5764 543 5833 quod
564 5780 662 5819 non
693 5762 831 5831 prior
856 5763 961 5832 ipse
982 5762 1269 5831 susciperet.
1297 5759 1499 5817 lnterca
1520 5761 1648 5827 ήκω
1680 5758 1809 5814 inter

3450 275 3521 337 90

2366 346 2377 350 -
3462 360 3467 365 -
3500 346 3509 369 ι

1931 383 2131 439 Eiectos
2151 380 2436 440 oriebantur
2462 387 2791 453 creberrimae,
2825 387 3191 458 objiciebantur
3217 389 3278 442 ab
3305 372 3514 446 invicem
3596 418 3601 421 ι

1926 476 2155 543 crimina,
2184 492 2296 547 quia
2314 476 2400 531 ille
2437 478 2603 531 omnia
2624 495 2827 548 gemens
2846 480 3100 545 audiebat,
3125 480 3374 550 dabatque
3402 498 3516 553 ape-

1925 583 2063 633 ram,
2104 585 2166 621 ne
2189 585 2242 622 se
2278 569 2415 638 ipsos
2445 569 2497 622 in
2527 570 2789 639 jurgando
2820 571 3159 625 incautissime
3199 572 3464 643 proderent
3493 591 3514 631 :

1926 659 2201 727 prodebant
2230 660 2453 730 nefanda
2479 671 2525 714 et
2552 660 2812 714 innnania.
2846 660 2927 714 Ibi
2956 662 3209 732 cognitum
3236 672 3308 716 est
3342 665 3514 727 quales

1921 758 2101 813 essent,
2134 750 2219 818 qui
2242 759 2407 803 tamen
2427 750 2558 803 inter
2576 762 2781 804 caeteros
2801 752 2900 805 vim
2928 762 3289 821 praceptorum
3311 751 3512 805 illorum

1922 838 2232 892 subeundam
2273 840 2367 892 sibi
2396 856 2502 894 esse
2544 849 2863 909 putaverunt.
2904 841 3024 893 Jam
3051 841 3114 894 de
3156 842 3346 894 caneris
3385 842 3508 911 quid

1920 927 2279 997 suspicandum
2308 938 2416 981 erat
2436 971 2451 994 ,
2482 938 2571 981 aut
2614 929 2736 998 quid
2770 929 2936 1000 potius
2952 930 3334 1000 judicandum.’
3373 929 3509 994 Quid

1920 1020 2110 1089 plura?
2136 1019 2310 1073 Coacti
2334 1020 2608 1090 aliquando
2645 1031 3079 1074 murmuraverunt
3099 1063 3112 1085 ,
3159 1023 3393 1075 sustineri
3416 1024 3507 1076 illa

1920 1110 2160 1164 mandata
2188 1127 2289 1165 non
2318 1127 2462 1181 posse
2486 1128 2504 1165 :
2529 1112 2647 1166 inde
2665 1113 2717 1166 in
2738 1114 3053 1168 seditionem.
3082 1114 3269 1183 Agebat
3295 1115 3506 1168 Auditor

1918 1217 2121 1254 causam
2152 1218 2296 1256 suam
2335 1205 2679 1270 complexione
2716 1205 3003 1258 brevissima
3024 1220 3043 1259 :
3084 1207 3182 1258 Aut
3218 1205 3310 1258 illa
3339 1207 3506 1261 omnia

1919 1308 2025 1346 esse
2052 1294 2327 1357 servanda,
2373 1304 2460 1347 aut
2503 1295 2648 1348 illum
2686 1296 2772 1365 qui
2801 1295 2924 1349 talia
2964 1296 3055 1350 sub
3097 1298 3187 1351 tali
3224 1298 3506 1351 conditione

1918 1385 2254 1453 pratcepisset,
2277 1401 2390 1454 quia
2410 1384 2578 1439 nullus
2600 1398 2762 1456 posset
2782 1388 3008 1459 implere,
3028 1390 3377 1443 stultissimum
3399 1392 3507 1444 exi’

1915 1476 2242 1530 stimandum.
2282 1476 2412 1531 Vicit
2443 1488 2630 1542 tamen,
2659 1495 2759 1533 non
2786 1482 2917 1532 enim
2940 1482 3088 1534 aliter
3110 1491 3324 1551 poterat,
3358 1483 3504 1536 unius

1916 1570 2211 1622 sententiam
2265 1568 2679 1635 elfrenatissimus
2734 1572 2953 1639 plurium
3005 1573 3265 1642 strepitus.
3316 1574 3503 1628 Postea

1916 1660 2064 1711 etiam
2090 1659 2196 1729 ipse
2220 1661 2364 1713 cessit
2389 1662 2669 1730 episcopus,
2704 1671 2752 1715 et
2781 1678 2894 1715 cum
2923 1680 3107 1734 magno
3140 1664 3380 1718 dedecore
3398 1682 3495 1719 au-

1917 1752 2044 1820 fugit
2068 1767 2086 1803 :
2115 1751 2262 1821 cujus
2295 1768 2416 1805 sane
2442 1753 2539 1805 cibi
2567 1763 2749 1823 praeter
2771 1756 2994 1825 regulam
3019 1757 3248 1810 clanculo
3275 1760 3462 1828 accepti
3481 1800 3497 1823 ,

1917 1850 1962 1892 et
1984 1854 2117 1909 saepe
2141 1841 2322 1894 inventi
2344 1842 2652 1910 ferebantur,
2676 1860 2790 1895 cum
2817 1845 2861 1895 ei
2882 1844 2945 1896 de
2973 1846 3177 1915 praprio
3198 1846 3398 1900 sacculo
3418 1846 3501 1900 di-

1918 1932 2124 2001 ligenter
2161 1935 2409 1987 occultato
2445 1936 2657 2003 pecunia
2696 1937 2901 2005 capiosa
2943 1947 3245 2007 suppeteret.
3297 1937 3421 1992 Htec
3457 1940 3504 1993 si

1918 2022 2051 2094 falsa
2079 2041 2183 2078 esse
2206 2025 2398 2090 dicitis,
2429 2025 2579 2079 nimis
2615 2027 2803 2095 apertis
2831 2036 2879 2080 et
2916 2028 3218 2098 pervulgatis
3244 2028 3390 2081 rebus
3414 2027 3502 2081 ob-

1917 2115 2110 2169 sistitis.
2143 2113 2249 2169 Sed
2278 2116 2471 2169 utinam
2500 2116 2595 2170 hoc
2618 2116 2815 2171 dicatis.
2839 2117 2965 2172 Cum
2990 2119 3120 2171 enim
3147 2119 3248 2171 sint
3271 2118 3368 2171 ista
3390 2135 3503 2171 ma-

1919 2205 2137 2273 nifesta,
2169 2215 2215 2261 et
2237 2206 2299 2260 iis
2332 2207 2417 2276 qui
2444 2206 2572 2260 scire
2601 2206 2846 2261 voluerint
2866 2210 3072 2279 cognitu
3110 2208 3355 2279 facillima
3372 2226 3392 2273 ;
3422 2209 3504 2262 in-

1920 2296 2160 2367 telligitur
2187 2314 2339 2367 quam
2378 2314 2495 2352 vera
2520 2297 2685 2353 dicere
2718 2299 2943 2366 soleant,
2984 2302 3072 2368 qui
3100 2301 3206 2354 haec
3238 2317 3354 2354 vera
3397 2316 3505 2354 esse

1924 2390 2207 2458 negaverint
2245 2388 2346 2457 (De
2378 2389 2562 2444 Morib.
2594 2389 2846 2454 Hanich.,
2884 2408 2973 2444 nn.
3002 2392 3089 2455 74,
3120 2393 3186 2446 75
3210 2390 3251 2462 ).
3283 2391 3399 2445 Non
3422 2401 3503 2444 est

1922 2480 2142 2535 dubium
2170 2481 2299 2551 quin
2322 2480 2544 2535 Auditor
2566 2480 2653 2535 ille
2687 2480 3007 2536 Manichmus
3036 2482 3105 2535 sit
3127 2480 3499 2545 Constantius,

1922 2591 2078 2645 quem
2106 2575 2431 2644 Augustinus
2466 2574 2588 2628 alibi
2629 2574 2842 2635 scribit.
2890 2574 3298 2627 Manichazorum
3338 2587 3497 2642 quam

1923 2666 2179 2735 plurimos
2206 2666 2258 2719 in
2286 2665 2503 2719 domum
2526 2680 2675 2719 suam
2702 2680 3075 2733 congregasse,
3109 2672 3165 2718 ut
3187 2678 3280 2717 eos
3305 2662 3370 2717 ad
3398 2664 3502 2716 ims

1923 2754 2115 2825 plenda
2146 2755 2421 2809 Maniehmi
2454 2765 2714 2824 prmeepta
2756 2765 3008 2824 cogeret:
3040 2754 3231 2824 quibus
3269 2754 3358 2808 illa
3385 2766 3504 2823 gra-

1922 2846 2070 2900 viora
2096 2844 2422 2910 viderentur,
2450 2846 2582 2899 alios
2606 2846 2714 2898 alio
2736 2844 2899 2898 fuisse
2923 2843 3228 2913 dispersos;
3261 2843 3351 2912 qui
3376 2856 3505 2897 vero

1924 2941 1975 2993 in
2005 2939 2087 2993 his
2113 2938 2385 2994 servandis
2426 2947 2865 3008 perseverarunt,
2895 2952 2924 2989 a
2966 2936 3176 2991 caneris
3202 2934 3503 3011 Manichzis

1921 3030 2264 3096 discessisse,
2311 3028 2450 3084 facto
2487 3028 2802 3094 schismate,
2834 3026 2974 3098 quod
3002 3026 3124 3097 quia
3164 3025 3346 3079 mattis
3374 3025 3502 3079 dor-

1922 3121 2181 3185 miebant,
2222 3120 2581 3174 Mattariormn
2625 3120 2945 3190 appellatum
2986 3128 3068 3173 est
3109 3117 3317 3187 (Contra
3350 3115 3497 3170 Fau-

1920 3221 2070 3275 stum,
2100 3210 2187 3264 lib.
2214 3212 2267 3277 5,
2295 3228 2411 3280 cap.
2444 3212 2524 3280 5).
2557 3210 2791 3265 Tandem
2817 3208 3155 3264 Constantius
3182 3209 3280 3263 iste
3312 3206 3499 3261 cathos

1920 3300 2074 3354 licam
2106 3299 2262 3354 ﬁdem
2301 3300 2579 3368 amplexus
2611 3308 2726 3363 est,
2758 3308 2813 3353 et
2848 3298 3020 3351 adlmc
3048 3307 3317 3367 superstes
3354 3306 3500 3361 erat,

1918 3407 2039 3445 eum
2071 3391 2396 3462 Augustinus
2432 3401 2616 3443 contra
2650 3390 2900 3443 Faustum
2938 3388 3193 3443 scriberet
3223 3388 3365 3443 circa
3400 3404 3503 3442 an.

1920 3500 2043 3539 num
2074 3482 2649 3554 quadringentesimum
2676 3491 2943 3548 quartum.

1989 3577 2041 3629 5.
2070 3575 2184 3630 Non
2211 3572 2455 3644 ﬂagitiosi
2480 3580 2681 3625 tantum
2703 3571 3112 3625 Manicha‘orum
3135 3585 3311 3624 mores
3335 3570 3502 3625 olfeno

1918 3665 2056 3720 sioni
2084 3675 2237 3720 erant
2263 3662 2561 3732 Augustino
2586 3679 2599 3715 :
2625 3660 2717 3715 sed
2750 3661 2859 3730 ipsa
2888 3675 3098 3729 quoque
3122 3658 3361 3713 doctrina
3389 3673 3501 3713 sus-

1920 3758 2181 3826 picionem
2203 3755 2251 3809 ei
2280 3753 2517 3822 prasbere
2546 3762 2811 3820 casperat,
2840 3752 3069 3804 maxime
3098 3759 3373 3819 postquam
3402 3763 3500 3802 aus

1918 3849 2137 3902 divisset
2176 3845 2476 3915 llelpidium
2522 3843 2805 3898 adversum
2850 3857 2943 3895 eos
2981 3842 3155 3911 palam
3195 3855 3259 3893 ac
3292 3840 3500 3909 publica
3573 3889 3583 3897 .

1917 3938 2235 4015 Carthagine
2276 3936 2633 4006 disputantem
2654 3975 2669 4000 ,
2702 3932 3167 4003 proferentemque
3196 3931 3395 4000 aliquot
3432 3947 3499 3986 ex

1918 4028 2206 4097 Scripturis
2229 4034 2536 4096 argumenta
2557 4065 2573 4091 ,
2617 4040 2646 4078 a
2673 4023 2862 4093 quibus
2902 4022 3174 4077 Manicbzei
3203 4037 3321 4076 sese
3362 4022 3499 4078 male

1917 4119 2248 4188 expedirent.
2278 4116 2692 4186 Respondebant
2721 4125 2894 4167 tamen
2920 4113 2985 4166 ad
3012 4129 3102 4174 ea,
3132 4121 3190 4167 ut
3220 4121 3497 4182 poterant,

1917 4225 1985 4263 ne
2013 4224 2227 4264 causam
2251 4207 2553 4263 deseruisse
2580 4205 2746 4259 videri
2774 4211 2990 4274 possent
3015 4221 3029 4257 :
3059 4202 3153 4257 sed
3180 4203 3291 4273 ipsa
3313 4216 3496 4256 eorum

1917 4300 2195 4370 responsio
2230 4300 2588 4368 suspicionem
2612 4296 2855 4366 augebat,
2898 4294 3089 4349 nedum
3120 4294 3494 4348 amoliebatur.

1916 4394 2281 4449 Causabantur
2309 4392 2533 4457 scilicet,
2564 4388 2867 4457 Scripturas
2893 4386 3022 4441 Novi
3050 4384 3373 4440 Testamenti
3402 4383 3498 4438 fal-

1916 4494 2058 4540 satas
2082 4484 2246 4539 fuisse
2274 4500 2306 4538 a
2344 4483 2523 4537 nescio
2553 4482 2743 4551 quibus
2782 4478 3024 4533 codicum
3060 4475 3494 4546 corruptoribus,

1917 4578 2065 4647 queis
2088 4576 2391 4632 ludaaorum
2431 4574 2575 4643 leges
2608 4569 2921 4625 Christianis
2957 4567 3211 4622 institutis
3253 4566 3494 4621 inserere

1917 4669 2089 4722 visum
2111 4677 2272 4723 esset.
2298 4666 2402 4722 Sed
2424 4674 2776 4737 prmtorquam
2806 4661 2945 4733 quod
2971 4676 3087 4716 eam
3108 4673 3495 4731 quamcumque

1918 4760 2317 4829 responsionem
2344 4757 2551 4812 occulto
2575 4756 2742 4826 magis
2764 4754 3076 4808 Auditorum
3107 4766 3322 4806 suorum
3347 4750 3494 4804 auri.

1916 4852 2016 4906 bus
2046 4840 2467 4915 insusurrsbant,
2494 4863 2651 4918 quam
2697 4846 2901 4915 publice
2927 4852 3265 4914 promerent;
3291 4840 3493 4895 nullum

1918 4957 2078 5013 porro
2103 4940 2376 5010 exemplar
2414 4939 2783 5007 incorruptum
2818 4937 2886 4990 ab
2912 4935 2976 4989 iis
3003 4932 3395 5003 proferebatur,
3438 4930 3492 4985 in

1916 5049 2022 5103 quo
2050 5032 2261 5102 quidem
2292 5046 2399 5085 non
2432 5036 2703 5084 exstarent
2731 5043 2849 5097 qua:
2888 5025 3006 5079 t‘alsi
3046 5021 3495 5092 redarguebantur

1918 5123 2169 5195 (Confess.
2214 5123 2301 5178 lib.
2332 5124 2387 5187 5,
2417 5139 2531 5192 cap.
2562 5123 2649 5187 il,
2680 5138 2732 5173 η.
2767 5120 2881 5189 21).
2927 5114 3281 5184 Quamobrem
3320 5114 3495 5168 imbe-

1917 5215 2034 5269 cilla
2060 5224 2114 5269 et
2134 5213 2295 5268 futilis
2321 5213 2596 5268 videbatur
2622 5212 2709 5264 illa
2735 5207 3032 5279 responsio,
3062 5220 3167 5260 non
3188 5204 3361 5259 solum
3384 5206 3492 5258 Au-

1916 5307 2127 5376 gustino
2149 5314 2241 5359 aut
2264 5305 2555 5369 Honorato,
2578 5302 2672 5357 sed
2696 5310 2749 5356 et
2769 5299 3014 5354 omnibus
3034 5297 3124 5368 qui
3145 5297 3302 5368 paulo
3327 5296 3495 5365 majo-

1918 5412 2030 5451 rem
2060 5397 2113 5449 in
2132 5394 2420 5464 judicando
2447 5392 2771 5461 diligentiam
2799 5389 3130 5454 adhiberent,
3155 5404 3313 5463 quam
3341 5386 3491 5442 turba

1916 5487 2242 5541 credentium
2270 5485 2371 5555 (De
2400 5483 2625 5539 Utilitate
2646 5482 2896 5547 credendi,
2928 5498 2980 5535 η.
3008 5479 3087 5553 7).
3118 5480 3330 5536 Minime
3356 5492 3486 5532 vero

1917 5576 2151 5630 omnium
2173 5575 2465 5644 intelligere
2493 5579 2723 5643 poterat,
2744 5580 2916 5627 stante
2934 5570 3206 5626 Manichaei
3228 5566 3490 5627 doctrina.

1916 5682 2011 5720 cur
2041 5664 2253 5721 tandem
2282 5665 2420 5721 Deus
2443 5662 2647 5719 animas
2670 5663 2722 5717 in
2754 5662 3056 5718 mortalium
3084 5671 3308 5728 corpora
3329 5654 3481 5722 inus-

1917 5758 2074 5815 meris
2101 5756 2483 5815 calamitatibus
2509 5755 2734 5814 obnoxia
2763 5751 3093 5810 detrusisset.
3124 5748 3236 5817 Qua
3270 5740 3303 5796 d
3327 5738 3491 5793 nicul-
