  <div class='ocr_page' id='page_1' title='image "/cluster/home/n/w/nwhite01/storage/ocr_20150623/32/hvd.32044015706328/053.png"; bbox 0 0 3994 6352; ppageno 0'>
   <div class='ocr_carea' id='block_1_1' title="bbox 459 288 3750 381">
    <p class='ocr_par' dir='ltr' id='par_1_1' title="bbox 459 288 3750 381">
     <span class='ocr_line' id='line_1_1' title="bbox 459 288 3750 381; baseline 0.002 -16"><span class='ocrx_word' id='word_1_1' title='bbox 459 317 524 373; x_wconf 75' lang='lat' dir='ltr'><strong>si</strong></span> <span class='ocrx_word' id='word_1_2' title='bbox 1592 311 1749 367; x_wconf 75' lang='lat' dir='ltr'><strong>V&#39;l’l‘A</strong></span> <span class='ocrx_word' id='word_1_3' title='bbox 1789 288 1847 366; x_wconf 76' lang='lat' dir='ltr'><strong>s.</strong></span> <span class='ocrx_word' id='word_1_4' title='bbox 1891 306 2257 365; x_wconf 66' lang='lat' dir='ltr'><strong>sucusrnu</strong></span> <span class='ocrx_word' id='word_1_5' title='bbox 2296 312 2614 369; x_wconf 77' lang='lat' dir='ltr'><strong>EPISCOPI.</strong></span> <span class='ocrx_word' id='word_1_6' title='bbox 3675 322 3750 381; x_wconf 68' lang='grc' dir='ltr'><strong>,ιι</strong></span> 
     </span>
    </p>
   </div>
   <div class='ocr_carea' id='block_1_2' title="bbox 461 418 2050 500">
    <p class='ocr_par' dir='ltr' id='par_1_2' title="bbox 461 418 2050 500">
     <span class='ocr_line' id='line_1_2' title="bbox 461 418 2050 500; baseline -0.006 -13"><span class='ocrx_word' id='word_1_7' title='bbox 461 437 570 487; x_wconf 84' lang='lat' dir='ltr'><strong>tate</strong></span> <span class='ocrx_word' id='word_1_8' title='bbox 594 445 714 486; x_wconf 87' lang='lat' dir='ltr'><strong>cum</strong></span> <span class='ocrx_word' id='word_1_9' title='bbox 751 444 872 484; x_wconf 82' lang='lat' dir='ltr'><strong>sese</strong></span> <span class='ocrx_word' id='word_1_10' title='bbox 894 418 1146 500; x_wconf 76' lang='lat' dir='ltr'><strong>expedire</strong></span> <span class='ocrx_word' id='word_1_11' title='bbox 1172 433 1463 481; x_wconf 85' lang='lat' dir='ltr'><strong>sectatores</strong></span> <span class='ocrx_word' id='word_1_12' title='bbox 1496 425 1637 481; x_wconf 89' lang='lat' dir='ltr'><strong>illius</strong></span> <span class='ocrx_word' id='word_1_13' title='bbox 1676 441 1781 481; x_wconf 86' lang='lat' dir='ltr'><strong>non</strong></span> <span class='ocrx_word' id='word_1_14' title='bbox 1812 434 2050 496; x_wconf 80' lang='lat' dir='ltr'><strong>possent,</strong></span> 
     </span>
    </p>
   </div>
   <div class='ocr_carea' id='block_1_3' title="bbox 463 517 2050 588">
    <p class='ocr_par' dir='ltr' id='par_1_3' title="bbox 463 517 2050 588">
     <span class='ocr_line' id='line_1_3' title="bbox 463 517 2050 588; baseline -0.002 -11"><span class='ocrx_word' id='word_1_15' title='bbox 463 522 588 577; x_wconf 77' lang='lat' dir='ltr'><strong>inde</strong></span> <span class='ocrx_word' id='word_1_16' title='bbox 609 536 667 577; x_wconf 86' lang='lat' dir='ltr'><strong>se</strong></span> <span class='ocrx_word' id='word_1_17' title='bbox 687 521 945 577; x_wconf 86' lang='lat' dir='ltr'><strong>divinitus</strong></span> <span class='ocrx_word' id='word_1_18' title='bbox 965 518 1294 575; x_wconf 83' lang='lat' dir='ltr'><strong>admonitum</strong></span> <span class='ocrx_word' id='word_1_19' title='bbox 1317 517 1518 583; x_wconf 92' lang='lat' dir='ltr'><strong>scribit,</strong></span> <span class='ocrx_word' id='word_1_20' title='bbox 1544 527 1599 572; x_wconf 91' lang='lat' dir='ltr'><strong>ut</strong></span> <span class='ocrx_word' id='word_1_21' title='bbox 1618 517 1825 588; x_wconf 72' lang='lat' dir='ltr'><strong>eiurato</strong></span> <span class='ocrx_word' id='word_1_22' title='bbox 1846 532 2050 585; x_wconf 85' lang='lat' dir='ltr'><strong>errore,</strong></span> 
     </span>
    </p>
   </div>
   <div class='ocr_carea' id='block_1_4' title="bbox 462 608 2049 681">
    <p class='ocr_par' dir='ltr' id='par_1_4' title="bbox 462 608 2049 681">
     <span class='ocr_line' id='line_1_4' title="bbox 462 608 2049 681; baseline -0.005 -10"><span class='ocrx_word' id='word_1_23' title='bbox 462 615 530 671; x_wconf 87' lang='lat' dir='ltr'><strong>ad</strong></span> <span class='ocrx_word' id='word_1_24' title='bbox 562 614 814 671; x_wconf 66' lang='lat' dir='ltr'><strong>Ecclesiae</strong></span> <span class='ocrx_word' id='word_1_25' title='bbox 851 613 1009 669; x_wconf 86' lang='lat' dir='ltr'><strong>tidem</strong></span> <span class='ocrx_word' id='word_1_26' title='bbox 1047 628 1107 668; x_wconf 87' lang='lat' dir='ltr'><strong>se</strong></span> <span class='ocrx_word' id='word_1_27' title='bbox 1141 619 1478 681; x_wconf 86' lang='lat' dir='ltr'><strong>converteret</strong></span> <span class='ocrx_word' id='word_1_28' title='bbox 1508 608 1721 681; x_wconf 86' lang='lat' dir='ltr'><strong>(Contra</strong></span> <span class='ocrx_word' id='word_1_29' title='bbox 1755 608 2049 676; x_wconf 84' lang='lat' dir='ltr'><strong>Fortunot.,</strong></span> 
     </span>
    </p>
   </div>
   <div class='ocr_carea' id='block_1_5' title="bbox 465 704 2052 781">
    <p class='ocr_par' dir='ltr' id='par_1_5' title="bbox 465 704 2052 781">
     <span class='ocr_line' id='line_1_5' title="bbox 465 704 2052 781; baseline -0.004 -16"><span class='ocrx_word' id='word_1_30' title='bbox 465 710 656 781; x_wconf 76' lang='lat' dir='ltr'><strong>disput.</strong></span> <span class='ocrx_word' id='word_1_31' title='bbox 683 709 741 774; x_wconf 74' lang='lat'><strong>2,</strong></span> <span class='ocrx_word' id='word_1_32' title='bbox 765 726 819 762; x_wconf 88' lang='lat' dir='ltr'><strong>n.</strong></span> <span class='ocrx_word' id='word_1_33' title='bbox 847 709 965 778; x_wconf 76' lang='lat'><strong>37).</strong></span> <span class='ocrx_word' id='word_1_34' title='bbox 992 707 1121 763; x_wconf 82' lang='lat' dir='ltr'><strong>Erat</strong></span> <span class='ocrx_word' id='word_1_35' title='bbox 1141 706 1279 761; x_wconf 84' lang='lat' dir='ltr'><strong>istud</strong></span> <span class='ocrx_word' id='word_1_36' title='bbox 1308 714 1621 775; x_wconf 84' lang='lat' dir='ltr'><strong>perpetuum</strong></span> <span class='ocrx_word' id='word_1_37' title='bbox 1645 704 2052 759; x_wconf 85' lang='lat' dir='ltr'><strong>validissimum-</strong></span> 
     </span>
    </p>
   </div>
   <div class='ocr_carea' id='block_1_6' title="bbox 465 793 2051 872">
    <p class='ocr_par' dir='ltr' id='par_1_6' title="bbox 465 793 2051 872">
     <span class='ocr_line' id='line_1_6' title="bbox 465 793 2051 872; baseline -0.005 -16"><span class='ocrx_word' id='word_1_38' title='bbox 465 816 570 872; x_wconf 88' lang='lat' dir='ltr'><strong>que</strong></span> <span class='ocrx_word' id='word_1_39' title='bbox 597 799 830 855; x_wconf 80' lang='lat' dir='ltr'><strong>Nebridii</strong></span> <span class='ocrx_word' id='word_1_40' title='bbox 857 807 1263 869; x_wconf 78' lang='lat' dir='ltr'><strong>argumentum,</strong></span> <span class='ocrx_word' id='word_1_41' title='bbox 1302 795 1445 867; x_wconf 88' lang='lat' dir='ltr'><strong>quod</strong></span> <span class='ocrx_word' id='word_1_42' title='bbox 1476 811 1639 850; x_wconf 92' lang='lat' dir='ltr'><strong>unum</strong></span> <span class='ocrx_word' id='word_1_43' title='bbox 1669 794 1840 850; x_wconf 86' lang='lat' dir='ltr'><strong>errori</strong></span> <span class='ocrx_word' id='word_1_44' title='bbox 1873 793 2051 863; x_wconf 83' lang='lat' dir='ltr'><strong>repel-</strong></span> 
     </span>
    </p>
   </div>
   <div class='ocr_carea' id='block_1_7' title="bbox 465 885 2054 956">
    <p class='ocr_par' dir='ltr' id='par_1_7' title="bbox 465 885 2054 956">
     <span class='ocr_line' id='line_1_7' title="bbox 465 885 2054 956; baseline -0.003 -9"><span class='ocrx_word' id='word_1_45' title='bbox 465 891 625 947; x_wconf 79' lang='lat' dir='ltr'><strong>.endo</strong></span> <span class='ocrx_word' id='word_1_46' title='bbox 643 891 776 948; x_wconf 81' lang='lat' dir='ltr'><strong>satis</strong></span> <span class='ocrx_word' id='word_1_47' title='bbox 792 898 928 956; x_wconf 81' lang='lat' dir='ltr'><strong>erat,</strong></span> <span class='ocrx_word' id='word_1_48' title='bbox 950 889 994 944; x_wconf 90' lang='lat' dir='ltr'><strong>si</strong></span> <span class='ocrx_word' id='word_1_49' title='bbox 1017 890 1145 945; x_wconf 90' lang='lat' dir='ltr'><strong>satis</strong></span> <span class='ocrx_word' id='word_1_50' title='bbox 1163 889 1400 944; x_wconf 87' lang='lat' dir='ltr'><strong>animum</strong></span> <span class='ocrx_word' id='word_1_51' title='bbox 1421 887 1753 943; x_wconf 85' lang='lat' dir='ltr'><strong>advertisset.</strong></span> <span class='ocrx_word' id='word_1_52' title='bbox 1774 885 2054 952; x_wconf 71' lang='lat' dir='ltr'><strong>Quaerebat</strong></span> 
     </span>
    </p>
   </div>
   <div class='ocr_carea' id='block_1_8' title="bbox 468 976 2055 1055">
    <p class='ocr_par' dir='ltr' id='par_1_8' title="bbox 468 976 2055 1055">
     <span class='ocr_line' id='line_1_8' title="bbox 468 976 2055 1055; baseline -0.004 -18"><span class='ocrx_word' id='word_1_53' title='bbox 468 981 671 1037; x_wconf 79' lang='lat' dir='ltr'><strong>scilicet</strong></span> <span class='ocrx_word' id='word_1_54' title='bbox 695 988 880 1036; x_wconf 90' lang='lat' dir='ltr'><strong>acutus</strong></span> <span class='ocrx_word' id='word_1_55' title='bbox 904 980 1217 1036; x_wconf 81' lang='lat' dir='ltr'><strong>adolescens</strong></span> <span class='ocrx_word' id='word_1_56' title='bbox 1233 995 1266 1035; x_wconf 86' lang='lat' dir='ltr'><strong>a</strong></span> <span class='ocrx_word' id='word_1_57' title='bbox 1288 977 1590 1034; x_wconf 71' lang='lat' dir='ltr'><strong>Manichaeis</strong></span> <span class='ocrx_word' id='word_1_58' title='bbox 1606 1017 1624 1045; x_wconf 96' lang='lat'><strong>,</strong></span> <span class='ocrx_word' id='word_1_59' title='bbox 1650 977 1775 1055; x_wconf 85' lang='lat' dir='ltr'><strong>quid</strong></span> <span class='ocrx_word' id='word_1_60' title='bbox 1802 984 1919 1033; x_wconf 83' lang='lat' dir='ltr'><strong>erat</strong></span> <span class='ocrx_word' id='word_1_61' title='bbox 1943 976 2055 1030; x_wconf 91' lang='lat' dir='ltr'><strong>Deo</strong></span> 
     </span>
    </p>
   </div>
   <div class='ocr_carea' id='block_1_9' title="bbox 467 1068 2055 1144">
    <p class='ocr_par' dir='ltr' id='par_1_9' title="bbox 467 1068 2055 1144">
     <span class='ocr_line' id='line_1_9' title="bbox 467 1068 2055 1144; baseline -0.001 -17"><span class='ocrx_word' id='word_1_62' title='bbox 467 1072 669 1129; x_wconf 76' lang='lat' dir='ltr'><strong>faetura</strong></span> <span class='ocrx_word' id='word_1_63' title='bbox 701 1089 831 1144; x_wconf 81' lang='lat' dir='ltr'><strong>gens</strong></span> <span class='ocrx_word' id='word_1_64' title='bbox 855 1068 942 1127; x_wconf 88' lang='lat' dir='ltr'><strong>illa</strong></span> <span class='ocrx_word' id='word_1_65' title='bbox 970 1073 1306 1128; x_wconf 68' lang='lat' dir='ltr'><strong>tenebrarum</strong></span> <span class='ocrx_word' id='word_1_66' title='bbox 1326 1112 1343 1139; x_wconf 98' lang='lat'><strong>,</strong></span> <span class='ocrx_word' id='word_1_67' title='bbox 1371 1087 1529 1141; x_wconf 89' lang='lat' dir='ltr'><strong>quam</strong></span> <span class='ocrx_word' id='word_1_68' title='bbox 1558 1088 1626 1126; x_wconf 79' lang='lat' dir='ltr'><strong>ex</strong></span> <span class='ocrx_word' id='word_1_69' title='bbox 1652 1070 1877 1126; x_wconf 82' lang='lat' dir='ltr'><strong>adversa</strong></span> <span class='ocrx_word' id='word_1_70' title='bbox 1912 1069 2055 1126; x_wconf 84' lang='lat' dir='ltr'><strong>mole</strong></span> 
     </span>
    </p>
   </div>
   <div class='ocr_carea' id='block_1_10' title="bbox 468 1164 2054 1235">
    <p class='ocr_par' dir='ltr' id='par_1_10' title="bbox 468 1164 2054 1235">
     <span class='ocr_line' id='line_1_10' title="bbox 468 1164 2054 1235; baseline -0.002 -15"><span class='ocrx_word' id='word_1_71' title='bbox 468 1166 703 1220; x_wconf 80' lang='lat' dir='ltr'><strong>solerent</strong></span> <span class='ocrx_word' id='word_1_72' title='bbox 728 1181 1021 1235; x_wconf 86' lang='lat' dir='ltr'><strong>opponere,</strong></span> <span class='ocrx_word' id='word_1_73' title='bbox 1053 1165 1125 1219; x_wconf 90' lang='lat' dir='ltr'><strong>uti</strong></span> <span class='ocrx_word' id='word_1_74' title='bbox 1151 1164 1464 1234; x_wconf 88' lang='lat' dir='ltr'><strong>principium</strong></span> <span class='ocrx_word' id='word_1_75' title='bbox 1494 1165 1649 1229; x_wconf 87' lang='lat' dir='ltr'><strong>mali,</strong></span> <span class='ocrx_word' id='word_1_76' title='bbox 1684 1164 1728 1217; x_wconf 94' lang='lat' dir='ltr'><strong>si</strong></span> <span class='ocrx_word' id='word_1_77' title='bbox 1766 1164 1907 1219; x_wconf 89' lang='lat' dir='ltr'><strong>Deus</strong></span> <span class='ocrx_word' id='word_1_78' title='bbox 1932 1178 2054 1217; x_wconf 91' lang='lat' dir='ltr'><strong>cum</strong></span> 
     </span>
    </p>
   </div>
   <div class='ocr_carea' id='block_1_11' title="bbox 469 1253 2054 1328">
    <p class='ocr_par' dir='ltr' id='par_1_11' title="bbox 469 1253 2054 1328">
     <span class='ocr_line' id='line_1_11' title="bbox 469 1253 2054 1328; baseline -0.001 -16"><span class='ocrx_word' id='word_1_79' title='bbox 469 1272 532 1312; x_wconf 88' lang='lat' dir='ltr'><strong>ea</strong></span> <span class='ocrx_word' id='word_1_80' title='bbox 564 1273 800 1328; x_wconf 80' lang='lat' dir='ltr'><strong>pugnare</strong></span> <span class='ocrx_word' id='word_1_81' title='bbox 826 1258 1103 1319; x_wconf 87' lang='lat' dir='ltr'><strong>noluisset.</strong></span> <span class='ocrx_word' id='word_1_82' title='bbox 1129 1257 1183 1313; x_wconf 88' lang='lat' dir='ltr'><strong>Si</strong></span> <span class='ocrx_word' id='word_1_83' title='bbox 1213 1258 1356 1311; x_wconf 87' lang='lat' dir='ltr'><strong>enim</strong></span> <span class='ocrx_word' id='word_1_84' title='bbox 1392 1255 1823 1326; x_wconf 78' lang='lat' dir='ltr'><strong>responderetur,</strong></span> <span class='ocrx_word' id='word_1_85' title='bbox 1856 1253 2054 1323; x_wconf 80' lang='lat' dir='ltr'><strong>aliquid</strong></span> 
     </span>
    </p>
   </div>
   <div class='ocr_carea' id='block_1_12' title="bbox 468 1346 2057 1415">
    <p class='ocr_par' dir='ltr' id='par_1_12' title="bbox 468 1346 2057 1415">
     <span class='ocr_line' id='line_1_12' title="bbox 468 1346 2057 1415; baseline -0.003 -10"><span class='ocrx_word' id='word_1_86' title='bbox 468 1349 635 1415; x_wconf 79' lang='lat' dir='ltr'><strong>fuisse</strong></span> <span class='ocrx_word' id='word_1_87' title='bbox 688 1352 1015 1415; x_wconf 81' lang='lat' dir='ltr'><strong>nocituram;</strong></span> <span class='ocrx_word' id='word_1_88' title='bbox 1047 1350 1311 1406; x_wconf 79' lang='lat' dir='ltr'><strong>violabilis</strong></span> <span class='ocrx_word' id='word_1_89' title='bbox 1352 1351 1489 1404; x_wconf 90' lang='lat' dir='ltr'><strong>Deus</strong></span> <span class='ocrx_word' id='word_1_90' title='bbox 1513 1359 1566 1405; x_wconf 91' lang='lat' dir='ltr'><strong>et</strong></span> <span class='ocrx_word' id='word_1_91' title='bbox 1593 1348 1953 1414; x_wconf 68' lang='lat' dir='ltr'><strong>corruptibilis</strong></span> <span class='ocrx_word' id='word_1_92' title='bbox 1978 1346 2057 1401; x_wconf 79' lang='lat' dir='ltr'><strong>fo-</strong></span> 
     </span>
    </p>
   </div>
   <div class='ocr_carea' id='block_1_13' title="bbox 472 1439 2058 1510">
    <p class='ocr_par' dir='ltr' id='par_1_13' title="bbox 472 1439 2058 1510">
     <span class='ocr_line' id='line_1_13' title="bbox 472 1439 2058 1510; baseline -0.004 -10"><span class='ocrx_word' id='word_1_93' title='bbox 472 1452 592 1500; x_wconf 84' lang='lat' dir='ltr'><strong>ret:</strong></span> <span class='ocrx_word' id='word_1_94' title='bbox 627 1444 670 1505; x_wconf 91' lang='lat' dir='ltr'><strong>si</strong></span> <span class='ocrx_word' id='word_1_95' title='bbox 711 1456 887 1499; x_wconf 87' lang='lat' dir='ltr'><strong>autem</strong></span> <span class='ocrx_word' id='word_1_96' title='bbox 937 1443 1065 1497; x_wconf 87' lang='lat' dir='ltr'><strong>nihil</strong></span> <span class='ocrx_word' id='word_1_97' title='bbox 1098 1457 1214 1496; x_wconf 89' lang='lat' dir='ltr'><strong>eam</strong></span> <span class='ocrx_word' id='word_1_98' title='bbox 1252 1457 1445 1496; x_wconf 84' lang='lat' dir='ltr'><strong>nocere</strong></span> <span class='ocrx_word' id='word_1_99' title='bbox 1487 1440 1723 1510; x_wconf 86' lang='lat' dir='ltr'><strong>potuisse</strong></span> <span class='ocrx_word' id='word_1_100' title='bbox 1758 1439 2058 1505; x_wconf 70' lang='lat' dir='ltr'><strong>diceretur,</strong></span> 
     </span>
    </p>
   </div>
   <div class='ocr_carea' id='block_1_14' title="bbox 472 1531 2058 1605">
    <p class='ocr_par' dir='ltr' id='par_1_14' title="bbox 472 1531 2058 1605">
     <span class='ocr_line' id='line_1_14' title="bbox 472 1531 2058 1605; baseline -0.004 -13"><span class='ocrx_word' id='word_1_101' title='bbox 472 1538 616 1593; x_wconf 86' lang='lat' dir='ltr'><strong>nulla</strong></span> <span class='ocrx_word' id='word_1_102' title='bbox 638 1537 921 1592; x_wconf 71' lang='lat' dir='ltr'><strong>allen-retur</strong></span> <span class='ocrx_word' id='word_1_103' title='bbox 957 1550 1117 1590; x_wconf 86' lang='lat' dir='ltr'><strong>causa</strong></span> <span class='ocrx_word' id='word_1_104' title='bbox 1143 1534 1442 1605; x_wconf 82' lang='lat' dir='ltr'><strong>pugnandi.</strong></span> <span class='ocrx_word' id='word_1_105' title='bbox 1484 1542 1538 1589; x_wconf 91' lang='lat' dir='ltr'><strong>et</strong></span> <span class='ocrx_word' id='word_1_106' title='bbox 1564 1534 1632 1586; x_wconf 87' lang='lat' dir='ltr'><strong>ita</strong></span> <span class='ocrx_word' id='word_1_107' title='bbox 1665 1531 1959 1601; x_wconf 76' lang='lat' dir='ltr'><strong>pugnandi,</strong></span> <span class='ocrx_word' id='word_1_108' title='bbox 2001 1540 2058 1586; x_wconf 84' lang='lat' dir='ltr'><strong>ut</strong></span> 
     </span>
    </p>
   </div>
   <div class='ocr_carea' id='block_1_15' title="bbox 471 1620 2060 1697">
    <p class='ocr_par' dir='ltr' id='par_1_15' title="bbox 471 1620 2060 1697">
     <span class='ocr_line' id='line_1_15' title="bbox 471 1620 2060 1697; baseline -0.005 -15"><span class='ocrx_word' id='word_1_109' title='bbox 471 1628 715 1697; x_wconf 68' lang='lat' dir='ltr'><strong>quurdam</strong></span> <span class='ocrx_word' id='word_1_110' title='bbox 748 1628 922 1696; x_wconf 90' lang='lat' dir='ltr'><strong>portio</strong></span> <span class='ocrx_word' id='word_1_111' title='bbox 960 1636 1013 1681; x_wconf 90' lang='lat' dir='ltr'><strong>et</strong></span> <span class='ocrx_word' id='word_1_112' title='bbox 1052 1625 1347 1682; x_wconf 82' lang='lat' dir='ltr'><strong>membrum</strong></span> <span class='ocrx_word' id='word_1_113' title='bbox 1386 1624 1467 1677; x_wconf 81' lang='lat' dir='ltr'><strong>vel</strong></span> <span class='ocrx_word' id='word_1_114' title='bbox 1497 1624 1677 1694; x_wconf 89' lang='lat' dir='ltr'><strong>proles</strong></span> <span class='ocrx_word' id='word_1_115' title='bbox 1699 1620 1766 1677; x_wconf 89' lang='lat' dir='ltr'><strong>de</strong></span> <span class='ocrx_word' id='word_1_116' title='bbox 1792 1623 1902 1690; x_wconf 87' lang='lat' dir='ltr'><strong>ipsa</strong></span> <span class='ocrx_word' id='word_1_117' title='bbox 1933 1622 2060 1675; x_wconf 76' lang='lat' dir='ltr'><strong>sub~</strong></span> 
     </span>
    </p>
   </div>
   <div class='ocr_carea' id='block_1_16' title="bbox 473 1714 2056 1785">
    <p class='ocr_par' dir='ltr' id='par_1_16' title="bbox 473 1714 2056 1785">
     <span class='ocr_line' id='line_1_16' title="bbox 473 1714 2056 1785; baseline -0.006 -9"><span class='ocrx_word' id='word_1_118' title='bbox 473 1721 666 1776; x_wconf 86' lang='lat' dir='ltr'><strong>stantia</strong></span> <span class='ocrx_word' id='word_1_119' title='bbox 700 1721 811 1785; x_wconf 87' lang='lat' dir='ltr'><strong>Dei,</strong></span> <span class='ocrx_word' id='word_1_120' title='bbox 835 1720 1010 1773; x_wconf 87' lang='lat' dir='ltr'><strong>anima</strong></span> <span class='ocrx_word' id='word_1_121' title='bbox 1037 1718 1270 1782; x_wconf 88' lang='lat' dir='ltr'><strong>scilicet,</strong></span> <span class='ocrx_word' id='word_1_122' title='bbox 1299 1718 1613 1771; x_wconf 80' lang='lat' dir='ltr'><strong>misceretur</strong></span> <span class='ocrx_word' id='word_1_123' title='bbox 1635 1714 1875 1769; x_wconf 85' lang='lat' dir='ltr'><strong>advorsis</strong></span> <span class='ocrx_word' id='word_1_124' title='bbox 1903 1721 2056 1782; x_wconf 51' lang='lat' dir='ltr'><strong>pote.</strong></span> 
     </span>
    </p>
   </div>
   <div class='ocr_carea' id='block_1_17' title="bbox 471 1807 2057 1876">
    <p class='ocr_par' dir='ltr' id='par_1_17' title="bbox 471 1807 2057 1876">
     <span class='ocr_line' id='line_1_17' title="bbox 471 1807 2057 1876; baseline -0.003 -11"><span class='ocrx_word' id='word_1_125' title='bbox 471 1813 725 1876; x_wconf 72' lang='lat' dir='ltr'><strong>statibus,</strong></span> <span class='ocrx_word' id='word_1_126' title='bbox 755 1821 808 1866; x_wconf 87' lang='lat' dir='ltr'><strong>et</strong></span> <span class='ocrx_word' id='word_1_127' title='bbox 837 1828 940 1866; x_wconf 93' lang='lat' dir='ltr'><strong>non</strong></span> <span class='ocrx_word' id='word_1_128' title='bbox 979 1826 1008 1863; x_wconf 88' lang='lat' dir='ltr'><strong>a</strong></span> <span class='ocrx_word' id='word_1_129' title='bbox 1040 1812 1150 1865; x_wconf 90' lang='lat' dir='ltr'><strong>Deo</strong></span> <span class='ocrx_word' id='word_1_130' title='bbox 1180 1810 1369 1865; x_wconf 77' lang='lat' dir='ltr'><strong>creatis</strong></span> <span class='ocrx_word' id='word_1_131' title='bbox 1397 1809 1634 1872; x_wconf 88' lang='lat' dir='ltr'><strong>naturis;</strong></span> <span class='ocrx_word' id='word_1_132' title='bbox 1666 1816 1824 1876; x_wconf 87' lang='lat' dir='ltr'><strong>atque</strong></span> <span class='ocrx_word' id='word_1_133' title='bbox 1856 1807 1905 1860; x_wconf 92' lang='lat' dir='ltr'><strong>in</strong></span> <span class='ocrx_word' id='word_1_134' title='bbox 1936 1818 2057 1860; x_wconf 83' lang='lat' dir='ltr'><strong>tan-</strong></span> 
     </span>
    </p>
   </div>
   <div class='ocr_carea' id='block_1_18' title="bbox 474 1902 2055 1973">
    <p class='ocr_par' dir='ltr' id='par_1_18' title="bbox 474 1902 2055 1973">
     <span class='ocr_line' id='line_1_18' title="bbox 474 1902 2055 1973; baseline -0.001 -15"><span class='ocrx_word' id='word_1_135' title='bbox 474 1916 583 1959; x_wconf 90' lang='lat' dir='ltr'><strong>tum</strong></span> <span class='ocrx_word' id='word_1_136' title='bbox 602 1905 670 1958; x_wconf 86' lang='lat' dir='ltr'><strong>ab</strong></span> <span class='ocrx_word' id='word_1_137' title='bbox 688 1905 765 1959; x_wconf 81' lang='lat' dir='ltr'><strong>eis</strong></span> <span class='ocrx_word' id='word_1_138' title='bbox 780 1914 1212 1973; x_wconf 85' lang='lat' dir='ltr'><strong>corrumperetur</strong></span> <span class='ocrx_word' id='word_1_139' title='bbox 1227 1914 1278 1957; x_wconf 87' lang='lat' dir='ltr'><strong>et</strong></span> <span class='ocrx_word' id='word_1_140' title='bbox 1295 1911 1713 1958; x_wconf 82' lang='lat' dir='ltr'><strong>conuuutaretur</strong></span> <span class='ocrx_word' id='word_1_141' title='bbox 1728 1903 1782 1956; x_wconf 86' lang='lat' dir='ltr'><strong>in</strong></span> <span class='ocrx_word' id='word_1_142' title='bbox 1798 1902 2055 1963; x_wconf 80' lang='lat' dir='ltr'><strong>deterius,</strong></span> 
     </span>
    </p>
   </div>
   <div class='ocr_carea' id='block_1_19' title="bbox 470 1992 2060 2061">
    <p class='ocr_par' dir='ltr' id='par_1_19' title="bbox 470 1992 2060 2061">
     <span class='ocr_line' id='line_1_19' title="bbox 470 1992 2060 2061; baseline -0.002 -11"><span class='ocrx_word' id='word_1_143' title='bbox 470 2003 584 2051; x_wconf 88' lang='lat' dir='ltr'><strong>uta</strong></span> <span class='ocrx_word' id='word_1_144' title='bbox 620 1996 945 2052; x_wconf 89' lang='lat' dir='ltr'><strong>beatitudine</strong></span> <span class='ocrx_word' id='word_1_145' title='bbox 972 1995 1023 2049; x_wconf 91' lang='lat' dir='ltr'><strong>in</strong></span> <span class='ocrx_word' id='word_1_146' title='bbox 1070 1997 1334 2049; x_wconf 79' lang='lat' dir='ltr'><strong>miseriam</strong></span> <span class='ocrx_word' id='word_1_147' title='bbox 1366 2005 1683 2058; x_wconf 71' lang='lat' dir='ltr'><strong>verteretur,</strong></span> <span class='ocrx_word' id='word_1_148' title='bbox 1721 2002 1776 2046; x_wconf 89' lang='lat' dir='ltr'><strong>et</strong></span> <span class='ocrx_word' id='word_1_149' title='bbox 1800 1992 2060 2061; x_wconf 79' lang='lat' dir='ltr'><strong>indigeret</strong></span> 
     </span>
    </p>
   </div>
   <div class='ocr_carea' id='block_1_20' title="bbox 470 2086 2056 2159">
    <p class='ocr_par' dir='ltr' id='par_1_20' title="bbox 470 2086 2056 2159">
     <span class='ocr_line' id='line_1_20' title="bbox 470 2086 2056 2159; baseline -0.002 -18"><span class='ocrx_word' id='word_1_150' title='bbox 470 2088 668 2143; x_wconf 78' lang='lat' dir='ltr'><strong>auxilio</strong></span> <span class='ocrx_word' id='word_1_151' title='bbox 703 2105 809 2159; x_wconf 91' lang='lat' dir='ltr'><strong>quo</strong></span> <span class='ocrx_word' id='word_1_152' title='bbox 849 2089 962 2142; x_wconf 89' lang='lat' dir='ltr'><strong>erui</strong></span> <span class='ocrx_word' id='word_1_153' title='bbox 1006 2088 1320 2159; x_wconf 69' lang='lat' dir='ltr'><strong>purgarique</strong></span> <span class='ocrx_word' id='word_1_154' title='bbox 1368 2098 1548 2157; x_wconf 82' lang='lat' dir='ltr'><strong>posset</strong></span> <span class='ocrx_word' id='word_1_155' title='bbox 1587 2086 1841 2155; x_wconf 74' lang='lat' dir='ltr'><strong>(Confess.</strong></span> <span class='ocrx_word' id='word_1_156' title='bbox 1886 2086 1971 2137; x_wconf 81' lang='lat' dir='ltr'><strong>lib.</strong></span> <span class='ocrx_word' id='word_1_157' title='bbox 2004 2086 2056 2149; x_wconf 86' lang='lat'><strong>7,</strong></span> 
     </span>
    </p>
   </div>
   <div class='ocr_carea' id='block_1_21' title="bbox 471 2178 2058 2249">
    <p class='ocr_par' dir='ltr' id='par_1_21' title="bbox 471 2178 2058 2249">
     <span class='ocr_line' id='line_1_21' title="bbox 471 2178 2058 2249; baseline -0.003 -15"><span class='ocrx_word' id='word_1_158' title='bbox 471 2197 587 2249; x_wconf 88' lang='lat' dir='ltr'><strong>cap.</strong></span> <span class='ocrx_word' id='word_1_159' title='bbox 629 2180 685 2243; x_wconf 71' lang='lat'><strong>2,</strong></span> <span class='ocrx_word' id='word_1_160' title='bbox 716 2198 770 2234; x_wconf 79' lang='grc' dir='ltr'><strong>η.</strong></span> <span class='ocrx_word' id='word_1_161' title='bbox 803 2181 879 2249; x_wconf 79' lang='lat'><strong>5).</strong></span> <span class='ocrx_word' id='word_1_162' title='bbox 921 2180 1164 2236; x_wconf 82' lang='lat' dir='ltr'><strong>Movebat</strong></span> <span class='ocrx_word' id='word_1_163' title='bbox 1196 2194 1314 2234; x_wconf 90' lang='lat' dir='ltr'><strong>eum</strong></span> <span class='ocrx_word' id='word_1_164' title='bbox 1346 2190 1600 2248; x_wconf 63' lang='lat' dir='ltr'><strong>praeterea</strong></span> <span class='ocrx_word' id='word_1_165' title='bbox 1621 2218 1637 2244; x_wconf 94' lang='lat'><strong>,</strong></span> <span class='ocrx_word' id='word_1_166' title='bbox 1678 2178 1819 2247; x_wconf 91' lang='lat' dir='ltr'><strong>quod</strong></span> <span class='ocrx_word' id='word_1_167' title='bbox 1862 2178 2058 2231; x_wconf 88' lang='lat' dir='ltr'><strong>nullam</strong></span> 
     </span>
    </p>
   </div>
   <div class='ocr_carea' id='block_1_22' title="bbox 471 2270 2060 2340">
    <p class='ocr_par' dir='ltr' id='par_1_22' title="bbox 471 2270 2060 2340">
     <span class='ocr_line' id='line_1_22' title="bbox 471 2270 2060 2340; baseline -0.001 -14"><span class='ocrx_word' id='word_1_168' title='bbox 471 2272 824 2327; x_wconf 79' lang='lat' dir='ltr'><strong>substantiam</strong></span> <span class='ocrx_word' id='word_1_169' title='bbox 863 2274 1060 2326; x_wconf 89' lang='lat' dir='ltr'><strong>malum</strong></span> <span class='ocrx_word' id='word_1_170' title='bbox 1100 2288 1221 2326; x_wconf 80' lang='lat' dir='ltr'><strong>esse</strong></span> <span class='ocrx_word' id='word_1_171' title='bbox 1249 2288 1279 2325; x_wconf 89' lang='lat' dir='ltr'><strong>a</strong></span> <span class='ocrx_word' id='word_1_172' title='bbox 1309 2273 1558 2340; x_wconf 87' lang='lat' dir='ltr'><strong>quopiam</strong></span> <span class='ocrx_word' id='word_1_173' title='bbox 1587 2270 1849 2325; x_wconf 80' lang='lat' dir='ltr'><strong>audierat.</strong></span> <span class='ocrx_word' id='word_1_174' title='bbox 1881 2270 2060 2340; x_wconf 76' lang='lat' dir='ltr'><strong>Neque</strong></span> 
     </span>
    </p>
   </div>
   <div class='ocr_carea' id='block_1_23' title="bbox 471 2361 2060 2432">
    <p class='ocr_par' dir='ltr' id='par_1_23' title="bbox 471 2361 2060 2432">
     <span class='ocr_line' id='line_1_23' title="bbox 471 2361 2060 2432; baseline 0 -17"><span class='ocrx_word' id='word_1_175' title='bbox 471 2377 602 2418; x_wconf 82' lang='lat' dir='ltr'><strong>vero</strong></span> <span class='ocrx_word' id='word_1_176' title='bbox 631 2363 771 2418; x_wconf 89' lang='lat' dir='ltr'><strong>hunc</strong></span> <span class='ocrx_word' id='word_1_177' title='bbox 799 2363 1102 2432; x_wconf 89' lang='lat' dir='ltr'><strong>scrupulum</strong></span> <span class='ocrx_word' id='word_1_178' title='bbox 1139 2362 1253 2432; x_wconf 86' lang='lat' dir='ltr'><strong>ejus</strong></span> <span class='ocrx_word' id='word_1_179' title='bbox 1286 2363 1465 2417; x_wconf 85' lang='lat' dir='ltr'><strong>animo</strong></span> <span class='ocrx_word' id='word_1_180' title='bbox 1502 2361 1857 2417; x_wconf 82' lang='lat' dir='ltr'><strong>amoliebatur</strong></span> <span class='ocrx_word' id='word_1_181' title='bbox 1891 2361 2060 2415; x_wconf 77' lang='lat' dir='ltr'><strong>Mani-</strong></span> 
     </span>
    </p>
   </div>
   <div class='ocr_carea' id='block_1_24' title="bbox 471 2450 2056 2523">
    <p class='ocr_par' dir='ltr' id='par_1_24' title="bbox 471 2450 2056 2523">
     <span class='ocr_line' id='line_1_24' title="bbox 471 2450 2056 2523; baseline -0.002 -14"><span class='ocrx_word' id='word_1_182' title='bbox 471 2452 741 2509; x_wconf 75' lang='lat' dir='ltr'><strong>chaeorum</strong></span> <span class='ocrx_word' id='word_1_183' title='bbox 772 2453 860 2507; x_wconf 89' lang='lat' dir='ltr'><strong>ille</strong></span> <span class='ocrx_word' id='word_1_184' title='bbox 883 2454 1296 2523; x_wconf 79' lang='lat' dir='ltr'><strong>antesignanus,</strong></span> <span class='ocrx_word' id='word_1_185' title='bbox 1326 2453 1415 2523; x_wconf 85' lang='lat' dir='ltr'><strong>qui</strong></span> <span class='ocrx_word' id='word_1_186' title='bbox 1452 2450 1664 2523; x_wconf 76' lang='lat' dir='ltr'><strong>egregie</strong></span> <span class='ocrx_word' id='word_1_187' title='bbox 1705 2452 2056 2523; x_wconf 75' lang='lat' dir='ltr'><strong>quaestionem</strong></span> 
     </span>
    </p>
   </div>
   <div class='ocr_carea' id='block_1_25' title="bbox 472 2544 2057 2613">
    <p class='ocr_par' dir='ltr' id='par_1_25' title="bbox 472 2544 2057 2613">
     <span class='ocr_line' id='line_1_25' title="bbox 472 2544 2057 2613; baseline 0.001 -15"><span class='ocrx_word' id='word_1_188' title='bbox 472 2545 659 2613; x_wconf 87' lang='lat' dir='ltr'><strong>puerili</strong></span> <span class='ocrx_word' id='word_1_189' title='bbox 682 2560 747 2600; x_wconf 89' lang='lat' dir='ltr'><strong>ea</strong></span> <span class='ocrx_word' id='word_1_190' title='bbox 774 2545 1105 2599; x_wconf 85' lang='lat' dir='ltr'><strong>cavillatione</strong></span> <span class='ocrx_word' id='word_1_191' title='bbox 1134 2544 1427 2599; x_wconf 71' lang='lat' dir='ltr'><strong>dissolvere</strong></span> <span class='ocrx_word' id='word_1_192' title='bbox 1455 2557 1515 2600; x_wconf 85' lang='lat' dir='ltr'><strong>se</strong></span> <span class='ocrx_word' id='word_1_193' title='bbox 1546 2545 1800 2613; x_wconf 84' lang='lat' dir='ltr'><strong>putabat:</strong></span> <span class='ocrx_word' id='word_1_194' title='bbox 1842 2544 2057 2611; x_wconf 84' lang='lat' dir='ltr'><strong>Vellem,</strong></span> 
     </span>
    </p>
   </div>
   <div class='ocr_carea' id='block_1_26' title="bbox 473 2634 2064 2705">
    <p class='ocr_par' dir='ltr' id='par_1_26' title="bbox 473 2634 2064 2705">
     <span class='ocr_line' id='line_1_26' title="bbox 473 2634 2064 2705; baseline 0.001 -17"><span class='ocrx_word' id='word_1_195' title='bbox 473 2636 745 2705; x_wconf 79' lang='lat' dir='ltr'><strong>inquiebat</strong></span> <span class='ocrx_word' id='word_1_196' title='bbox 773 2636 881 2702; x_wconf 88' lang='lat' dir='ltr'><strong>ille,</strong></span> <span class='ocrx_word' id='word_1_197' title='bbox 912 2636 1227 2705; x_wconf 76' lang='lat' dir='ltr'><strong>scorpionem</strong></span> <span class='ocrx_word' id='word_1_198' title='bbox 1247 2634 1299 2688; x_wconf 91' lang='lat' dir='ltr'><strong>in</strong></span> <span class='ocrx_word' id='word_1_199' title='bbox 1332 2652 1485 2688; x_wconf 79' lang='lat' dir='ltr'><strong>ntanu</strong></span> <span class='ocrx_word' id='word_1_200' title='bbox 1512 2634 1729 2689; x_wconf 80' lang='lat' dir='ltr'><strong>hominis</strong></span> <span class='ocrx_word' id='word_1_201' title='bbox 1759 2651 1971 2703; x_wconf 79' lang='lat' dir='ltr'><strong>ponere,</strong></span> <span class='ocrx_word' id='word_1_202' title='bbox 2003 2652 2064 2690; x_wconf 88' lang='lat' dir='ltr'><strong>ac</strong></span> 
     </span>
    </p>
   </div>
   <div class='ocr_carea' id='block_1_27' title="bbox 470 2725 2060 2796">
    <p class='ocr_par' dir='ltr' id='par_1_27' title="bbox 470 2725 2060 2796">
     <span class='ocr_line' id='line_1_27' title="bbox 470 2725 2060 2796; baseline 0 -16"><span class='ocrx_word' id='word_1_203' title='bbox 470 2726 661 2791; x_wconf 70' lang='lat' dir='ltr'><strong>videre,</strong></span> <span class='ocrx_word' id='word_1_204' title='bbox 689 2735 857 2780; x_wconf 84' lang='lat' dir='ltr'><strong>utrum</strong></span> <span class='ocrx_word' id='word_1_205' title='bbox 877 2743 977 2781; x_wconf 86' lang='lat' dir='ltr'><strong>non</strong></span> <span class='ocrx_word' id='word_1_206' title='bbox 996 2725 1309 2780; x_wconf 73' lang='lat' dir='ltr'><strong>subtraheret</strong></span> <span class='ocrx_word' id='word_1_207' title='bbox 1354 2742 1562 2779; x_wconf 83' lang='lat' dir='ltr'><strong>manum</strong></span> <span class='ocrx_word' id='word_1_208' title='bbox 1588 2740 1607 2779; x_wconf 89' lang='lat'><strong><em>:</em></strong></span> <span class='ocrx_word' id='word_1_209' title='bbox 1628 2726 1764 2796; x_wconf 82' lang='lat' dir='ltr'><strong>quod</strong></span> <span class='ocrx_word' id='word_1_210' title='bbox 1785 2725 1832 2780; x_wconf 79' lang='lat' dir='ltr'><strong>si</strong></span> <span class='ocrx_word' id='word_1_211' title='bbox 1854 2729 2060 2796; x_wconf 78' lang='lat' dir='ltr'><strong>faceret,</strong></span> 
     </span>
    </p>
   </div>
   <div class='ocr_carea' id='block_1_28' title="bbox 472 2817 2061 2890">
    <p class='ocr_par' dir='ltr' id='par_1_28' title="bbox 472 2817 2061 2890">
     <span class='ocr_line' id='line_1_28' title="bbox 472 2817 2061 2890; baseline 0 -18"><span class='ocrx_word' id='word_1_212' title='bbox 472 2833 581 2872; x_wconf 72' lang='lat' dir='ltr'><strong>non</strong></span> <span class='ocrx_word' id='word_1_213' title='bbox 616 2817 797 2885; x_wconf 76' lang='lat' dir='ltr'><strong>verbis,</strong></span> <span class='ocrx_word' id='word_1_214' title='bbox 816 2818 906 2873; x_wconf 86' lang='lat' dir='ltr'><strong>sed</strong></span> <span class='ocrx_word' id='word_1_215' title='bbox 940 2834 997 2873; x_wconf 87' lang='lat' dir='ltr'><strong>re</strong></span> <span class='ocrx_word' id='word_1_216' title='bbox 1014 2818 1126 2890; x_wconf 87' lang='lat' dir='ltr'><strong>ipsa</strong></span> <span class='ocrx_word' id='word_1_217' title='bbox 1154 2818 1548 2884; x_wconf 74' lang='lat' dir='ltr'><strong>convinceretur,</strong></span> <span class='ocrx_word' id='word_1_218' title='bbox 1576 2818 1798 2887; x_wconf 77' lang='lat' dir='ltr'><strong>aliquant</strong></span> <span class='ocrx_word' id='word_1_219' title='bbox 1828 2820 2061 2873; x_wconf 82' lang='lat' dir='ltr'><strong>substan-</strong></span> 
     </span>
    </p>
   </div>
   <div class='ocr_carea' id='block_1_29' title="bbox 475 2905 2064 2977">
    <p class='ocr_par' dir='ltr' id='par_1_29' title="bbox 475 2905 2064 2977">
     <span class='ocr_line' id='line_1_29' title="bbox 475 2905 2064 2977; baseline 0.001 -17"><span class='ocrx_word' id='word_1_220' title='bbox 475 2906 600 2961; x_wconf 84' lang='lat' dir='ltr'><strong>tiam</strong></span> <span class='ocrx_word' id='word_1_221' title='bbox 623 2908 814 2961; x_wconf 82' lang='lat' dir='ltr'><strong>malum</strong></span> <span class='ocrx_word' id='word_1_222' title='bbox 834 2923 973 2973; x_wconf 87' lang='lat' dir='ltr'><strong>esse;</strong></span> <span class='ocrx_word' id='word_1_223' title='bbox 1000 2907 1202 2977; x_wconf 83' lang='lat' dir='ltr'><strong>quando</strong></span> <span class='ocrx_word' id='word_1_224' title='bbox 1228 2906 1428 2976; x_wconf 82' lang='lat' dir='ltr'><strong>quidem</strong></span> <span class='ocrx_word' id='word_1_225' title='bbox 1448 2905 1579 2961; x_wconf 82' lang='lat' dir='ltr'><strong>illud</strong></span> <span class='ocrx_word' id='word_1_226' title='bbox 1598 2905 1791 2961; x_wconf 82' lang='lat' dir='ltr'><strong>animal</strong></span> <span class='ocrx_word' id='word_1_227' title='bbox 1812 2923 1918 2960; x_wconf 88' lang='lat' dir='ltr'><strong>esse</strong></span> <span class='ocrx_word' id='word_1_228' title='bbox 1944 2907 2064 2961; x_wconf 88' lang='lat' dir='ltr'><strong>sub-</strong></span> 
     </span>
    </p>
   </div>
   <div class='ocr_carea' id='block_1_30' title="bbox 474 2994 2060 3069">
    <p class='ocr_par' dir='ltr' id='par_1_30' title="bbox 474 2994 2060 3069">
     <span class='ocr_line' id='line_1_30' title="bbox 474 2994 2060 3069; baseline 0 -18"><span class='ocrx_word' id='word_1_229' title='bbox 474 2997 715 3052; x_wconf 84' lang='lat' dir='ltr'><strong>stantiam</strong></span> <span class='ocrx_word' id='word_1_230' title='bbox 733 3015 833 3053; x_wconf 87' lang='lat' dir='ltr'><strong>non</strong></span> <span class='ocrx_word' id='word_1_231' title='bbox 854 3007 1075 3069; x_wconf 80' lang='lat' dir='ltr'><strong>negaret.</strong></span> <span class='ocrx_word' id='word_1_232' title='bbox 1096 2996 1450 3067; x_wconf 70' lang='lat' dir='ltr'><strong>Respondebat</strong></span> <span class='ocrx_word' id='word_1_233' title='bbox 1465 3012 1603 3068; x_wconf 80' lang='lat' dir='ltr'><strong>ergo,</strong></span> <span class='ocrx_word' id='word_1_234' title='bbox 1622 2996 1698 3050; x_wconf 87' lang='lat' dir='ltr'><strong>ait</strong></span> <span class='ocrx_word' id='word_1_235' title='bbox 1715 2994 2060 3066; x_wconf 69' lang='lat' dir='ltr'><strong>Augustinus,</strong></span> 
     </span>
    </p>
   </div>
   <div class='ocr_carea' id='block_1_31' title="bbox 476 3087 2063 3161">
    <p class='ocr_par' dir='ltr' id='par_1_31' title="bbox 476 3087 2063 3161">
     <span class='ocr_line' id='line_1_31' title="bbox 476 3087 2063 3161; baseline -0.001 -16"><span class='ocrx_word' id='word_1_236' title='bbox 476 3091 735 3159; x_wconf 79' lang='lat' dir='ltr'><strong>pueriliter</strong></span> <span class='ocrx_word' id='word_1_237' title='bbox 756 3090 943 3161; x_wconf 85' lang='lat' dir='ltr'><strong>pueris.</strong></span> <span class='ocrx_word' id='word_1_238' title='bbox 973 3091 1099 3155; x_wconf 83' lang='lat' dir='ltr'><strong>Quis</strong></span> <span class='ocrx_word' id='word_1_239' title='bbox 1123 3092 1254 3143; x_wconf 87' lang='lat' dir='ltr'><strong>enim</strong></span> <span class='ocrx_word' id='word_1_240' title='bbox 1279 3087 1571 3143; x_wconf 68' lang='lat' dir='ltr'><strong>meliuscule</strong></span> <span class='ocrx_word' id='word_1_241' title='bbox 1587 3089 1805 3144; x_wconf 84' lang='lat' dir='ltr'><strong>imbutus</strong></span> <span class='ocrx_word' id='word_1_242' title='bbox 1825 3100 1871 3143; x_wconf 89' lang='lat' dir='ltr'><strong>et</strong></span> <span class='ocrx_word' id='word_1_243' title='bbox 1889 3089 2063 3144; x_wconf 86' lang='lat' dir='ltr'><strong>erudi-</strong></span> 
     </span>
    </p>
   </div>
   <div class='ocr_carea' id='block_1_32' title="bbox 475 3179 2064 3252">
    <p class='ocr_par' dir='ltr' id='par_1_32' title="bbox 475 3179 2064 3252">
     <span class='ocr_line' id='line_1_32' title="bbox 475 3179 2064 3252; baseline -0.001 -19"><span class='ocrx_word' id='word_1_244' title='bbox 475 3190 575 3245; x_wconf 85' lang='lat' dir='ltr'><strong>tus,</strong></span> <span class='ocrx_word' id='word_1_245' title='bbox 604 3197 707 3235; x_wconf 81' lang='lat' dir='ltr'><strong>non</strong></span> <span class='ocrx_word' id='word_1_246' title='bbox 739 3181 901 3235; x_wconf 80' lang='lat' dir='ltr'><strong>videat</strong></span> <span class='ocrx_word' id='word_1_247' title='bbox 926 3197 1015 3252; x_wconf 81' lang='lat' dir='ltr'><strong>per</strong></span> <span class='ocrx_word' id='word_1_248' title='bbox 1043 3179 1491 3234; x_wconf 70' lang='lat' dir='ltr'><strong>inconvenientia»:</strong></span> <span class='ocrx_word' id='word_1_249' title='bbox 1517 3179 1794 3250; x_wconf 80' lang='lat' dir='ltr'><strong>corporalis</strong></span> <span class='ocrx_word' id='word_1_250' title='bbox 1818 3188 2064 3249; x_wconf 83' lang='lat' dir='ltr'><strong>tempera-</strong></span> 
     </span>
    </p>
   </div>
   <div class='ocr_carea' id='block_1_33' title="bbox 476 3268 2063 3341">
    <p class='ocr_par' dir='ltr' id='par_1_33' title="bbox 476 3268 2063 3341">
     <span class='ocr_line' id='line_1_33' title="bbox 476 3268 2063 3341; baseline -0.001 -16"><span class='ocrx_word' id='word_1_251' title='bbox 476 3272 626 3327; x_wconf 86' lang='lat' dir='ltr'><strong>tionis</strong></span> <span class='ocrx_word' id='word_1_252' title='bbox 652 3271 760 3324; x_wconf 69' lang='lat' dir='ltr'><strong>hare</strong></span> <span class='ocrx_word' id='word_1_253' title='bbox 781 3270 994 3336; x_wconf 76' lang='lat' dir='ltr'><strong>hedera,</strong></span> <span class='ocrx_word' id='word_1_254' title='bbox 1013 3287 1073 3323; x_wconf 88' lang='lat' dir='ltr'><strong>ac</strong></span> <span class='ocrx_word' id='word_1_255' title='bbox 1098 3286 1275 3324; x_wconf 84' lang='lat' dir='ltr'><strong>rursus</strong></span> <span class='ocrx_word' id='word_1_256' title='bbox 1303 3286 1393 3341; x_wconf 83' lang='lat' dir='ltr'><strong>per</strong></span> <span class='ocrx_word' id='word_1_257' title='bbox 1413 3270 1808 3323; x_wconf 76' lang='lat' dir='ltr'><strong>convenientiam</strong></span> <span class='ocrx_word' id='word_1_258' title='bbox 1841 3286 1943 3323; x_wconf 77' lang='lat' dir='ltr'><strong>non</strong></span> <span class='ocrx_word' id='word_1_259' title='bbox 1970 3268 2063 3323; x_wconf 76' lang='lat' dir='ltr'><strong>lte—</strong></span> 
     </span>
    </p>
   </div>
   <div class='ocr_carea' id='block_1_34' title="bbox 474 3357 2066 3432">
    <p class='ocr_par' dir='ltr' id='par_1_34' title="bbox 474 3357 2066 3432">
     <span class='ocr_line' id='line_1_34' title="bbox 474 3357 2066 3432; baseline 0 -18"><span class='ocrx_word' id='word_1_260' title='bbox 474 3361 617 3425; x_wconf 79' lang='lat' dir='ltr'><strong>dcre,</strong></span> <span class='ocrx_word' id='word_1_261' title='bbox 641 3377 776 3432; x_wconf 66' lang='lat' dir='ltr'><strong>stupe</strong></span> <span class='ocrx_word' id='word_1_262' title='bbox 794 3362 949 3416; x_wconf 88' lang='lat' dir='ltr'><strong>etiant</strong></span> <span class='ocrx_word' id='word_1_263' title='bbox 968 3360 1232 3414; x_wconf 86' lang='lat' dir='ltr'><strong>commoda</strong></span> <span class='ocrx_word' id='word_1_264' title='bbox 1252 3376 1351 3413; x_wconf 88' lang='lat' dir='ltr'><strong>non</strong></span> <span class='ocrx_word' id='word_1_265' title='bbox 1380 3376 1538 3428; x_wconf 84' lang='lat' dir='ltr'><strong>parva</strong></span> <span class='ocrx_word' id='word_1_266' title='bbox 1561 3359 1807 3428; x_wconf 76' lang='lat' dir='ltr'><strong>conferre.</strong></span> <span class='ocrx_word' id='word_1_267' title='bbox 1856 3357 1994 3413; x_wconf 86' lang='lat' dir='ltr'><strong>Nam</strong></span> <span class='ocrx_word' id='word_1_268' title='bbox 2020 3360 2066 3414; x_wconf 81' lang='lat' dir='ltr'><strong>si</strong></span> 
     </span>
    </p>
   </div>
   <div class='ocr_carea' id='block_1_35' title="bbox 474 3448 2059 3520">
    <p class='ocr_par' dir='ltr' id='par_1_35' title="bbox 474 3448 2059 3520">
     <span class='ocr_line' id='line_1_35' title="bbox 474 3448 2059 3520; baseline -0.001 -15"><span class='ocrx_word' id='word_1_269' title='bbox 474 3452 603 3506; x_wconf 86' lang='lat' dir='ltr'><strong>illud</strong></span> <span class='ocrx_word' id='word_1_270' title='bbox 628 3468 870 3506; x_wconf 81' lang='lat' dir='ltr'><strong>venenum</strong></span> <span class='ocrx_word' id='word_1_271' title='bbox 895 3467 984 3517; x_wconf 84' lang='lat' dir='ltr'><strong>per</strong></span> <span class='ocrx_word' id='word_1_272' title='bbox 1006 3468 1061 3505; x_wconf 81' lang='lat' dir='ltr'><strong>se</strong></span> <span class='ocrx_word' id='word_1_273' title='bbox 1086 3451 1254 3520; x_wconf 83' lang='lat' dir='ltr'><strong>ipsum</strong></span> <span class='ocrx_word' id='word_1_274' title='bbox 1278 3450 1471 3504; x_wconf 86' lang='lat' dir='ltr'><strong>malum</strong></span> <span class='ocrx_word' id='word_1_275' title='bbox 1498 3457 1646 3514; x_wconf 83' lang='lat' dir='ltr'><strong>esset,</strong></span> <span class='ocrx_word' id='word_1_276' title='bbox 1674 3448 1901 3503; x_wconf 79' lang='lat' dir='ltr'><strong>eumdem</strong></span> <span class='ocrx_word' id='word_1_277' title='bbox 1922 3465 2059 3505; x_wconf 85' lang='lat' dir='ltr'><strong>scor-</strong></span> 
     </span>
    </p>
   </div>
   <div class='ocr_carea' id='block_1_36' title="bbox 474 3540 2061 3615">
    <p class='ocr_par' dir='ltr' id='par_1_36' title="bbox 474 3540 2061 3615">
     <span class='ocr_line' id='line_1_36' title="bbox 474 3540 2061 3615; baseline 0.001 -19"><span class='ocrx_word' id='word_1_278' title='bbox 474 3545 675 3613; x_wconf 85' lang='lat' dir='ltr'><strong>pionem</strong></span> <span class='ocrx_word' id='word_1_279' title='bbox 699 3544 859 3615; x_wconf 80' lang='lat' dir='ltr'><strong>magis</strong></span> <span class='ocrx_word' id='word_1_280' title='bbox 879 3544 1118 3614; x_wconf 80' lang='lat' dir='ltr'><strong>priusque</strong></span> <span class='ocrx_word' id='word_1_281' title='bbox 1136 3544 1398 3614; x_wconf 85' lang='lat' dir='ltr'><strong>perimeret</strong></span> <span class='ocrx_word' id='word_1_282' title='bbox 1419 3543 1443 3612; x_wconf 93' lang='lat'><em>(</em></span> <span class='ocrx_word' id='word_1_283' title='bbox 1449 3541 1525 3595; x_wconf 90' lang='lat' dir='ltr'><strong>De</strong></span> <span class='ocrx_word' id='word_1_284' title='bbox 1549 3540 1777 3596; x_wconf 80' lang='lat' dir='ltr'><strong>Moribus</strong></span> <span class='ocrx_word' id='word_1_285' title='bbox 1807 3540 2061 3608; x_wconf 60' lang='lat' dir='ltr'><strong>Manicln,</strong></span> 
     </span>
    </p>
   </div>
   <div class='ocr_carea' id='block_1_37' title="bbox 477 3632 2066 3708">
    <p class='ocr_par' dir='ltr' id='par_1_37' title="bbox 477 3632 2066 3708">
     <span class='ocr_line' id='line_1_37' title="bbox 477 3632 2066 3708; baseline -0.001 -19"><span class='ocrx_word' id='word_1_286' title='bbox 477 3652 531 3689; x_wconf 79' lang='grc' dir='ltr'><strong>η.</strong></span> <span class='ocrx_word' id='word_1_287' title='bbox 567 3632 681 3708; x_wconf 82' lang='lat' dir='ltr'><strong>ll).</strong></span> <span class='ocrx_word' id='word_1_288' title='bbox 708 3634 931 3705; x_wconf 80' lang='lat' dir='ltr'><strong>Jamque</strong></span> <span class='ocrx_word' id='word_1_289' title='bbox 947 3649 1013 3689; x_wconf 90' lang='lat' dir='ltr'><strong>eo</strong></span> <span class='ocrx_word' id='word_1_290' title='bbox 1032 3644 1246 3690; x_wconf 89' lang='lat' dir='ltr'><strong>ventum</strong></span> <span class='ocrx_word' id='word_1_291' title='bbox 1268 3640 1401 3697; x_wconf 72' lang='lat' dir='ltr'><strong>enat,</strong></span> <span class='ocrx_word' id='word_1_292' title='bbox 1431 3641 1484 3687; x_wconf 91' lang='lat' dir='ltr'><strong>ut</strong></span> <span class='ocrx_word' id='word_1_293' title='bbox 1513 3632 1699 3702; x_wconf 85' lang='lat' dir='ltr'><strong>placita</strong></span> <span class='ocrx_word' id='word_1_294' title='bbox 1724 3632 2066 3701; x_wconf 83' lang='lat' dir='ltr'><strong>philosOpho-</strong></span> 
     </span>
    </p>
   </div>
   <div class='ocr_carea' id='block_1_38' title="bbox 477 3720 2064 3794">
    <p class='ocr_par' dir='ltr' id='par_1_38' title="bbox 477 3720 2064 3794">
     <span class='ocr_line' id='line_1_38' title="bbox 477 3720 2064 3794; baseline -0.001 -15"><span class='ocrx_word' id='word_1_295' title='bbox 477 3739 613 3788; x_wconf 92' lang='lat' dir='ltr'><strong>rum,</strong></span> <span class='ocrx_word' id='word_1_296' title='bbox 647 3724 799 3794; x_wconf 88' lang='lat' dir='ltr'><strong>queis</strong></span> <span class='ocrx_word' id='word_1_297' title='bbox 824 3724 1061 3778; x_wconf 90' lang='lat' dir='ltr'><strong>animum</strong></span> <span class='ocrx_word' id='word_1_298' title='bbox 1089 3722 1374 3792; x_wconf 78' lang='lat' dir='ltr'><strong>diligenter</strong></span> <span class='ocrx_word' id='word_1_299' title='bbox 1392 3720 1718 3786; x_wconf 81' lang='lat' dir='ltr'><strong>exeoluerat,</strong></span> <span class='ocrx_word' id='word_1_300' title='bbox 1746 3721 2064 3792; x_wconf 80' lang='lat' dir='ltr'><strong>longissimis</strong></span> 
     </span>
    </p>
   </div>
   <div class='ocr_carea' id='block_1_39' title="bbox 476 3812 2066 3881">
    <p class='ocr_par' dir='ltr' id='par_1_39' title="bbox 476 3812 2066 3881">
     <span class='ocr_line' id='line_1_39' title="bbox 476 3812 2066 3881; baseline -0.001 -12"><span class='ocrx_word' id='word_1_301' title='bbox 476 3815 888 3869; x_wconf 76' lang='lat' dir='ltr'><strong>Manichaeorum</strong></span> <span class='ocrx_word' id='word_1_302' title='bbox 931 3812 1125 3867; x_wconf 80' lang='lat' dir='ltr'><strong>fabulis</strong></span> <span class='ocrx_word' id='word_1_303' title='bbox 1150 3827 1254 3867; x_wconf 93' lang='lat' dir='ltr'><strong>non</strong></span> <span class='ocrx_word' id='word_1_304' title='bbox 1286 3820 1621 3881; x_wconf 85' lang='lat' dir='ltr'><strong>compararet</strong></span> <span class='ocrx_word' id='word_1_305' title='bbox 1656 3813 1858 3877; x_wconf 89' lang='lat' dir='ltr'><strong>solum,</strong></span> <span class='ocrx_word' id='word_1_306' title='bbox 1891 3812 1984 3867; x_wconf 87' lang='lat' dir='ltr'><strong>sed</strong></span> <span class='ocrx_word' id='word_1_307' title='bbox 2011 3823 2066 3868; x_wconf 90' lang='lat' dir='ltr'><strong>et</strong></span> 
     </span>
    </p>
   </div>
   <div class='ocr_carea' id='block_1_40' title="bbox 476 3904 2062 3979">
    <p class='ocr_par' dir='ltr' id='par_1_40' title="bbox 476 3904 2062 3979">
     <span class='ocr_line' id='line_1_40' title="bbox 476 3904 2062 3979; baseline -0.001 -18"><span class='ocrx_word' id='word_1_308' title='bbox 476 3905 763 3961; x_wconf 76' lang='lat' dir='ltr'><strong>anteferret</strong></span> <span class='ocrx_word' id='word_1_309' title='bbox 787 3904 1039 3979; x_wconf 80' lang='lat' dir='ltr'><strong>(Confess.</strong></span> <span class='ocrx_word' id='word_1_310' title='bbox 1066 3904 1154 3958; x_wconf 86' lang='lat' dir='ltr'><strong>lib.</strong></span> <span class='ocrx_word' id='word_1_311' title='bbox 1186 3905 1240 3967; x_wconf 84' lang='lat'><strong>5,</strong></span> <span class='ocrx_word' id='word_1_312' title='bbox 1268 3922 1383 3974; x_wconf 88' lang='lat' dir='ltr'><strong>cap.</strong></span> <span class='ocrx_word' id='word_1_313' title='bbox 1411 3904 1465 3970; x_wconf 71' lang='grc' dir='ltr'><strong>ὅ,</strong></span> <span class='ocrx_word' id='word_1_314' title='bbox 1495 3922 1551 3963; x_wconf 84' lang='lat' dir='ltr'><strong>n.</strong></span> <span class='ocrx_word' id='word_1_315' title='bbox 1590 3905 1667 3975; x_wconf 78' lang='lat'><strong>3).</strong></span> <span class='ocrx_word' id='word_1_316' title='bbox 1700 3904 1926 3960; x_wconf 74' lang='lat' dir='ltr'><strong>Videbat</strong></span> <span class='ocrx_word' id='word_1_317' title='bbox 1957 3906 2062 3961; x_wconf 85' lang='lat' dir='ltr'><strong>sci-</strong></span> 
     </span>
    </p>
   </div>
   <div class='ocr_carea' id='block_1_41' title="bbox 477 3996 2061 4067">
    <p class='ocr_par' dir='ltr' id='par_1_41' title="bbox 477 3996 2061 4067">
     <span class='ocr_line' id='line_1_41' title="bbox 477 3996 2061 4067; baseline 0.001 -14"><span class='ocrx_word' id='word_1_318' title='bbox 477 3997 603 4053; x_wconf 87' lang='lat' dir='ltr'><strong>licet</strong></span> <span class='ocrx_word' id='word_1_319' title='bbox 652 3997 814 4053; x_wconf 88' lang='lat' dir='ltr'><strong>bomo</strong></span> <span class='ocrx_word' id='word_1_320' title='bbox 860 3996 1137 4067; x_wconf 76' lang='lat' dir='ltr'><strong>perspicax</strong></span> <span class='ocrx_word' id='word_1_321' title='bbox 1199 4004 1439 4051; x_wconf 89' lang='lat' dir='ltr'><strong>motuum</strong></span> <span class='ocrx_word' id='word_1_322' title='bbox 1489 3996 1786 4052; x_wconf 78' lang='lat' dir='ltr'><strong>cmlestium</strong></span> <span class='ocrx_word' id='word_1_323' title='bbox 1827 4001 2061 4066; x_wconf 83' lang='lat' dir='ltr'><strong>causas,</strong></span> 
     </span>
    </p>
   </div>
   <div class='ocr_carea' id='block_1_42' title="bbox 477 4084 2065 4159">
    <p class='ocr_par' dir='ltr' id='par_1_42' title="bbox 477 4084 2065 4159">
     <span class='ocr_line' id='line_1_42' title="bbox 477 4084 2065 4159; baseline 0.003 -19"><span class='ocrx_word' id='word_1_324' title='bbox 477 4088 935 4158; x_wconf 73' lang='lat' dir='ltr'><strong>aequinoctiornm,</strong></span> <span class='ocrx_word' id='word_1_325' title='bbox 963 4086 1339 4152; x_wconf 83' lang='lat' dir='ltr'><strong>solstitiorum,</strong></span> <span class='ocrx_word' id='word_1_326' title='bbox 1364 4084 1667 4142; x_wconf 76' lang='lat' dir='ltr'><strong>defectuum</strong></span> <span class='ocrx_word' id='word_1_327' title='bbox 1688 4088 1917 4159; x_wconf 85' lang='lat' dir='ltr'><strong>denique</strong></span> <span class='ocrx_word' id='word_1_328' title='bbox 1935 4089 2065 4145; x_wconf 86' lang='lat' dir='ltr'><strong>solis</strong></span> 
     </span>
    </p>
   </div>
   <div class='ocr_carea' id='block_1_43' title="bbox 477 4177 2063 4253">
    <p class='ocr_par' dir='ltr' id='par_1_43' title="bbox 477 4177 2063 4253">
     <span class='ocr_line' id='line_1_43' title="bbox 477 4177 2063 4253; baseline 0.003 -20"><span class='ocrx_word' id='word_1_329' title='bbox 477 4194 543 4234; x_wconf 82' lang='lat' dir='ltr'><strong>ac</strong></span> <span class='ocrx_word' id='word_1_330' title='bbox 566 4179 728 4242; x_wconf 78' lang='lat' dir='ltr'><strong>lunze,</strong></span> <span class='ocrx_word' id='word_1_331' title='bbox 758 4179 925 4235; x_wconf 89' lang='lat' dir='ltr'><strong>multo</strong></span> <span class='ocrx_word' id='word_1_332' title='bbox 960 4178 1151 4233; x_wconf 87' lang='lat' dir='ltr'><strong>melius</strong></span> <span class='ocrx_word' id='word_1_333' title='bbox 1175 4193 1204 4232; x_wconf 90' lang='lat' dir='ltr'><strong>a</strong></span> <span class='ocrx_word' id='word_1_334' title='bbox 1235 4177 1563 4249; x_wconf 85' lang='lat' dir='ltr'><strong>philosophis</strong></span> <span class='ocrx_word' id='word_1_335' title='bbox 1595 4179 1878 4249; x_wconf 82' lang='lat' dir='ltr'><strong>explicari,</strong></span> <span class='ocrx_word' id='word_1_336' title='bbox 1905 4196 2063 4253; x_wconf 82' lang='lat' dir='ltr'><strong>quam</strong></span> 
     </span>
    </p>
   </div>
   <div class='ocr_carea' id='block_1_44' title="bbox 478 4268 2066 4339">
    <p class='ocr_par' dir='ltr' id='par_1_44' title="bbox 478 4268 2066 4339">
     <span class='ocr_line' id='line_1_44' title="bbox 478 4268 2066 4339; baseline 0.001 -14"><span class='ocrx_word' id='word_1_337' title='bbox 478 4286 511 4325; x_wconf 78' lang='grc' dir='ltr'>ι</span> <span class='ocrx_word' id='word_1_338' title='bbox 534 4269 853 4335; x_wconf 79' lang='lat' dir='ltr'><strong>Manichaee;</strong></span> <span class='ocrx_word' id='word_1_339' title='bbox 894 4269 1105 4324; x_wconf 85' lang='lat' dir='ltr'><strong>tametsi</strong></span> <span class='ocrx_word' id='word_1_340' title='bbox 1134 4269 1179 4323; x_wconf 88' lang='lat' dir='ltr'><strong>is</strong></span> <span class='ocrx_word' id='word_1_341' title='bbox 1209 4268 1260 4322; x_wconf 94' lang='lat' dir='ltr'><strong>in</strong></span> <span class='ocrx_word' id='word_1_342' title='bbox 1288 4283 1407 4323; x_wconf 88' lang='lat' dir='ltr'><strong>eam</strong></span> <span class='ocrx_word' id='word_1_343' title='bbox 1436 4285 1551 4324; x_wconf 90' lang='lat' dir='ltr'><strong>rem</strong></span> <span class='ocrx_word' id='word_1_344' title='bbox 1584 4269 1950 4339; x_wconf 86' lang='lat' dir='ltr'><strong>copiosissime</strong></span> <span class='ocrx_word' id='word_1_345' title='bbox 1971 4271 2066 4327; x_wconf 78' lang='lat' dir='ltr'><strong>de-</strong></span> 
     </span>
    </p>
   </div>
   <div class='ocr_carea' id='block_1_45' title="bbox 478 4359 2067 4434">
    <p class='ocr_par' dir='ltr' id='par_1_45' title="bbox 478 4359 2067 4434">
     <span class='ocr_line' id='line_1_45' title="bbox 478 4359 2067 4434; baseline 0.003 -18"><span class='ocrx_word' id='word_1_346' title='bbox 478 4360 690 4417; x_wconf 83' lang='lat' dir='ltr'><strong>lirassct</strong></span> <span class='ocrx_word' id='word_1_347' title='bbox 720 4359 903 4434; x_wconf 87' lang='lat' dir='ltr'><strong>(lbid.,</strong></span> <span class='ocrx_word' id='word_1_348' title='bbox 922 4378 976 4415; x_wconf 88' lang='lat' dir='ltr'><strong>n.</strong></span> <span class='ocrx_word' id='word_1_349' title='bbox 1006 4359 1084 4434; x_wconf 90' lang='lat'><strong>6).</strong></span> <span class='ocrx_word' id='word_1_350' title='bbox 1105 4361 1361 4428; x_wconf 86' lang='lat' dir='ltr'><strong>Quamvis</strong></span> <span class='ocrx_word' id='word_1_351' title='bbox 1383 4362 1527 4416; x_wconf 87' lang='lat' dir='ltr'><strong>enim</strong></span> <span class='ocrx_word' id='word_1_352' title='bbox 1552 4375 1617 4417; x_wconf 87' lang='lat' dir='ltr'><strong>ea</strong></span> <span class='ocrx_word' id='word_1_353' title='bbox 1649 4378 1831 4419; x_wconf 82' lang='lat' dir='ltr'><strong>rerum</strong></span> <span class='ocrx_word' id='word_1_354' title='bbox 1856 4374 2067 4420; x_wconf 80' lang='lat' dir='ltr'><strong>natum-</strong></span> 
     </span>
    </p>
   </div>
   <div class='ocr_carea' id='block_1_46' title="bbox 479 4452 2065 4525">
    <p class='ocr_par' dir='ltr' id='par_1_46' title="bbox 479 4452 2065 4525">
     <span class='ocr_line' id='line_1_46' title="bbox 479 4452 2065 4525; baseline 0.003 -18"><span class='ocrx_word' id='word_1_355' title='bbox 479 4452 609 4508; x_wconf 88' lang='lat' dir='ltr'><strong>lium</strong></span> <span class='ocrx_word' id='word_1_356' title='bbox 646 4453 879 4523; x_wconf 75' lang='lat' dir='ltr'><strong>cognitio</strong></span> <span class='ocrx_word' id='word_1_357' title='bbox 909 4468 1016 4507; x_wconf 87' lang='lat' dir='ltr'><strong>non</strong></span> <span class='ocrx_word' id='word_1_358' title='bbox 1046 4453 1312 4522; x_wconf 84' lang='lat' dir='ltr'><strong>pertineat</strong></span> <span class='ocrx_word' id='word_1_359' title='bbox 1340 4453 1405 4508; x_wconf 90' lang='lat' dir='ltr'><strong>ad</strong></span> <span class='ocrx_word' id='word_1_360' title='bbox 1435 4469 1575 4509; x_wconf 70' lang='lat' dir='ltr'><strong>verte</strong></span> <span class='ocrx_word' id='word_1_361' title='bbox 1604 4454 1813 4525; x_wconf 84' lang='lat' dir='ltr'><strong>pietatis</strong></span> <span class='ocrx_word' id='word_1_362' title='bbox 1852 4456 2065 4511; x_wconf 83' lang='lat' dir='ltr'><strong>institu-</strong></span> 
     </span>
    </p>
   </div>
   <div class='ocr_carea' id='block_1_47' title="bbox 480 4542 2067 4615">
    <p class='ocr_par' dir='ltr' id='par_1_47' title="bbox 480 4542 2067 4615">
     <span class='ocr_line' id='line_1_47' title="bbox 480 4542 2067 4615; baseline 0.003 -18"><span class='ocrx_word' id='word_1_363' title='bbox 480 4543 680 4598; x_wconf 82' lang='lat' dir='ltr'><strong>tionem</strong></span> <span class='ocrx_word' id='word_1_364' title='bbox 701 4559 717 4597; x_wconf 86' lang='lat'><strong>:</strong></span> <span class='ocrx_word' id='word_1_365' title='bbox 738 4542 881 4612; x_wconf 84' lang='lat' dir='ltr'><strong>quod</strong></span> <span class='ocrx_word' id='word_1_366' title='bbox 899 4551 1076 4597; x_wconf 85' lang='lat' dir='ltr'><strong>tamen</strong></span> <span class='ocrx_word' id='word_1_367' title='bbox 1096 4543 1418 4598; x_wconf 62' lang='lat' dir='ltr'><strong>Manichacus</strong></span> <span class='ocrx_word' id='word_1_368' title='bbox 1436 4544 1536 4600; x_wconf 80' lang='lat' dir='ltr'><strong>hac</strong></span> <span class='ocrx_word' id='word_1_369' title='bbox 1550 4544 1602 4599; x_wconf 93' lang='lat' dir='ltr'><strong>in</strong></span> <span class='ocrx_word' id='word_1_370' title='bbox 1622 4556 1771 4615; x_wconf 88' lang='lat' dir='ltr'><strong>parte</strong></span> <span class='ocrx_word' id='word_1_371' title='bbox 1788 4545 2067 4601; x_wconf 74' lang='lat' dir='ltr'><strong>fallclntur</strong></span> 
     </span>
    </p>
   </div>
   <div class='ocr_carea' id='block_1_48' title="bbox 479 4633 2070 4702">
    <p class='ocr_par' dir='ltr' id='par_1_48' title="bbox 479 4633 2070 4702">
     <span class='ocr_line' id='line_1_48' title="bbox 479 4633 2070 4702; baseline 0.003 -14"><span class='ocrx_word' id='word_1_372' title='bbox 479 4634 592 4688; x_wconf 86' lang='lat' dir='ltr'><strong>sive</strong></span> <span class='ocrx_word' id='word_1_373' title='bbox 619 4633 867 4697; x_wconf 78' lang='lat' dir='ltr'><strong>fallebat,</strong></span> <span class='ocrx_word' id='word_1_374' title='bbox 898 4633 1056 4689; x_wconf 72' lang='lat' dir='ltr'><strong>(idem</strong></span> <span class='ocrx_word' id='word_1_375' title='bbox 1099 4635 1577 4702; x_wconf 82' lang='lat' dir='ltr'><strong>auctoritatemque</strong></span> <span class='ocrx_word' id='word_1_376' title='bbox 1605 4652 1820 4691; x_wconf 85' lang='lat' dir='ltr'><strong>omnem</strong></span> <span class='ocrx_word' id='word_1_377' title='bbox 1857 4637 1912 4691; x_wconf 90' lang='lat' dir='ltr'><strong>in</strong></span> <span class='ocrx_word' id='word_1_378' title='bbox 1946 4637 2070 4692; x_wconf 77' lang='lat' dir='ltr'><strong>re|i~</strong></span> 
     </span>
    </p>
   </div>
   <div class='ocr_carea' id='block_1_49' title="bbox 479 4723 2071 4796">
    <p class='ocr_par' dir='ltr' id='par_1_49' title="bbox 479 4723 2071 4796">
     <span class='ocr_line' id='line_1_49' title="bbox 479 4723 2071 4796; baseline 0.002 -17"><span class='ocrx_word' id='word_1_379' title='bbox 479 4725 598 4795; x_wconf 85' lang='lat' dir='ltr'><strong>quis</strong></span> <span class='ocrx_word' id='word_1_380' title='bbox 626 4726 679 4781; x_wconf 80' lang='lat' dir='ltr'><strong>ei</strong></span> <span class='ocrx_word' id='word_1_381' title='bbox 703 4725 1010 4795; x_wconf 78' lang='lat' dir='ltr'><strong>abrogabat.</strong></span> <span class='ocrx_word' id='word_1_382' title='bbox 1037 4723 1153 4780; x_wconf 83' lang='lat' dir='ltr'><strong>Non</strong></span> <span class='ocrx_word' id='word_1_383' title='bbox 1190 4723 1352 4780; x_wconf 88' lang='lat' dir='ltr'><strong>dubia</strong></span> <span class='ocrx_word' id='word_1_384' title='bbox 1386 4726 1583 4795; x_wconf 86' lang='lat' dir='ltr'><strong>quippe</strong></span> <span class='ocrx_word' id='word_1_385' title='bbox 1618 4725 1811 4780; x_wconf 79' lang='lat' dir='ltr'><strong>exinde</strong></span> <span class='ocrx_word' id='word_1_386' title='bbox 1836 4726 2071 4796; x_wconf 81' lang='lat' dir='ltr'><strong>suspicio</strong></span> 
     </span>
    </p>
   </div>
   <div class='ocr_carea' id='block_1_50' title="bbox 480 4815 2068 4887">
    <p class='ocr_par' dir='ltr' id='par_1_50' title="bbox 480 4815 2068 4887">
     <span class='ocr_line' id='line_1_50' title="bbox 480 4815 2068 4887; baseline 0.001 -16"><span class='ocrx_word' id='word_1_387' title='bbox 480 4815 847 4882; x_wconf 86' lang='lat' dir='ltr'><strong>oboriebatur,</strong></span> <span class='ocrx_word' id='word_1_388' title='bbox 891 4831 1013 4870; x_wconf 87' lang='lat' dir='ltr'><strong>eum</strong></span> <span class='ocrx_word' id='word_1_389' title='bbox 1044 4816 1209 4871; x_wconf 90' lang='lat' dir='ltr'><strong>multo</strong></span> <span class='ocrx_word' id='word_1_390' title='bbox 1235 4817 1404 4887; x_wconf 78' lang='lat' dir='ltr'><strong>magis</strong></span> <span class='ocrx_word' id='word_1_391' title='bbox 1435 4818 1487 4871; x_wconf 90' lang='lat' dir='ltr'><strong>in</strong></span> <span class='ocrx_word' id='word_1_392' title='bbox 1528 4816 1688 4872; x_wconf 84' lang='lat' dir='ltr'><strong>rebus</strong></span> <span class='ocrx_word' id='word_1_393' title='bbox 1720 4832 1751 4873; x_wconf 85' lang='lat' dir='ltr'><strong>a</strong></span> <span class='ocrx_word' id='word_1_394' title='bbox 1781 4832 1942 4873; x_wconf 83' lang='lat' dir='ltr'><strong>sensu</strong></span> <span class='ocrx_word' id='word_1_395' title='bbox 1982 4833 2068 4873; x_wconf 86' lang='lat' dir='ltr'><strong>re-</strong></span> 
     </span>
    </p>
   </div>
   <div class='ocr_carea' id='block_1_51' title="bbox 480 4908 2065 4980">
    <p class='ocr_par' dir='ltr' id='par_1_51' title="bbox 480 4908 2065 4980">
     <span class='ocr_line' id='line_1_51' title="bbox 480 4908 2065 4980; baseline 0.001 -16"><span class='ocrx_word' id='word_1_396' title='bbox 480 4908 796 4964; x_wconf 84' lang='lat' dir='ltr'><strong>motioribus</strong></span> <span class='ocrx_word' id='word_1_397' title='bbox 821 4908 1207 4978; x_wconf 86' lang='lat' dir='ltr'><strong>pertractandis</strong></span> <span class='ocrx_word' id='word_1_398' title='bbox 1234 4908 1513 4974; x_wconf 84' lang='lat' dir='ltr'><strong>aberrare;</strong></span> <span class='ocrx_word' id='word_1_399' title='bbox 1551 4922 1727 4980; x_wconf 86' lang='lat' dir='ltr'><strong>neque</strong></span> <span class='ocrx_word' id='word_1_400' title='bbox 1752 4922 1912 4979; x_wconf 89' lang='lat' dir='ltr'><strong>porro</strong></span> <span class='ocrx_word' id='word_1_401' title='bbox 1942 4925 2065 4965; x_wconf 80' lang='lat' dir='ltr'><strong>eum</strong></span> 
     </span>
    </p>
   </div>
   <div class='ocr_carea' id='block_1_52' title="bbox 480 4998 2067 5072">
    <p class='ocr_par' dir='ltr' id='par_1_52' title="bbox 480 4998 2067 5072">
     <span class='ocr_line' id='line_1_52' title="bbox 480 4998 2067 5072; baseline 0.002 -17"><span class='ocrx_word' id='word_1_402' title='bbox 480 5014 604 5055; x_wconf 80' lang='lat' dir='ltr'><strong>vera</strong></span> <span class='ocrx_word' id='word_1_403' title='bbox 626 5000 937 5071; x_wconf 86' lang='lat' dir='ltr'><strong>sinceraque</strong></span> <span class='ocrx_word' id='word_1_404' title='bbox 961 4998 1219 5068; x_wconf 84' lang='lat' dir='ltr'><strong>sapientia</strong></span> <span class='ocrx_word' id='word_1_405' title='bbox 1241 4999 1557 5055; x_wconf 89' lang='lat' dir='ltr'><strong>instructum</strong></span> <span class='ocrx_word' id='word_1_406' title='bbox 1581 5015 1721 5065; x_wconf 84' lang='lat' dir='ltr'><strong>esse,</strong></span> <span class='ocrx_word' id='word_1_407' title='bbox 1750 5001 1838 5071; x_wconf 90' lang='lat' dir='ltr'><strong>qui</strong></span> <span class='ocrx_word' id='word_1_408' title='bbox 1858 5016 1920 5056; x_wconf 85' lang='lat' dir='ltr'><strong>ea</strong></span> <span class='ocrx_word' id='word_1_409' title='bbox 1949 5018 2067 5072; x_wconf 71' lang='lat' dir='ltr'><strong>qua</strong></span> 
     </span>
    </p>
   </div>
   <div class='ocr_carea' id='block_1_53' title="bbox 481 5090 2067 5157">
    <p class='ocr_par' dir='ltr' id='par_1_53' title="bbox 481 5090 2067 5157">
     <span class='ocr_line' id='line_1_53' title="bbox 481 5090 2067 5157; baseline 0.003 -11"><span class='ocrx_word' id='word_1_410' title='bbox 481 5105 588 5146; x_wconf 78' lang='lat' dir='ltr'><strong>non</strong></span> <span class='ocrx_word' id='word_1_411' title='bbox 618 5090 983 5155; x_wconf 76' lang='lat' dir='ltr'><strong>intellexisset,</strong></span> <span class='ocrx_word' id='word_1_412' title='bbox 1012 5097 1215 5146; x_wconf 84' lang='lat' dir='ltr'><strong>temere</strong></span> <span class='ocrx_word' id='word_1_413' title='bbox 1244 5090 1480 5147; x_wconf 82' lang='lat' dir='ltr'><strong>doceret.</strong></span> <span class='ocrx_word' id='word_1_414' title='bbox 1510 5091 1720 5157; x_wconf 83' lang='lat' dir='ltr'><strong>Quanto</strong></span> <span class='ocrx_word' id='word_1_415' title='bbox 1745 5107 1872 5146; x_wconf 84' lang='lat' dir='ltr'><strong>vero</strong></span> <span class='ocrx_word' id='word_1_416' title='bbox 1893 5092 2067 5150; x_wconf 89' lang='lat' dir='ltr'><strong>minus</strong></span> 
     </span>
    </p>
   </div>
   <div class='ocr_carea' id='block_1_54' title="bbox 482 5182 2067 5255">
    <p class='ocr_par' dir='ltr' id='par_1_54' title="bbox 482 5182 2067 5255">
     <span class='ocr_line' id='line_1_54' title="bbox 482 5182 2067 5255; baseline 0.002 -17"><span class='ocrx_word' id='word_1_417' title='bbox 482 5182 627 5238; x_wconf 89' lang='lat' dir='ltr'><strong>credi</strong></span> <span class='ocrx_word' id='word_1_418' title='bbox 656 5191 879 5253; x_wconf 84' lang='lat' dir='ltr'><strong>poterat.</strong></span> <span class='ocrx_word' id='word_1_419' title='bbox 902 5197 1028 5238; x_wconf 88' lang='lat' dir='ltr'><strong>eum</strong></span> <span class='ocrx_word' id='word_1_420' title='bbox 1045 5183 1244 5253; x_wconf 88' lang='lat' dir='ltr'><strong>Spiritu</strong></span> <span class='ocrx_word' id='word_1_421' title='bbox 1265 5183 1448 5239; x_wconf 86' lang='lat' dir='ltr'><strong>divino</strong></span> <span class='ocrx_word' id='word_1_422' title='bbox 1467 5183 1654 5246; x_wconf 81' lang='lat' dir='ltr'><strong>amari,</strong></span> <span class='ocrx_word' id='word_1_423' title='bbox 1680 5191 1773 5238; x_wconf 88' lang='lat' dir='ltr'><strong>aut</strong></span> <span class='ocrx_word' id='word_1_424' title='bbox 1792 5184 1932 5254; x_wconf 88' lang='lat' dir='ltr'><strong>quod</strong></span> <span class='ocrx_word' id='word_1_425' title='bbox 1955 5185 2067 5255; x_wconf 86' lang='lat' dir='ltr'><strong>ipse</strong></span> 
     </span>
    </p>
   </div>
   <div class='ocr_carea' id='block_1_55' title="bbox 483 5274 2069 5346">
    <p class='ocr_par' dir='ltr' id='par_1_55' title="bbox 483 5274 2069 5346">
     <span class='ocr_line' id='line_1_55' title="bbox 483 5274 2069 5346; baseline 0.004 -19"><span class='ocrx_word' id='word_1_426' title='bbox 483 5275 721 5329; x_wconf 86' lang='lat' dir='ltr'><strong>omnium</strong></span> <span class='ocrx_word' id='word_1_427' title='bbox 756 5274 989 5330; x_wconf 77' lang='lat' dir='ltr'><strong>maxime</strong></span> <span class='ocrx_word' id='word_1_428' title='bbox 1024 5274 1325 5331; x_wconf 78' lang='lat' dir='ltr'><strong>existimari</strong></span> <span class='ocrx_word' id='word_1_429' title='bbox 1355 5275 1632 5346; x_wconf 78' lang='lat' dir='ltr'><strong>cupiebat,</strong></span> <span class='ocrx_word' id='word_1_430' title='bbox 1663 5276 1920 5345; x_wconf 83' lang='lat' dir='ltr'><strong>Spiritum</strong></span> <span class='ocrx_word' id='word_1_431' title='bbox 1947 5295 2069 5333; x_wconf 86' lang='lat' dir='ltr'><strong>san-</strong></span> 
     </span>
    </p>
   </div>
   <div class='ocr_carea' id='block_1_56' title="bbox 484 5368 2068 5439">
    <p class='ocr_par' dir='ltr' id='par_1_56' title="bbox 484 5368 2068 5439">
     <span class='ocr_line' id='line_1_56' title="bbox 484 5368 2068 5439; baseline 0.004 -18"><span class='ocrx_word' id='word_1_432' title='bbox 484 5377 631 5421; x_wconf 89' lang='lat' dir='ltr'><strong>ctum</strong></span> <span class='ocrx_word' id='word_1_433' title='bbox 654 5368 968 5423; x_wconf 87' lang='lat' dir='ltr'><strong>auctoritate</strong></span> <span class='ocrx_word' id='word_1_434' title='bbox 996 5369 1234 5439; x_wconf 84' lang='lat' dir='ltr'><strong>plenaria</strong></span> <span class='ocrx_word' id='word_1_435' title='bbox 1273 5370 1625 5439; x_wconf 79' lang='lat' dir='ltr'><strong>personaliter</strong></span> <span class='ocrx_word' id='word_1_436' title='bbox 1659 5371 1713 5424; x_wconf 88' lang='lat' dir='ltr'><strong>in</strong></span> <span class='ocrx_word' id='word_1_437' title='bbox 1736 5385 1803 5427; x_wconf 88' lang='lat' dir='ltr'><strong>eo</strong></span> <span class='ocrx_word' id='word_1_438' title='bbox 1831 5372 2068 5429; x_wconf 84' lang='lat' dir='ltr'><strong>residere</strong></span> 
     </span>
    </p>
   </div>
   <div class='ocr_carea' id='block_1_57' title="bbox 487 5457 2070 5531">
    <p class='ocr_par' dir='ltr' id='par_1_57' title="bbox 487 5457 2070 5531">
     <span class='ocr_line' id='line_1_57' title="bbox 487 5457 2070 5531; baseline 0.006 -22"><span class='ocrx_word' id='word_1_439' title='bbox 487 5457 669 5524; x_wconf 56' lang='lat' dir='ltr'><strong>(Ibit,</strong></span> <span class='ocrx_word' id='word_1_440' title='bbox 698 5474 813 5529; x_wconf 77' lang='lat' dir='ltr'><strong>cap.</strong></span> <span class='ocrx_word' id='word_1_441' title='bbox 841 5457 898 5525; x_wconf 81' lang='lat'><strong>5,</strong></span> <span class='ocrx_word' id='word_1_442' title='bbox 927 5476 980 5513; x_wconf 71' lang='grc' dir='ltr'><strong>ιι.</strong></span> <span class='ocrx_word' id='word_1_443' title='bbox 1005 5458 1088 5528; x_wconf 84' lang='lat'><strong>8),</strong></span> <span class='ocrx_word' id='word_1_444' title='bbox 1120 5460 1210 5531; x_wconf 86' lang='lat' dir='ltr'><strong>qui</strong></span> <span class='ocrx_word' id='word_1_445' title='bbox 1237 5460 1295 5514; x_wconf 84' lang='lat' dir='ltr'><strong>in</strong></span> <span class='ocrx_word' id='word_1_446' title='bbox 1316 5459 1477 5516; x_wconf 86' lang='lat' dir='ltr'><strong>rebus</strong></span> <span class='ocrx_word' id='word_1_447' title='bbox 1513 5461 1703 5531; x_wconf 87' lang='lat' dir='ltr'><strong>cuique</strong></span> <span class='ocrx_word' id='word_1_448' title='bbox 1729 5461 2070 5518; x_wconf 82' lang='lat' dir='ltr'><strong>mediocriter</strong></span> 
     </span>
    </p>
   </div>
   <div class='ocr_carea' id='block_1_58' title="bbox 486 5549 2071 5622">
    <p class='ocr_par' dir='ltr' id='par_1_58' title="bbox 486 5549 2071 5622">
     <span class='ocr_line' id='line_1_58' title="bbox 486 5549 2071 5622; baseline 0.006 -21"><span class='ocrx_word' id='word_1_449' title='bbox 486 5549 695 5604; x_wconf 84' lang='lat' dir='ltr'><strong>erudito</strong></span> <span class='ocrx_word' id='word_1_450' title='bbox 724 5551 920 5621; x_wconf 80' lang='lat' dir='ltr'><strong>perviis</strong></span> <span class='ocrx_word' id='word_1_451' title='bbox 955 5551 1094 5607; x_wconf 87' lang='lat' dir='ltr'><strong>adeo</strong></span> <span class='ocrx_word' id='word_1_452' title='bbox 1122 5552 1351 5622; x_wconf 79' lang='lat' dir='ltr'><strong>turpiter</strong></span> <span class='ocrx_word' id='word_1_453' title='bbox 1373 5553 1780 5622; x_wconf 78' lang='lat' dir='ltr'><strong>ellucinabalur,</strong></span> <span class='ocrx_word' id='word_1_454' title='bbox 1813 5565 1871 5610; x_wconf 76' lang='lat' dir='ltr'><strong>ut</strong></span> <span class='ocrx_word' id='word_1_455' title='bbox 1898 5571 2071 5611; x_wconf 60' lang='lat' dir='ltr'><strong>caecu-</strong></span> 
     </span>
    </p>
   </div>
   <div class='ocr_carea' id='block_1_59' title="bbox 489 5640 2068 5713">
    <p class='ocr_par' dir='ltr' id='par_1_59' title="bbox 489 5640 2068 5713">
     <span class='ocr_line' id='line_1_59' title="bbox 489 5640 2068 5713; baseline 0.006 -21"><span class='ocrx_word' id='word_1_456' title='bbox 489 5648 586 5693; x_wconf 83' lang='lat' dir='ltr'><strong>nre</strong></span> <span class='ocrx_word' id='word_1_457' title='bbox 614 5640 792 5708; x_wconf 79' lang='lat' dir='ltr'><strong>potius</strong></span> <span class='ocrx_word' id='word_1_458' title='bbox 824 5655 987 5711; x_wconf 83' lang='lat' dir='ltr'><strong>quam</strong></span> <span class='ocrx_word' id='word_1_459' title='bbox 1023 5643 1255 5713; x_wconf 63' lang='lat' dir='ltr'><strong>alligare</strong></span> <span class='ocrx_word' id='word_1_460' title='bbox 1285 5643 1591 5700; x_wconf 80' lang='lat' dir='ltr'><strong>videretur?</strong></span> <span class='ocrx_word' id='word_1_461' title='bbox 1620 5645 1833 5702; x_wconf 78' lang='lat' dir='ltr'><strong>Interim</strong></span> <span class='ocrx_word' id='word_1_462' title='bbox 1861 5648 1910 5704; x_wconf 85' lang='lat' dir='ltr'><strong>ei</strong></span> <span class='ocrx_word' id='word_1_463' title='bbox 1947 5662 2068 5702; x_wconf 56' lang='lat' dir='ltr'><strong>ore.</strong></span> 
     </span>
    </p>
   </div>
   <div class='ocr_carea' id='block_1_60' title="bbox 488 5728 2067 5805">
    <p class='ocr_par' dir='ltr' id='par_1_60' title="bbox 488 5728 2067 5805">
     <span class='ocr_line' id='line_1_60' title="bbox 488 5728 2067 5805; baseline 0.006 -23"><span class='ocrx_word' id='word_1_464' title='bbox 488 5728 613 5784; x_wconf 72' lang='lat' dir='ltr'><strong>dere</strong></span> <span class='ocrx_word' id='word_1_465' title='bbox 635 5731 923 5801; x_wconf 70' lang='lat' dir='ltr'><strong>jubebatur</strong></span> <span class='ocrx_word' id='word_1_466' title='bbox 951 5732 1271 5804; x_wconf 79' lang='lat' dir='ltr'><strong>Augustinus</strong></span> <span class='ocrx_word' id='word_1_467' title='bbox 1290 5774 1305 5803; x_wconf 92' lang='lat'><strong>,</strong></span> <span class='ocrx_word' id='word_1_468' title='bbox 1336 5734 1434 5791; x_wconf 71' lang='lat' dir='ltr'><strong>etsi</strong></span> <span class='ocrx_word' id='word_1_469' title='bbox 1473 5734 1549 5789; x_wconf 79' lang='lat' dir='ltr'><strong>eis</strong></span> <span class='ocrx_word' id='word_1_470' title='bbox 1579 5736 1902 5801; x_wconf 76' lang='lat' dir='ltr'><strong>rationibus,</strong></span> <span class='ocrx_word' id='word_1_471' title='bbox 1934 5750 2067 5805; x_wconf 63' lang='lat' dir='ltr'><strong>mtas</strong></span> 
     </span>
    </p>
   </div>
   <div class='ocr_carea' id='block_1_61' title="bbox 2157 428 3744 504">
    <p class='ocr_par' dir='ltr' id='par_1_61' title="bbox 2157 428 3744 504">
     <span class='ocr_line' id='line_1_61' title="bbox 2157 428 3744 504; baseline 0.01 -23"><span class='ocrx_word' id='word_1_472' title='bbox 2157 434 2212 481; x_wconf 87' lang='lat' dir='ltr'><strong>et</strong></span> <span class='ocrx_word' id='word_1_473' title='bbox 2236 428 2474 483; x_wconf 85' lang='lat' dir='ltr'><strong>numeris</strong></span> <span class='ocrx_word' id='word_1_474' title='bbox 2497 436 2553 485; x_wconf 88' lang='lat' dir='ltr'><strong>et</strong></span> <span class='ocrx_word' id='word_1_475' title='bbox 2592 429 2759 485; x_wconf 83' lang='lat' dir='ltr'><strong>oculis</strong></span> <span class='ocrx_word' id='word_1_476' title='bbox 2787 432 2900 486; x_wconf 83' lang='lat' dir='ltr'><strong>suis</strong></span> <span class='ocrx_word' id='word_1_477' title='bbox 2921 432 3225 502; x_wconf 69' lang='lat' dir='ltr'><strong>exploratas</strong></span> <span class='ocrx_word' id='word_1_478' title='bbox 3263 432 3521 504; x_wconf 71' lang='lat' dir='ltr'><strong>habebat,</strong></span> <span class='ocrx_word' id='word_1_479' title='bbox 3562 452 3744 497; x_wconf 70' lang='lat' dir='ltr'><strong>neuti-</strong></span> 
     </span>
    </p>
   </div>
   <div class='ocr_carea' id='block_1_62' title="bbox 2156 517 3743 597">
    <p class='ocr_par' dir='ltr' id='par_1_62' title="bbox 2156 517 3743 597">
     <span class='ocr_line' id='line_1_62' title="bbox 2156 517 3743 597; baseline 0.011 -28"><span class='ocrx_word' id='word_1_480' title='bbox 2156 532 2315 586; x_wconf 84' lang='lat' dir='ltr'><strong>quam</strong></span> <span class='ocrx_word' id='word_1_481' title='bbox 2343 517 2678 574; x_wconf 67' lang='lat' dir='ltr'><strong>colsmrerent</strong></span> <span class='ocrx_word' id='word_1_482' title='bbox 2715 519 2993 577; x_wconf 73' lang='lat' dir='ltr'><strong>Manicbtei</strong></span> <span class='ocrx_word' id='word_1_483' title='bbox 3028 522 3222 580; x_wconf 61' lang='lat' dir='ltr'><strong>tabula</strong></span> <span class='ocrx_word' id='word_1_484' title='bbox 3240 566 3261 591; x_wconf 87' lang='lat'><strong>,</strong></span> <span class='ocrx_word' id='word_1_485' title='bbox 3284 525 3400 582; x_wconf 77' lang='lat' dir='ltr'><strong>into</strong></span> <span class='ocrx_word' id='word_1_486' title='bbox 3422 541 3643 597; x_wconf 83' lang='lat' dir='ltr'><strong>prorsus</strong></span> <span class='ocrx_word' id='word_1_487' title='bbox 3670 530 3743 588; x_wconf 79' lang='lat' dir='ltr'><strong>ab</strong></span> 
     </span>
    </p>
   </div>
   <div class='ocr_carea' id='block_1_63' title="bbox 2157 606 3740 688">
    <p class='ocr_par' dir='ltr' id='par_1_63' title="bbox 2157 606 3740 688">
     <span class='ocr_line' id='line_1_63' title="bbox 2157 606 3740 688; baseline 0.008 -26"><span class='ocrx_word' id='word_1_488' title='bbox 2157 606 2242 662; x_wconf 87' lang='lat' dir='ltr'><strong>eis</strong></span> <span class='ocrx_word' id='word_1_489' title='bbox 2285 607 2667 678; x_wconf 77' lang='lat' dir='ltr'><strong>discreparent.</strong></span> <span class='ocrx_word' id='word_1_490' title='bbox 2709 609 2953 669; x_wconf 85' lang='lat' dir='ltr'><strong>Nondum</strong></span> <span class='ocrx_word' id='word_1_491' title='bbox 2990 622 3167 670; x_wconf 85' lang='lat' dir='ltr'><strong>tamen</strong></span> <span class='ocrx_word' id='word_1_492' title='bbox 3203 616 3335 671; x_wconf 87' lang='lat' dir='ltr'><strong>satis</strong></span> <span class='ocrx_word' id='word_1_493' title='bbox 3372 630 3740 688; x_wconf 87' lang='lat' dir='ltr'><strong>compererat,</strong></span> 
     </span>
    </p>
   </div>
   <div class='ocr_carea' id='block_1_64' title="bbox 2159 700 3742 783">
    <p class='ocr_par' dir='ltr' id='par_1_64' title="bbox 2159 700 3742 783">
     <span class='ocr_line' id='line_1_64' title="bbox 2159 700 3742 783; baseline 0.009 -31"><span class='ocrx_word' id='word_1_494' title='bbox 2159 708 2335 752; x_wconf 88' lang='lat' dir='ltr'><strong>utrum</strong></span> <span class='ocrx_word' id='word_1_495' title='bbox 2353 701 2512 755; x_wconf 88' lang='lat' dir='ltr'><strong>etiam</strong></span> <span class='ocrx_word' id='word_1_496' title='bbox 2533 700 2823 757; x_wconf 87' lang='lat' dir='ltr'><strong>secundum</strong></span> <span class='ocrx_word' id='word_1_497' title='bbox 2844 702 3118 759; x_wconf 73' lang='lat' dir='ltr'><strong>Mauicltrci</strong></span> <span class='ocrx_word' id='word_1_498' title='bbox 3143 706 3325 774; x_wconf 84' lang='lat' dir='ltr'><strong>verba,</strong></span> <span class='ocrx_word' id='word_1_499' title='bbox 3349 708 3742 783; x_wconf 70' lang='lat' dir='ltr'><strong>vicissitudines</strong></span> 
     </span>
    </p>
   </div>
   <div class='ocr_carea' id='block_1_65' title="bbox 2162 790 3746 870">
    <p class='ocr_par' dir='ltr' id='par_1_65' title="bbox 2162 790 3746 870">
     <span class='ocr_line' id='line_1_65' title="bbox 2162 790 3746 870; baseline 0.009 -26"><span class='ocrx_word' id='word_1_500' title='bbox 2162 790 2456 860; x_wconf 79' lang='lat' dir='ltr'><strong>longiorum</strong></span> <span class='ocrx_word' id='word_1_501' title='bbox 2487 800 2543 846; x_wconf 90' lang='lat' dir='ltr'><strong>et</strong></span> <span class='ocrx_word' id='word_1_502' title='bbox 2583 792 2888 849; x_wconf 88' lang='lat' dir='ltr'><strong>breviorum</strong></span> <span class='ocrx_word' id='word_1_503' title='bbox 2929 794 3135 851; x_wconf 89' lang='lat' dir='ltr'><strong>dierum</strong></span> <span class='ocrx_word' id='word_1_504' title='bbox 3172 806 3330 870; x_wconf 86' lang='lat' dir='ltr'><strong>atque</strong></span> <span class='ocrx_word' id='word_1_505' title='bbox 3372 801 3641 869; x_wconf 89' lang='lat' dir='ltr'><strong>noctium,</strong></span> <span class='ocrx_word' id='word_1_506' title='bbox 3688 811 3746 858; x_wconf 88' lang='lat' dir='ltr'><strong>et</strong></span> 
     </span>
    </p>
   </div>
   <div class='ocr_carea' id='block_1_66' title="bbox 2161 881 3747 965">
    <p class='ocr_par' dir='ltr' id='par_1_66' title="bbox 2161 881 3747 965">
     <span class='ocr_line' id='line_1_66' title="bbox 2161 881 3747 965; baseline 0.009 -29"><span class='ocrx_word' id='word_1_507' title='bbox 2161 881 2325 950; x_wconf 90' lang='lat' dir='ltr'><strong>ipsius</strong></span> <span class='ocrx_word' id='word_1_508' title='bbox 2352 883 2522 937; x_wconf 89' lang='lat' dir='ltr'><strong>noctis</strong></span> <span class='ocrx_word' id='word_1_509' title='bbox 2548 891 2603 939; x_wconf 90' lang='lat' dir='ltr'><strong>et</strong></span> <span class='ocrx_word' id='word_1_510' title='bbox 2623 884 2753 952; x_wconf 91' lang='lat' dir='ltr'><strong>diei,</strong></span> <span class='ocrx_word' id='word_1_511' title='bbox 2785 897 2839 942; x_wconf 87' lang='lat' dir='ltr'><strong>et</strong></span> <span class='ocrx_word' id='word_1_512' title='bbox 2863 886 3089 958; x_wconf 78' lang='lat' dir='ltr'><strong>deliquio</strong></span> <span class='ocrx_word' id='word_1_513' title='bbox 3120 889 3377 947; x_wconf 89' lang='lat' dir='ltr'><strong>luminum</strong></span> <span class='ocrx_word' id='word_1_514' title='bbox 3397 931 3413 956; x_wconf 95' lang='lat'><strong>,</strong></span> <span class='ocrx_word' id='word_1_515' title='bbox 3452 900 3511 949; x_wconf 86' lang='lat' dir='ltr'><strong>et</strong></span> <span class='ocrx_word' id='word_1_516' title='bbox 3547 894 3591 948; x_wconf 91' lang='lat' dir='ltr'><strong>si</strong></span> <span class='ocrx_word' id='word_1_517' title='bbox 3617 894 3747 965; x_wconf 84' lang='lat' dir='ltr'><strong>quid</strong></span> 
     </span>
    </p>
   </div>
   <div class='ocr_carea' id='block_1_67' title="bbox 2159 973 3748 1059">
    <p class='ocr_par' dir='ltr' id='par_1_67' title="bbox 2159 973 3748 1059">
     <span class='ocr_line' id='line_1_67' title="bbox 2159 973 3748 1059; baseline 0.009 -31"><span class='ocrx_word' id='word_1_518' title='bbox 2159 973 2422 1043; x_wconf 76' lang='lat' dir='ltr'><strong>ejusmodi</strong></span> <span class='ocrx_word' id='word_1_519' title='bbox 2449 976 2501 1030; x_wconf 90' lang='lat' dir='ltr'><strong>in</strong></span> <span class='ocrx_word' id='word_1_520' title='bbox 2532 976 2651 1030; x_wconf 86' lang='lat' dir='ltr'><strong>aliis</strong></span> <span class='ocrx_word' id='word_1_521' title='bbox 2674 977 2824 1035; x_wconf 83' lang='lat' dir='ltr'><strong>libris</strong></span> <span class='ocrx_word' id='word_1_522' title='bbox 2851 980 3090 1051; x_wconf 79' lang='lat' dir='ltr'><strong>legerat,</strong></span> <span class='ocrx_word' id='word_1_523' title='bbox 3121 993 3302 1052; x_wconf 85' lang='lat' dir='ltr'><strong>posset</strong></span> <span class='ocrx_word' id='word_1_524' title='bbox 3333 987 3525 1057; x_wconf 79' lang='lat' dir='ltr'><strong>exponi</strong></span> <span class='ocrx_word' id='word_1_525' title='bbox 3544 985 3748 1059; x_wconf 78' lang='lat' dir='ltr'><strong>(lbid.,</strong></span> 
     </span>
    </p>
   </div>
   <div class='ocr_carea' id='block_1_68' title="bbox 2160 1064 3748 1147">
    <p class='ocr_par' dir='ltr' id='par_1_68' title="bbox 2160 1064 3748 1147">
     <span class='ocr_line' id='line_1_68' title="bbox 2160 1064 3748 1147; baseline 0.013 -30"><span class='ocrx_word' id='word_1_526' title='bbox 2160 1080 2214 1118; x_wconf 91' lang='lat' dir='ltr'><strong>n.</strong></span> <span class='ocrx_word' id='word_1_527' title='bbox 2241 1064 2320 1133; x_wconf 89' lang='lat'><strong>9).</strong></span> <span class='ocrx_word' id='word_1_528' title='bbox 2350 1064 2686 1136; x_wconf 82' lang='lat' dir='ltr'><strong>Quapropter</strong></span> <span class='ocrx_word' id='word_1_529' title='bbox 2710 1070 2993 1127; x_wconf 86' lang='lat' dir='ltr'><strong>adventum</strong></span> <span class='ocrx_word' id='word_1_530' title='bbox 3022 1074 3233 1143; x_wconf 87' lang='lat' dir='ltr'><strong>Fausti,</strong></span> <span class='ocrx_word' id='word_1_531' title='bbox 3276 1078 3365 1147; x_wconf 92' lang='lat' dir='ltr'><strong>qui</strong></span> <span class='ocrx_word' id='word_1_532' title='bbox 3401 1078 3748 1137; x_wconf 69' lang='lat' dir='ltr'><strong>honestarum</strong></span> 
     </span>
    </p>
   </div>
   <div class='ocr_carea' id='block_1_69' title="bbox 2160 1157 3747 1239">
    <p class='ocr_par' dir='ltr' id='par_1_69' title="bbox 2160 1157 3747 1239">
     <span class='ocr_line' id='line_1_69' title="bbox 2160 1157 3747 1239; baseline 0.011 -30"><span class='ocrx_word' id='word_1_533' title='bbox 2160 1157 2395 1211; x_wconf 88' lang='lat' dir='ltr'><strong>omnium</strong></span> <span class='ocrx_word' id='word_1_534' title='bbox 2418 1158 2819 1227; x_wconf 83' lang='lat' dir='ltr'><strong>disciplinarum</strong></span> <span class='ocrx_word' id='word_1_535' title='bbox 2848 1165 3202 1231; x_wconf 61' lang='lat' dir='ltr'><strong>peritisaimus</strong></span> <span class='ocrx_word' id='word_1_536' title='bbox 3227 1178 3282 1223; x_wconf 85' lang='lat' dir='ltr'><strong>et</strong></span> <span class='ocrx_word' id='word_1_537' title='bbox 3313 1171 3553 1239; x_wconf 84' lang='lat' dir='ltr'><strong>apprime</strong></span> <span class='ocrx_word' id='word_1_538' title='bbox 3577 1172 3747 1229; x_wconf 79' lang='lat' dir='ltr'><strong>disci-</strong></span> 
     </span>
    </p>
   </div>
   <div class='ocr_carea' id='block_1_70' title="bbox 2160 1246 3750 1326">
    <p class='ocr_par' dir='ltr' id='par_1_70' title="bbox 2160 1246 3750 1326">
     <span class='ocr_line' id='line_1_70' title="bbox 2160 1246 3750 1326; baseline 0.015 -27"><span class='ocrx_word' id='word_1_539' title='bbox 2160 1246 2317 1315; x_wconf 84' lang='lat' dir='ltr'><strong>plinis</strong></span> <span class='ocrx_word' id='word_1_540' title='bbox 2359 1248 2663 1305; x_wconf 79' lang='lat' dir='ltr'><strong>liberalibus</strong></span> <span class='ocrx_word' id='word_1_541' title='bbox 2695 1253 2939 1310; x_wconf 83' lang='lat' dir='ltr'><strong>eruditus</strong></span> <span class='ocrx_word' id='word_1_542' title='bbox 2967 1256 3291 1326; x_wconf 78' lang='lat' dir='ltr'><strong>habebatur,</strong></span> <span class='ocrx_word' id='word_1_543' title='bbox 3324 1262 3529 1316; x_wconf 86' lang='lat' dir='ltr'><strong>ardenti</strong></span> <span class='ocrx_word' id='word_1_544' title='bbox 3568 1264 3750 1323; x_wconf 83' lang='lat' dir='ltr'><strong>studio</strong></span> 
     </span>
    </p>
   </div>
   <div class='ocr_carea' id='block_1_71' title="bbox 2161 1339 3746 1419">
    <p class='ocr_par' dir='ltr' id='par_1_71' title="bbox 2161 1339 3746 1419">
     <span class='ocr_line' id='line_1_71' title="bbox 2161 1339 3746 1419; baseline 0.011 -29"><span class='ocrx_word' id='word_1_545' title='bbox 2161 1339 2501 1406; x_wconf 79' lang='lat' dir='ltr'><strong>exspectabat</strong></span> <span class='ocrx_word' id='word_1_546' title='bbox 2525 1339 2706 1410; x_wconf 86' lang='lat' dir='ltr'><strong>(lbid.,</strong></span> <span class='ocrx_word' id='word_1_547' title='bbox 2726 1359 2842 1413; x_wconf 82' lang='lat' dir='ltr'><strong>cap.</strong></span> <span class='ocrx_word' id='word_1_548' title='bbox 2872 1343 2925 1410; x_wconf 85' lang='lat'><strong>6,</strong></span> <span class='ocrx_word' id='word_1_549' title='bbox 2951 1362 3004 1399; x_wconf 91' lang='lat' dir='ltr'><strong>n.</strong></span> <span class='ocrx_word' id='word_1_550' title='bbox 3032 1346 3142 1419; x_wconf 84' lang='grc'><strong>10).</strong></span> <span class='ocrx_word' id='word_1_551' title='bbox 3171 1349 3366 1406; x_wconf 72' lang='lat' dir='ltr'><strong>Cmteri</strong></span> <span class='ocrx_word' id='word_1_552' title='bbox 3399 1352 3542 1407; x_wconf 87' lang='lat' dir='ltr'><strong>enim</strong></span> <span class='ocrx_word' id='word_1_553' title='bbox 3582 1353 3746 1408; x_wconf 74' lang='lat' dir='ltr'><strong>Mani-</strong></span> 
     </span>
    </p>
   </div>
   <div class='ocr_carea' id='block_1_72' title="bbox 2160 1429 3751 1513">
    <p class='ocr_par' dir='ltr' id='par_1_72' title="bbox 2160 1429 3751 1513">
     <span class='ocr_line' id='line_1_72' title="bbox 2160 1429 3751 1513; baseline 0.01 -30"><span class='ocrx_word' id='word_1_554' title='bbox 2160 1429 2297 1483; x_wconf 74' lang='lat' dir='ltr'><strong>clnei</strong></span> <span class='ocrx_word' id='word_1_555' title='bbox 2320 1431 2590 1486; x_wconf 84' lang='lat' dir='ltr'><strong>solvendis</strong></span> <span class='ocrx_word' id='word_1_556' title='bbox 2613 1432 2728 1502; x_wconf 82' lang='lat' dir='ltr'><strong>ejus</strong></span> <span class='ocrx_word' id='word_1_557' title='bbox 2756 1437 3142 1503; x_wconf 68' lang='lat' dir='ltr'><strong>quaestionibus</strong></span> <span class='ocrx_word' id='word_1_558' title='bbox 3176 1439 3411 1511; x_wconf 84' lang='lat' dir='ltr'><strong>impares</strong></span> <span class='ocrx_word' id='word_1_559' title='bbox 3431 1483 3447 1507; x_wconf 91' lang='lat'><strong>,</strong></span> <span class='ocrx_word' id='word_1_560' title='bbox 3478 1441 3621 1498; x_wconf 85' lang='lat' dir='ltr'><strong>hunc</strong></span> <span class='ocrx_word' id='word_1_561' title='bbox 3646 1443 3751 1513; x_wconf 84' lang='lat' dir='ltr'><strong>ipsi</strong></span> 
     </span>
    </p>
   </div>
   <div class='ocr_carea' id='block_1_73' title="bbox 2162 1519 3753 1603">
    <p class='ocr_par' dir='ltr' id='par_1_73' title="bbox 2162 1519 3753 1603">
     <span class='ocr_line' id='line_1_73' title="bbox 2162 1519 3753 1603; baseline 0.013 -32"><span class='ocrx_word' id='word_1_562' title='bbox 2162 1519 2372 1574; x_wconf 83' lang='lat' dir='ltr'><strong>assidue</strong></span> <span class='ocrx_word' id='word_1_563' title='bbox 2400 1524 2798 1591; x_wconf 86' lang='lat' dir='ltr'><strong>promittebant,</strong></span> <span class='ocrx_word' id='word_1_564' title='bbox 2826 1527 2979 1596; x_wconf 86' lang='lat' dir='ltr'><strong>cujus</strong></span> <span class='ocrx_word' id='word_1_565' title='bbox 2999 1528 3229 1585; x_wconf 84' lang='lat' dir='ltr'><strong>adventu</strong></span> <span class='ocrx_word' id='word_1_566' title='bbox 3256 1532 3554 1603; x_wconf 81' lang='lat' dir='ltr'><strong>collatoque</strong></span> <span class='ocrx_word' id='word_1_567' title='bbox 3581 1535 3753 1591; x_wconf 85' lang='lat' dir='ltr'><strong>collo-</strong></span> 
     </span>
    </p>
   </div>
   <div class='ocr_carea' id='block_1_74' title="bbox 2162 1609 3755 1693">
    <p class='ocr_par' dir='ltr' id='par_1_74' title="bbox 2162 1609 3755 1693">
     <span class='ocr_line' id='line_1_74' title="bbox 2162 1609 3755 1693; baseline 0.013 -32"><span class='ocrx_word' id='word_1_568' title='bbox 2162 1609 2303 1679; x_wconf 82' lang='lat' dir='ltr'><strong>quin,</strong></span> <span class='ocrx_word' id='word_1_569' title='bbox 2333 1627 2436 1666; x_wconf 87' lang='lat' dir='ltr'><strong>non</strong></span> <span class='ocrx_word' id='word_1_570' title='bbox 2459 1614 2631 1669; x_wconf 86' lang='lat' dir='ltr'><strong>solum</strong></span> <span class='ocrx_word' id='word_1_571' title='bbox 2662 1633 2847 1673; x_wconf 87' lang='lat' dir='ltr'><strong>omnes</strong></span> <span class='ocrx_word' id='word_1_572' title='bbox 2879 1633 3060 1674; x_wconf 85' lang='lat' dir='ltr'><strong>rerum</strong></span> <span class='ocrx_word' id='word_1_573' title='bbox 3085 1626 3568 1679; x_wconf 82' lang='lat' dir='ltr'><strong>astronomicarum</strong></span> <span class='ocrx_word' id='word_1_574' title='bbox 3592 1625 3755 1693; x_wconf 66' lang='lat' dir='ltr'><strong>nodi.</strong></span> 
     </span>
    </p>
   </div>
   <div class='ocr_carea' id='block_1_75' title="bbox 2162 1701 3757 1783">
    <p class='ocr_par' dir='ltr' id='par_1_75' title="bbox 2162 1701 3757 1783">
     <span class='ocr_line' id='line_1_75' title="bbox 2162 1701 3757 1783; baseline 0.012 -29"><span class='ocrx_word' id='word_1_575' title='bbox 2162 1701 2252 1754; x_wconf 88' lang='lat' dir='ltr'><strong>sed</strong></span> <span class='ocrx_word' id='word_1_576' title='bbox 2283 1704 2444 1757; x_wconf 88' lang='lat' dir='ltr'><strong>etiam</strong></span> <span class='ocrx_word' id='word_1_577' title='bbox 2481 1706 2828 1777; x_wconf 85' lang='lat' dir='ltr'><strong>quicumque,</strong></span> <span class='ocrx_word' id='word_1_578' title='bbox 2871 1711 2952 1765; x_wconf 81' lang='lat' dir='ltr'><strong>vel</strong></span> <span class='ocrx_word' id='word_1_579' title='bbox 2994 1711 3112 1765; x_wconf 87' lang='lat' dir='ltr'><strong>istis</strong></span> <span class='ocrx_word' id='word_1_580' title='bbox 3156 1712 3315 1783; x_wconf 78' lang='lat' dir='ltr'><strong>longe</strong></span> <span class='ocrx_word' id='word_1_581' title='bbox 3355 1714 3757 1780; x_wconf 62' lang='lat' dir='ltr'><strong>intricatiores.</strong></span> 
     </span>
    </p>
   </div>
   <div class='ocr_carea' id='block_1_76' title="bbox 2162 1792 3749 1878">
    <p class='ocr_par' dir='ltr' id='par_1_76' title="bbox 2162 1792 3749 1878">
     <span class='ocr_line' id='line_1_76' title="bbox 2162 1792 3749 1878; baseline 0.011 -33"><span class='ocrx_word' id='word_1_582' title='bbox 2162 1792 2327 1861; x_wconf 72' lang='lat' dir='ltr'><strong>ipsius</strong></span> <span class='ocrx_word' id='word_1_583' title='bbox 2362 1797 2543 1851; x_wconf 88' lang='lat' dir='ltr'><strong>animo</strong></span> <span class='ocrx_word' id='word_1_584' title='bbox 2578 1809 2796 1867; x_wconf 80' lang='lat' dir='ltr'><strong>possent</strong></span> <span class='ocrx_word' id='word_1_585' title='bbox 2829 1815 3144 1870; x_wconf 85' lang='lat' dir='ltr'><strong>occurrere,</strong></span> <span class='ocrx_word' id='word_1_586' title='bbox 3186 1803 3497 1874; x_wconf 81' lang='lat' dir='ltr'><strong>planissime</strong></span> <span class='ocrx_word' id='word_1_587' title='bbox 3519 1806 3749 1878; x_wconf 74' lang='lat' dir='ltr'><strong>expedi-</strong></span> 
     </span>
    </p>
   </div>
   <div class='ocr_carea' id='block_1_77' title="bbox 2162 1897 2367 1939">
    <p class='ocr_par' dir='ltr' id='par_1_77' title="bbox 2162 1897 2367 1939">
     <span class='ocr_line' id='line_1_77' title="bbox 2162 1897 2367 1939; baseline 0.01 -2"><span class='ocrx_word' id='word_1_588' title='bbox 2162 1897 2367 1939; x_wconf 64' lang='lat' dir='ltr'><strong>FCDIUI‘.</strong></span> 
     </span>
    </p>
   </div>
   <div class='ocr_carea' id='block_1_78' title="bbox 2231 1980 3758 2055">
    <p class='ocr_par' dir='ltr' id='par_1_78' title="bbox 2231 1980 3758 2055">
     <span class='ocr_line' id='line_1_78' title="bbox 2231 1980 3758 2055; baseline 0.01 -22"><span class='ocrx_word' id='word_1_589' title='bbox 2231 1980 2285 2034; x_wconf 68' lang='grc'><strong>1.</strong></span> <span class='ocrx_word' id='word_1_590' title='bbox 2327 1980 2553 2037; x_wconf 84' lang='lat' dir='ltr'><strong>Faustus</strong></span> <span class='ocrx_word' id='word_1_591' title='bbox 2593 1984 2692 2039; x_wconf 78' lang='lat' dir='ltr'><strong>iste</strong></span> <span class='ocrx_word' id='word_1_592' title='bbox 2732 1993 2892 2055; x_wconf 81' lang='lat' dir='ltr'><strong>gente</strong></span> <span class='ocrx_word' id='word_1_593' title='bbox 2934 1985 3103 2052; x_wconf 81' lang='lat' dir='ltr'><strong>Afer,</strong></span> <span class='ocrx_word' id='word_1_594' title='bbox 3149 1988 3363 2045; x_wconf 83' lang='lat' dir='ltr'><strong>civitate</strong></span> <span class='ocrx_word' id='word_1_595' title='bbox 3405 1990 3758 2048; x_wconf 73' lang='lat' dir='ltr'><strong>Milevitanus</strong></span> 
     </span>
    </p>
   </div>
   <div class='ocr_carea' id='block_1_79' title="bbox 2165 2071 3755 2151">
    <p class='ocr_par' dir='ltr' id='par_1_79' title="bbox 2165 2071 3755 2151">
     <span class='ocr_line' id='line_1_79' title="bbox 2165 2071 3755 2151; baseline 0.008 -26"><span class='ocrx_word' id='word_1_596' title='bbox 2165 2072 2183 2142; x_wconf 90' lang='lat'>(</span> <span class='ocrx_word' id='word_1_597' title='bbox 2210 2071 2399 2126; x_wconf 80' lang='lat' dir='ltr'><strong>Contra</strong></span> <span class='ocrx_word' id='word_1_598' title='bbox 2424 2073 2675 2129; x_wconf 84' lang='lat' dir='ltr'><strong>Faustum</strong></span> <span class='ocrx_word' id='word_1_599' title='bbox 2694 2117 2709 2140; x_wconf 97' lang='lat'><strong>,</strong></span> <span class='ocrx_word' id='word_1_600' title='bbox 2740 2077 2828 2131; x_wconf 89' lang='lat' dir='ltr'><strong>lib.</strong></span> <span class='ocrx_word' id='word_1_601' title='bbox 2863 2078 2889 2131; x_wconf 99' lang='grc'><strong>1</strong></span> <span class='ocrx_word' id='word_1_602' title='bbox 2912 2118 2927 2141; x_wconf 86' lang='grc'>,</span> <span class='ocrx_word' id='word_1_603' title='bbox 2956 2094 3073 2147; x_wconf 85' lang='lat' dir='ltr'><strong>cap.</strong></span> <span class='ocrx_word' id='word_1_604' title='bbox 3104 2081 3127 2132; x_wconf 87' lang='grc'><strong>1</strong></span> <span class='ocrx_word' id='word_1_605' title='bbox 3161 2079 3202 2150; x_wconf 93' lang='lat'><strong>),</strong></span> <span class='ocrx_word' id='word_1_606' title='bbox 3236 2080 3464 2136; x_wconf 89' lang='lat' dir='ltr'><strong>obscuro</strong></span> <span class='ocrx_word' id='word_1_607' title='bbox 3490 2091 3547 2137; x_wconf 85' lang='lat' dir='ltr'><strong>et</strong></span> <span class='ocrx_word' id='word_1_608' title='bbox 3573 2096 3755 2151; x_wconf 81' lang='lat' dir='ltr'><strong>egeuo</strong></span> 
     </span>
    </p>
   </div>
   <div class='ocr_carea' id='block_1_80' title="bbox 2166 2159 3761 2239">
    <p class='ocr_par' dir='ltr' id='par_1_80' title="bbox 2166 2159 3761 2239">
     <span class='ocr_line' id='line_1_80' title="bbox 2166 2159 3761 2239; baseline 0.009 -25"><span class='ocrx_word' id='word_1_609' title='bbox 2166 2159 2312 2230; x_wconf 62' lang='lat' dir='ltr'><strong>patre</strong></span> <span class='ocrx_word' id='word_1_610' title='bbox 2329 2175 2483 2218; x_wconf 89' lang='lat' dir='ltr'><strong>natus</strong></span> <span class='ocrx_word' id='word_1_611' title='bbox 2499 2163 2687 2234; x_wconf 86' lang='lat' dir='ltr'><strong>(lbid.,</strong></span> <span class='ocrx_word' id='word_1_612' title='bbox 2701 2167 2788 2219; x_wconf 88' lang='lat' dir='ltr'><strong>lib.</strong></span> <span class='ocrx_word' id='word_1_613' title='bbox 2809 2167 2862 2229; x_wconf 86' lang='lat'><strong>5.</strong></span> <span class='ocrx_word' id='word_1_614' title='bbox 2877 2184 2991 2238; x_wconf 87' lang='lat' dir='ltr'><strong>cap.</strong></span> <span class='ocrx_word' id='word_1_615' title='bbox 3008 2170 3044 2223; x_wconf 82' lang='grc'><strong>5</strong></span> <span class='ocrx_word' id='word_1_616' title='bbox 3059 2168 3098 2239; x_wconf 83' lang='grc'><strong>).</strong></span> <span class='ocrx_word' id='word_1_617' title='bbox 3120 2169 3532 2227; x_wconf 76' lang='lat' dir='ltr'><strong>Maniclueorum</strong></span> <span class='ocrx_word' id='word_1_618' title='bbox 3548 2181 3761 2228; x_wconf 82' lang='lat' dir='ltr'><strong>sectam.</strong></span> 
     </span>
    </p>
   </div>
   <div class='ocr_carea' id='block_1_81' title="bbox 2163 2255 3744 2334">
    <p class='ocr_par' dir='ltr' id='par_1_81' title="bbox 2163 2255 3744 2334">
     <span class='ocr_line' id='line_1_81' title="bbox 2163 2255 3744 2334; baseline 0.008 -29"><span class='ocrx_word' id='word_1_619' title='bbox 2163 2255 2438 2321; x_wconf 75' lang='lat' dir='ltr'><strong>amplexus</strong></span> <span class='ocrx_word' id='word_1_620' title='bbox 2457 2296 2471 2319; x_wconf 96' lang='lat'><strong>,</strong></span> <span class='ocrx_word' id='word_1_621' title='bbox 2508 2256 2646 2310; x_wconf 89' lang='lat' dir='ltr'><strong>inter</strong></span> <span class='ocrx_word' id='word_1_622' title='bbox 2674 2271 2767 2311; x_wconf 88' lang='lat' dir='ltr'><strong>eos</strong></span> <span class='ocrx_word' id='word_1_623' title='bbox 2795 2259 3029 2330; x_wconf 80' lang='lat' dir='ltr'><strong>episcopi</strong></span> <span class='ocrx_word' id='word_1_624' title='bbox 3069 2274 3261 2315; x_wconf 86' lang='lat' dir='ltr'><strong>nomen</strong></span> <span class='ocrx_word' id='word_1_625' title='bbox 3291 2261 3520 2316; x_wconf 87' lang='lat' dir='ltr'><strong>obtinuit</strong></span> <span class='ocrx_word' id='word_1_626' title='bbox 3548 2266 3567 2326; x_wconf 88' lang='lat'><strong>(</strong></span> <span class='ocrx_word' id='word_1_627' title='bbox 3589 2263 3744 2334; x_wconf 74' lang='lat' dir='ltr'><strong>(Jour.</strong></span> 
     </span>
    </p>
   </div>
   <div class='ocr_carea' id='block_1_82' title="bbox 2166 2342 3754 2425">
    <p class='ocr_par' dir='ltr' id='par_1_82' title="bbox 2166 2342 3754 2425">
     <span class='ocr_line' id='line_1_82' title="bbox 2166 2342 3754 2425; baseline 0.01 -28"><span class='ocrx_word' id='word_1_628' title='bbox 2166 2342 2253 2397; x_wconf 83' lang='lat' dir='ltr'><strong>lib.</strong></span> <span class='ocrx_word' id='word_1_629' title='bbox 2284 2344 2316 2399; x_wconf 85' lang='lat'><strong><em>5</em></strong></span> <span class='ocrx_word' id='word_1_630' title='bbox 2341 2382 2356 2407; x_wconf 88' lang='lat'><strong>,</strong></span> <span class='ocrx_word' id='word_1_631' title='bbox 2386 2359 2501 2415; x_wconf 78' lang='lat' dir='ltr'><strong>cap.</strong></span> <span class='ocrx_word' id='word_1_632' title='bbox 2534 2347 2568 2400; x_wconf 84' lang='grc'><strong>5</strong></span> <span class='ocrx_word' id='word_1_633' title='bbox 2590 2385 2605 2411; x_wconf 84' lang='grc'><strong><em>,</em></strong></span> <span class='ocrx_word' id='word_1_634' title='bbox 2632 2364 2685 2400; x_wconf 90' lang='lat' dir='ltr'><strong>n.</strong></span> <span class='ocrx_word' id='word_1_635' title='bbox 2719 2349 2753 2403; x_wconf 75' lang='grc' dir='ltr'>ὅ</span> <span class='ocrx_word' id='word_1_636' title='bbox 2772 2349 2814 2418; x_wconf 90' lang='grc'><strong>).</strong></span> <span class='ocrx_word' id='word_1_637' title='bbox 2844 2349 3089 2405; x_wconf 74' lang='lat' dir='ltr'><strong>iactabat</strong></span> <span class='ocrx_word' id='word_1_638' title='bbox 3116 2367 3175 2405; x_wconf 86' lang='lat' dir='ltr'><strong>se</strong></span> <span class='ocrx_word' id='word_1_639' title='bbox 3204 2352 3470 2410; x_wconf 81' lang='lat' dir='ltr'><strong>dimisisse</strong></span> <span class='ocrx_word' id='word_1_640' title='bbox 3499 2365 3705 2425; x_wconf 85' lang='lat' dir='ltr'><strong>patrem</strong></span> <span class='ocrx_word' id='word_1_641' title='bbox 3731 2395 3754 2422; x_wconf 87' lang='lat'><strong>,</strong></span> 
     </span>
    </p>
   </div>
   <div class='ocr_carea' id='block_1_83' title="bbox 2164 2442 3765 2516">
    <p class='ocr_par' dir='ltr' id='par_1_83' title="bbox 2164 2442 3765 2516">
     <span class='ocr_line' id='line_1_83' title="bbox 2164 2442 3765 2516; baseline 0.008 -26"><span class='ocrx_word' id='word_1_642' title='bbox 2164 2448 2412 2503; x_wconf 84' lang='lat' dir='ltr'><strong>matrem,</strong></span> <span class='ocrx_word' id='word_1_643' title='bbox 2438 2454 2660 2493; x_wconf 78' lang='lat' dir='ltr'><strong>uxorem</strong></span> <span class='ocrx_word' id='word_1_644' title='bbox 2682 2481 2696 2503; x_wconf 90' lang='lat'><strong>,</strong></span> <span class='ocrx_word' id='word_1_645' title='bbox 2726 2442 2958 2507; x_wconf 87' lang='lat' dir='ltr'><strong>liberos,</strong></span> <span class='ocrx_word' id='word_1_646' title='bbox 2980 2452 3035 2497; x_wconf 91' lang='lat' dir='ltr'><strong>et</strong></span> <span class='ocrx_word' id='word_1_647' title='bbox 3060 2454 3251 2498; x_wconf 61' lang='lat' dir='ltr'><strong>caetera</strong></span> <span class='ocrx_word' id='word_1_648' title='bbox 3276 2446 3477 2510; x_wconf 87' lang='lat' dir='ltr'><strong>omnia,</strong></span> <span class='ocrx_word' id='word_1_649' title='bbox 3505 2462 3628 2516; x_wconf 70' lang='lat' dir='ltr'><strong>quae</strong></span> <span class='ocrx_word' id='word_1_650' title='bbox 3656 2448 3765 2509; x_wconf 66' lang='lat' dir='ltr'><strong>lca</strong></span> 
     </span>
    </p>
   </div>
   <div class='ocr_carea' id='block_1_84' title="bbox 2165 2530 3754 2607">
    <p class='ocr_par' dir='ltr' id='par_1_84' title="bbox 2165 2530 3754 2607">
     <span class='ocr_line' id='line_1_84' title="bbox 2165 2530 3754 2607; baseline 0.006 -24"><span class='ocrx_word' id='word_1_651' title='bbox 2165 2530 2467 2600; x_wconf 84' lang='lat' dir='ltr'><strong>evangelica</strong></span> <span class='ocrx_word' id='word_1_652' title='bbox 2487 2530 2638 2600; x_wconf 88' lang='lat' dir='ltr'><strong>jubet</strong></span> <span class='ocrx_word' id='word_1_653' title='bbox 2667 2533 3003 2603; x_wconf 83' lang='lat' dir='ltr'><strong>relinquere;</strong></span> <span class='ocrx_word' id='word_1_654' title='bbox 3043 2548 3232 2589; x_wconf 85' lang='lat' dir='ltr'><strong>aurum</strong></span> <span class='ocrx_word' id='word_1_655' title='bbox 3271 2544 3326 2590; x_wconf 89' lang='lat' dir='ltr'><strong>et</strong></span> <span class='ocrx_word' id='word_1_656' title='bbox 3352 2546 3629 2607; x_wconf 73' lang='lat' dir='ltr'><strong>argentum</strong></span> <span class='ocrx_word' id='word_1_657' title='bbox 3661 2550 3754 2593; x_wconf 75' lang='lat' dir='ltr'><strong>re-</strong></span> 
     </span>
    </p>
   </div>
   <div class='ocr_carea' id='block_1_85' title="bbox 2160 2618 3757 2696">
    <p class='ocr_par' dir='ltr' id='par_1_85' title="bbox 2160 2618 3757 2696">
     <span class='ocr_line' id='line_1_85' title="bbox 2160 2618 3757 2696; baseline 0.008 -24"><span class='ocrx_word' id='word_1_658' title='bbox 2160 2618 2355 2689; x_wconf 75' lang='lat' dir='ltr'><strong>iecisse</strong></span> <span class='ocrx_word' id='word_1_659' title='bbox 2375 2660 2392 2688; x_wconf 93' lang='lat'><strong>,</strong></span> <span class='ocrx_word' id='word_1_660' title='bbox 2421 2636 2497 2674; x_wconf 71' lang='lat' dir='ltr'><strong>res</strong></span> <span class='ocrx_word' id='word_1_661' title='bbox 2534 2621 2587 2675; x_wconf 91' lang='lat' dir='ltr'><strong>in</strong></span> <span class='ocrx_word' id='word_1_662' title='bbox 2616 2622 2766 2677; x_wconf 84' lang='lat' dir='ltr'><strong>zonis</strong></span> <span class='ocrx_word' id='word_1_663' title='bbox 2792 2636 2898 2677; x_wconf 91' lang='lat' dir='ltr'><strong>non</strong></span> <span class='ocrx_word' id='word_1_664' title='bbox 2930 2623 3164 2691; x_wconf 79' lang='lat' dir='ltr'><strong>habere;</strong></span> <span class='ocrx_word' id='word_1_665' title='bbox 3194 2640 3253 2679; x_wconf 90' lang='lat' dir='ltr'><strong>se</strong></span> <span class='ocrx_word' id='word_1_666' title='bbox 3279 2626 3591 2696; x_wconf 82' lang='lat' dir='ltr'><strong>quotidiana</strong></span> <span class='ocrx_word' id='word_1_667' title='bbox 3618 2643 3757 2683; x_wconf 85' lang='lat' dir='ltr'><strong>con-</strong></span> 
     </span>
    </p>
   </div>
   <div class='ocr_carea' id='block_1_86' title="bbox 2166 2712 3753 2781">
    <p class='ocr_par' dir='ltr' id='par_1_86' title="bbox 2166 2712 3753 2781">
     <span class='ocr_line' id='line_1_86' title="bbox 2166 2712 3753 2781; baseline 0.003 -15"><span class='ocrx_word' id='word_1_668' title='bbox 2166 2719 2370 2766; x_wconf 85' lang='lat' dir='ltr'><strong>tentum</strong></span> <span class='ocrx_word' id='word_1_669' title='bbox 2397 2713 2539 2779; x_wconf 89' lang='lat' dir='ltr'><strong>cibo,</strong></span> <span class='ocrx_word' id='word_1_670' title='bbox 2566 2712 2634 2768; x_wconf 88' lang='lat' dir='ltr'><strong>de</strong></span> <span class='ocrx_word' id='word_1_671' title='bbox 2656 2714 2891 2769; x_wconf 77' lang='lat' dir='ltr'><strong>crastino</strong></span> <span class='ocrx_word' id='word_1_672' title='bbox 2929 2730 3037 2771; x_wconf 74' lang='lat' dir='ltr'><strong>non</strong></span> <span class='ocrx_word' id='word_1_673' title='bbox 3063 2730 3252 2770; x_wconf 88' lang='lat' dir='ltr'><strong>curare</strong></span> <span class='ocrx_word' id='word_1_674' title='bbox 3270 2754 3291 2781; x_wconf 89' lang='lat'><strong>,</strong></span> <span class='ocrx_word' id='word_1_675' title='bbox 3318 2732 3418 2773; x_wconf 91' lang='lat' dir='ltr'><strong>nec</strong></span> <span class='ocrx_word' id='word_1_676' title='bbox 3453 2733 3575 2773; x_wconf 89' lang='lat' dir='ltr'><strong>esse</strong></span> <span class='ocrx_word' id='word_1_677' title='bbox 3596 2718 3753 2774; x_wconf 55' lang='lat' dir='ltr'><strong>sollie</strong></span> 
     </span>
    </p>
   </div>
   <div class='ocr_carea' id='block_1_87' title="bbox 2166 2803 3752 2880">
    <p class='ocr_par' dir='ltr' id='par_1_87' title="bbox 2166 2803 3752 2880">
     <span class='ocr_line' id='line_1_87' title="bbox 2166 2803 3752 2880; baseline 0.006 -23"><span class='ocrx_word' id='word_1_678' title='bbox 2166 2803 2329 2858; x_wconf 89' lang='lat' dir='ltr'><strong>citum</strong></span> <span class='ocrx_word' id='word_1_679' title='bbox 2360 2804 2499 2859; x_wconf 87' lang='lat' dir='ltr'><strong>unde</strong></span> <span class='ocrx_word' id='word_1_680' title='bbox 2528 2814 2769 2861; x_wconf 86' lang='lat' dir='ltr'><strong>ventrem</strong></span> <span class='ocrx_word' id='word_1_681' title='bbox 2808 2807 3088 2876; x_wconf 86' lang='lat' dir='ltr'><strong>impleret,</strong></span> <span class='ocrx_word' id='word_1_682' title='bbox 3117 2818 3212 2864; x_wconf 87' lang='lat' dir='ltr'><strong>aut</strong></span> <span class='ocrx_word' id='word_1_683' title='bbox 3237 2822 3434 2879; x_wconf 85' lang='lat' dir='ltr'><strong>corpus</strong></span> <span class='ocrx_word' id='word_1_684' title='bbox 3471 2812 3707 2880; x_wconf 84' lang='lat' dir='ltr'><strong>operiret</strong></span> <span class='ocrx_word' id='word_1_685' title='bbox 3737 2830 3752 2866; x_wconf 87' lang='lat'><strong>:</strong></span> 
     </span>
    </p>
   </div>
   <div class='ocr_carea' id='block_1_88' title="bbox 2165 2894 3764 2973">
    <p class='ocr_par' dir='ltr' id='par_1_88' title="bbox 2165 2894 3764 2973">
     <span class='ocr_line' id='line_1_88' title="bbox 2165 2894 3764 2973; baseline 0.005 -23"><span class='ocrx_word' id='word_1_686' title='bbox 2165 2894 2395 2966; x_wconf 88' lang='lat' dir='ltr'><strong>denique</strong></span> <span class='ocrx_word' id='word_1_687' title='bbox 2422 2910 2482 2952; x_wconf 89' lang='lat' dir='ltr'><strong>se</strong></span> <span class='ocrx_word' id='word_1_688' title='bbox 2510 2913 2803 2969; x_wconf 87' lang='lat' dir='ltr'><strong>pauperem</strong></span> <span class='ocrx_word' id='word_1_689' title='bbox 2829 2914 2982 2965; x_wconf 85' lang='lat' dir='ltr'><strong>esse,</strong></span> <span class='ocrx_word' id='word_1_690' title='bbox 3026 2902 3207 2955; x_wconf 88' lang='lat' dir='ltr'><strong>mitem</strong></span> <span class='ocrx_word' id='word_1_691' title='bbox 3228 2942 3243 2966; x_wconf 92' lang='lat'><strong>,</strong></span> <span class='ocrx_word' id='word_1_692' title='bbox 3277 2901 3553 2972; x_wconf 79' lang='lat' dir='ltr'><strong>paciﬁcum</strong></span> <span class='ocrx_word' id='word_1_693' title='bbox 3570 2946 3585 2969; x_wconf 94' lang='lat'><strong>,</strong></span> <span class='ocrx_word' id='word_1_694' title='bbox 3618 2919 3764 2973; x_wconf 75' lang='lat' dir='ltr'><strong>puro</strong></span> 
     </span>
    </p>
   </div>
   <div class='ocr_carea' id='block_1_89' title="bbox 2164 2987 3755 3066">
    <p class='ocr_par' dir='ltr' id='par_1_89' title="bbox 2164 2987 3755 3066">
     <span class='ocr_line' id='line_1_89' title="bbox 2164 2987 3755 3066; baseline 0.008 -24"><span class='ocrx_word' id='word_1_695' title='bbox 2164 2987 2349 3053; x_wconf 87' lang='lat' dir='ltr'><strong>corde,</strong></span> <span class='ocrx_word' id='word_1_696' title='bbox 2363 2988 2654 3059; x_wconf 79' lang='lat' dir='ltr'><strong>lugentem,</strong></span> <span class='ocrx_word' id='word_1_697' title='bbox 2672 2992 3026 3057; x_wconf 88' lang='lat' dir='ltr'><strong>esurientem,</strong></span> <span class='ocrx_word' id='word_1_698' title='bbox 3043 2994 3755 3066; x_wconf 83' lang='lat' dir='ltr'><strong>sitientem,persecutiouos</strong></span> 
     </span>
    </p>
   </div>
   <div class='ocr_carea' id='block_1_90' title="bbox 2166 3079 3759 3158">
    <p class='ocr_par' dir='ltr' id='par_1_90' title="bbox 2166 3079 3759 3158">
     <span class='ocr_line' id='line_1_90' title="bbox 2166 3079 3759 3158; baseline 0.007 -25"><span class='ocrx_word' id='word_1_699' title='bbox 2166 3088 2220 3133; x_wconf 88' lang='lat' dir='ltr'><strong>et</strong></span> <span class='ocrx_word' id='word_1_700' title='bbox 2239 3079 2359 3133; x_wconf 88' lang='lat' dir='ltr'><strong>odia</strong></span> <span class='ocrx_word' id='word_1_701' title='bbox 2385 3081 2734 3138; x_wconf 87' lang='lat' dir='ltr'><strong>sustinentem</strong></span> <span class='ocrx_word' id='word_1_702' title='bbox 2762 3094 2979 3152; x_wconf 89' lang='lat' dir='ltr'><strong>propter</strong></span> <span class='ocrx_word' id='word_1_703' title='bbox 3000 3084 3285 3154; x_wconf 72' lang='lat' dir='ltr'><strong>justitiam,</strong></span> <span class='ocrx_word' id='word_1_704' title='bbox 3314 3087 3659 3158; x_wconf 69' lang='lat' dir='ltr'><strong>pra-dicabat.</strong></span> <span class='ocrx_word' id='word_1_705' title='bbox 3685 3092 3759 3144; x_wconf 76' lang='lat' dir='ltr'><strong>At</strong></span> 
     </span>
    </p>
   </div>
   <div class='ocr_carea' id='block_1_91' title="bbox 2166 3169 3763 3247">
    <p class='ocr_par' dir='ltr' id='par_1_91' title="bbox 2166 3169 3763 3247">
     <span class='ocr_line' id='line_1_91' title="bbox 2166 3169 3763 3247; baseline 0.007 -23"><span class='ocrx_word' id='word_1_706' title='bbox 2166 3169 2345 3224; x_wconf 83' lang='lat' dir='ltr'><strong>nctior</strong></span> <span class='ocrx_word' id='word_1_707' title='bbox 2381 3178 2499 3224; x_wconf 86' lang='lat' dir='ltr'><strong>erat</strong></span> <span class='ocrx_word' id='word_1_708' title='bbox 2525 3169 2705 3226; x_wconf 81' lang='lat' dir='ltr'><strong>Fausti</strong></span> <span class='ocrx_word' id='word_1_709' title='bbox 2734 3173 3024 3240; x_wconf 89' lang='lat' dir='ltr'><strong>mollities,</strong></span> <span class='ocrx_word' id='word_1_710' title='bbox 3072 3174 3137 3229; x_wconf 88' lang='lat' dir='ltr'><strong>iis</strong></span> <span class='ocrx_word' id='word_1_711' title='bbox 3183 3177 3413 3231; x_wconf 77' lang='lat' dir='ltr'><strong>maxime</strong></span> <span class='ocrx_word' id='word_1_712' title='bbox 3448 3178 3539 3247; x_wconf 87' lang='lat' dir='ltr'><strong>qui</strong></span> <span class='ocrx_word' id='word_1_713' title='bbox 3568 3177 3763 3235; x_wconf 63' lang='lat' dir='ltr'><strong>Roma</strong></span> 
     </span>
    </p>
   </div>
   <div class='ocr_carea' id='block_1_92' title="bbox 2168 3260 3757 3338">
    <p class='ocr_par' dir='ltr' id='par_1_92' title="bbox 2168 3260 3757 3338">
     <span class='ocr_line' id='line_1_92' title="bbox 2168 3260 3757 3338; baseline 0.006 -23"><span class='ocrx_word' id='word_1_714' title='bbox 2168 3260 2496 3317; x_wconf 80' lang='lat' dir='ltr'><strong>familiariter</strong></span> <span class='ocrx_word' id='word_1_715' title='bbox 2515 3279 2582 3318; x_wconf 89' lang='lat' dir='ltr'><strong>eo</strong></span> <span class='ocrx_word' id='word_1_716' title='bbox 2608 3265 2687 3318; x_wconf 93' lang='lat' dir='ltr'><strong>usi</strong></span> <span class='ocrx_word' id='word_1_717' title='bbox 2714 3273 2916 3331; x_wconf 82' lang='lat' dir='ltr'><strong>essent,</strong></span> <span class='ocrx_word' id='word_1_718' title='bbox 2943 3281 3103 3336; x_wconf 81' lang='lat' dir='ltr'><strong>quam</strong></span> <span class='ocrx_word' id='word_1_719' title='bbox 3128 3274 3185 3322; x_wconf 91' lang='lat' dir='ltr'><strong>ut</strong></span> <span class='ocrx_word' id='word_1_720' title='bbox 3209 3266 3365 3338; x_wconf 79' lang='lat' dir='ltr'><strong>longa</strong></span> <span class='ocrx_word' id='word_1_721' title='bbox 3387 3268 3757 3325; x_wconf 77' lang='lat' dir='ltr'><strong>confutatiouo</strong></span> 
     </span>
    </p>
   </div>
   <div class='ocr_carea' id='block_1_93' title="bbox 2168 3352 3767 3423">
    <p class='ocr_par' dir='ltr' id='par_1_93' title="bbox 2168 3352 3767 3423">
     <span class='ocr_line' id='line_1_93' title="bbox 2168 3352 3767 3423; baseline 0.004 -15"><span class='ocrx_word' id='word_1_722' title='bbox 2168 3362 2368 3422; x_wconf 84' lang='lat' dir='ltr'><strong>egeret.</strong></span> <span class='ocrx_word' id='word_1_723' title='bbox 2394 3352 2803 3423; x_wconf 78' lang='lat' dir='ltr'><strong>Redarguebaut</strong></span> <span class='ocrx_word' id='word_1_724' title='bbox 2833 3356 3036 3410; x_wconf 84' lang='lat' dir='ltr'><strong>scilicet</strong></span> <span class='ocrx_word' id='word_1_725' title='bbox 3058 3355 3294 3412; x_wconf 82' lang='lat' dir='ltr'><strong>hominis</strong></span> <span class='ocrx_word' id='word_1_726' title='bbox 3320 3357 3767 3414; x_wconf 72' lang='lat' dir='ltr'><strong>inverecundiam</strong></span> 
     </span>
    </p>
   </div>
   <div class='ocr_carea' id='block_1_94' title="bbox 2168 3443 3763 3520">
    <p class='ocr_par' dir='ltr' id='par_1_94' title="bbox 2168 3443 3763 3520">
     <span class='ocr_line' id='line_1_94' title="bbox 2168 3443 3763 3520; baseline 0.005 -24"><span class='ocrx_word' id='word_1_727' title='bbox 2168 3443 2410 3499; x_wconf 64' lang='lat' dir='ltr'><strong>delicate</strong></span> <span class='ocrx_word' id='word_1_728' title='bbox 2431 3445 2535 3499; x_wconf 65' lang='lat' dir='ltr'><strong>illa:</strong></span> <span class='ocrx_word' id='word_1_729' title='bbox 2560 3444 2754 3514; x_wconf 76' lang='lat' dir='ltr'><strong>plume</strong></span> <span class='ocrx_word' id='word_1_730' title='bbox 2785 3447 2979 3516; x_wconf 88' lang='lat' dir='ltr'><strong>quibus</strong></span> <span class='ocrx_word' id='word_1_731' title='bbox 3005 3448 3390 3514; x_wconf 74' lang='lat' dir='ltr'><strong>ildormiebat,</strong></span> <span class='ocrx_word' id='word_1_732' title='bbox 3417 3452 3649 3520; x_wconf 62' lang='lat' dir='ltr'><strong>caprina</strong></span> <span class='ocrx_word' id='word_1_733' title='bbox 3674 3451 3763 3506; x_wconf 84' lang='lat' dir='ltr'><strong>lo-</strong></span> 
     </span>
    </p>
   </div>
   <div class='ocr_carea' id='block_1_95' title="bbox 2168 3532 3759 3611">
    <p class='ocr_par' dir='ltr' id='par_1_95' title="bbox 2168 3532 3759 3611">
     <span class='ocr_line' id='line_1_95' title="bbox 2168 3532 3759 3611; baseline 0.005 -23"><span class='ocrx_word' id='word_1_734' title='bbox 2168 3532 2315 3589; x_wconf 86' lang='lat' dir='ltr'><strong>dices</strong></span> <span class='ocrx_word' id='word_1_735' title='bbox 2325 3535 2516 3603; x_wconf 88' lang='lat' dir='ltr'><strong>quibus</strong></span> <span class='ocrx_word' id='word_1_736' title='bbox 2527 3536 2886 3606; x_wconf 83' lang='lat' dir='ltr'><strong>operiebatur,</strong></span> <span class='ocrx_word' id='word_1_737' title='bbox 2904 3537 3216 3593; x_wconf 84' lang='lat' dir='ltr'><strong>deliciarum</strong></span> <span class='ocrx_word' id='word_1_738' title='bbox 3231 3539 3460 3611; x_wconf 88' lang='lat' dir='ltr'><strong>denique</strong></span> <span class='ocrx_word' id='word_1_739' title='bbox 3473 3538 3563 3594; x_wconf 75' lang='lat' dir='ltr'><strong>alii</strong></span> <span class='ocrx_word' id='word_1_740' title='bbox 3570 3541 3759 3596; x_wconf 75' lang='lat' dir='ltr'><strong>uentia</strong></span> 
     </span>
    </p>
   </div>
   <div class='ocr_carea' id='block_1_96' title="bbox 2168 3623 3760 3696">
    <p class='ocr_par' dir='ltr' id='par_1_96' title="bbox 2168 3623 3760 3696">
     <span class='ocr_line' id='line_1_96' title="bbox 2168 3623 3760 3696; baseline 0.004 -18"><span class='ocrx_word' id='word_1_741' title='bbox 2168 3623 2364 3689; x_wconf 87' lang='lat' dir='ltr'><strong>omnis,</strong></span> <span class='ocrx_word' id='word_1_742' title='bbox 2390 3639 2494 3696; x_wconf 87' lang='lat' dir='ltr'><strong>qua</strong></span> <span class='ocrx_word' id='word_1_743' title='bbox 2515 3642 2620 3679; x_wconf 91' lang='lat' dir='ltr'><strong>non</strong></span> <span class='ocrx_word' id='word_1_744' title='bbox 2662 3627 2822 3681; x_wconf 91' lang='lat' dir='ltr'><strong>modo</strong></span> <span class='ocrx_word' id='word_1_745' title='bbox 2849 3627 3215 3684; x_wconf 80' lang='lat' dir='ltr'><strong>Mattariorum</strong></span> <span class='ocrx_word' id='word_1_746' title='bbox 3245 3631 3570 3695; x_wconf 83' lang='lat' dir='ltr'><strong>severiorem</strong></span> <span class='ocrx_word' id='word_1_747' title='bbox 3594 3630 3760 3685; x_wconf 85' lang='lat' dir='ltr'><strong>disci-</strong></span> 
     </span>
    </p>
   </div>
   <div class='ocr_carea' id='block_1_97' title="bbox 2168 3717 3760 3793">
    <p class='ocr_par' dir='ltr' id='par_1_97' title="bbox 2168 3717 3760 3793">
     <span class='ocr_line' id='line_1_97' title="bbox 2168 3717 3760 3793; baseline 0.004 -23"><span class='ocrx_word' id='word_1_748' title='bbox 2168 3717 2388 3787; x_wconf 88' lang='lat' dir='ltr'><strong>plinam,</strong></span> <span class='ocrx_word' id='word_1_749' title='bbox 2413 3717 2506 3772; x_wconf 85' lang='lat' dir='ltr'><strong>sed</strong></span> <span class='ocrx_word' id='word_1_750' title='bbox 2527 3718 2687 3774; x_wconf 89' lang='lat' dir='ltr'><strong>etiam</strong></span> <span class='ocrx_word' id='word_1_751' title='bbox 2709 3718 2926 3774; x_wconf 88' lang='lat' dir='ltr'><strong>domum</strong></span> <span class='ocrx_word' id='word_1_752' title='bbox 2955 3721 3119 3790; x_wconf 85' lang='lat' dir='ltr'><strong>patris</strong></span> <span class='ocrx_word' id='word_1_753' title='bbox 3145 3722 3227 3776; x_wconf 90' lang='lat' dir='ltr'><strong>sui</strong></span> <span class='ocrx_word' id='word_1_754' title='bbox 3256 3721 3486 3777; x_wconf 81' lang='lat' dir='ltr'><strong>hominis</strong></span> <span class='ocrx_word' id='word_1_755' title='bbox 3507 3724 3760 3793; x_wconf 80' lang='lat' dir='ltr'><strong>pauperis</strong></span> 
     </span>
    </p>
   </div>
   <div class='ocr_carea' id='block_1_98' title="bbox 2168 3808 3761 3885">
    <p class='ocr_par' dir='ltr' id='par_1_98' title="bbox 2168 3808 3761 3885">
     <span class='ocr_line' id='line_1_98' title="bbox 2168 3808 3761 3885; baseline 0.005 -22"><span class='ocrx_word' id='word_1_756' title='bbox 2168 3808 2454 3864; x_wconf 82' lang='lat' dir='ltr'><strong>Milevitani</strong></span> <span class='ocrx_word' id='word_1_757' title='bbox 2485 3811 2721 3867; x_wconf 78' lang='lat' dir='ltr'><strong>fastidire</strong></span> <span class='ocrx_word' id='word_1_758' title='bbox 2747 3812 3047 3869; x_wconf 76' lang='lat' dir='ltr'><strong>videbatur.</strong></span> <span class='ocrx_word' id='word_1_759' title='bbox 3092 3813 3247 3870; x_wconf 79' lang='lat' dir='ltr'><strong>Nunc</strong></span> <span class='ocrx_word' id='word_1_760' title='bbox 3286 3815 3427 3885; x_wconf 88' lang='lat' dir='ltr'><strong>quod</strong></span> <span class='ocrx_word' id='word_1_761' title='bbox 3468 3817 3655 3871; x_wconf 87' lang='lat' dir='ltr'><strong>attinet</strong></span> <span class='ocrx_word' id='word_1_762' title='bbox 3683 3817 3761 3871; x_wconf 82' lang='lat' dir='ltr'><strong>ad</strong></span> 
     </span>
    </p>
   </div>
   <div class='ocr_carea' id='block_1_99' title="bbox 2170 3904 3759 3978">
    <p class='ocr_par' dir='ltr' id='par_1_99' title="bbox 2170 3904 3759 3978">
     <span class='ocr_line' id='line_1_99' title="bbox 2170 3904 3759 3978; baseline 0.004 -23"><span class='ocrx_word' id='word_1_763' title='bbox 2170 3915 2287 3955; x_wconf 63' lang='lat' dir='ltr'><strong>«uim</strong></span> <span class='ocrx_word' id='word_1_764' title='bbox 2320 3908 2524 3971; x_wconf 86' lang='lat' dir='ltr'><strong>partem</strong></span> <span class='ocrx_word' id='word_1_765' title='bbox 2548 3916 2698 3958; x_wconf 64' lang='lat' dir='ltr'><strong>vanas</strong></span> <span class='ocrx_word' id='word_1_766' title='bbox 2717 3904 3211 3971; x_wconf 83' lang='lat' dir='ltr'><strong>commendationis,</strong></span> <span class='ocrx_word' id='word_1_767' title='bbox 3240 3921 3342 3977; x_wconf 88' lang='lat' dir='ltr'><strong>qua</strong></span> <span class='ocrx_word' id='word_1_768' title='bbox 3368 3920 3431 3961; x_wconf 87' lang='lat' dir='ltr'><strong>se</strong></span> <span class='ocrx_word' id='word_1_769' title='bbox 3453 3907 3523 3963; x_wconf 91' lang='lat' dir='ltr'><strong>ob</strong></span> <span class='ocrx_word' id='word_1_770' title='bbox 3547 3908 3759 3978; x_wconf 62' lang='lat' dir='ltr'><strong>praesti-</strong></span> 
     </span>
    </p>
   </div>
   <div class='ocr_carea' id='block_1_100' title="bbox 2170 3993 3765 4066">
    <p class='ocr_par' dir='ltr' id='par_1_100' title="bbox 2170 3993 3765 4066">
     <span class='ocr_line' id='line_1_100' title="bbox 2170 3993 3765 4066; baseline 0.003 -21"><span class='ocrx_word' id='word_1_771' title='bbox 2170 4000 2284 4045; x_wconf 91' lang='lat' dir='ltr'><strong>tum</strong></span> <span class='ocrx_word' id='word_1_772' title='bbox 2304 3993 2515 4048; x_wconf 88' lang='lat' dir='ltr'><strong>veritati</strong></span> <span class='ocrx_word' id='word_1_773' title='bbox 2541 3995 2915 4063; x_wconf 85' lang='lat' dir='ltr'><strong>patrocinium,</strong></span> <span class='ocrx_word' id='word_1_774' title='bbox 2947 3996 3349 4066; x_wconf 84' lang='lat' dir='ltr'><strong>persecutiones</strong></span> <span class='ocrx_word' id='word_1_775' title='bbox 3373 4005 3430 4053; x_wconf 83' lang='lat' dir='ltr'><strong>et</strong></span> <span class='ocrx_word' id='word_1_776' title='bbox 3454 3997 3574 4053; x_wconf 88' lang='lat' dir='ltr'><strong>odia</strong></span> <span class='ocrx_word' id='word_1_777' title='bbox 3597 3998 3765 4052; x_wconf 79' lang='lat' dir='ltr'><strong>susti-</strong></span> 
     </span>
    </p>
   </div>
   <div class='ocr_carea' id='block_1_101' title="bbox 2170 4082 3756 4158">
    <p class='ocr_par' dir='ltr' id='par_1_101' title="bbox 2170 4082 3756 4158">
     <span class='ocr_line' id='line_1_101' title="bbox 2170 4082 3756 4158; baseline 0.004 -22"><span class='ocrx_word' id='word_1_778' title='bbox 2170 4083 2350 4137; x_wconf 88' lang='lat' dir='ltr'><strong>nuisse</strong></span> <span class='ocrx_word' id='word_1_779' title='bbox 2377 4082 2733 4153; x_wconf 77' lang='lat' dir='ltr'><strong>gloriabatur;</strong></span> <span class='ocrx_word' id='word_1_780' title='bbox 2779 4085 3099 4141; x_wconf 88' lang='lat' dir='ltr'><strong>dissimulari</strong></span> <span class='ocrx_word' id='word_1_781' title='bbox 3139 4087 3355 4158; x_wconf 85' lang='lat' dir='ltr'><strong>quidem</strong></span> <span class='ocrx_word' id='word_1_782' title='bbox 3396 4103 3506 4142; x_wconf 89' lang='lat' dir='ltr'><strong>non</strong></span> <span class='ocrx_word' id='word_1_783' title='bbox 3533 4094 3713 4157; x_wconf 86' lang='lat' dir='ltr'><strong>potest</strong></span> <span class='ocrx_word' id='word_1_784' title='bbox 3734 4127 3756 4157; x_wconf 88' lang='lat'><strong>,</strong></span> 
     </span>
    </p>
   </div>
   <div class='ocr_carea' id='block_1_102' title="bbox 2170 4174 3759 4247">
    <p class='ocr_par' dir='ltr' id='par_1_102' title="bbox 2170 4174 3759 4247">
     <span class='ocr_line' id='line_1_102' title="bbox 2170 4174 3759 4247; baseline 0.005 -20"><span class='ocrx_word' id='word_1_785' title='bbox 2170 4174 2287 4245; x_wconf 89' lang='lat' dir='ltr'><strong>pios</strong></span> <span class='ocrx_word' id='word_1_786' title='bbox 2315 4176 2519 4246; x_wconf 88' lang='lat' dir='ltr'><strong>aliquot</strong></span> <span class='ocrx_word' id='word_1_787' title='bbox 2546 4176 2692 4231; x_wconf 84' lang='lat' dir='ltr'><strong>viros</strong></span> <span class='ocrx_word' id='word_1_788' title='bbox 2720 4175 2989 4233; x_wconf 65' lang='lat' dir='ltr'><strong>hiereseos</strong></span> <span class='ocrx_word' id='word_1_789' title='bbox 3023 4178 3287 4233; x_wconf 88' lang='lat' dir='ltr'><strong>actionem</strong></span> <span class='ocrx_word' id='word_1_790' title='bbox 3318 4179 3396 4234; x_wconf 89' lang='lat' dir='ltr'><strong>illi</strong></span> <span class='ocrx_word' id='word_1_791' title='bbox 3425 4178 3759 4247; x_wconf 81' lang='lat' dir='ltr'><strong>intendisse,</strong></span> 
     </span>
    </p>
   </div>
   <div class='ocr_carea' id='block_1_103' title="bbox 2170 4267 3765 4340">
    <p class='ocr_par' dir='ltr' id='par_1_103' title="bbox 2170 4267 3765 4340">
     <span class='ocr_line' id='line_1_103' title="bbox 2170 4267 3765 4340; baseline 0.004 -20"><span class='ocrx_word' id='word_1_792' title='bbox 2170 4280 2342 4337; x_wconf 88' lang='lat' dir='ltr'><strong>eoque</strong></span> <span class='ocrx_word' id='word_1_793' title='bbox 2361 4268 2576 4321; x_wconf 88' lang='lat' dir='ltr'><strong>nomine</strong></span> <span class='ocrx_word' id='word_1_794' title='bbox 2597 4267 2653 4321; x_wconf 89' lang='lat' dir='ltr'><strong>in</strong></span> <span class='ocrx_word' id='word_1_795' title='bbox 2670 4267 2760 4337; x_wconf 86' lang='lat' dir='ltr'><strong>jus</strong></span> <span class='ocrx_word' id='word_1_796' title='bbox 2778 4277 3020 4323; x_wconf 87' lang='lat' dir='ltr'><strong>vocatum</strong></span> <span class='ocrx_word' id='word_1_797' title='bbox 3042 4306 3059 4335; x_wconf 96' lang='lat'><strong>,</strong></span> <span class='ocrx_word' id='word_1_798' title='bbox 3088 4269 3499 4340; x_wconf 86' lang='lat' dir='ltr'><strong>convictumque</strong></span> <span class='ocrx_word' id='word_1_799' title='bbox 3521 4277 3615 4326; x_wconf 85' lang='lat' dir='ltr'><strong>aut</strong></span> <span class='ocrx_word' id='word_1_800' title='bbox 3635 4284 3765 4326; x_wconf 74' lang='lat' dir='ltr'><strong>cou-</strong></span> 
     </span>
    </p>
   </div>
   <div class='ocr_carea' id='block_1_104' title="bbox 2170 4354 3773 4433">
    <p class='ocr_par' dir='ltr' id='par_1_104' title="bbox 2170 4354 3773 4433">
     <span class='ocr_line' id='line_1_104' title="bbox 2170 4354 3773 4433; baseline 0.004 -21"><span class='ocrx_word' id='word_1_801' title='bbox 2170 4354 2399 4425; x_wconf 69' lang='lat' dir='ltr'><strong>l‘essum,</strong></span> <span class='ocrx_word' id='word_1_802' title='bbox 2430 4359 2710 4413; x_wconf 86' lang='lat' dir='ltr'><strong>mitissima</strong></span> <span class='ocrx_word' id='word_1_803' title='bbox 2739 4374 2837 4430; x_wconf 91' lang='lat' dir='ltr'><strong>pro</strong></span> <span class='ocrx_word' id='word_1_804' title='bbox 2862 4360 3065 4417; x_wconf 82' lang='lat' dir='ltr'><strong>meritis</strong></span> <span class='ocrx_word' id='word_1_805' title='bbox 3090 4375 3266 4431; x_wconf 66' lang='lat' dir='ltr'><strong>pinna,</strong></span> <span class='ocrx_word' id='word_1_806' title='bbox 3298 4360 3379 4417; x_wconf 86' lang='lat' dir='ltr'><strong>eis</strong></span> <span class='ocrx_word' id='word_1_807' title='bbox 3398 4362 3525 4432; x_wconf 84' lang='lat' dir='ltr'><strong>ipsis</strong></span> <span class='ocrx_word' id='word_1_808' title='bbox 3546 4362 3636 4433; x_wconf 88' lang='lat' dir='ltr'><strong>qui</strong></span> <span class='ocrx_word' id='word_1_809' title='bbox 3662 4377 3773 4418; x_wconf 81' lang='lat' dir='ltr'><strong>vo-</strong></span> 
     </span>
    </p>
   </div>
   <div class='ocr_carea' id='block_1_105' title="bbox 2172 4448 3761 4525">
    <p class='ocr_par' dir='ltr' id='par_1_105' title="bbox 2172 4448 3761 4525">
     <span class='ocr_line' id='line_1_105' title="bbox 2172 4448 3761 4525; baseline 0.004 -22"><span class='ocrx_word' id='word_1_810' title='bbox 2172 4458 2425 4504; x_wconf 88' lang='lat' dir='ltr'><strong>caverant</strong></span> <span class='ocrx_word' id='word_1_811' title='bbox 2455 4448 2742 4505; x_wconf 83' lang='lat' dir='ltr'><strong>Catboliris</strong></span> <span class='ocrx_word' id='word_1_812' title='bbox 2779 4450 3255 4519; x_wconf 83' lang='lat' dir='ltr'><strong>intercedentibus,</strong></span> <span class='ocrx_word' id='word_1_813' title='bbox 3287 4454 3341 4508; x_wconf 89' lang='lat' dir='ltr'><strong>in</strong></span> <span class='ocrx_word' id='word_1_814' title='bbox 3365 4454 3649 4525; x_wconf 85' lang='lat' dir='ltr'><strong>quamdam</strong></span> <span class='ocrx_word' id='word_1_815' title='bbox 3669 4454 3761 4509; x_wconf 79' lang='lat' dir='ltr'><strong>iu-</strong></span> 
     </span>
    </p>
   </div>
   <div class='ocr_carea' id='block_1_106' title="bbox 2171 4541 3763 4612">
    <p class='ocr_par' dir='ltr' id='par_1_106' title="bbox 2171 4541 3763 4612">
     <span class='ocr_line' id='line_1_106' title="bbox 2171 4541 3763 4612; baseline 0.004 -18"><span class='ocrx_word' id='word_1_816' title='bbox 2171 4541 2342 4595; x_wconf 87' lang='lat' dir='ltr'><strong>sulam</strong></span> <span class='ocrx_word' id='word_1_817' title='bbox 2372 4542 2637 4597; x_wconf 83' lang='lat' dir='ltr'><strong>sententia</strong></span> <span class='ocrx_word' id='word_1_818' title='bbox 2685 4544 3017 4612; x_wconf 82' lang='lat' dir='ltr'><strong>proconsulis</strong></span> <span class='ocrx_word' id='word_1_819' title='bbox 3052 4544 3289 4601; x_wconf 79' lang='lat' dir='ltr'><strong>Africani</strong></span> <span class='ocrx_word' id='word_1_820' title='bbox 3327 4561 3448 4601; x_wconf 88' lang='lat' dir='ltr'><strong>cum</strong></span> <span class='ocrx_word' id='word_1_821' title='bbox 3489 4545 3763 4602; x_wconf 83' lang='lat' dir='ltr'><strong>nonnullis</strong></span> 
     </span>
    </p>
   </div>
   <div class='ocr_carea' id='block_1_107' title="bbox 2171 4633 3775 4705">
    <p class='ocr_par' dir='ltr' id='par_1_107' title="bbox 2171 4633 3775 4705">
     <span class='ocr_line' id='line_1_107' title="bbox 2171 4633 3775 4705; baseline 0.006 -19"><span class='ocrx_word' id='word_1_822' title='bbox 2171 4633 2285 4687; x_wconf 91' lang='lat' dir='ltr'><strong>suis</strong></span> <span class='ocrx_word' id='word_1_823' title='bbox 2320 4633 2622 4704; x_wconf 74' lang='lat' dir='ltr'><strong>gregalibus</strong></span> <span class='ocrx_word' id='word_1_824' title='bbox 2667 4634 3004 4705; x_wconf 83' lang='lat' dir='ltr'><strong>deportatum</strong></span> <span class='ocrx_word' id='word_1_825' title='bbox 3050 4652 3206 4704; x_wconf 88' lang='lat' dir='ltr'><strong>esse,</strong></span> <span class='ocrx_word' id='word_1_826' title='bbox 3252 4639 3395 4695; x_wconf 84' lang='lat' dir='ltr'><strong>unde</strong></span> <span class='ocrx_word' id='word_1_827' title='bbox 3435 4654 3542 4694; x_wconf 88' lang='lat' dir='ltr'><strong>non</strong></span> <span class='ocrx_word' id='word_1_828' title='bbox 3589 4639 3775 4695; x_wconf 77' lang='lat' dir='ltr'><strong>multo</strong></span> 
     </span>
    </p>
   </div>
   <div class='ocr_carea' id='block_1_108' title="bbox 2172 4725 3759 4799">
    <p class='ocr_par' dir='ltr' id='par_1_108' title="bbox 2172 4725 3759 4799">
     <span class='ocr_line' id='line_1_108' title="bbox 2172 4725 3759 4799; baseline 0.003 -20"><span class='ocrx_word' id='word_1_829' title='bbox 2172 4732 2315 4793; x_wconf 86' lang='lat' dir='ltr'><strong>post,</strong></span> <span class='ocrx_word' id='word_1_830' title='bbox 2340 4733 2398 4778; x_wconf 88' lang='lat' dir='ltr'><strong>ut</strong></span> <span class='ocrx_word' id='word_1_831' title='bbox 2414 4734 2529 4783; x_wconf 85' lang='lat' dir='ltr'><strong>erat</strong></span> <span class='ocrx_word' id='word_1_832' title='bbox 2548 4725 2700 4782; x_wconf 85' lang='lat' dir='ltr'><strong>solita</strong></span> <span class='ocrx_word' id='word_1_833' title='bbox 2724 4741 2820 4796; x_wconf 85' lang='lat' dir='ltr'><strong>per</strong></span> <span class='ocrx_word' id='word_1_834' title='bbox 2838 4727 2893 4783; x_wconf 87' lang='lat' dir='ltr'><strong>id</strong></span> <span class='ocrx_word' id='word_1_835' title='bbox 2912 4736 3121 4797; x_wconf 80' lang='lat' dir='ltr'><strong>tempus</strong></span> <span class='ocrx_word' id='word_1_836' title='bbox 3141 4743 3265 4799; x_wconf 79' lang='lat' dir='ltr'><strong>erga</strong></span> <span class='ocrx_word' id='word_1_837' title='bbox 3285 4729 3562 4783; x_wconf 84' lang='lat' dir='ltr'><strong>damnatos</strong></span> <span class='ocrx_word' id='word_1_838' title='bbox 3583 4729 3759 4784; x_wconf 82' lang='lat' dir='ltr'><strong>indul-</strong></span> 
     </span>
    </p>
   </div>
   <div class='ocr_carea' id='block_1_109' title="bbox 2172 4814 3758 4887">
    <p class='ocr_par' dir='ltr' id='par_1_109' title="bbox 2172 4814 3758 4887">
     <span class='ocr_line' id='line_1_109' title="bbox 2172 4814 3758 4887; baseline 0.003 -20"><span class='ocrx_word' id='word_1_839' title='bbox 2172 4814 2346 4884; x_wconf 81' lang='lat' dir='ltr'><strong>gentia</strong></span> <span class='ocrx_word' id='word_1_840' title='bbox 2379 4815 2677 4887; x_wconf 87' lang='lat' dir='ltr'><strong>principum</strong></span> <span class='ocrx_word' id='word_1_841' title='bbox 2699 4855 2718 4881; x_wconf 84' lang='lat'><strong>,</strong></span> <span class='ocrx_word' id='word_1_842' title='bbox 2756 4825 3037 4872; x_wconf 82' lang='lat' dir='ltr'><strong>revocatus</strong></span> <span class='ocrx_word' id='word_1_843' title='bbox 3076 4815 3174 4872; x_wconf 79' lang='lat' dir='ltr'><strong>fuit</strong></span> <span class='ocrx_word' id='word_1_844' title='bbox 3218 4818 3236 4887; x_wconf 94' lang='lat'><strong>(</strong></span> <span class='ocrx_word' id='word_1_845' title='bbox 3266 4818 3453 4873; x_wconf 79' lang='lat' dir='ltr'><strong>Contra</strong></span> <span class='ocrx_word' id='word_1_846' title='bbox 3481 4818 3758 4884; x_wconf 79' lang='lat' dir='ltr'><strong>Faustum,</strong></span> 
     </span>
    </p>
   </div>
   <div class='ocr_carea' id='block_1_110' title="bbox 2175 4905 3765 4978">
    <p class='ocr_par' dir='ltr' id='par_1_110' title="bbox 2175 4905 3765 4978">
     <span class='ocr_line' id='line_1_110' title="bbox 2175 4905 3765 4978; baseline 0.004 -20"><span class='ocrx_word' id='word_1_847' title='bbox 2175 4905 2265 4958; x_wconf 90' lang='lat' dir='ltr'><strong>lib.</strong></span> <span class='ocrx_word' id='word_1_848' title='bbox 2303 4905 2375 4972; x_wconf 82' lang='lat'><strong>5,</strong></span> <span class='ocrx_word' id='word_1_849' title='bbox 2407 4921 2557 4978; x_wconf 87' lang='lat' dir='ltr'><strong>capp.</strong></span> <span class='ocrx_word' id='word_1_850' title='bbox 2589 4907 2652 4971; x_wconf 85' lang='grc'><strong>1,</strong></span> <span class='ocrx_word' id='word_1_851' title='bbox 2683 4906 2738 4971; x_wconf 80' lang='grc'><strong>5,</strong></span> <span class='ocrx_word' id='word_1_852' title='bbox 2772 4906 2825 4972; x_wconf 92' lang='lat'><strong>7,</strong></span> <span class='ocrx_word' id='word_1_853' title='bbox 2854 4906 2936 4976; x_wconf 89' lang='lat'><strong>8).</strong></span> <span class='ocrx_word' id='word_1_854' title='bbox 2969 4908 3041 4962; x_wconf 76' lang='lat' dir='ltr'><strong>Et</strong></span> <span class='ocrx_word' id='word_1_855' title='bbox 3077 4907 3193 4963; x_wconf 64' lang='lat' dir='ltr'><strong>haec</strong></span> <span class='ocrx_word' id='word_1_856' title='bbox 3232 4908 3443 4977; x_wconf 87' lang='lat' dir='ltr'><strong>quidem</strong></span> <span class='ocrx_word' id='word_1_857' title='bbox 3470 4908 3765 4978; x_wconf 73' lang='lat' dir='ltr'><strong>contigisse</strong></span> 
     </span>
    </p>
   </div>
   <div class='ocr_carea' id='block_1_111' title="bbox 2173 4995 3767 5071">
    <p class='ocr_par' dir='ltr' id='par_1_111' title="bbox 2173 4995 3767 5071">
     <span class='ocr_line' id='line_1_111' title="bbox 2173 4995 3767 5071; baseline 0.004 -22"><span class='ocrx_word' id='word_1_858' title='bbox 2173 4995 2424 5051; x_wconf 88' lang='lat' dir='ltr'><strong>videntur</strong></span> <span class='ocrx_word' id='word_1_859' title='bbox 2441 4996 2507 5051; x_wconf 83' lang='lat' dir='ltr'><strong>ad</strong></span> <span class='ocrx_word' id='word_1_860' title='bbox 2537 5011 2733 5050; x_wconf 87' lang='lat' dir='ltr'><strong>annum</strong></span> <span class='ocrx_word' id='word_1_861' title='bbox 2764 4999 3199 5055; x_wconf 81' lang='lat' dir='ltr'><strong>trecentesimum</strong></span> <span class='ocrx_word' id='word_1_862' title='bbox 3228 5001 3610 5071; x_wconf 77' lang='lat' dir='ltr'><strong>octogesimum</strong></span> <span class='ocrx_word' id='word_1_863' title='bbox 3637 5017 3767 5056; x_wconf 78' lang='lat' dir='ltr'><strong>sex-</strong></span> 
     </span>
    </p>
   </div>
   <div class='ocr_carea' id='block_1_112' title="bbox 2176 5079 3766 5158">
    <p class='ocr_par' dir='ltr' id='par_1_112' title="bbox 2176 5079 3766 5158">
     <span class='ocr_line' id='line_1_112' title="bbox 2176 5079 3766 5158; baseline 0.003 -16"><span class='ocrx_word' id='word_1_864' title='bbox 2176 5097 2312 5154; x_wconf 90' lang='lat' dir='ltr'><strong>tum,</strong></span> <span class='ocrx_word' id='word_1_865' title='bbox 2327 5079 2449 5143; x_wconf 77' lang='lat' dir='ltr'><strong>ditm</strong></span> <span class='ocrx_word' id='word_1_866' title='bbox 2465 5090 2647 5158; x_wconf 81' lang='lat' dir='ltr'><strong>ingens</strong></span> <span class='ocrx_word' id='word_1_867' title='bbox 2681 5087 3094 5145; x_wconf 73' lang='lat' dir='ltr'><strong>Maiiicbatorum</strong></span> <span class='ocrx_word' id='word_1_868' title='bbox 3126 5091 3406 5146; x_wconf 83' lang='lat' dir='ltr'><strong>multitudo</strong></span> <span class='ocrx_word' id='word_1_869' title='bbox 3423 5106 3606 5147; x_wconf 80' lang='lat' dir='ltr'><strong>coram</strong></span> <span class='ocrx_word' id='word_1_870' title='bbox 3623 5091 3766 5148; x_wconf 72' lang='lat' dir='ltr'><strong>Mes-</strong></span> 
     </span>
    </p>
   </div>
   <div class='ocr_carea' id='block_1_113' title="bbox 2175 5180 3761 5256">
    <p class='ocr_par' dir='ltr' id='par_1_113' title="bbox 2175 5180 3761 5256">
     <span class='ocr_line' id='line_1_113' title="bbox 2175 5180 3761 5256; baseline 0.004 -22"><span class='ocrx_word' id='word_1_871' title='bbox 2175 5180 2325 5235; x_wconf 85' lang='lat' dir='ltr'><strong>siano</strong></span> <span class='ocrx_word' id='word_1_872' title='bbox 2354 5180 2668 5249; x_wconf 89' lang='lat' dir='ltr'><strong>proconsule</strong></span> <span class='ocrx_word' id='word_1_873' title='bbox 2696 5195 2908 5236; x_wconf 85' lang='lat' dir='ltr'><strong>causam</strong></span> <span class='ocrx_word' id='word_1_874' title='bbox 2949 5182 3132 5239; x_wconf 83' lang='lat' dir='ltr'><strong>dicere</strong></span> <span class='ocrx_word' id='word_1_875' title='bbox 3165 5185 3312 5253; x_wconf 77' lang='lat' dir='ltr'><strong>jussu</strong></span> <span class='ocrx_word' id='word_1_876' title='bbox 3341 5193 3657 5256; x_wconf 73' lang='lat' dir='ltr'><strong>est,atque,</strong></span> <span class='ocrx_word' id='word_1_877' title='bbox 3680 5187 3761 5241; x_wconf 77' lang='lat' dir='ltr'><strong>uti</strong></span> 
     </span>
    </p>
   </div>
   <div class='ocr_carea' id='block_1_114' title="bbox 2176 5272 3049 5342">
    <p class='ocr_par' dir='ltr' id='par_1_114' title="bbox 2176 5272 3049 5342">
     <span class='ocr_line' id='line_1_114' title="bbox 2176 5272 3049 5342; baseline 0.005 -17"><span class='ocrx_word' id='word_1_878' title='bbox 2176 5273 2342 5327; x_wconf 79' lang='lat' dir='ltr'><strong>videri</strong></span> <span class='ocrx_word' id='word_1_879' title='bbox 2370 5282 2565 5342; x_wconf 85' lang='lat' dir='ltr'><strong>potest,</strong></span> <span class='ocrx_word' id='word_1_880' title='bbox 2590 5272 2658 5328; x_wconf 87' lang='lat' dir='ltr'><strong>ab</strong></span> <span class='ocrx_word' id='word_1_881' title='bbox 2682 5290 2753 5330; x_wconf 83' lang='lat' dir='ltr'><strong>eo</strong></span> <span class='ocrx_word' id='word_1_882' title='bbox 2774 5275 3049 5330; x_wconf 85' lang='lat' dir='ltr'><strong>damnata.</strong></span> 
     </span>
    </p>
   </div>
   <div class='ocr_carea' id='block_1_115' title="bbox 2246 5363 3767 5438">
    <p class='ocr_par' dir='ltr' id='par_1_115' title="bbox 2246 5363 3767 5438">
     <span class='ocr_line' id='line_1_115' title="bbox 2246 5363 3767 5438; baseline 0.002 -19"><span class='ocrx_word' id='word_1_883' title='bbox 2246 5366 2301 5419; x_wconf 74' lang='lat'><strong>3.</strong></span> <span class='ocrx_word' id='word_1_884' title='bbox 2341 5364 2407 5421; x_wconf 81' lang='lat' dir='ltr'><strong>Ut</strong></span> <span class='ocrx_word' id='word_1_885' title='bbox 2428 5363 2652 5421; x_wconf 79' lang='lat' dir='ltr'><strong>Faustus</strong></span> <span class='ocrx_word' id='word_1_886' title='bbox 2670 5367 2740 5421; x_wconf 84' lang='lat' dir='ltr'><strong>ob</strong></span> <span class='ocrx_word' id='word_1_887' title='bbox 2768 5382 2949 5423; x_wconf 82' lang='lat' dir='ltr'><strong>mores</strong></span> <span class='ocrx_word' id='word_1_888' title='bbox 2971 5382 3102 5423; x_wconf 85' lang='lat' dir='ltr'><strong>suos</strong></span> <span class='ocrx_word' id='word_1_889' title='bbox 3124 5382 3237 5438; x_wconf 62' lang='lat' dir='ltr'><strong>prae</strong></span> <span class='ocrx_word' id='word_1_890' title='bbox 3260 5370 3472 5425; x_wconf 69' lang='lat' dir='ltr'><strong>ceteris</strong></span> <span class='ocrx_word' id='word_1_891' title='bbox 3495 5384 3602 5424; x_wconf 79' lang='lat' dir='ltr'><strong>non</strong></span> <span class='ocrx_word' id='word_1_892' title='bbox 3626 5370 3767 5425; x_wconf 48' lang='lat' dir='ltr'><strong>cuii-</strong></span> 
     </span>
    </p>
   </div>
   <div class='ocr_carea' id='block_1_116' title="bbox 2176 5459 3760 5523">
    <p class='ocr_par' dir='ltr' id='par_1_116' title="bbox 2176 5459 3760 5523">
     <span class='ocr_line' id='line_1_116' title="bbox 2176 5459 3760 5523; baseline 0.003 -10"><span class='ocrx_word' id='word_1_893' title='bbox 2176 5459 2363 5523; x_wconf 86' lang='lat' dir='ltr'><strong>nebat;</strong></span> <span class='ocrx_word' id='word_1_894' title='bbox 2394 5460 2471 5515; x_wconf 82' lang='lat' dir='ltr'><strong>sic</strong></span> <span class='ocrx_word' id='word_1_895' title='bbox 2498 5461 2617 5515; x_wconf 87' lang='lat' dir='ltr'><strong>aliis</strong></span> <span class='ocrx_word' id='word_1_896' title='bbox 2648 5461 2951 5516; x_wconf 80' lang='lat' dir='ltr'><strong>Maniclneis</strong></span> <span class='ocrx_word' id='word_1_897' title='bbox 2976 5461 3213 5516; x_wconf 82' lang='lat' dir='ltr'><strong>doctrina</strong></span> <span class='ocrx_word' id='word_1_898' title='bbox 3243 5472 3299 5518; x_wconf 85' lang='lat' dir='ltr'><strong>et</strong></span> <span class='ocrx_word' id='word_1_899' title='bbox 3339 5463 3637 5519; x_wconf 78' lang='lat' dir='ltr'><strong>eruditione</strong></span> <span class='ocrx_word' id='word_1_900' title='bbox 3666 5479 3760 5517; x_wconf 87' lang='lat' dir='ltr'><strong>su-</strong></span> 
     </span>
    </p>
   </div>
   <div class='ocr_carea' id='block_1_117' title="bbox 2178 5551 3763 5623">
    <p class='ocr_par' dir='ltr' id='par_1_117' title="bbox 2178 5551 3763 5623">
     <span class='ocr_line' id='line_1_117' title="bbox 2178 5551 3763 5623; baseline 0.001 -19"><span class='ocrx_word' id='word_1_901' title='bbox 2178 5551 2355 5620; x_wconf 82' lang='lat' dir='ltr'><strong>perior</strong></span> <span class='ocrx_word' id='word_1_902' title='bbox 2381 5566 2484 5605; x_wconf 86' lang='lat' dir='ltr'><strong>non</strong></span> <span class='ocrx_word' id='word_1_903' title='bbox 2521 5561 2657 5607; x_wconf 86' lang='lat' dir='ltr'><strong>erat.</strong></span> <span class='ocrx_word' id='word_1_904' title='bbox 2691 5551 2833 5606; x_wconf 80' lang='lat' dir='ltr'><strong>Nam</strong></span> <span class='ocrx_word' id='word_1_905' title='bbox 2857 5553 3096 5607; x_wconf 83' lang='lat' dir='ltr'><strong>omnium</strong></span> <span class='ocrx_word' id='word_1_906' title='bbox 3132 5552 3429 5608; x_wconf 75' lang='lat' dir='ltr'><strong>libemliuul</strong></span> <span class='ocrx_word' id='word_1_907' title='bbox 3454 5552 3763 5623; x_wconf 79' lang='lat' dir='ltr'><strong>disciplina-</strong></span> 
     </span>
    </p>
   </div>
   <div class='ocr_carea' id='block_1_118' title="bbox 2174 5645 3760 5716">
    <p class='ocr_par' dir='ltr' id='par_1_118' title="bbox 2174 5645 3760 5716">
     <span class='ocr_line' id='line_1_118' title="bbox 2174 5645 3760 5716; baseline -0.001 -15"><span class='ocrx_word' id='word_1_908' title='bbox 2174 5658 2327 5707; x_wconf 78' lang='lat' dir='ltr'><strong>rum,</strong></span> <span class='ocrx_word' id='word_1_909' title='bbox 2369 5656 2718 5714; x_wconf 69' lang='lat' dir='ltr'><strong>prazterquatn</strong></span> <span class='ocrx_word' id='word_1_910' title='bbox 2747 5645 3109 5714; x_wconf 65' lang='lat' dir='ltr'><strong>grammaticae</strong></span> <span class='ocrx_word' id='word_1_911' title='bbox 3130 5682 3147 5709; x_wconf 92' lang='lat'><strong>,</strong></span> <span class='ocrx_word' id='word_1_912' title='bbox 3189 5645 3345 5700; x_wconf 84' lang='lat' dir='ltr'><strong>rudis</strong></span> <span class='ocrx_word' id='word_1_913' title='bbox 3380 5654 3540 5716; x_wconf 67' lang='lat' dir='ltr'><strong>atque</strong></span> <span class='ocrx_word' id='word_1_914' title='bbox 3566 5659 3760 5712; x_wconf 67' lang='lat' dir='ltr'><strong>exim</strong></span> 
     </span>
    </p>
   </div>
   <div class='ocr_carea' id='block_1_119' title="bbox 2179 5735 3758 5805">
    <p class='ocr_par' dir='ltr' id='par_1_119' title="bbox 2179 5735 3758 5805">
     <span class='ocr_line' id='line_1_119' title="bbox 2179 5735 3758 5805; baseline -0.001 -13"><span class='ocrx_word' id='word_1_915' title='bbox 2179 5745 2322 5805; x_wconf 75' lang='lat' dir='ltr'><strong>erat;</strong></span> <span class='ocrx_word' id='word_1_916' title='bbox 2355 5751 2576 5804; x_wconf 83' lang='lat' dir='ltr'><strong>eamque</strong></span> <span class='ocrx_word' id='word_1_917' title='bbox 2605 5735 2792 5805; x_wconf 79' lang='lat' dir='ltr'><strong>ipsam,</strong></span> <span class='ocrx_word' id='word_1_918' title='bbox 2825 5736 2874 5791; x_wconf 86' lang='lat' dir='ltr'><strong>in</strong></span> <span class='ocrx_word' id='word_1_919' title='bbox 2903 5752 3003 5805; x_wconf 84' lang='lat' dir='ltr'><strong>qua</strong></span> <span class='ocrx_word' id='word_1_920' title='bbox 3033 5735 3294 5793; x_wconf 60' lang='lat' dir='ltr'><strong>excellere</strong></span> <span class='ocrx_word' id='word_1_921' title='bbox 3325 5735 3618 5803; x_wconf 66' lang='lat' dir='ltr'><strong>videbatur,</strong></span> <span class='ocrx_word' id='word_1_922' title='bbox 3651 5748 3758 5790; x_wconf 80' lang='lat' dir='ltr'><strong>non</strong></span> 
     </span>
    </p>
   </div>
  </div>
