  <div class='ocr_page' id='page_1' title='image "/cluster/home/n/w/nwhite01/storage/ocr_20150623/32/hvd.32044015706328/054.png"; bbox 0 0 3994 6352; ppageno 0'>
   <div class='ocr_carea' id='block_1_1' title="bbox 190 256 3460 368">
    <p class='ocr_par' dir='ltr' id='par_1_1' title="bbox 190 256 3460 368">
     <span class='ocr_line' id='line_1_1' title="bbox 190 256 3460 368; baseline -0.004 -21"><span class='ocrx_word' id='word_1_1' title='bbox 190 310 250 365; x_wconf 63' lang='lat'><strong>,5</strong></span> <span class='ocrx_word' id='word_1_2' title='bbox 1567 282 1766 340; x_wconf 76' lang='lat' dir='ltr'><strong>uasa</strong></span> <span class='ocrx_word' id='word_1_3' title='bbox 1807 281 2080 344; x_wconf 76' lang='lat' dir='ltr'><strong>ent-itus.</strong></span> <span class='ocrx_word' id='word_1_4' title='bbox 2205 256 2208 258; x_wconf 68' lang='grc'><em>’</em></span> <span class='ocrx_word' id='word_1_5' title='bbox 3387 307 3460 368; x_wconf 64' lang='grc' dir='ltr'>η</span> 
     </span>
    </p>
   </div>
   <div class='ocr_carea' id='block_1_2' title="bbox 194 399 1774 500">
    <p class='ocr_par' dir='ltr' id='par_1_2' title="bbox 194 399 1774 500">
     <span class='ocr_line' id='line_1_2' title="bbox 194 399 1774 500; baseline -0.021 -14"><span class='ocrx_word' id='word_1_6' title='bbox 194 430 468 500; x_wconf 64' lang='lat' dir='ltr'><strong>quaesitam</strong></span> <span class='ocrx_word' id='word_1_7' title='bbox 491 440 560 480; x_wconf 78' lang='lat' dir='ltr'><strong>ex</strong></span> <span class='ocrx_word' id='word_1_8' title='bbox 581 419 791 477; x_wconf 86' lang='lat' dir='ltr'><strong>occulto</strong></span> <span class='ocrx_word' id='word_1_9' title='bbox 816 416 996 488; x_wconf 83' lang='lat' dir='ltr'><strong>aliquo</strong></span> <span class='ocrx_word' id='word_1_10' title='bbox 1019 425 1216 483; x_wconf 83' lang='lat' dir='ltr'><strong>genere</strong></span> <span class='ocrx_word' id='word_1_11' title='bbox 1237 407 1533 500; x_wconf 78' lang='lat' dir='ltr'><strong>litterarum</strong></span> <span class='ocrx_word' id='word_1_12' title='bbox 1549 443 1562 466; x_wconf 91' lang='lat'><strong>,</strong></span> <span class='ocrx_word' id='word_1_13' title='bbox 1589 401 1684 500; x_wconf 83' lang='lat' dir='ltr'><strong>sed</strong></span> <span class='ocrx_word' id='word_1_14' title='bbox 1709 399 1774 454; x_wconf 92' lang='lat' dir='ltr'><strong>de</strong></span> 
     </span>
    </p>
   </div>
   <div class='ocr_carea' id='block_1_3' title="bbox 192 495 1777 587">
    <p class='ocr_par' dir='ltr' id='par_1_3' title="bbox 192 495 1777 587">
     <span class='ocr_line' id='line_1_3' title="bbox 192 495 1777 587; baseline -0.023 -7"><span class='ocrx_word' id='word_1_15' title='bbox 192 495 360 580; x_wconf 72' lang='lat' dir='ltr'><strong>taedio</strong></span> <span class='ocrx_word' id='word_1_16' title='bbox 385 526 662 587; x_wconf 87' lang='lat' dir='ltr'><strong>sumptam</strong></span> <span class='ocrx_word' id='word_1_17' title='bbox 691 509 923 568; x_wconf 89' lang='lat' dir='ltr'><strong>tenebat.</strong></span> <span class='ocrx_word' id='word_1_18' title='bbox 959 506 1154 561; x_wconf 80' lang='lat' dir='ltr'><strong>Verum</strong></span> <span class='ocrx_word' id='word_1_19' title='bbox 1179 501 1300 575; x_wconf 76' lang='lat' dir='ltr'><strong>quia</strong></span> <span class='ocrx_word' id='word_1_20' title='bbox 1319 497 1482 558; x_wconf 75' lang='lat' dir='ltr'><strong>Tullii</strong></span> <span class='ocrx_word' id='word_1_21' title='bbox 1506 495 1777 553; x_wconf 78' lang='lat' dir='ltr'><strong>orationes</strong></span> 
     </span>
    </p>
   </div>
   <div class='ocr_carea' id='block_1_4' title="bbox 197 591 1774 684">
    <p class='ocr_par' dir='ltr' id='par_1_4' title="bbox 197 591 1774 684">
     <span class='ocr_line' id='line_1_4' title="bbox 197 591 1774 684; baseline -0.023 -13"><span class='ocrx_word' id='word_1_22' title='bbox 197 615 416 684; x_wconf 76' lang='lat' dir='ltr'><strong>aliquot,</strong></span> <span class='ocrx_word' id='word_1_23' title='bbox 437 622 656 678; x_wconf 85' lang='lat' dir='ltr'><strong>unaque</strong></span> <span class='ocrx_word' id='word_1_24' title='bbox 675 601 1028 676; x_wconf 85' lang='lat' dir='ltr'><strong>paucissimos</strong></span> <span class='ocrx_word' id='word_1_25' title='bbox 1045 597 1267 653; x_wconf 65' lang='lat' dir='ltr'><strong>Seneca</strong></span> <span class='ocrx_word' id='word_1_26' title='bbox 1288 591 1474 656; x_wconf 86' lang='lat' dir='ltr'><strong>libros,</strong></span> <span class='ocrx_word' id='word_1_27' title='bbox 1496 594 1774 684; x_wconf 74' lang='lat' dir='ltr'><strong>poetarum</strong></span> 
     </span>
    </p>
   </div>
   <div class='ocr_carea' id='block_1_5' title="bbox 193 673 1786 774">
    <p class='ocr_par' dir='ltr' id='par_1_5' title="bbox 193 673 1786 774">
     <span class='ocr_line' id='line_1_5' title="bbox 193 673 1786 774; baseline -0.02 -8"><span class='ocrx_word' id='word_1_28' title='bbox 193 673 343 768; x_wconf 57' lang='lat' dir='ltr'><strong>etiam</strong></span> <span class='ocrx_word' id='word_1_29' title='bbox 377 673 663 767; x_wconf 81' lang='lat' dir='ltr'><strong>nonnulla,</strong></span> <span class='ocrx_word' id='word_1_30' title='bbox 678 673 752 755; x_wconf 27' lang='lat' dir='ltr'><strong>iac</strong></span> <span class='ocrx_word' id='word_1_31' title='bbox 775 697 822 753; x_wconf 88' lang='lat' dir='ltr'><strong>si</strong></span> <span class='ocrx_word' id='word_1_32' title='bbox 851 709 971 766; x_wconf 76' lang='lat' dir='ltr'><strong>qua:</strong></span> <span class='ocrx_word' id='word_1_33' title='bbox 997 697 1180 748; x_wconf 81' lang='lat' dir='ltr'><strong>essent</strong></span> <span class='ocrx_word' id='word_1_34' title='bbox 1205 702 1234 744; x_wconf 84' lang='lat' dir='ltr'><strong>a</strong></span> <span class='ocrx_word' id='word_1_35' title='bbox 1259 691 1557 744; x_wconf 70' lang='lat' dir='ltr'><strong>sute’seetai</strong></span> <span class='ocrx_word' id='word_1_36' title='bbox 1583 673 1786 774; x_wconf 63' lang='lat' dir='ltr'><strong>tracta&#39;</strong></span> 
     </span>
    </p>
   </div>
   <div class='ocr_carea' id='block_1_6' title="bbox 194 777 1774 867">
    <p class='ocr_par' dir='ltr' id='par_1_6' title="bbox 194 777 1774 867">
     <span class='ocr_line' id='line_1_6' title="bbox 194 777 1774 867; baseline -0.019 -9"><span class='ocrx_word' id='word_1_37' title='bbox 194 801 395 858; x_wconf 84' lang='lat' dir='ltr'><strong>toribus</strong></span> <span class='ocrx_word' id='word_1_38' title='bbox 421 797 702 867; x_wconf 75' lang='lat' dir='ltr'><strong>eleganter</strong></span> <span class='ocrx_word' id='word_1_39' title='bbox 728 797 785 847; x_wconf 90' lang='lat' dir='ltr'><strong>et</strong></span> <span class='ocrx_word' id='word_1_40' title='bbox 812 794 999 842; x_wconf 88' lang='lat' dir='ltr'><strong>ornate</strong></span> <span class='ocrx_word' id='word_1_41' title='bbox 1021 783 1219 854; x_wconf 79' lang='lat' dir='ltr'><strong>scripta</strong></span> <span class='ocrx_word' id='word_1_42' title='bbox 1242 820 1260 844; x_wconf 92' lang='lat'><strong>,</strong></span> <span class='ocrx_word' id='word_1_43' title='bbox 1289 777 1648 839; x_wconf 86' lang='lat' dir='ltr'><strong>lectitaverat,</strong></span> <span class='ocrx_word' id='word_1_44' title='bbox 1675 787 1774 829; x_wconf 92' lang='lat' dir='ltr'><strong>usu</strong></span> 
     </span>
    </p>
   </div>
   <div class='ocr_carea' id='block_1_7' title="bbox 192 865 1776 964">
    <p class='ocr_par' dir='ltr' id='par_1_7' title="bbox 192 865 1776 964">
     <span class='ocr_line' id='line_1_7' title="bbox 192 865 1776 964; baseline -0.018 -15"><span class='ocrx_word' id='word_1_45' title='bbox 192 905 336 964; x_wconf 84' lang='lat' dir='ltr'><strong>atque</strong></span> <span class='ocrx_word' id='word_1_46' title='bbox 355 865 752 953; x_wconf 54' lang='lat' dir='ltr'><strong>eneruitauone</strong></span> <span class='ocrx_word' id='word_1_47' title='bbox 775 879 1023 937; x_wconf 89' lang='lat' dir='ltr'><strong>continua</strong></span> <span class='ocrx_word' id='word_1_48' title='bbox 1055 890 1161 930; x_wconf 88' lang='lat' dir='ltr'><strong>non</strong></span> <span class='ocrx_word' id='word_1_49' title='bbox 1187 871 1508 964; x_wconf 76' lang='lat' dir='ltr'><strong>mediocrem</strong></span> <span class='ocrx_word' id='word_1_50' title='bbox 1532 865 1776 936; x_wconf 87' lang='lat' dir='ltr'><strong>indeptus</strong></span> 
     </span>
    </p>
   </div>
   <div class='ocr_carea' id='block_1_8' title="bbox 189 960 1774 1040">
    <p class='ocr_par' dir='ltr' id='par_1_8' title="bbox 189 960 1774 1040">
     <span class='ocr_line' id='line_1_8' title="bbox 189 960 1774 1040; baseline -0.019 0"><span class='ocrx_word' id='word_1_51' title='bbox 189 960 291 1040; x_wconf 69' lang='lat' dir='ltr'><strong>erat</strong></span> <span class='ocrx_word' id='word_1_52' title='bbox 320 978 546 1040; x_wconf 77' lang='lat' dir='ltr'><strong>dicendi</strong></span> <span class='ocrx_word' id='word_1_53' title='bbox 585 975 885 1031; x_wconf 74' lang='lat' dir='ltr'><strong>facultatem</strong></span> <span class='ocrx_word' id='word_1_54' title='bbox 906 1011 924 1036; x_wconf 73' lang='grc' dir='ltr'><strong><em>ο</em></strong></span> <span class='ocrx_word' id='word_1_55' title='bbox 954 983 1021 1025; x_wconf 91' lang='lat' dir='ltr'><strong>eo</strong></span> <span class='ocrx_word' id='word_1_56' title='bbox 1045 965 1111 1022; x_wconf 88' lang='lat' dir='ltr'><strong>ad</strong></span> <span class='ocrx_word' id='word_1_57' title='bbox 1136 960 1507 1032; x_wconf 82' lang='lat' dir='ltr'><strong>decipiendum</strong></span> <span class='ocrx_word' id='word_1_58' title='bbox 1535 960 1774 1014; x_wconf 87' lang='lat' dir='ltr'><strong>incautos</strong></span> 
     </span>
    </p>
   </div>
   <div class='ocr_carea' id='block_1_9' title="bbox 189 1046 1775 1144">
    <p class='ocr_par' dir='ltr' id='par_1_9' title="bbox 189 1046 1775 1144">
     <span class='ocr_line' id='line_1_9' title="bbox 189 1046 1775 1144; baseline -0.017 -14"><span class='ocrx_word' id='word_1_59' title='bbox 189 1074 443 1144; x_wconf 82' lang='lat' dir='ltr'><strong>aptiorem</strong></span> <span class='ocrx_word' id='word_1_60' title='bbox 468 1110 487 1135; x_wconf 90' lang='lat'><strong>,</strong></span> <span class='ocrx_word' id='word_1_61' title='bbox 519 1081 630 1138; x_wconf 87' lang='lat' dir='ltr'><strong>quo</strong></span> <span class='ocrx_word' id='word_1_62' title='bbox 655 1078 845 1136; x_wconf 78' lang='lat' dir='ltr'><strong>magna</strong></span> <span class='ocrx_word' id='word_1_63' title='bbox 887 1058 1048 1116; x_wconf 87' lang='lat' dir='ltr'><strong>animi</strong></span> <span class='ocrx_word' id='word_1_64' title='bbox 1075 1053 1442 1116; x_wconf 74' lang='lat' dir='ltr'><strong>moderatione</strong></span> <span class='ocrx_word' id='word_1_65' title='bbox 1465 1059 1518 1108; x_wconf 89' lang='lat' dir='ltr'><strong>et</strong></span> <span class='ocrx_word' id='word_1_66' title='bbox 1548 1046 1775 1144; x_wconf 65' lang='lat' dir='ltr'><strong>naturali</strong></span> 
     </span>
    </p>
   </div>
   <div class='ocr_carea' id='block_1_10' title="bbox 188 1137 1772 1236">
    <p class='ocr_par' dir='ltr' id='par_1_10' title="bbox 188 1137 1772 1236">
     <span class='ocr_line' id='line_1_10' title="bbox 188 1137 1772 1236; baseline -0.02 -16"><span class='ocrx_word' id='word_1_67' title='bbox 188 1137 414 1236; x_wconf 77' lang='lat' dir='ltr'><strong>quodam</strong></span> <span class='ocrx_word' id='word_1_68' title='bbox 463 1137 656 1230; x_wconf 80' lang='lat' dir='ltr'><strong>lepore</strong></span> <span class='ocrx_word' id='word_1_69' title='bbox 701 1151 1050 1212; x_wconf 80' lang='lat' dir='ltr'><strong>condiebatur</strong></span> <span class='ocrx_word' id='word_1_70' title='bbox 1079 1149 1099 1219; x_wconf 92' lang='lat'><strong>(</strong></span> <span class='ocrx_word' id='word_1_71' title='bbox 1128 1145 1277 1216; x_wconf 68' lang='grc' dir='ltr'><strong>σοιτί.</strong></span> <span class='ocrx_word' id='word_1_72' title='bbox 1430 1143 1498 1207; x_wconf 85' lang='lat'><strong>5,</strong></span> <span class='ocrx_word' id='word_1_73' title='bbox 1543 1155 1657 1210; x_wconf 87' lang='lat' dir='ltr'><strong>cap.</strong></span> <span class='ocrx_word' id='word_1_74' title='bbox 1698 1137 1732 1196; x_wconf 83' lang='lat'><strong>6</strong></span> <span class='ocrx_word' id='word_1_75' title='bbox 1754 1177 1772 1204; x_wconf 92' lang='lat'><strong>,</strong></span> 
     </span>
    </p>
   </div>
   <div class='ocr_carea' id='block_1_11' title="bbox 188 1235 1776 1326">
    <p class='ocr_par' dir='ltr' id='par_1_11' title="bbox 188 1235 1776 1326">
     <span class='ocr_line' id='line_1_11' title="bbox 188 1235 1776 1326; baseline -0.016 -17"><span class='ocrx_word' id='word_1_76' title='bbox 188 1235 234 1309; x_wconf 79' lang='grc' dir='ltr'>ιι.</span> <span class='ocrx_word' id='word_1_77' title='bbox 269 1256 326 1312; x_wconf 81' lang='lat' dir='ltr'><strong>ll</strong></span> <span class='ocrx_word' id='word_1_78' title='bbox 359 1253 406 1326; x_wconf 94' lang='lat'><strong>).</strong></span> <span class='ocrx_word' id='word_1_79' title='bbox 434 1249 678 1310; x_wconf 78' lang='lat' dir='ltr'><strong>Tametsi</strong></span> <span class='ocrx_word' id='word_1_80' title='bbox 705 1245 848 1303; x_wconf 88' lang='lat' dir='ltr'><strong>enim</strong></span> <span class='ocrx_word' id='word_1_81' title='bbox 877 1241 1048 1298; x_wconf 87' lang='lat' dir='ltr'><strong>serius</strong></span> <span class='ocrx_word' id='word_1_82' title='bbox 1073 1239 1141 1293; x_wconf 89' lang='lat' dir='ltr'><strong>ad</strong></span> <span class='ocrx_word' id='word_1_83' title='bbox 1163 1235 1372 1294; x_wconf 85' lang='lat' dir='ltr'><strong>dicendi</strong></span> <span class='ocrx_word' id='word_1_84' title='bbox 1397 1241 1566 1290; x_wconf 81' lang='lat' dir='ltr'><strong>artem</strong></span> <span class='ocrx_word' id='word_1_85' title='bbox 1595 1243 1776 1326; x_wconf 70' lang='lat' dir='ltr'><strong>acces-</strong></span> 
     </span>
    </p>
   </div>
   <div class='ocr_carea' id='block_1_12' title="bbox 186 1321 1778 1410">
    <p class='ocr_par' dir='ltr' id='par_1_12' title="bbox 186 1321 1778 1410">
     <span class='ocr_line' id='line_1_12' title="bbox 186 1321 1778 1410; baseline -0.019 -4"><span class='ocrx_word' id='word_1_86' title='bbox 186 1321 372 1410; x_wconf 70' lang='lat' dir='ltr'><strong>sisset</strong></span> <span class='ocrx_word' id='word_1_87' title='bbox 401 1354 467 1404; x_wconf 85' lang='lat' dir='ltr'><strong>ut</strong></span> <span class='ocrx_word' id='word_1_88' title='bbox 485 1353 606 1400; x_wconf 80' lang='lat' dir='ltr'><strong>erat</strong></span> <span class='ocrx_word' id='word_1_89' title='bbox 627 1351 806 1398; x_wconf 89' lang='lat' dir='ltr'><strong>tamen</strong></span> <span class='ocrx_word' id='word_1_90' title='bbox 832 1336 1044 1410; x_wconf 82' lang='lat' dir='ltr'><strong>ingenio</strong></span> <span class='ocrx_word' id='word_1_91' title='bbox 1069 1348 1193 1390; x_wconf 87' lang='lat' dir='ltr'><strong>acer</strong></span> <span class='ocrx_word' id='word_1_92' title='bbox 1216 1340 1268 1388; x_wconf 89' lang='lat' dir='ltr'><strong>et</strong></span> <span class='ocrx_word' id='word_1_93' title='bbox 1296 1328 1517 1386; x_wconf 84' lang='lat' dir='ltr'><strong>callidus</strong></span> <span class='ocrx_word' id='word_1_94' title='bbox 1548 1325 1565 1396; x_wconf 94' lang='lat'><strong>(</strong></span> <span class='ocrx_word' id='word_1_95' title='bbox 1589 1321 1778 1381; x_wconf 83' lang='lat' dir='ltr'><strong>Contra</strong></span> 
     </span>
    </p>
   </div>
   <div class='ocr_carea' id='block_1_13' title="bbox 188 1419 1777 1506">
    <p class='ocr_par' dir='ltr' id='par_1_13' title="bbox 188 1419 1777 1506">
     <span class='ocr_line' id='line_1_13' title="bbox 188 1419 1777 1506; baseline -0.018 -10"><span class='ocrx_word' id='word_1_96' title='bbox 188 1440 459 1506; x_wconf 73' lang='lat' dir='ltr'><strong>Faustum,</strong></span> <span class='ocrx_word' id='word_1_97' title='bbox 483 1438 578 1493; x_wconf 83' lang='lat' dir='ltr'><strong>lib.</strong></span> <span class='ocrx_word' id='word_1_98' title='bbox 597 1435 690 1498; x_wconf 69' lang='lat'><strong>21,</strong></span> <span class='ocrx_word' id='word_1_99' title='bbox 719 1449 838 1504; x_wconf 88' lang='lat' dir='ltr'><strong>cap.</strong></span> <span class='ocrx_word' id='word_1_100' title='bbox 876 1429 944 1485; x_wconf 80' lang='lat' dir='ltr'><strong>to</strong></span> <span class='ocrx_word' id='word_1_101' title='bbox 968 1427 1010 1498; x_wconf 90' lang='lat'><strong>),</strong></span> <span class='ocrx_word' id='word_1_102' title='bbox 1039 1426 1187 1482; x_wconf 83' lang='lat' dir='ltr'><strong>vultu</strong></span> <span class='ocrx_word' id='word_1_103' title='bbox 1214 1422 1280 1478; x_wconf 90' lang='lat' dir='ltr'><strong>ad</strong></span> <span class='ocrx_word' id='word_1_104' title='bbox 1306 1419 1618 1476; x_wconf 81' lang='lat' dir='ltr'><strong>modestiam</strong></span> <span class='ocrx_word' id='word_1_105' title='bbox 1640 1430 1777 1470; x_wconf 85' lang='lat' dir='ltr'><strong>com-</strong></span> 
     </span>
    </p>
   </div>
   <div class='ocr_carea' id='block_1_14' title="bbox 188 1506 1774 1604">
    <p class='ocr_par' dir='ltr' id='par_1_14' title="bbox 188 1506 1774 1604">
     <span class='ocr_line' id='line_1_14' title="bbox 188 1506 1774 1604; baseline -0.018 -14"><span class='ocrx_word' id='word_1_106' title='bbox 188 1534 356 1604; x_wconf 83' lang='lat' dir='ltr'><strong>posito</strong></span> <span class='ocrx_word' id='word_1_107' title='bbox 375 1572 392 1595; x_wconf 81' lang='lat'><strong>,</strong></span> <span class='ocrx_word' id='word_1_108' title='bbox 418 1528 639 1599; x_wconf 85' lang='lat' dir='ltr'><strong>eloquio</strong></span> <span class='ocrx_word' id='word_1_109' title='bbox 664 1524 806 1582; x_wconf 88' lang='lat' dir='ltr'><strong>dulci</strong></span> <span class='ocrx_word' id='word_1_110' title='bbox 841 1537 904 1576; x_wconf 90' lang='lat' dir='ltr'><strong>ac</strong></span> <span class='ocrx_word' id='word_1_111' title='bbox 941 1518 1134 1576; x_wconf 87' lang='lat' dir='ltr'><strong>blando</strong></span> <span class='ocrx_word' id='word_1_112' title='bbox 1155 1518 1174 1588; x_wconf 95' lang='lat'><strong>(</strong></span> <span class='ocrx_word' id='word_1_113' title='bbox 1198 1514 1347 1585; x_wconf 77' lang='lat' dir='ltr'><strong>Conf.</strong></span> <span class='ocrx_word' id='word_1_114' title='bbox 1375 1510 1463 1568; x_wconf 84' lang='lat' dir='ltr'><strong>lib.</strong></span> <span class='ocrx_word' id='word_1_115' title='bbox 1491 1511 1546 1577; x_wconf 89' lang='lat'><strong>5,</strong></span> <span class='ocrx_word' id='word_1_116' title='bbox 1573 1523 1689 1604; x_wconf 70' lang='lat' dir='ltr'><strong>cap.</strong></span> <span class='ocrx_word' id='word_1_117' title='bbox 1719 1506 1774 1572; x_wconf 84' lang='lat'><strong>6,</strong></span> 
     </span>
    </p>
   </div>
   <div class='ocr_carea' id='block_1_15' title="bbox 187 1601 1779 1694">
    <p class='ocr_par' dir='ltr' id='par_1_15' title="bbox 187 1601 1779 1694">
     <span class='ocr_line' id='line_1_15' title="bbox 187 1601 1779 1694; baseline -0.015 -14"><span class='ocrx_word' id='word_1_118' title='bbox 187 1601 236 1680; x_wconf 72' lang='lat' dir='ltr'><strong>in.</strong></span> <span class='ocrx_word' id='word_1_119' title='bbox 263 1623 332 1680; x_wconf 76' lang='lat' dir='ltr'><strong>to</strong></span> <span class='ocrx_word' id='word_1_120' title='bbox 353 1624 398 1694; x_wconf 84' lang='lat'><strong>),</strong></span> <span class='ocrx_word' id='word_1_121' title='bbox 429 1621 673 1691; x_wconf 80' lang='lat' dir='ltr'><strong>vulgaria</strong></span> <span class='ocrx_word' id='word_1_122' title='bbox 699 1629 924 1688; x_wconf 71' lang='lat' dir='ltr'><strong>qumque</strong></span> <span class='ocrx_word' id='word_1_123' title='bbox 950 1627 1013 1668; x_wconf 88' lang='lat' dir='ltr'><strong>ac</strong></span> <span class='ocrx_word' id='word_1_124' title='bbox 1030 1610 1150 1666; x_wconf 85' lang='lat' dir='ltr'><strong>trita</strong></span> <span class='ocrx_word' id='word_1_125' title='bbox 1173 1607 1338 1662; x_wconf 88' lang='lat' dir='ltr'><strong>multo</strong></span> <span class='ocrx_word' id='word_1_126' title='bbox 1353 1605 1569 1661; x_wconf 76' lang='lat' dir='ltr'><strong>suavius</strong></span> <span class='ocrx_word' id='word_1_127' title='bbox 1585 1601 1779 1658; x_wconf 87' lang='lat' dir='ltr'><strong>multo-</strong></span> 
     </span>
    </p>
   </div>
   <div class='ocr_carea' id='block_1_16' title="bbox 188 1693 1776 1787">
    <p class='ocr_par' dir='ltr' id='par_1_16' title="bbox 188 1693 1776 1787">
     <span class='ocr_line' id='line_1_16' title="bbox 188 1693 1776 1787; baseline -0.017 -12"><span class='ocrx_word' id='word_1_128' title='bbox 188 1693 599 1787; x_wconf 81' lang='lat' dir='ltr'><strong>quejucundins</strong></span> <span class='ocrx_word' id='word_1_129' title='bbox 613 1707 904 1782; x_wconf 75' lang='lat' dir='ltr'><strong>garriebat.</strong></span> <span class='ocrx_word' id='word_1_130' title='bbox 927 1703 1008 1761; x_wconf 90' lang='lat' dir='ltr'><strong>Ob</strong></span> <span class='ocrx_word' id='word_1_131' title='bbox 1031 1716 1151 1759; x_wconf 86' lang='lat' dir='ltr'><strong>eam</strong></span> <span class='ocrx_word' id='word_1_132' title='bbox 1170 1693 1776 1787; x_wconf 58' lang='lat' dir='ltr'><strong>suaviloqtientiaritnon</strong></span> 
     </span>
    </p>
   </div>
   <div class='ocr_carea' id='block_1_17' title="bbox 189 1782 1774 1878">
    <p class='ocr_par' dir='ltr' id='par_1_17' title="bbox 189 1782 1774 1878">
     <span class='ocr_line' id='line_1_17' title="bbox 189 1782 1774 1878; baseline -0.018 -14"><span class='ocrx_word' id='word_1_133' title='bbox 189 1782 364 1878; x_wconf 78' lang='lat' dir='ltr'><strong>paucis</strong></span> <span class='ocrx_word' id='word_1_134' title='bbox 381 1818 611 1875; x_wconf 79' lang='lat' dir='ltr'><strong>magnus</strong></span> <span class='ocrx_word' id='word_1_135' title='bbox 625 1799 818 1856; x_wconf 90' lang='lat' dir='ltr'><strong>diaboli</strong></span> <span class='ocrx_word' id='word_1_136' title='bbox 836 1798 1058 1867; x_wconf 88' lang='lat' dir='ltr'><strong>laqueus</strong></span> <span class='ocrx_word' id='word_1_137' title='bbox 1076 1791 1277 1852; x_wconf 80' lang='lat' dir='ltr'><strong>exstitit</strong></span> <span class='ocrx_word' id='word_1_138' title='bbox 1292 1786 1578 1844; x_wconf 83' lang='lat' dir='ltr'><strong>Catltolicis</strong></span> <span class='ocrx_word' id='word_1_139' title='bbox 1590 1782 1774 1857; x_wconf 58' lang='lat' dir='ltr'><strong>(tum,</strong></span> 
     </span>
    </p>
   </div>
   <div class='ocr_carea' id='block_1_18' title="bbox 189 1879 1779 1969">
    <p class='ocr_par' dir='ltr' id='par_1_18' title="bbox 189 1879 1779 1969">
     <span class='ocr_line' id='line_1_18' title="bbox 189 1879 1779 1969; baseline -0.013 -17"><span class='ocrx_word' id='word_1_140' title='bbox 189 1917 297 1969; x_wconf 82' lang='lat' dir='ltr'><strong>cap.</strong></span> <span class='ocrx_word' id='word_1_141' title='bbox 328 1899 385 1961; x_wconf 73' lang='lat'><strong>3,</strong></span> <span class='ocrx_word' id='word_1_142' title='bbox 418 1895 606 1965; x_wconf 65' lang='lat'><strong>13.3);</strong></span> <span class='ocrx_word' id='word_1_143' title='bbox 647 1893 866 1960; x_wconf 81' lang='lat' dir='ltr'><strong>suisque</strong></span> <span class='ocrx_word' id='word_1_144' title='bbox 894 1887 1062 1942; x_wconf 90' lang='lat' dir='ltr'><strong>multo</strong></span> <span class='ocrx_word' id='word_1_145' title='bbox 1099 1883 1362 1939; x_wconf 71' lang='lat' dir='ltr'><strong>maximus</strong></span> <span class='ocrx_word' id='word_1_146' title='bbox 1401 1879 1656 1949; x_wconf 76' lang='lat' dir='ltr'><strong>magister</strong></span> <span class='ocrx_word' id='word_1_147' title='bbox 1694 1883 1779 1932; x_wconf 87' lang='lat' dir='ltr'><strong>est</strong></span> 
     </span>
    </p>
   </div>
   <div class='ocr_carea' id='block_1_19' title="bbox 193 1968 1780 2058">
    <p class='ocr_par' dir='ltr' id='par_1_19' title="bbox 193 1968 1780 2058">
     <span class='ocr_line' id='line_1_19' title="bbox 193 1968 1780 2058; baseline -0.012 -14"><span class='ocrx_word' id='word_1_148' title='bbox 193 1968 439 2056; x_wconf 80' lang='lat' dir='ltr'><strong>habitus,</strong></span> <span class='ocrx_word' id='word_1_149' title='bbox 472 1985 665 2058; x_wconf 79' lang='lat' dir='ltr'><strong>quibus</strong></span> <span class='ocrx_word' id='word_1_150' title='bbox 693 1998 761 2038; x_wconf 90' lang='lat' dir='ltr'><strong>eo</strong></span> <span class='ocrx_word' id='word_1_151' title='bbox 784 1981 1000 2050; x_wconf 83' lang='lat' dir='ltr'><strong>sapiens</strong></span> <span class='ocrx_word' id='word_1_152' title='bbox 1027 1991 1088 2032; x_wconf 86' lang='lat' dir='ltr'><strong>ac</strong></span> <span class='ocrx_word' id='word_1_153' title='bbox 1119 1974 1383 2045; x_wconf 80' lang='lat' dir='ltr'><strong>prudens,</strong></span> <span class='ocrx_word' id='word_1_154' title='bbox 1411 1986 1517 2041; x_wconf 90' lang='lat' dir='ltr'><strong>quo</strong></span> <span class='ocrx_word' id='word_1_155' title='bbox 1544 1968 1780 2028; x_wconf 78' lang='lat' dir='ltr'><strong>disertus</strong></span> 
     </span>
    </p>
   </div>
   <div class='ocr_carea' id='block_1_20' title="bbox 188 2062 1777 2151">
    <p class='ocr_par' dir='ltr' id='par_1_20' title="bbox 188 2062 1777 2151">
     <span class='ocr_line' id='line_1_20' title="bbox 188 2062 1777 2151; baseline -0.012 -15"><span class='ocrx_word' id='word_1_156' title='bbox 188 2091 354 2151; x_wconf 82' lang='lat' dir='ltr'><strong>atque</strong></span> <span class='ocrx_word' id='word_1_157' title='bbox 397 2081 651 2148; x_wconf 82' lang='lat' dir='ltr'><strong>eloquens</strong></span> <span class='ocrx_word' id='word_1_158' title='bbox 695 2073 994 2128; x_wconf 82' lang='lat' dir='ltr'><strong>videbatur.</strong></span> <span class='ocrx_word' id='word_1_159' title='bbox 1046 2069 1140 2124; x_wconf 85' lang='lat' dir='ltr'><strong>llis</strong></span> <span class='ocrx_word' id='word_1_160' title='bbox 1187 2065 1609 2135; x_wconf 80' lang='lat' dir='ltr'><strong>quibuscumque</strong></span> <span class='ocrx_word' id='word_1_161' title='bbox 1661 2062 1777 2117; x_wconf 82' lang='lat' dir='ltr'><strong>elo-</strong></span> 
     </span>
    </p>
   </div>
   <div class='ocr_carea' id='block_1_21' title="bbox 187 2153 1777 2240">
    <p class='ocr_par' dir='ltr' id='par_1_21' title="bbox 187 2153 1777 2240">
     <span class='ocr_line' id='line_1_21' title="bbox 187 2153 1777 2240; baseline -0.014 -11"><span class='ocrx_word' id='word_1_162' title='bbox 187 2171 422 2240; x_wconf 72' lang='lat' dir='ltr'><strong>Quentiae</strong></span> <span class='ocrx_word' id='word_1_163' title='bbox 447 2166 712 2239; x_wconf 62' lang='lat' dir='ltr'><strong>praesidiis</strong></span> <span class='ocrx_word' id='word_1_164' title='bbox 753 2165 1040 2218; x_wconf 87' lang='lat' dir='ltr'><strong>instructus</strong></span> <span class='ocrx_word' id='word_1_165' title='bbox 1064 2200 1080 2224; x_wconf 94' lang='lat'><strong>,</strong></span> <span class='ocrx_word' id='word_1_166' title='bbox 1110 2157 1303 2213; x_wconf 90' lang='lat' dir='ltr'><strong>librum</strong></span> <span class='ocrx_word' id='word_1_167' title='bbox 1341 2153 1574 2210; x_wconf 81' lang='lat' dir='ltr'><strong>scribere</strong></span> <span class='ocrx_word' id='word_1_168' title='bbox 1617 2164 1777 2206; x_wconf 87' lang='lat' dir='ltr'><strong>ausus</strong></span> 
     </span>
    </p>
   </div>
   <div class='ocr_carea' id='block_1_22' title="bbox 188 2245 1778 2330">
    <p class='ocr_par' dir='ltr' id='par_1_22' title="bbox 188 2245 1778 2330">
     <span class='ocr_line' id='line_1_22' title="bbox 188 2245 1778 2330; baseline -0.013 -13"><span class='ocrx_word' id='word_1_169' title='bbox 188 2270 296 2325; x_wconf 86' lang='lat' dir='ltr'><strong>est,</strong></span> <span class='ocrx_word' id='word_1_170' title='bbox 347 2275 458 2330; x_wconf 86' lang='lat' dir='ltr'><strong>quo</strong></span> <span class='ocrx_word' id='word_1_171' title='bbox 497 2258 786 2316; x_wconf 81' lang='lat' dir='ltr'><strong>adversum</strong></span> <span class='ocrx_word' id='word_1_172' title='bbox 838 2253 1032 2321; x_wconf 65' lang='lat' dir='ltr'><strong>Legum</strong></span> <span class='ocrx_word' id='word_1_173' title='bbox 1062 2257 1115 2303; x_wconf 84' lang='lat' dir='ltr'><strong>t-t</strong></span> <span class='ocrx_word' id='word_1_174' title='bbox 1161 2245 1456 2315; x_wconf 79' lang='lat' dir='ltr'><strong>Prophetas</strong></span> <span class='ocrx_word' id='word_1_175' title='bbox 1497 2252 1553 2299; x_wconf 89' lang='lat' dir='ltr'><strong>et</strong></span> <span class='ocrx_word' id='word_1_176' title='bbox 1592 2256 1778 2300; x_wconf 88' lang='lat' dir='ltr'><strong>eorum</strong></span> 
     </span>
    </p>
   </div>
   <div class='ocr_carea' id='block_1_23' title="bbox 190 2334 1779 2417">
    <p class='ocr_par' dir='ltr' id='par_1_23' title="bbox 190 2334 1779 2417">
     <span class='ocr_line' id='line_1_23' title="bbox 190 2334 1779 2417; baseline -0.014 -9"><span class='ocrx_word' id='word_1_177' title='bbox 190 2353 396 2417; x_wconf 84' lang='lat' dir='ltr'><strong>Deum,</strong></span> <span class='ocrx_word' id='word_1_178' title='bbox 444 2360 500 2404; x_wconf 78' lang='lat' dir='ltr'><strong>et</strong></span> <span class='ocrx_word' id='word_1_179' title='bbox 551 2347 978 2403; x_wconf 74' lang='lat' dir='ltr'><strong>lucet-nationem</strong></span> <span class='ocrx_word' id='word_1_180' title='bbox 1028 2340 1225 2396; x_wconf 73' lang='lat' dir='ltr'><strong>Christi</strong></span> <span class='ocrx_word' id='word_1_181' title='bbox 1289 2337 1468 2405; x_wconf 71' lang='lat' dir='ltr'><strong>lingua</strong></span> <span class='ocrx_word' id='word_1_182' title='bbox 1521 2334 1779 2402; x_wconf 79' lang='lat' dir='ltr'><strong>sacrilega</strong></span> 
     </span>
    </p>
   </div>
   <div class='ocr_carea' id='block_1_24' title="bbox 188 2420 1779 2510">
    <p class='ocr_par' dir='ltr' id='par_1_24' title="bbox 188 2420 1779 2510">
     <span class='ocr_line' id='line_1_24' title="bbox 188 2420 1779 2510; baseline -0.015 -12"><span class='ocrx_word' id='word_1_183' title='bbox 188 2442 344 2510; x_wconf 82' lang='lat' dir='ltr'><strong>impie</strong></span> <span class='ocrx_word' id='word_1_184' title='bbox 385 2436 706 2494; x_wconf 84' lang='lat' dir='ltr'><strong>invehitur:</strong></span> <span class='ocrx_word' id='word_1_185' title='bbox 736 2449 800 2488; x_wconf 87' lang='lat' dir='ltr'><strong>ac</strong></span> <span class='ocrx_word' id='word_1_186' title='bbox 841 2449 908 2490; x_wconf 90' lang='lat' dir='ltr'><strong>ne</strong></span> <span class='ocrx_word' id='word_1_187' title='bbox 955 2429 1244 2499; x_wconf 85' lang='lat' dir='ltr'><strong>Scripturis</strong></span> <span class='ocrx_word' id='word_1_188' title='bbox 1272 2425 1406 2484; x_wconf 84' lang='lat' dir='ltr'><strong>Novi</strong></span> <span class='ocrx_word' id='word_1_189' title='bbox 1449 2420 1779 2482; x_wconf 83' lang='lat' dir='ltr'><strong>Testamentl</strong></span> 
     </span>
    </p>
   </div>
   <div class='ocr_carea' id='block_1_25' title="bbox 187 2513 1780 2604">
    <p class='ocr_par' dir='ltr' id='par_1_25' title="bbox 187 2513 1780 2604">
     <span class='ocr_line' id='line_1_25' title="bbox 187 2513 1780 2604; baseline -0.017 -11"><span class='ocrx_word' id='word_1_190' title='bbox 187 2534 515 2596; x_wconf 72' lang='lat' dir='ltr'><strong>revincetur,</strong></span> <span class='ocrx_word' id='word_1_191' title='bbox 545 2543 639 2582; x_wconf 84' lang='lat' dir='ltr'><strong>eas</strong></span> <span class='ocrx_word' id='word_1_192' title='bbox 664 2523 1120 2604; x_wconf 31' lang='lat' dir='ltr'><strong>quoque-falsatas</strong></span> <span class='ocrx_word' id='word_1_193' title='bbox 1146 2533 1268 2575; x_wconf 88' lang='lat' dir='ltr'><strong>esse</strong></span> <span class='ocrx_word' id='word_1_194' title='bbox 1295 2515 1380 2573; x_wconf 88' lang='lat' dir='ltr'><strong>bis</strong></span> <span class='ocrx_word' id='word_1_195' title='bbox 1407 2514 1560 2579; x_wconf 87' lang='lat' dir='ltr'><strong>locis,</strong></span> <span class='ocrx_word' id='word_1_196' title='bbox 1587 2513 1780 2583; x_wconf 82' lang='lat' dir='ltr'><strong>quibus</strong></span> 
     </span>
    </p>
   </div>
   <div class='ocr_carea' id='block_1_26' title="bbox 190 2610 1777 2695">
    <p class='ocr_par' dir='ltr' id='par_1_26' title="bbox 190 2610 1777 2695">
     <span class='ocr_line' id='line_1_26' title="bbox 190 2610 1777 2695; baseline -0.011 -17"><span class='ocrx_word' id='word_1_197' title='bbox 190 2623 466 2695; x_wconf 67' lang='grc' dir='ltr'>ιιι-πρεάίτί</span> <span class='ocrx_word' id='word_1_198' title='bbox 527 2636 590 2678; x_wconf 88' lang='lat' dir='ltr'><strong>se</strong></span> <span class='ocrx_word' id='word_1_199' title='bbox 645 2633 802 2689; x_wconf 80' lang='lat' dir='ltr'><strong>posse</strong></span> <span class='ocrx_word' id='word_1_200' title='bbox 860 2614 1059 2680; x_wconf 89' lang='lat' dir='ltr'><strong>sentit,</strong></span> <span class='ocrx_word' id='word_1_201' title='bbox 1111 2610 1451 2682; x_wconf 66' lang='lat' dir='ltr'><strong>praefidenter</strong></span> <span class='ocrx_word' id='word_1_202' title='bbox 1488 2611 1777 2663; x_wconf 73' lang='lat' dir='ltr'><strong>asseverat.</strong></span> 
     </span>
    </p>
   </div>
   <div class='ocr_carea' id='block_1_27' title="bbox 189 2697 1778 2777">
    <p class='ocr_par' dir='ltr' id='par_1_27' title="bbox 189 2697 1778 2777">
     <span class='ocr_line' id='line_1_27' title="bbox 189 2697 1778 2777; baseline -0.013 -6"><span class='ocrx_word' id='word_1_203' title='bbox 189 2716 316 2770; x_wconf 68' lang='lat' dir='ltr'><strong>(itan</strong></span> <span class='ocrx_word' id='word_1_204' title='bbox 361 2721 551 2769; x_wconf 87' lang='lat' dir='ltr'><strong>autem</strong></span> <span class='ocrx_word' id='word_1_205' title='bbox 591 2711 732 2768; x_wconf 86' lang='lat' dir='ltr'><strong>liber</strong></span> <span class='ocrx_word' id='word_1_206' title='bbox 765 2710 816 2768; x_wconf 91' lang='lat' dir='ltr'><strong>in</strong></span> <span class='ocrx_word' id='word_1_207' title='bbox 857 2703 1133 2777; x_wconf 72' lang='lat' dir='ltr'><strong>Augustini</strong></span> <span class='ocrx_word' id='word_1_208' title='bbox 1171 2716 1360 2759; x_wconf 83' lang='lat' dir='ltr'><strong>manus</strong></span> <span class='ocrx_word' id='word_1_209' title='bbox 1406 2697 1778 2769; x_wconf 81' lang='lat' dir='ltr'><strong>pervenisset,</strong></span> 
     </span>
    </p>
   </div>
   <div class='ocr_carea' id='block_1_28' title="bbox 191 2789 1781 2862">
    <p class='ocr_par' dir='ltr' id='par_1_28' title="bbox 191 2789 1781 2862">
     <span class='ocr_line' id='line_1_28' title="bbox 191 2789 1781 2862; baseline -0.013 -1"><span class='ocrx_word' id='word_1_210' title='bbox 191 2820 306 2862; x_wconf 86' lang='lat' dir='ltr'><strong>eum</strong></span> <span class='ocrx_word' id='word_1_211' title='bbox 331 2804 602 2860; x_wconf 86' lang='lat' dir='ltr'><strong>continuo</strong></span> <span class='ocrx_word' id='word_1_212' title='bbox 637 2801 706 2856; x_wconf 83' lang='lat' dir='ltr'><strong>de</strong></span> <span class='ocrx_word' id='word_1_213' title='bbox 747 2798 914 2858; x_wconf 85' lang='lat' dir='ltr'><strong>verbo</strong></span> <span class='ocrx_word' id='word_1_214' title='bbox 951 2798 1018 2852; x_wconf 88' lang='lat' dir='ltr'><strong>ad</strong></span> <span class='ocrx_word' id='word_1_215' title='bbox 1050 2795 1273 2853; x_wconf 77' lang='lat' dir='ltr'><strong>verbum</strong></span> <span class='ocrx_word' id='word_1_216' title='bbox 1303 2789 1596 2848; x_wconf 69' lang='lat' dir='ltr'><strong>confutavit</strong></span> <span class='ocrx_word' id='word_1_217' title='bbox 1626 2804 1642 2841; x_wconf 90' lang='lat'><strong>:</strong></span> <span class='ocrx_word' id='word_1_218' title='bbox 1673 2800 1781 2857; x_wconf 90' lang='lat' dir='ltr'><strong>quo</strong></span> 
     </span>
    </p>
   </div>
   <div class='ocr_carea' id='block_1_29' title="bbox 191 2882 1776 2954">
    <p class='ocr_par' dir='ltr' id='par_1_29' title="bbox 191 2882 1776 2954">
     <span class='ocr_line' id='line_1_29' title="bbox 191 2882 1776 2954; baseline -0.012 -2"><span class='ocrx_word' id='word_1_219' title='bbox 191 2897 384 2954; x_wconf 73' lang='lat' dir='ltr'><strong>factum</strong></span> <span class='ocrx_word' id='word_1_220' title='bbox 404 2903 494 2952; x_wconf 81' lang='lat' dir='ltr'><strong>est</strong></span> <span class='ocrx_word' id='word_1_221' title='bbox 513 2904 571 2954; x_wconf 90' lang='lat' dir='ltr'><strong>ut</strong></span> <span class='ocrx_word' id='word_1_222' title='bbox 591 2891 843 2950; x_wconf 84' lang='lat' dir='ltr'><strong>eumdem</strong></span> <span class='ocrx_word' id='word_1_223' title='bbox 872 2889 1064 2947; x_wconf 87' lang='lat' dir='ltr'><strong>librum</strong></span> <span class='ocrx_word' id='word_1_224' title='bbox 1092 2886 1252 2945; x_wconf 88' lang='lat' dir='ltr'><strong>etiam</strong></span> <span class='ocrx_word' id='word_1_225' title='bbox 1278 2897 1419 2941; x_wconf 87' lang='lat' dir='ltr'><strong>nunc</strong></span> <span class='ocrx_word' id='word_1_226' title='bbox 1439 2882 1776 2938; x_wconf 83' lang='lat' dir='ltr'><strong>haberemus.</strong></span> 
     </span>
    </p>
   </div>
   <div class='ocr_carea' id='block_1_30' title="bbox 191 2973 1778 3060">
    <p class='ocr_par' dir='ltr' id='par_1_30' title="bbox 191 2973 1778 3060">
     <span class='ocr_line' id='line_1_30' title="bbox 191 2973 1778 3060; baseline -0.013 -13"><span class='ocrx_word' id='word_1_227' title='bbox 191 2989 775 3060; x_wconf 76' lang='lat' dir='ltr'><strong>Enqtnlisquantusve</strong></span> <span class='ocrx_word' id='word_1_228' title='bbox 791 2983 950 3040; x_wconf 83' lang='lat' dir='ltr'><strong>fuerit</strong></span> <span class='ocrx_word' id='word_1_229' title='bbox 964 2975 1518 3040; x_wconf 70' lang='lat' dir='ltr'><strong>nomitntissimusille</strong></span> <span class='ocrx_word' id='word_1_230' title='bbox 1529 2973 1778 3039; x_wconf 79' lang='lat' dir='ltr'><strong>Faustus,</strong></span> 
     </span>
    </p>
   </div>
   <div class='ocr_carea' id='block_1_31' title="bbox 193 3063 1784 3152">
    <p class='ocr_par' dir='ltr' id='par_1_31' title="bbox 193 3063 1784 3152">
     <span class='ocr_line' id='line_1_31' title="bbox 193 3063 1784 3152; baseline -0.012 -15"><span class='ocrx_word' id='word_1_231' title='bbox 193 3095 356 3152; x_wconf 84' lang='lat' dir='ltr'><strong>quem</strong></span> <span class='ocrx_word' id='word_1_232' title='bbox 396 3080 725 3150; x_wconf 79' lang='lat' dir='ltr'><strong>Augustinus</strong></span> <span class='ocrx_word' id='word_1_233' title='bbox 769 3084 880 3134; x_wconf 89' lang='lat' dir='ltr'><strong>toto</strong></span> <span class='ocrx_word' id='word_1_234' title='bbox 916 3072 1090 3132; x_wconf 84' lang='lat' dir='ltr'><strong>ferme</strong></span> <span class='ocrx_word' id='word_1_235' title='bbox 1130 3070 1395 3128; x_wconf 83' lang='lat' dir='ltr'><strong>novennio</strong></span> <span class='ocrx_word' id='word_1_236' title='bbox 1429 3068 1564 3123; x_wconf 79' lang='lat' dir='ltr'><strong>adeo</strong></span> <span class='ocrx_word' id='word_1_237' title='bbox 1591 3063 1784 3134; x_wconf 86' lang='lat' dir='ltr'><strong>cupide</strong></span> 
     </span>
    </p>
   </div>
   <div class='ocr_carea' id='block_1_32' title="bbox 192 3157 1784 3244">
    <p class='ocr_par' dir='ltr' id='par_1_32' title="bbox 192 3157 1784 3244">
     <span class='ocr_line' id='line_1_32' title="bbox 192 3157 1784 3244; baseline -0.01 -16"><span class='ocrx_word' id='word_1_238' title='bbox 192 3171 545 3244; x_wconf 78' lang='lat' dir='ltr'><strong>exspectavit,</strong></span> <span class='ocrx_word' id='word_1_239' title='bbox 565 3167 806 3228; x_wconf 86' lang='lat' dir='ltr'><strong>futurum</strong></span> <span class='ocrx_word' id='word_1_240' title='bbox 837 3179 1079 3236; x_wconf 84' lang='lat' dir='ltr'><strong>sperans,</strong></span> <span class='ocrx_word' id='word_1_241' title='bbox 1113 3171 1172 3220; x_wconf 93' lang='lat' dir='ltr'><strong>ut</strong></span> <span class='ocrx_word' id='word_1_242' title='bbox 1198 3162 1246 3218; x_wconf 89' lang='lat' dir='ltr'><strong>is</strong></span> <span class='ocrx_word' id='word_1_243' title='bbox 1272 3175 1430 3232; x_wconf 84' lang='lat' dir='ltr'><strong>quem</strong></span> <span class='ocrx_word' id='word_1_244' title='bbox 1459 3158 1624 3214; x_wconf 85' lang='lat' dir='ltr'><strong>veluti</strong></span> <span class='ocrx_word' id='word_1_245' title='bbox 1645 3157 1784 3213; x_wconf 69' lang='grc' dir='ltr'><strong>ταιΙο</strong></span> 
     </span>
    </p>
   </div>
   <div class='ocr_carea' id='block_1_33' title="bbox 192 3249 1784 3333">
    <p class='ocr_par' dir='ltr' id='par_1_33' title="bbox 192 3249 1784 3333">
     <span class='ocr_line' id='line_1_33' title="bbox 192 3249 1784 3333; baseline -0.011 -10"><span class='ocrx_word' id='word_1_246' title='bbox 192 3263 468 3333; x_wconf 78' lang='lat' dir='ltr'><strong>delapsum</strong></span> <span class='ocrx_word' id='word_1_247' title='bbox 491 3259 776 3316; x_wconf 76' lang='lat' dir='ltr'><strong>homicln</strong></span> <span class='ocrx_word' id='word_1_248' title='bbox 793 3256 1134 3316; x_wconf 75' lang='lat' dir='ltr'><strong>celebrabant</strong></span> <span class='ocrx_word' id='word_1_249' title='bbox 1155 3251 1452 3318; x_wconf 72' lang='lat' dir='ltr'><strong>Manichtei,</strong></span> <span class='ocrx_word' id='word_1_250' title='bbox 1474 3249 1784 3321; x_wconf 86' lang='lat' dir='ltr'><strong>scrupulum</strong></span> 
     </span>
    </p>
   </div>
   <div class='ocr_carea' id='block_1_34' title="bbox 192 3343 1781 3422">
    <p class='ocr_par' dir='ltr' id='par_1_34' title="bbox 192 3343 1781 3422">
     <span class='ocr_line' id='line_1_34' title="bbox 192 3343 1781 3422; baseline -0.011 -8"><span class='ocrx_word' id='word_1_251' title='bbox 192 3370 404 3414; x_wconf 70' lang='lat' dir='ltr'><strong>omnem</strong></span> <span class='ocrx_word' id='word_1_252' title='bbox 428 3397 444 3419; x_wconf 91' lang='lat'><strong>,</strong></span> <span class='ocrx_word' id='word_1_253' title='bbox 491 3367 608 3422; x_wconf 88' lang='lat' dir='ltr'><strong>quo</strong></span> <span class='ocrx_word' id='word_1_254' title='bbox 642 3349 845 3409; x_wconf 82' lang='lat' dir='ltr'><strong>dudum</strong></span> <span class='ocrx_word' id='word_1_255' title='bbox 889 3349 1254 3420; x_wconf 79' lang='lat' dir='ltr'><strong>pangebatur,</strong></span> <span class='ocrx_word' id='word_1_256' title='bbox 1301 3347 1482 3404; x_wconf 85' lang='lat' dir='ltr'><strong>animo</strong></span> <span class='ocrx_word' id='word_1_257' title='bbox 1509 3343 1781 3399; x_wconf 76' lang='lat' dir='ltr'><strong>evelleret.</strong></span> 
     </span>
    </p>
   </div>
   <div class='ocr_carea' id='block_1_35' title="bbox 191 3435 1787 3515">
    <p class='ocr_par' dir='ltr' id='par_1_35' title="bbox 191 3435 1787 3515">
     <span class='ocr_line' id='line_1_35' title="bbox 191 3435 1787 3515; baseline -0.008 -14"><span class='ocrx_word' id='word_1_258' title='bbox 191 3446 335 3512; x_wconf 81' lang='lat' dir='ltr'><strong>Quod</strong></span> <span class='ocrx_word' id='word_1_259' title='bbox 363 3444 593 3515; x_wconf 78' lang='lat' dir='ltr'><strong>quidem</strong></span> <span class='ocrx_word' id='word_1_260' title='bbox 621 3442 798 3504; x_wconf 82' lang='lat' dir='ltr'><strong>multo</strong></span> <span class='ocrx_word' id='word_1_261' title='bbox 823 3441 1027 3496; x_wconf 81' lang='lat' dir='ltr'><strong>felicius</strong></span> <span class='ocrx_word' id='word_1_262' title='bbox 1052 3438 1292 3510; x_wconf 89' lang='lat' dir='ltr'><strong>contigit,</strong></span> <span class='ocrx_word' id='word_1_263' title='bbox 1321 3451 1482 3507; x_wconf 87' lang='lat' dir='ltr'><strong>quam</strong></span> <span class='ocrx_word' id='word_1_264' title='bbox 1509 3435 1578 3489; x_wconf 90' lang='lat' dir='ltr'><strong>ab</strong></span> <span class='ocrx_word' id='word_1_265' title='bbox 1603 3448 1670 3492; x_wconf 89' lang='lat' dir='ltr'><strong>eo</strong></span> <span class='ocrx_word' id='word_1_266' title='bbox 1689 3448 1787 3504; x_wconf 67' lang='grc' dir='ltr'>ιιι]-</span> 
     </span>
    </p>
   </div>
   <div class='ocr_carea' id='block_1_36' title="bbox 191 3525 1778 3605">
    <p class='ocr_par' dir='ltr' id='par_1_36' title="bbox 191 3525 1778 3605">
     <span class='ocr_line' id='line_1_36' title="bbox 191 3525 1778 3605; baseline -0.011 -8"><span class='ocrx_word' id='word_1_267' title='bbox 191 3539 445 3596; x_wconf 73' lang='lat' dir='ltr'><strong>nitntur:</strong></span> <span class='ocrx_word' id='word_1_268' title='bbox 474 3537 568 3593; x_wconf 86' lang='lat' dir='ltr'><strong>ille</strong></span> <span class='ocrx_word' id='word_1_269' title='bbox 591 3535 740 3591; x_wconf 86' lang='lat' dir='ltr'><strong>enim</strong></span> <span class='ocrx_word' id='word_1_270' title='bbox 781 3535 898 3605; x_wconf 86' lang='lat' dir='ltr'><strong>ipse</strong></span> <span class='ocrx_word' id='word_1_271' title='bbox 935 3531 1195 3597; x_wconf 81' lang='lat' dir='ltr'><strong>Faustus,</strong></span> <span class='ocrx_word' id='word_1_272' title='bbox 1234 3529 1319 3600; x_wconf 73' lang='lat' dir='ltr'><strong>qui</strong></span> <span class='ocrx_word' id='word_1_273' title='bbox 1359 3525 1531 3584; x_wconf 76' lang='lat' dir='ltr'><strong>multis</strong></span> <span class='ocrx_word' id='word_1_274' title='bbox 1568 3526 1778 3596; x_wconf 73' lang='lat' dir='ltr'><strong>laqueus</strong></span> 
     </span>
    </p>
   </div>
   <div class='ocr_carea' id='block_1_37' title="bbox 191 3619 1781 3698">
    <p class='ocr_par' dir='ltr' id='par_1_37' title="bbox 191 3619 1781 3698">
     <span class='ocr_line' id='line_1_37' title="bbox 191 3619 1781 3698; baseline -0.009 -13"><span class='ocrx_word' id='word_1_275' title='bbox 191 3633 366 3686; x_wconf 73' lang='lat' dir='ltr'><strong>mortis</strong></span> <span class='ocrx_word' id='word_1_276' title='bbox 392 3630 609 3694; x_wconf 72' lang='lat' dir='ltr'><strong>exstitit,</strong></span> <span class='ocrx_word' id='word_1_277' title='bbox 625 3629 814 3698; x_wconf 90' lang='lat' dir='ltr'><strong>inquit,</strong></span> <span class='ocrx_word' id='word_1_278' title='bbox 833 3641 1017 3689; x_wconf 87' lang='lat' dir='ltr'><strong>meum,</strong></span> <span class='ocrx_word' id='word_1_279' title='bbox 1043 3638 1142 3694; x_wconf 81' lang='lat' dir='ltr'><strong>quo</strong></span> <span class='ocrx_word' id='word_1_280' title='bbox 1167 3631 1344 3692; x_wconf 77' lang='lat' dir='ltr'><strong>captus</strong></span> <span class='ocrx_word' id='word_1_281' title='bbox 1369 3635 1528 3686; x_wconf 63' lang='lat' dir='ltr'><strong>natu,</strong></span> <span class='ocrx_word' id='word_1_282' title='bbox 1550 3619 1781 3672; x_wconf 66' lang='lat' dir='ltr'><strong>relaxare</strong></span> 
     </span>
    </p>
   </div>
   <div class='ocr_carea' id='block_1_38' title="bbox 182 3710 1770 3800">
    <p class='ocr_par' dir='ltr' id='par_1_38' title="bbox 182 3710 1770 3800">
     <span class='ocr_line' id='line_1_38' title="bbox 182 3710 1770 3800; baseline -0.009 -21"><span class='ocrx_word' id='word_1_283' title='bbox 182 3726 550 3800; x_wconf 65' lang='lat' dir='ltr'><strong>inceperat,</strong></span> <span class='ocrx_word' id='word_1_284' title='bbox 573 3737 665 3776; x_wconf 82' lang='lat' dir='ltr'><strong>nec</strong></span> <span class='ocrx_word' id='word_1_285' title='bbox 678 3721 866 3783; x_wconf 75' lang='lat' dir='ltr'><strong>uolens,</strong></span> <span class='ocrx_word' id='word_1_286' title='bbox 881 3735 971 3774; x_wconf 85' lang='lat' dir='ltr'><strong>nec</strong></span> <span class='ocrx_word' id='word_1_287' title='bbox 991 3718 1153 3772; x_wconf 75' lang='lat' dir='ltr'><strong>sciens</strong></span> <span class='ocrx_word' id='word_1_288' title='bbox 1168 3713 1354 3787; x_wconf 59' lang='grc' dir='ltr'>(ιδιά,</span> <span class='ocrx_word' id='word_1_289' title='bbox 1368 3730 1483 3784; x_wconf 84' lang='lat' dir='ltr'><strong>cap.</strong></span> <span class='ocrx_word' id='word_1_290' title='bbox 1502 3713 1556 3778; x_wconf 84' lang='lat'><strong>7,</strong></span> <span class='ocrx_word' id='word_1_291' title='bbox 1576 3727 1629 3765; x_wconf 82' lang='lat' dir='ltr'><strong>tt.</strong></span> <span class='ocrx_word' id='word_1_292' title='bbox 1650 3710 1770 3780; x_wconf 77' lang='grc'><strong>13).</strong></span> 
     </span>
    </p>
   </div>
   <div class='ocr_carea' id='block_1_39' title="bbox 256 3801 1774 3879">
    <p class='ocr_par' dir='ltr' id='par_1_39' title="bbox 256 3801 1774 3879">
     <span class='ocr_line' id='line_1_39' title="bbox 256 3801 1774 3879; baseline -0.011 -8"><span class='ocrx_word' id='word_1_293' title='bbox 256 3815 312 3871; x_wconf 80' lang='lat'><strong>6.</strong></span> <span class='ocrx_word' id='word_1_294' title='bbox 352 3813 474 3870; x_wconf 77' lang='lat' dir='ltr'><strong>lam</strong></span> <span class='ocrx_word' id='word_1_295' title='bbox 499 3811 736 3869; x_wconf 79' lang='lat' dir='ltr'><strong>Faustus</strong></span> <span class='ocrx_word' id='word_1_296' title='bbox 751 3809 1124 3879; x_wconf 76' lang='lat' dir='ltr'><strong>Carthaginem</strong></span> <span class='ocrx_word' id='word_1_297' title='bbox 1149 3813 1387 3870; x_wconf 77' lang='lat' dir='ltr'><strong>venerat,</strong></span> <span class='ocrx_word' id='word_1_298' title='bbox 1417 3818 1538 3859; x_wconf 89' lang='lat' dir='ltr'><strong>eum</strong></span> <span class='ocrx_word' id='word_1_299' title='bbox 1561 3801 1774 3874; x_wconf 77' lang='lat' dir='ltr'><strong>Augus-</strong></span> 
     </span>
    </p>
   </div>
   <div class='ocr_carea' id='block_1_40' title="bbox 191 3898 1784 3972">
    <p class='ocr_par' dir='ltr' id='par_1_40' title="bbox 191 3898 1784 3972">
     <span class='ocr_line' id='line_1_40' title="bbox 191 3898 1784 3972; baseline -0.009 -9"><span class='ocrx_word' id='word_1_300' title='bbox 191 3907 332 3965; x_wconf 78' lang='lat' dir='ltr'><strong>tinus</strong></span> <span class='ocrx_word' id='word_1_301' title='bbox 379 3921 585 3960; x_wconf 87' lang='lat' dir='ltr'><strong>annum</strong></span> <span class='ocrx_word' id='word_1_302' title='bbox 626 3903 798 3958; x_wconf 77' lang='lat' dir='ltr'><strong>:etatis</strong></span> <span class='ocrx_word' id='word_1_303' title='bbox 847 3909 1031 3972; x_wconf 84' lang='lat' dir='ltr'><strong>ageret</strong></span> <span class='ocrx_word' id='word_1_304' title='bbox 1069 3898 1540 3969; x_wconf 81' lang='lat' dir='ltr'><strong>undetrlgesimum</strong></span> <span class='ocrx_word' id='word_1_305' title='bbox 1564 3937 1581 3964; x_wconf 92' lang='lat'><strong>,</strong></span> <span class='ocrx_word' id='word_1_306' title='bbox 1625 3909 1784 3965; x_wconf 88' lang='lat' dir='ltr'><strong>quem</strong></span> 
     </span>
    </p>
   </div>
   <div class='ocr_carea' id='block_1_41' title="bbox 192 3989 1790 4056">
    <p class='ocr_par' dir='ltr' id='par_1_41' title="bbox 192 3989 1790 4056">
     <span class='ocr_line' id='line_1_41' title="bbox 192 3989 1790 4056; baseline -0.011 0"><span class='ocrx_word' id='word_1_307' title='bbox 192 4001 368 4056; x_wconf 84' lang='lat' dir='ltr'><strong>idibus</strong></span> <span class='ocrx_word' id='word_1_308' title='bbox 395 3995 713 4053; x_wconf 79' lang='lat' dir='ltr'><strong>novembris</strong></span> <span class='ocrx_word' id='word_1_309' title='bbox 754 4008 896 4048; x_wconf 83' lang='lat' dir='ltr'><strong>anno</strong></span> <span class='ocrx_word' id='word_1_310' title='bbox 923 3990 1122 4047; x_wconf 79' lang='lat' dir='ltr'><strong>Christi</strong></span> <span class='ocrx_word' id='word_1_311' title='bbox 1165 3989 1544 4045; x_wconf 82' lang='lat' dir='ltr'><strong>trecentesimo</strong></span> <span class='ocrx_word' id='word_1_312' title='bbox 1571 3992 1790 4056; x_wconf 48' lang='lat' dir='ltr'><strong>octoge-k</strong></span> 
     </span>
    </p>
   </div>
   <div class='ocr_carea' id='block_1_42' title="bbox 193 4079 1790 4152">
    <p class='ocr_par' dir='ltr' id='par_1_42' title="bbox 193 4079 1790 4152">
     <span class='ocr_line' id='line_1_42' title="bbox 193 4079 1790 4152; baseline -0.01 -5"><span class='ocrx_word' id='word_1_313' title='bbox 193 4094 341 4147; x_wconf 72' lang='lat' dir='ltr'><strong>sino</strong></span> <span class='ocrx_word' id='word_1_314' title='bbox 363 4087 604 4146; x_wconf 78' lang='lat' dir='ltr'><strong>secundo</strong></span> <span class='ocrx_word' id='word_1_315' title='bbox 629 4086 840 4141; x_wconf 85' lang='lat' dir='ltr'><strong>inierat.</strong></span> <span class='ocrx_word' id='word_1_316' title='bbox 868 4085 938 4143; x_wconf 84' lang='lat' dir='ltr'><strong>Et</strong></span> <span class='ocrx_word' id='word_1_317' title='bbox 963 4083 1008 4138; x_wconf 90' lang='lat' dir='ltr'><strong>si</strong></span> <span class='ocrx_word' id='word_1_318' title='bbox 1037 4097 1166 4138; x_wconf 85' lang='lat' dir='ltr'><strong>vero</strong></span> <span class='ocrx_word' id='word_1_319' title='bbox 1186 4097 1345 4152; x_wconf 85' lang='lat' dir='ltr'><strong>quam</strong></span> <span class='ocrx_word' id='word_1_320' title='bbox 1373 4080 1460 4136; x_wconf 91' lang='lat' dir='ltr'><strong>ille</strong></span> <span class='ocrx_word' id='word_1_321' title='bbox 1483 4079 1551 4134; x_wconf 90' lang='lat' dir='ltr'><strong>de</strong></span> <span class='ocrx_word' id='word_1_322' title='bbox 1579 4093 1637 4134; x_wconf 89' lang='lat' dir='ltr'><strong>se</strong></span> <span class='ocrx_word' id='word_1_323' title='bbox 1658 4092 1790 4133; x_wconf 83' lang='lat' dir='ltr'><strong>con-</strong></span> 
     </span>
    </p>
   </div>
   <div class='ocr_carea' id='block_1_43' title="bbox 194 4170 1788 4250">
    <p class='ocr_par' dir='ltr' id='par_1_43' title="bbox 194 4170 1788 4250">
     <span class='ocr_line' id='line_1_43' title="bbox 194 4170 1788 4250; baseline -0.008 -13"><span class='ocrx_word' id='word_1_324' title='bbox 194 4183 403 4238; x_wconf 78' lang='lat' dir='ltr'><strong>citarat</strong></span> <span class='ocrx_word' id='word_1_325' title='bbox 427 4179 899 4250; x_wconf 73' lang='lat' dir='ltr'><strong>exspectationem,</strong></span> <span class='ocrx_word' id='word_1_326' title='bbox 926 4175 1064 4230; x_wconf 87' lang='lat' dir='ltr'><strong>haud</strong></span> <span class='ocrx_word' id='word_1_327' title='bbox 1090 4175 1235 4229; x_wconf 87' lang='lat' dir='ltr'><strong>omni</strong></span> <span class='ocrx_word' id='word_1_328' title='bbox 1258 4188 1322 4227; x_wconf 77' lang='lat' dir='ltr'><strong>ex</strong></span> <span class='ocrx_word' id='word_1_329' title='bbox 1345 4180 1494 4242; x_wconf 86' lang='lat' dir='ltr'><strong>parte</strong></span> <span class='ocrx_word' id='word_1_330' title='bbox 1523 4170 1788 4225; x_wconf 88' lang='lat' dir='ltr'><strong>sustinere</strong></span> 
     </span>
    </p>
   </div>
   <div class='ocr_carea' id='block_1_44' title="bbox 194 4260 1787 4341">
    <p class='ocr_par' dir='ltr' id='par_1_44' title="bbox 194 4260 1787 4341">
     <span class='ocr_line' id='line_1_44' title="bbox 194 4260 1787 4341; baseline -0.006 -17"><span class='ocrx_word' id='word_1_331' title='bbox 194 4272 450 4341; x_wconf 85' lang='lat' dir='ltr'><strong>tuerique</strong></span> <span class='ocrx_word' id='word_1_332' title='bbox 477 4279 697 4339; x_wconf 85' lang='lat' dir='ltr'><strong>posset;</strong></span> <span class='ocrx_word' id='word_1_333' title='bbox 727 4276 841 4322; x_wconf 88' lang='lat' dir='ltr'><strong>erat</strong></span> <span class='ocrx_word' id='word_1_334' title='bbox 869 4266 920 4321; x_wconf 88' lang='lat' dir='ltr'><strong>ei</strong></span> <span class='ocrx_word' id='word_1_335' title='bbox 949 4275 1126 4320; x_wconf 86' lang='lat' dir='ltr'><strong>tamen</strong></span> <span class='ocrx_word' id='word_1_336' title='bbox 1153 4262 1456 4334; x_wconf 83' lang='lat' dir='ltr'><strong>eloquentia</strong></span> <span class='ocrx_word' id='word_1_337' title='bbox 1499 4260 1651 4315; x_wconf 71' lang='lat' dir='ltr'><strong>famae</strong></span> <span class='ocrx_word' id='word_1_338' title='bbox 1681 4275 1787 4315; x_wconf 88' lang='lat' dir='ltr'><strong>non</strong></span> 
     </span>
    </p>
   </div>
   <div class='ocr_carea' id='block_1_45' title="bbox 193 4351 1787 4432">
    <p class='ocr_par' dir='ltr' id='par_1_45' title="bbox 193 4351 1787 4432">
     <span class='ocr_line' id='line_1_45' title="bbox 193 4351 1787 4432; baseline -0.007 -16"><span class='ocrx_word' id='word_1_339' title='bbox 193 4362 402 4432; x_wconf 83' lang='lat' dir='ltr'><strong>impar,</strong></span> <span class='ocrx_word' id='word_1_340' title='bbox 435 4375 542 4430; x_wconf 90' lang='lat' dir='ltr'><strong>qua</strong></span> <span class='ocrx_word' id='word_1_341' title='bbox 572 4375 634 4414; x_wconf 86' lang='lat' dir='ltr'><strong>se</strong></span> <span class='ocrx_word' id='word_1_342' title='bbox 669 4373 883 4430; x_wconf 84' lang='lat' dir='ltr'><strong>quoque</strong></span> <span class='ocrx_word' id='word_1_343' title='bbox 918 4357 1094 4429; x_wconf 88' lang='lat' dir='ltr'><strong>primo</strong></span> <span class='ocrx_word' id='word_1_344' title='bbox 1121 4355 1303 4410; x_wconf 66' lang='lat' dir='ltr'><strong>auditu</strong></span> <span class='ocrx_word' id='word_1_345' title='bbox 1344 4368 1662 4422; x_wconf 75' lang='lat' dir='ltr'><strong>magnopere</strong></span> <span class='ocrx_word' id='word_1_346' title='bbox 1690 4351 1787 4406; x_wconf 85' lang='lat' dir='ltr'><strong>de-</strong></span> 
     </span>
    </p>
   </div>
   <div class='ocr_carea' id='block_1_46' title="bbox 191 4444 1791 4519">
    <p class='ocr_par' dir='ltr' id='par_1_46' title="bbox 191 4444 1791 4519">
     <span class='ocr_line' id='line_1_46' title="bbox 191 4444 1791 4519; baseline -0.008 -9"><span class='ocrx_word' id='word_1_347' title='bbox 191 4454 452 4510; x_wconf 74' lang='lat' dir='ltr'><strong>lectatum</strong></span> <span class='ocrx_word' id='word_1_348' title='bbox 481 4451 650 4508; x_wconf 74' lang='lat' dir='ltr'><strong>fuisse</strong></span> <span class='ocrx_word' id='word_1_349' title='bbox 685 4468 791 4506; x_wconf 90' lang='lat' dir='ltr'><strong>non</strong></span> <span class='ocrx_word' id='word_1_350' title='bbox 824 4450 1080 4506; x_wconf 87' lang='lat' dir='ltr'><strong>difllletur</strong></span> <span class='ocrx_word' id='word_1_351' title='bbox 1121 4448 1466 4519; x_wconf 78' lang='lat' dir='ltr'><strong>Augustinus.</strong></span> <span class='ocrx_word' id='word_1_352' title='bbox 1496 4444 1791 4500; x_wconf 78' lang='lat' dir='ltr'><strong>Delectabar</strong></span> 
     </span>
    </p>
   </div>
   <div class='ocr_carea' id='block_1_47' title="bbox 192 4536 1788 4610">
    <p class='ocr_par' dir='ltr' id='par_1_47' title="bbox 192 4536 1788 4610">
     <span class='ocr_line' id='line_1_47' title="bbox 192 4536 1788 4610; baseline -0.006 -12"><span class='ocrx_word' id='word_1_353' title='bbox 192 4556 386 4608; x_wconf 64' lang='lat' dir='ltr'><strong>am,</strong></span> <span class='ocrx_word' id='word_1_354' title='bbox 419 4546 523 4606; x_wconf 77' lang='lat' dir='ltr'><strong>ait,</strong></span> <span class='ocrx_word' id='word_1_355' title='bbox 555 4553 604 4597; x_wconf 90' lang='lat' dir='ltr'><strong>et</strong></span> <span class='ocrx_word' id='word_1_356' title='bbox 631 4559 744 4597; x_wconf 70' lang='lat' dir='ltr'><strong>cum</strong></span> <span class='ocrx_word' id='word_1_357' title='bbox 771 4543 961 4605; x_wconf 71' lang='lat' dir='ltr'><strong>multis,</strong></span> <span class='ocrx_word' id='word_1_358' title='bbox 990 4541 1067 4595; x_wconf 77' lang='lat' dir='ltr'><strong>vel</strong></span> <span class='ocrx_word' id='word_1_359' title='bbox 1092 4541 1239 4594; x_wconf 82' lang='lat' dir='ltr'><strong>etiam</strong></span> <span class='ocrx_word' id='word_1_360' title='bbox 1269 4554 1378 4610; x_wconf 76' lang='lat' dir='ltr'><strong>prta</strong></span> <span class='ocrx_word' id='word_1_361' title='bbox 1405 4539 1579 4591; x_wconf 72' lang='lat' dir='ltr'><strong>multis</strong></span> <span class='ocrx_word' id='word_1_362' title='bbox 1603 4536 1788 4591; x_wconf 82' lang='lat' dir='ltr'><strong>(auda-</strong></span> 
     </span>
    </p>
   </div>
   <div class='ocr_carea' id='block_1_48' title="bbox 191 4628 1790 4712">
    <p class='ocr_par' dir='ltr' id='par_1_48' title="bbox 191 4628 1790 4712">
     <span class='ocr_line' id='line_1_48' title="bbox 191 4628 1790 4712; baseline -0.008 -16"><span class='ocrx_word' id='word_1_363' title='bbox 191 4641 304 4696; x_wconf 64' lang='grc' dir='ltr'>ὑι-</span> <span class='ocrx_word' id='word_1_364' title='bbox 322 4654 394 4693; x_wconf 75' lang='lat' dir='ltr'><strong>ae</strong></span> <span class='ocrx_word' id='word_1_365' title='bbox 412 4635 683 4705; x_wconf 66' lang='lat' dir='ltr'><strong>cla-ebant</strong></span> <span class='ocrx_word' id='word_1_366' title='bbox 703 4634 890 4712; x_wconf 63' lang='grc' dir='ltr'><strong>(Μαι,</strong></span> <span class='ocrx_word' id='word_1_367' title='bbox 913 4651 1028 4706; x_wconf 79' lang='lat' dir='ltr'><strong>cap.</strong></span> <span class='ocrx_word' id='word_1_368' title='bbox 1057 4635 1112 4702; x_wconf 79' lang='grc' dir='ltr'><strong>ϐ,</strong></span> <span class='ocrx_word' id='word_1_369' title='bbox 1143 4649 1198 4688; x_wconf 82' lang='grc' dir='ltr'>ιι.</span> <span class='ocrx_word' id='word_1_370' title='bbox 1224 4633 1286 4688; x_wconf 75' lang='grc' dir='ltr'><strong>ιι</strong></span> <span class='ocrx_word' id='word_1_371' title='bbox 1376 4631 1709 4702; x_wconf 77' lang='lat' dir='ltr'><strong>Quanquam,</strong></span> <span class='ocrx_word' id='word_1_372' title='bbox 1732 4637 1790 4684; x_wconf 88' lang='lat' dir='ltr'><strong>ut</strong></span> 
     </span>
    </p>
   </div>
   <div class='ocr_carea' id='block_1_49' title="bbox 195 4719 1790 4797">
    <p class='ocr_par' dir='ltr' id='par_1_49' title="bbox 195 4719 1790 4797">
     <span class='ocr_line' id='line_1_49' title="bbox 195 4719 1790 4797; baseline -0.006 -13"><span class='ocrx_word' id='word_1_373' title='bbox 195 4738 312 4784; x_wconf 86' lang='lat' dir='ltr'><strong>erat</strong></span> <span class='ocrx_word' id='word_1_374' title='bbox 337 4741 540 4797; x_wconf 60' lang='lat' dir='ltr'><strong>mus</strong></span> <span class='ocrx_word' id='word_1_375' title='bbox 567 4741 746 4782; x_wconf 84' lang='lat' dir='ltr'><strong>rerum</strong></span> <span class='ocrx_word' id='word_1_376' title='bbox 787 4719 1109 4790; x_wconf 64' lang='lat' dir='ltr'><strong>mstittmtof&#39;,</strong></span> <span class='ocrx_word' id='word_1_377' title='bbox 1151 4725 1370 4778; x_wconf 73' lang='lat' dir='ltr'><strong>uberem</strong></span> <span class='ocrx_word' id='word_1_378' title='bbox 1408 4722 1550 4776; x_wconf 58' lang='lat' dir='ltr'><strong>illam</strong></span> <span class='ocrx_word' id='word_1_379' title='bbox 1579 4720 1790 4774; x_wconf 81' lang='lat' dir='ltr'><strong>dicendi</strong></span> 
     </span>
    </p>
   </div>
   <div class='ocr_carea' id='block_1_50' title="bbox 195 4812 1788 4890">
    <p class='ocr_par' dir='ltr' id='par_1_50' title="bbox 195 4812 1788 4890">
     <span class='ocr_line' id='line_1_50' title="bbox 195 4812 1788 4890; baseline -0.007 -13"><span class='ocrx_word' id='word_1_380' title='bbox 195 4821 537 4886; x_wconf 70' lang='lat' dir='ltr'><strong>facultatem,</strong></span> <span class='ocrx_word' id='word_1_381' title='bbox 553 4833 712 4890; x_wconf 82' lang='lat' dir='ltr'><strong>quam</strong></span> <span class='ocrx_word' id='word_1_382' title='bbox 731 4818 935 4874; x_wconf 80' lang='lat' dir='ltr'><strong>meritis</strong></span> <span class='ocrx_word' id='word_1_383' title='bbox 953 4817 1197 4871; x_wconf 84' lang='lat' dir='ltr'><strong>laudi-bus</strong></span> <span class='ocrx_word' id='word_1_384' title='bbox 1216 4814 1654 4886; x_wconf 82' lang='lat' dir='ltr'><strong>prosequebatur,</strong></span> <span class='ocrx_word' id='word_1_385' title='bbox 1679 4812 1788 4867; x_wconf 86' lang='lat' dir='ltr'><strong>acri</strong></span> 
     </span>
    </p>
   </div>
   <div class='ocr_carea' id='block_1_51' title="bbox 193 4902 1788 4986">
    <p class='ocr_par' dir='ltr' id='par_1_51' title="bbox 193 4902 1788 4986">
     <span class='ocr_line' id='line_1_51' title="bbox 193 4902 1788 4986; baseline -0.006 -17"><span class='ocrx_word' id='word_1_386' title='bbox 193 4912 405 4986; x_wconf 73' lang='lat' dir='ltr'><strong>judicio</strong></span> <span class='ocrx_word' id='word_1_387' title='bbox 428 4914 504 4967; x_wconf 81' lang='lat' dir='ltr'><strong>ab</strong></span> <span class='ocrx_word' id='word_1_388' title='bbox 532 4925 711 4966; x_wconf 83' lang='lat' dir='ltr'><strong>return</strong></span> <span class='ocrx_word' id='word_1_389' title='bbox 730 4902 1325 4965; x_wconf 27' lang='lat' dir='ltr'><strong>veritate&#39;discerneret.</strong></span> <span class='ocrx_word' id='word_1_390' title='bbox 1350 4906 1570 4962; x_wconf 78' lang='lat' dir='ltr'><strong>Moleste</strong></span> <span class='ocrx_word' id='word_1_391' title='bbox 1589 4907 1788 4960; x_wconf 87' lang='lat' dir='ltr'><strong>interea</strong></span> 
     </span>
    </p>
   </div>
   <div class='ocr_carea' id='block_1_52' title="bbox 195 4995 1790 5071">
    <p class='ocr_par' dir='ltr' id='par_1_52' title="bbox 195 4995 1790 5071">
     <span class='ocr_line' id='line_1_52' title="bbox 195 4995 1790 5071; baseline -0.005 -14"><span class='ocrx_word' id='word_1_392' title='bbox 195 5001 432 5066; x_wconf 74' lang='lat' dir='ltr'><strong>ferebat,</strong></span> <span class='ocrx_word' id='word_1_393' title='bbox 452 5001 658 5057; x_wconf 86' lang='lat' dir='ltr'><strong>nullam</strong></span> <span class='ocrx_word' id='word_1_394' title='bbox 679 5001 780 5057; x_wconf 83' lang='lat' dir='ltr'><strong>sibi</strong></span> <span class='ocrx_word' id='word_1_395' title='bbox 811 5015 932 5056; x_wconf 90' lang='lat' dir='ltr'><strong>esse</strong></span> <span class='ocrx_word' id='word_1_396' title='bbox 953 5001 1183 5071; x_wconf 84' lang='lat' dir='ltr'><strong>copiam,</strong></span> <span class='ocrx_word' id='word_1_397' title='bbox 1214 4998 1482 5054; x_wconf 86' lang='lat' dir='ltr'><strong>hominem</strong></span> <span class='ocrx_word' id='word_1_398' title='bbox 1514 4997 1718 5068; x_wconf 83' lang='lat' dir='ltr'><strong>publica</strong></span> <span class='ocrx_word' id='word_1_399' title='bbox 1737 4995 1790 5050; x_wconf 90' lang='lat' dir='ltr'><strong>in</strong></span> 
     </span>
    </p>
   </div>
   <div class='ocr_carea' id='block_1_53' title="bbox 199 5089 1790 5163">
    <p class='ocr_par' dir='ltr' id='par_1_53' title="bbox 199 5089 1790 5163">
     <span class='ocr_line' id='line_1_53' title="bbox 199 5089 1790 5163; baseline -0.004 -15"><span class='ocrx_word' id='word_1_400' title='bbox 199 5094 469 5148; x_wconf 79' lang='lat' dir='ltr'><strong>concione</strong></span> <span class='ocrx_word' id='word_1_401' title='bbox 494 5090 760 5146; x_wconf 79' lang='lat' dir='ltr'><strong>dicentem</strong></span> <span class='ocrx_word' id='word_1_402' title='bbox 792 5090 1158 5163; x_wconf 82' lang='lat' dir='ltr'><strong>interpellandi</strong></span> <span class='ocrx_word' id='word_1_403' title='bbox 1178 5131 1192 5157; x_wconf 93' lang='lat'><strong>,</strong></span> <span class='ocrx_word' id='word_1_404' title='bbox 1236 5097 1397 5161; x_wconf 82' lang='lat' dir='ltr'><strong>atque</strong></span> <span class='ocrx_word' id='word_1_405' title='bbox 1424 5089 1643 5145; x_wconf 86' lang='lat' dir='ltr'><strong>alternis</strong></span> <span class='ocrx_word' id='word_1_406' title='bbox 1669 5104 1790 5143; x_wconf 89' lang='lat' dir='ltr'><strong>cum</strong></span> 
     </span>
    </p>
   </div>
   <div class='ocr_carea' id='block_1_54' title="bbox 201 5179 1792 5252">
    <p class='ocr_par' dir='ltr' id='par_1_54' title="bbox 201 5179 1792 5252">
     <span class='ocr_line' id='line_1_54' title="bbox 201 5179 1792 5252; baseline 0.001 -17"><span class='ocrx_word' id='word_1_407' title='bbox 201 5198 268 5235; x_wconf 87' lang='lat' dir='ltr'><strong>eo</strong></span> <span class='ocrx_word' id='word_1_408' title='bbox 287 5182 631 5238; x_wconf 71' lang='lat' dir='ltr'><strong>fantiliaﬁter</strong></span> <span class='ocrx_word' id='word_1_409' title='bbox 653 5179 948 5238; x_wconf 81' lang='lat' dir='ltr'><strong>disserendi</strong></span> <span class='ocrx_word' id='word_1_410' title='bbox 972 5223 989 5251; x_wconf 93' lang='lat'><strong>,</strong></span> <span class='ocrx_word' id='word_1_411' title='bbox 1019 5198 1125 5252; x_wconf 87' lang='lat' dir='ltr'><strong>quo</strong></span> <span class='ocrx_word' id='word_1_412' title='bbox 1153 5182 1456 5238; x_wconf 86' lang='lat' dir='ltr'><strong>oborientes</strong></span> <span class='ocrx_word' id='word_1_413' title='bbox 1480 5183 1660 5238; x_wconf 86' lang='lat' dir='ltr'><strong>animo</strong></span> <span class='ocrx_word' id='word_1_414' title='bbox 1683 5179 1792 5236; x_wconf 87' lang='lat' dir='ltr'><strong>dif-</strong></span> 
     </span>
    </p>
   </div>
   <div class='ocr_carea' id='block_1_55' title="bbox 206 5272 1792 5344">
    <p class='ocr_par' dir='ltr' id='par_1_55' title="bbox 206 5272 1792 5344">
     <span class='ocr_line' id='line_1_55' title="bbox 206 5272 1792 5344; baseline 0.001 -17"><span class='ocrx_word' id='word_1_415' title='bbox 206 5274 480 5329; x_wconf 77' lang='lat' dir='ltr'><strong>ﬁcultates</strong></span> <span class='ocrx_word' id='word_1_416' title='bbox 496 5272 722 5328; x_wconf 82' lang='lat' dir='ltr'><strong>invicem</strong></span> <span class='ocrx_word' id='word_1_417' title='bbox 739 5282 1068 5330; x_wconf 77' lang='lat' dir='ltr'><strong>excuterem.</strong></span> <span class='ocrx_word' id='word_1_418' title='bbox 1091 5273 1225 5328; x_wconf 87' lang='lat' dir='ltr'><strong>Cum</strong></span> <span class='ocrx_word' id='word_1_419' title='bbox 1247 5274 1472 5344; x_wconf 87' lang='lat' dir='ltr'><strong>primum</strong></span> <span class='ocrx_word' id='word_1_420' title='bbox 1493 5288 1618 5328; x_wconf 89' lang='lat' dir='ltr'><strong>vero</strong></span> <span class='ocrx_word' id='word_1_421' title='bbox 1635 5272 1792 5343; x_wconf 83' lang='lat' dir='ltr'><strong>hujus</strong></span> 
     </span>
    </p>
   </div>
   <div class='ocr_carea' id='block_1_56' title="bbox 201 5364 1791 5438">
    <p class='ocr_par' dir='ltr' id='par_1_56' title="bbox 201 5364 1791 5438">
     <span class='ocr_line' id='line_1_56' title="bbox 201 5364 1791 5438; baseline 0.003 -21"><span class='ocrx_word' id='word_1_422' title='bbox 201 5379 328 5418; x_wconf 77' lang='lat' dir='ltr'><strong>sese</strong></span> <span class='ocrx_word' id='word_1_423' title='bbox 354 5364 513 5420; x_wconf 80' lang='lat' dir='ltr'><strong>dedit</strong></span> <span class='ocrx_word' id='word_1_424' title='bbox 536 5367 905 5438; x_wconf 76' lang='lat' dir='ltr'><strong>opportunitas</strong></span> <span class='ocrx_word' id='word_1_425' title='bbox 923 5405 939 5434; x_wconf 89' lang='lat'><strong>,</strong></span> <span class='ocrx_word' id='word_1_426' title='bbox 970 5366 1118 5420; x_wconf 84' lang='lat' dir='ltr'><strong>illum</strong></span> <span class='ocrx_word' id='word_1_427' title='bbox 1148 5381 1268 5421; x_wconf 91' lang='lat' dir='ltr'><strong>cum</strong></span> <span class='ocrx_word' id='word_1_428' title='bbox 1310 5365 1657 5421; x_wconf 79' lang='lat' dir='ltr'><strong>familiaribus</strong></span> <span class='ocrx_word' id='word_1_429' title='bbox 1683 5368 1791 5421; x_wconf 88' lang='lat' dir='ltr'><strong>suis</strong></span> 
     </span>
    </p>
   </div>
   <div class='ocr_carea' id='block_1_57' title="bbox 199 5452 1788 5530">
    <p class='ocr_par' dir='ltr' id='par_1_57' title="bbox 199 5452 1788 5530">
     <span class='ocr_line' id='line_1_57' title="bbox 199 5452 1788 5530; baseline 0.003 -22"><span class='ocrx_word' id='word_1_430' title='bbox 199 5452 465 5525; x_wconf 81' lang='lat' dir='ltr'><strong>frequens</strong></span> <span class='ocrx_word' id='word_1_431' title='bbox 485 5458 754 5522; x_wconf 87' lang='lat' dir='ltr'><strong>convenit,</strong></span> <span class='ocrx_word' id='word_1_432' title='bbox 786 5473 986 5529; x_wconf 85' lang='lat' dir='ltr'><strong>eosque</strong></span> <span class='ocrx_word' id='word_1_433' title='bbox 1013 5458 1291 5528; x_wconf 82' lang='lat' dir='ltr'><strong>scrupulos</strong></span> <span class='ocrx_word' id='word_1_434' title='bbox 1316 5459 1402 5528; x_wconf 87' lang='lat' dir='ltr'><strong>qui</strong></span> <span class='ocrx_word' id='word_1_435' title='bbox 1427 5467 1488 5515; x_wconf 83' lang='lat' dir='ltr'><strong>se</strong></span> <span class='ocrx_word' id='word_1_436' title='bbox 1515 5467 1788 5530; x_wconf 82' lang='lat' dir='ltr'><strong>angerent,</strong></span> 
     </span>
    </p>
   </div>
   <div class='ocr_carea' id='block_1_58' title="bbox 200 5549 1796 5624">
    <p class='ocr_par' dir='ltr' id='par_1_58' title="bbox 200 5549 1796 5624">
     <span class='ocr_line' id='line_1_58' title="bbox 200 5549 1796 5624; baseline 0.001 -20"><span class='ocrx_word' id='word_1_437' title='bbox 200 5562 323 5604; x_wconf 70' lang='lat' dir='ltr'><strong>cm</strong></span> <span class='ocrx_word' id='word_1_438' title='bbox 356 5562 431 5604; x_wconf 81' lang='lat' dir='ltr'><strong>eo</strong></span> <span class='ocrx_word' id='word_1_439' title='bbox 457 5550 890 5606; x_wconf 72' lang='lat' dir='ltr'><strong>communicavit.</strong></span> <span class='ocrx_word' id='word_1_440' title='bbox 924 5549 1126 5605; x_wconf 80' lang='lat' dir='ltr'><strong>Protnli</strong></span> <span class='ocrx_word' id='word_1_441' title='bbox 1146 5593 1160 5613; x_wconf 91' lang='lat'><strong>,</strong></span> <span class='ocrx_word' id='word_1_442' title='bbox 1191 5550 1394 5621; x_wconf 88' lang='lat' dir='ltr'><strong>inquit,</strong></span> <span class='ocrx_word' id='word_1_443' title='bbox 1426 5551 1654 5624; x_wconf 61' lang='lat' dir='ltr'><strong>quaedam</strong></span> <span class='ocrx_word' id='word_1_444' title='bbox 1682 5566 1796 5623; x_wconf 74' lang='lat' dir='ltr'><strong>qua:</strong></span> 
     </span>
    </p>
   </div>
   <div class='ocr_carea' id='block_1_59' title="bbox 200 5638 1792 5714">
    <p class='ocr_par' dir='ltr' id='par_1_59' title="bbox 200 5638 1792 5714">
     <span class='ocr_line' id='line_1_59' title="bbox 200 5638 1792 5714; baseline 0.002 -20"><span class='ocrx_word' id='word_1_445' title='bbox 200 5655 280 5694; x_wconf 76' lang='lat' dir='ltr'><strong>me</strong></span> <span class='ocrx_word' id='word_1_446' title='bbox 308 5638 588 5697; x_wconf 58' lang='lat' dir='ltr'><strong>meream</strong></span> <span class='ocrx_word' id='word_1_447' title='bbox 610 5653 632 5697; x_wconf 92' lang='lat'><strong><em>:</em></strong></span> <span class='ocrx_word' id='word_1_448' title='bbox 655 5654 895 5713; x_wconf 73' lang='lat' dir='ltr'><strong>eaperttts</strong></span> <span class='ocrx_word' id='word_1_449' title='bbox 930 5658 1040 5697; x_wconf 74' lang='lat' dir='ltr'><strong>sum</strong></span> <span class='ocrx_word' id='word_1_450' title='bbox 1079 5642 1223 5714; x_wconf 76' lang='lat' dir='ltr'><strong>prius</strong></span> <span class='ocrx_word' id='word_1_451' title='bbox 1265 5641 1512 5696; x_wconf 81' lang='lat' dir='ltr'><strong>hominem</strong></span> <span class='ocrx_word' id='word_1_452' title='bbox 1543 5653 1792 5713; x_wconf 70' lang='lat' dir='ltr'><strong>expertem</strong></span> 
     </span>
    </p>
   </div>
   <div class='ocr_carea' id='block_1_60' title="bbox 761 5873 899 5882">
    <p class='ocr_par' dir='ltr' id='par_1_60' title="bbox 761 5873 899 5882">
     <span class='ocr_line' id='line_1_60' title="bbox 761 5873 899 5882; baseline -0.007 -2"><span class='ocrx_word' id='word_1_453' title='bbox 761 5873 791 5882; x_wconf 74' lang='grc'><strong>..</strong></span> <span class='ocrx_word' id='word_1_454' title='bbox 830 5874 837 5878; x_wconf 97' lang='grc'>.</span> <span class='ocrx_word' id='word_1_455' title='bbox 892 5877 899 5879; x_wconf 41' lang='grc' dir='ltr'><strong>,ν</strong></span> 
     </span>
    </p>
   </div>
   <div class='ocr_carea' id='block_1_61' title="bbox 1883 404 3454 497">
    <p class='ocr_par' dir='ltr' id='par_1_61' title="bbox 1883 404 3454 497">
     <span class='ocr_line' id='line_1_61' title="bbox 1883 404 3454 497; baseline 0.015 -37"><span class='ocrx_word' id='word_1_456' title='bbox 1883 404 2164 464; x_wconf 79' lang='lat' dir='ltr'><strong>liberalium</strong></span> <span class='ocrx_word' id='word_1_457' title='bbox 2191 412 2575 486; x_wconf 75' lang='lat' dir='ltr'><strong>disciplinarum</strong></span> <span class='ocrx_word' id='word_1_458' title='bbox 2593 459 2609 485; x_wconf 93' lang='lat'><strong>,</strong></span> <span class='ocrx_word' id='word_1_459' title='bbox 2641 420 2740 474; x_wconf 73' lang='lat' dir='ltr'><strong>nisi</strong></span> <span class='ocrx_word' id='word_1_460' title='bbox 2780 423 3142 491; x_wconf 70' lang='lat' dir='ltr'><strong>grammatica,</strong></span> <span class='ocrx_word' id='word_1_461' title='bbox 3171 436 3320 494; x_wconf 73' lang='lat' dir='ltr'><strong>atque</strong></span> <span class='ocrx_word' id='word_1_462' title='bbox 3345 430 3454 497; x_wconf 63' lang='lat' dir='ltr'><strong>ejus</strong></span> 
     </span>
    </p>
   </div>
   <div class='ocr_carea' id='block_1_62' title="bbox 1879 501 3458 589">
    <p class='ocr_par' dir='ltr' id='par_1_62' title="bbox 1879 501 3458 589">
     <span class='ocr_line' id='line_1_62' title="bbox 1879 501 3458 589; baseline 0.014 -36"><span class='ocrx_word' id='word_1_463' title='bbox 1879 501 2039 570; x_wconf 72' lang='lat' dir='ltr'><strong>ipa&#39;us</strong></span> <span class='ocrx_word' id='word_1_464' title='bbox 2057 504 2244 562; x_wconf 65' lang='lat' dir='ltr'><strong>uitato</strong></span> <span class='ocrx_word' id='word_1_465' title='bbox 2272 507 2420 561; x_wconf 80' lang='lat' dir='ltr'><strong>modo</strong></span> <span class='ocrx_word' id='word_1_466' title='bbox 2444 505 2629 580; x_wconf 80' lang='lat' dir='ltr'><strong>(Conf.</strong></span> <span class='ocrx_word' id='word_1_467' title='bbox 2652 509 2740 564; x_wconf 82' lang='lat' dir='ltr'><strong>tib.</strong></span> <span class='ocrx_word' id='word_1_468' title='bbox 2768 511 2804 566; x_wconf 84' lang='lat'><strong>5</strong></span> <span class='ocrx_word' id='word_1_469' title='bbox 2827 553 2843 579; x_wconf 96' lang='lat'><strong>,</strong></span> <span class='ocrx_word' id='word_1_470' title='bbox 2882 528 2996 585; x_wconf 89' lang='lat' dir='ltr'><strong>cap.</strong></span> <span class='ocrx_word' id='word_1_471' title='bbox 3037 513 3092 580; x_wconf 87' lang='lat'><strong>6,</strong></span> <span class='ocrx_word' id='word_1_472' title='bbox 3118 531 3172 570; x_wconf 76' lang='grc' dir='ltr'><strong>η.</strong></span> <span class='ocrx_word' id='word_1_473' title='bbox 3201 516 3258 571; x_wconf 81' lang='lat' dir='ltr'><strong>tl</strong></span> <span class='ocrx_word' id='word_1_474' title='bbox 3285 518 3327 589; x_wconf 92' lang='lat'><strong>).</strong></span> <span class='ocrx_word' id='word_1_475' title='bbox 3359 515 3458 574; x_wconf 72' lang='lat' dir='ltr'><strong>lie-</strong></span> 
     </span>
    </p>
   </div>
   <div class='ocr_carea' id='block_1_63' title="bbox 1881 600 3458 677">
    <p class='ocr_par' dir='ltr' id='par_1_63' title="bbox 1881 600 3458 677">
     <span class='ocr_line' id='line_1_63' title="bbox 1881 600 3458 677; baseline 0.01 -28"><span class='ocrx_word' id='word_1_476' title='bbox 1881 602 2114 670; x_wconf 86' lang='lat' dir='ltr'><strong>speratiu</strong></span> <span class='ocrx_word' id='word_1_477' title='bbox 2141 600 2336 658; x_wconf 74' lang='lat' dir='ltr'><strong>exinde</strong></span> <span class='ocrx_word' id='word_1_478' title='bbox 2366 601 2552 672; x_wconf 82' lang='lat' dir='ltr'><strong>ingens</strong></span> <span class='ocrx_word' id='word_1_479' title='bbox 2573 644 2592 672; x_wconf 96' lang='lat'><strong>,</strong></span> <span class='ocrx_word' id='word_1_480' title='bbox 2623 606 2733 660; x_wconf 85' lang='lat' dir='ltr'><strong>fore</strong></span> <span class='ocrx_word' id='word_1_481' title='bbox 2775 621 3006 677; x_wconf 89' lang='lat' dir='ltr'><strong>unquam</strong></span> <span class='ocrx_word' id='word_1_482' title='bbox 3032 616 3090 662; x_wconf 93' lang='lat' dir='ltr'><strong>nt</strong></span> <span class='ocrx_word' id='word_1_483' title='bbox 3117 607 3343 664; x_wconf 79' lang='lat' dir='ltr'><strong>Faustus</strong></span> <span class='ocrx_word' id='word_1_484' title='bbox 3362 625 3458 665; x_wconf 84' lang='lat' dir='ltr'><strong>eos</strong></span> 
     </span>
    </p>
   </div>
   <div class='ocr_carea' id='block_1_64' title="bbox 1879 693 3453 770">
    <p class='ocr_par' dir='ltr' id='par_1_64' title="bbox 1879 693 3453 770">
     <span class='ocr_line' id='line_1_64' title="bbox 1879 693 3453 770; baseline 0.006 -26"><span class='ocrx_word' id='word_1_485' title='bbox 1879 693 2042 746; x_wconf 84' lang='lat' dir='ltr'><strong>animi</strong></span> <span class='ocrx_word' id='word_1_486' title='bbox 2067 702 2228 749; x_wconf 64' lang='lat' dir='ltr'><strong>aestus</strong></span> <span class='ocrx_word' id='word_1_487' title='bbox 2248 736 2263 761; x_wconf 93' lang='lat'><strong>,</strong></span> <span class='ocrx_word' id='word_1_488' title='bbox 2295 696 2488 764; x_wconf 81' lang='lat' dir='ltr'><strong>quibus</strong></span> <span class='ocrx_word' id='word_1_489' title='bbox 2518 697 2790 754; x_wconf 84' lang='lat' dir='ltr'><strong>laborabat</strong></span> <span class='ocrx_word' id='word_1_490' title='bbox 2829 699 3184 770; x_wconf 79' lang='lat' dir='ltr'><strong>Augustinus,</strong></span> <span class='ocrx_word' id='word_1_491' title='bbox 3213 699 3453 764; x_wconf 88' lang='lat' dir='ltr'><strong>sedaret,</strong></span> 
     </span>
    </p>
   </div>
   <div class='ocr_carea' id='block_1_65' title="bbox 1879 785 3457 863">
    <p class='ocr_par' dir='ltr' id='par_1_65' title="bbox 1879 785 3457 863">
     <span class='ocr_line' id='line_1_65' title="bbox 1879 785 3457 863; baseline 0.004 -25"><span class='ocrx_word' id='word_1_492' title='bbox 1879 791 1971 840; x_wconf 83' lang='lat' dir='ltr'><strong>aut</strong></span> <span class='ocrx_word' id='word_1_493' title='bbox 1994 785 2161 840; x_wconf 86' lang='lat' dir='ltr'><strong>nodos</strong></span> <span class='ocrx_word' id='word_1_494' title='bbox 2195 787 2545 857; x_wconf 67' lang='lat' dir='ltr'><strong>quaestionum</strong></span> <span class='ocrx_word' id='word_1_495' title='bbox 2593 791 2784 860; x_wconf 89' lang='lat' dir='ltr'><strong>quibus</strong></span> <span class='ocrx_word' id='word_1_496' title='bbox 2821 793 3244 863; x_wconf 71' lang='lat' dir='ltr'><strong>prmpediebatur</strong></span> <span class='ocrx_word' id='word_1_497' title='bbox 3275 794 3457 848; x_wconf 80' lang='lat' dir='ltr'><strong>exsol-</strong></span> 
     </span>
    </p>
   </div>
   <div class='ocr_carea' id='block_1_66' title="bbox 1881 879 3454 954">
    <p class='ocr_par' dir='ltr' id='par_1_66' title="bbox 1881 879 3454 954">
     <span class='ocr_line' id='line_1_66' title="bbox 1881 879 3454 954; baseline 0.006 -24"><span class='ocrx_word' id='word_1_498' title='bbox 1881 886 2047 932; x_wconf 90' lang='lat' dir='ltr'><strong>veret.</strong></span> <span class='ocrx_word' id='word_1_499' title='bbox 2087 879 2440 936; x_wconf 84' lang='lat' dir='ltr'><strong>Vehementer</strong></span> <span class='ocrx_word' id='word_1_500' title='bbox 2463 883 2665 939; x_wconf 88' lang='lat' dir='ltr'><strong>scilicet</strong></span> <span class='ocrx_word' id='word_1_501' title='bbox 2693 885 2956 954; x_wconf 88' lang='lat' dir='ltr'><strong>cupiebat.</strong></span> <span class='ocrx_word' id='word_1_502' title='bbox 2984 888 3224 941; x_wconf 89' lang='lat' dir='ltr'><strong>rationes</strong></span> <span class='ocrx_word' id='word_1_503' title='bbox 3249 886 3454 940; x_wconf 63' lang='lat' dir='ltr'><strong>matlteo</strong></span> 
     </span>
    </p>
   </div>
   <div class='ocr_carea' id='block_1_67' title="bbox 1881 968 3457 1044">
    <p class='ocr_par' dir='ltr' id='par_1_67' title="bbox 1881 968 3457 1044">
     <span class='ocr_line' id='line_1_67' title="bbox 1881 968 3457 1044; baseline 0.006 -22"><span class='ocrx_word' id='word_1_504' title='bbox 1881 968 2116 1034; x_wconf 85' lang='lat' dir='ltr'><strong>maticas,</strong></span> <span class='ocrx_word' id='word_1_505' title='bbox 2142 986 2274 1041; x_wconf 87' lang='lat' dir='ltr'><strong>quas</strong></span> <span class='ocrx_word' id='word_1_506' title='bbox 2289 972 2501 1042; x_wconf 88' lang='lat' dir='ltr'><strong>quidem</strong></span> <span class='ocrx_word' id='word_1_507' title='bbox 2526 975 2575 1027; x_wconf 91' lang='lat' dir='ltr'><strong>in</strong></span> <span class='ocrx_word' id='word_1_508' title='bbox 2605 974 3038 1044; x_wconf 87' lang='lat' dir='ltr'><strong>philosophorum</strong></span> <span class='ocrx_word' id='word_1_509' title='bbox 3059 977 3457 1034; x_wconf 86' lang='lat' dir='ltr'><strong>commentariis</strong></span> 
     </span>
    </p>
   </div>
   <div class='ocr_carea' id='block_1_68' title="bbox 1881 1060 3454 1137">
    <p class='ocr_par' dir='ltr' id='par_1_68' title="bbox 1881 1060 3454 1137">
     <span class='ocr_line' id='line_1_68' title="bbox 1881 1060 3454 1137; baseline 0.005 -23"><span class='ocrx_word' id='word_1_510' title='bbox 1881 1060 2118 1130; x_wconf 77' lang='lat' dir='ltr'><strong>legisset,</strong></span> <span class='ocrx_word' id='word_1_511' title='bbox 2147 1077 2266 1116; x_wconf 90' lang='lat' dir='ltr'><strong>cum</strong></span> <span class='ocrx_word' id='word_1_512' title='bbox 2293 1063 2358 1117; x_wconf 87' lang='lat' dir='ltr'><strong>iis</strong></span> <span class='ocrx_word' id='word_1_513' title='bbox 2390 1079 2508 1133; x_wconf 80' lang='lat' dir='ltr'><strong>quze</strong></span> <span class='ocrx_word' id='word_1_514' title='bbox 2539 1063 2811 1120; x_wconf 71' lang='lat' dir='ltr'><strong>llanicluci</strong></span> <span class='ocrx_word' id='word_1_515' title='bbox 2842 1066 2988 1121; x_wconf 86' lang='lat' dir='ltr'><strong>libris</strong></span> <span class='ocrx_word' id='word_1_516' title='bbox 3013 1069 3454 1137; x_wconf 85' lang='lat' dir='ltr'><strong>continebantur,</strong></span> 
     </span>
    </p>
   </div>
   <div class='ocr_carea' id='block_1_69' title="bbox 1881 1153 3458 1225">
    <p class='ocr_par' dir='ltr' id='par_1_69' title="bbox 1881 1153 3458 1225">
     <span class='ocr_line' id='line_1_69' title="bbox 1881 1153 3458 1225; baseline 0.004 -18"><span class='ocrx_word' id='word_1_517' title='bbox 1881 1153 2124 1207; x_wconf 88' lang='lat' dir='ltr'><strong>conferre</strong></span> <span class='ocrx_word' id='word_1_518' title='bbox 2147 1196 2162 1217; x_wconf 91' lang='lat'><strong>,</strong></span> <span class='ocrx_word' id='word_1_519' title='bbox 2194 1153 2574 1225; x_wconf 81' lang='lat' dir='ltr'><strong>explanarique</strong></span> <span class='ocrx_word' id='word_1_520' title='bbox 2613 1157 2711 1210; x_wconf 86' lang='lat' dir='ltr'><strong>sibi</strong></span> <span class='ocrx_word' id='word_1_521' title='bbox 2743 1173 2810 1212; x_wconf 89' lang='lat' dir='ltr'><strong>an</strong></span> <span class='ocrx_word' id='word_1_522' title='bbox 2853 1168 3027 1212; x_wconf 86' lang='lat' dir='ltr'><strong>motus</strong></span> <span class='ocrx_word' id='word_1_523' title='bbox 3051 1158 3298 1214; x_wconf 77' lang='lat' dir='ltr'><strong>crelestes</strong></span> <span class='ocrx_word' id='word_1_524' title='bbox 3325 1172 3458 1214; x_wconf 86' lang='lat' dir='ltr'><strong>con--</strong></span> 
     </span>
    </p>
   </div>
   <div class='ocr_carea' id='block_1_70' title="bbox 1881 1245 3456 1318">
    <p class='ocr_par' dir='ltr' id='par_1_70' title="bbox 1881 1245 3456 1318">
     <span class='ocr_line' id='line_1_70' title="bbox 1881 1245 3456 1318; baseline 0.004 -20"><span class='ocrx_word' id='word_1_525' title='bbox 1881 1245 2258 1315; x_wconf 86' lang='lat' dir='ltr'><strong>versionesqne</strong></span> <span class='ocrx_word' id='word_1_526' title='bbox 2301 1245 2570 1312; x_wconf 88' lang='lat' dir='ltr'><strong>siderum,</strong></span> <span class='ocrx_word' id='word_1_527' title='bbox 2619 1264 2771 1318; x_wconf 74' lang='lat' dir='ltr'><strong>mque</strong></span> <span class='ocrx_word' id='word_1_528' title='bbox 2812 1258 2963 1305; x_wconf 89' lang='lat' dir='ltr'><strong>certo</strong></span> <span class='ocrx_word' id='word_1_529' title='bbox 3017 1264 3082 1306; x_wconf 84' lang='lat' dir='ltr'><strong>ex</strong></span> <span class='ocrx_word' id='word_1_530' title='bbox 3125 1249 3266 1305; x_wconf 82' lang='lat' dir='ltr'><strong>illius</strong></span> <span class='ocrx_word' id='word_1_531' title='bbox 3295 1262 3456 1306; x_wconf 66' lang='lat' dir='ltr'><strong>sectae</strong></span> 
     </span>
    </p>
   </div>
   <div class='ocr_carea' id='block_1_71' title="bbox 1882 1339 3454 1413">
    <p class='ocr_par' dir='ltr' id='par_1_71' title="bbox 1882 1339 3454 1413">
     <span class='ocr_line' id='line_1_71' title="bbox 1882 1339 3454 1413; baseline 0.003 -22"><span class='ocrx_word' id='word_1_532' title='bbox 1882 1339 2131 1408; x_wconf 88' lang='lat' dir='ltr'><strong>opinione</strong></span> <span class='ocrx_word' id='word_1_533' title='bbox 2160 1347 2318 1408; x_wconf 90' lang='lat' dir='ltr'><strong>atque</strong></span> <span class='ocrx_word' id='word_1_534' title='bbox 2356 1354 2422 1394; x_wconf 77' lang='lat' dir='ltr'><strong>ex</strong></span> <span class='ocrx_word' id='word_1_535' title='bbox 2466 1340 2850 1410; x_wconf 81' lang='lat' dir='ltr'><strong>astrologorum</strong></span> <span class='ocrx_word' id='word_1_536' title='bbox 2897 1341 3171 1410; x_wconf 87' lang='lat' dir='ltr'><strong>disciplina</strong></span> <span class='ocrx_word' id='word_1_537' title='bbox 3201 1343 3454 1413; x_wconf 83' lang='lat' dir='ltr'><strong>explicari</strong></span> 
     </span>
    </p>
   </div>
   <div class='ocr_carea' id='block_1_72' title="bbox 1883 1429 3459 1500">
    <p class='ocr_par' dir='ltr' id='par_1_72' title="bbox 1883 1429 3459 1500">
     <span class='ocr_line' id='line_1_72' title="bbox 1883 1429 3459 1500; baseline 0.001 -14"><span class='ocrx_word' id='word_1_538' title='bbox 1883 1437 2121 1500; x_wconf 87' lang='lat' dir='ltr'><strong>possent.</strong></span> <span class='ocrx_word' id='word_1_539' title='bbox 2143 1429 2248 1486; x_wconf 87' lang='lat' dir='ltr'><strong>Sed</strong></span> <span class='ocrx_word' id='word_1_540' title='bbox 2274 1430 2340 1485; x_wconf 88' lang='lat' dir='ltr'><strong>ad</strong></span> <span class='ocrx_word' id='word_1_541' title='bbox 2365 1445 2426 1484; x_wconf 90' lang='lat' dir='ltr'><strong>ea</strong></span> <span class='ocrx_word' id='word_1_542' title='bbox 2449 1446 2572 1485; x_wconf 86' lang='lat' dir='ltr'><strong>cum</strong></span> <span class='ocrx_word' id='word_1_543' title='bbox 2601 1441 2815 1486; x_wconf 86' lang='lat' dir='ltr'><strong>ventum</strong></span> <span class='ocrx_word' id='word_1_544' title='bbox 2841 1442 3003 1499; x_wconf 76' lang='lat' dir='ltr'><strong>esset,</strong></span> <span class='ocrx_word' id='word_1_545' title='bbox 3035 1430 3262 1489; x_wconf 82' lang='lat' dir='ltr'><strong>Faustus</strong></span> <span class='ocrx_word' id='word_1_546' title='bbox 3288 1435 3459 1489; x_wconf 84' lang='lat' dir='ltr'><strong>tenui-</strong></span> 
     </span>
    </p>
   </div>
   <div class='ocr_carea' id='block_1_73' title="bbox 1883 1523 3457 1595">
    <p class='ocr_par' dir='ltr' id='par_1_73' title="bbox 1883 1523 3457 1595">
     <span class='ocr_line' id='line_1_73' title="bbox 1883 1523 3457 1595; baseline 0.003 -16"><span class='ocrx_word' id='word_1_547' title='bbox 1883 1525 2005 1579; x_wconf 88' lang='lat' dir='ltr'><strong>tatis</strong></span> <span class='ocrx_word' id='word_1_548' title='bbox 2031 1540 2139 1578; x_wconf 71' lang='lat' dir='ltr'><strong>sum</strong></span> <span class='ocrx_word' id='word_1_549' title='bbox 2163 1523 2410 1579; x_wconf 87' lang='lat' dir='ltr'><strong>conscius</strong></span> <span class='ocrx_word' id='word_1_550' title='bbox 2431 1563 2445 1587; x_wconf 90' lang='lat'><strong>,</strong></span> <span class='ocrx_word' id='word_1_551' title='bbox 2473 1538 2538 1578; x_wconf 87' lang='lat' dir='ltr'><strong>ac</strong></span> <span class='ocrx_word' id='word_1_552' title='bbox 2561 1564 2576 1589; x_wconf 92' lang='lat'><strong>,</strong></span> <span class='ocrx_word' id='word_1_553' title='bbox 2604 1523 2747 1594; x_wconf 92' lang='lat' dir='ltr'><strong>quod</strong></span> <span class='ocrx_word' id='word_1_554' title='bbox 2775 1524 2933 1580; x_wconf 85' lang='lat' dir='ltr'><strong>habet</strong></span> <span class='ocrx_word' id='word_1_555' title='bbox 2961 1526 3284 1595; x_wconf 74' lang='lat' dir='ltr'><strong>Augustinus</strong></span> <span class='ocrx_word' id='word_1_556' title='bbox 3305 1569 3321 1595; x_wconf 94' lang='lat'><strong>,</strong></span> <span class='ocrx_word' id='word_1_557' title='bbox 3351 1543 3457 1584; x_wconf 89' lang='lat' dir='ltr'><strong>non</strong></span> 
     </span>
    </p>
   </div>
   <div class='ocr_carea' id='block_1_74' title="bbox 1883 1615 3460 1686">
    <p class='ocr_par' dir='ltr' id='par_1_74' title="bbox 1883 1615 3460 1686">
     <span class='ocr_line' id='line_1_74' title="bbox 1883 1615 3460 1686; baseline 0.001 -14"><span class='ocrx_word' id='word_1_558' title='bbox 1883 1631 2261 1686; x_wconf 82' lang='lat' dir='ltr'><strong>usquequaque</strong></span> <span class='ocrx_word' id='word_1_559' title='bbox 2299 1615 2608 1684; x_wconf 85' lang='lat' dir='ltr'><strong>imperitus,</strong></span> <span class='ocrx_word' id='word_1_560' title='bbox 2654 1616 2930 1683; x_wconf 75' lang='lat' dir='ltr'><strong>imperitia:</strong></span> <span class='ocrx_word' id='word_1_561' title='bbox 2975 1631 3084 1672; x_wconf 75' lang='lat' dir='ltr'><strong>sua:</strong></span> <span class='ocrx_word' id='word_1_562' title='bbox 3131 1617 3372 1673; x_wconf 84' lang='lat' dir='ltr'><strong>modeste</strong></span> <span class='ocrx_word' id='word_1_563' title='bbox 3401 1635 3460 1674; x_wconf 88' lang='lat' dir='ltr'><strong>se</strong></span> 
     </span>
    </p>
   </div>
   <div class='ocr_carea' id='block_1_75' title="bbox 1883 1705 3458 1776">
    <p class='ocr_par' dir='ltr' id='par_1_75' title="bbox 1883 1705 3458 1776">
     <span class='ocr_line' id='line_1_75' title="bbox 1883 1705 3458 1776; baseline 0 -15"><span class='ocrx_word' id='word_1_564' title='bbox 1883 1707 2174 1771; x_wconf 76' lang='lat' dir='ltr'><strong>excusavit,</strong></span> <span class='ocrx_word' id='word_1_565' title='bbox 2199 1721 2372 1776; x_wconf 89' lang='lat' dir='ltr'><strong>neque</strong></span> <span class='ocrx_word' id='word_1_566' title='bbox 2391 1705 2765 1775; x_wconf 86' lang='lat' dir='ltr'><strong>disputationis</strong></span> <span class='ocrx_word' id='word_1_567' title='bbox 2784 1706 2951 1760; x_wconf 90' lang='lat' dir='ltr'><strong>aleam</strong></span> <span class='ocrx_word' id='word_1_568' title='bbox 2974 1707 3153 1763; x_wconf 88' lang='lat' dir='ltr'><strong>subire</strong></span> <span class='ocrx_word' id='word_1_569' title='bbox 3174 1723 3338 1762; x_wconf 85' lang='lat' dir='ltr'><strong>ausus</strong></span> <span class='ocrx_word' id='word_1_570' title='bbox 3356 1717 3458 1764; x_wconf 87' lang='lat' dir='ltr'><strong>est.</strong></span> 
     </span>
    </p>
   </div>
   <div class='ocr_carea' id='block_1_76' title="bbox 1883 1797 3462 1868">
    <p class='ocr_par' dir='ltr' id='par_1_76' title="bbox 1883 1797 3462 1868">
     <span class='ocr_line' id='line_1_76' title="bbox 1883 1797 3462 1868; baseline 0.002 -15"><span class='ocrx_word' id='word_1_571' title='bbox 1883 1798 2096 1856; x_wconf 83' lang='lat' dir='ltr'><strong>Cratior</strong></span> <span class='ocrx_word' id='word_1_572' title='bbox 2123 1797 2222 1856; x_wconf 89' lang='lat' dir='ltr'><strong>fuit</strong></span> <span class='ocrx_word' id='word_1_573' title='bbox 2261 1806 2423 1868; x_wconf 84' lang='lat' dir='ltr'><strong>atque</strong></span> <span class='ocrx_word' id='word_1_574' title='bbox 2461 1798 2731 1868; x_wconf 81' lang='lat' dir='ltr'><strong>acceptior</strong></span> <span class='ocrx_word' id='word_1_575' title='bbox 2759 1798 3055 1868; x_wconf 79' lang='lat' dir='ltr'><strong>Augustino</strong></span> <span class='ocrx_word' id='word_1_576' title='bbox 3090 1798 3331 1854; x_wconf 76' lang='lat' dir='ltr'><strong>modesta</strong></span> <span class='ocrx_word' id='word_1_577' title='bbox 3368 1797 3462 1856; x_wconf 78' lang='lat' dir='ltr'><strong>illa</strong></span> 
     </span>
    </p>
   </div>
   <div class='ocr_carea' id='block_1_77' title="bbox 1883 1887 3459 1961">
    <p class='ocr_par' dir='ltr' id='par_1_77' title="bbox 1883 1887 3459 1961">
     <span class='ocr_line' id='line_1_77' title="bbox 1883 1887 3459 1961; baseline 0.002 -18"><span class='ocrx_word' id='word_1_578' title='bbox 1883 1889 2181 1954; x_wconf 90' lang='lat' dir='ltr'><strong>confessio,</strong></span> <span class='ocrx_word' id='word_1_579' title='bbox 2209 1905 2367 1961; x_wconf 90' lang='lat' dir='ltr'><strong>quam</strong></span> <span class='ocrx_word' id='word_1_580' title='bbox 2394 1889 2618 1944; x_wconf 90' lang='lat' dir='ltr'><strong>aliorum</strong></span> <span class='ocrx_word' id='word_1_581' title='bbox 2649 1887 2887 1959; x_wconf 86' lang='lat' dir='ltr'><strong>ejusdem</strong></span> <span class='ocrx_word' id='word_1_582' title='bbox 2917 1898 3076 1944; x_wconf 70' lang='lat' dir='ltr'><strong>secta:</strong></span> <span class='ocrx_word' id='word_1_583' title='bbox 3106 1889 3459 1946; x_wconf 79' lang='lat' dir='ltr'><strong>inverecunda</strong></span> 
     </span>
    </p>
   </div>
   <div class='ocr_carea' id='block_1_78' title="bbox 1885 1982 3464 2053">
    <p class='ocr_par' dir='ltr' id='par_1_78' title="bbox 1885 1982 3464 2053">
     <span class='ocr_line' id='line_1_78' title="bbox 1885 1982 3464 2053; baseline 0.002 -17"><span class='ocrx_word' id='word_1_584' title='bbox 1885 1983 2158 2040; x_wconf 87' lang='lat' dir='ltr'><strong>temeritas</strong></span> <span class='ocrx_word' id='word_1_585' title='bbox 2178 2024 2192 2049; x_wconf 93' lang='lat'><strong>,</strong></span> <span class='ocrx_word' id='word_1_586' title='bbox 2224 1983 2528 2038; x_wconf 86' lang='lat' dir='ltr'><strong>conantium</strong></span> <span class='ocrx_word' id='word_1_587' title='bbox 2565 1997 2627 2037; x_wconf 89' lang='lat' dir='ltr'><strong>ea</strong></span> <span class='ocrx_word' id='word_1_588' title='bbox 2666 1982 2860 2037; x_wconf 89' lang='lat' dir='ltr'><strong>docere</strong></span> <span class='ocrx_word' id='word_1_589' title='bbox 2888 1999 3007 2053; x_wconf 81' lang='lat' dir='ltr'><strong>quae</strong></span> <span class='ocrx_word' id='word_1_590' title='bbox 3036 1985 3333 2042; x_wconf 86' lang='lat' dir='ltr'><strong>neseissent</strong></span> <span class='ocrx_word' id='word_1_591' title='bbox 3363 1999 3464 2040; x_wconf 83' lang='lat' dir='ltr'><strong>un-</strong></span> 
     </span>
    </p>
   </div>
   <div class='ocr_carea' id='block_1_79' title="bbox 1883 2073 3462 2148">
    <p class='ocr_par' dir='ltr' id='par_1_79' title="bbox 1883 2073 3462 2148">
     <span class='ocr_line' id='line_1_79' title="bbox 1883 2073 3462 2148; baseline 0.004 -22"><span class='ocrx_word' id='word_1_592' title='bbox 1883 2087 2062 2143; x_wconf 90' lang='lat' dir='ltr'><strong>quam.</strong></span> <span class='ocrx_word' id='word_1_593' title='bbox 2089 2075 2256 2141; x_wconf 84' lang='lat' dir='ltr'><strong>Qnam</strong></span> <span class='ocrx_word' id='word_1_594' title='bbox 2283 2075 2444 2130; x_wconf 90' lang='lat' dir='ltr'><strong>animi</strong></span> <span class='ocrx_word' id='word_1_595' title='bbox 2477 2073 2894 2130; x_wconf 88' lang='lat' dir='ltr'><strong>moderationem</strong></span> <span class='ocrx_word' id='word_1_596' title='bbox 2936 2076 2992 2131; x_wconf 89' lang='lat' dir='ltr'><strong>in</strong></span> <span class='ocrx_word' id='word_1_597' title='bbox 3016 2077 3226 2132; x_wconf 74' lang='lat' dir='ltr'><strong>eteteris</strong></span> <span class='ocrx_word' id='word_1_598' title='bbox 3252 2091 3462 2148; x_wconf 89' lang='lat' dir='ltr'><strong>quoque</strong></span> 
     </span>
    </p>
   </div>
   <div class='ocr_carea' id='block_1_80' title="bbox 1883 2164 3466 2241">
    <p class='ocr_par' dir='ltr' id='par_1_80' title="bbox 1883 2164 3466 2241">
     <span class='ocr_line' id='line_1_80' title="bbox 1883 2164 3466 2241; baseline 0.003 -21"><span class='ocrx_word' id='word_1_599' title='bbox 1883 2164 2252 2241; x_wconf 80' lang='lat' dir='ltr'><strong>subtilioribus</strong></span> <span class='ocrx_word' id='word_1_600' title='bbox 2287 2182 2350 2222; x_wconf 84' lang='lat' dir='ltr'><strong>ac</strong></span> <span class='ocrx_word' id='word_1_601' title='bbox 2395 2165 2784 2223; x_wconf 78' lang='lat' dir='ltr'><strong>difﬁcilioribus</strong></span> <span class='ocrx_word' id='word_1_602' title='bbox 2827 2167 3212 2240; x_wconf 76' lang='lat' dir='ltr'><strong>qumstionibns</strong></span> <span class='ocrx_word' id='word_1_603' title='bbox 3257 2182 3368 2237; x_wconf 72' lang='lat' dir='ltr'><strong>pne</strong></span> <span class='ocrx_word' id='word_1_604' title='bbox 3405 2181 3466 2223; x_wconf 85' lang='lat' dir='ltr'><strong>se</strong></span> 
     </span>
    </p>
   </div>
   <div class='ocr_carea' id='block_1_81' title="bbox 1885 2255 3466 2330">
    <p class='ocr_par' dir='ltr' id='par_1_81' title="bbox 1885 2255 3466 2330">
     <span class='ocr_line' id='line_1_81' title="bbox 1885 2255 3466 2330; baseline 0.003 -20"><span class='ocrx_word' id='word_1_605' title='bbox 1885 2257 2035 2321; x_wconf 90' lang='lat' dir='ltr'><strong>tulit,</strong></span> <span class='ocrx_word' id='word_1_606' title='bbox 2062 2267 2473 2329; x_wconf 82' lang='lat' dir='ltr'><strong>constanterque</strong></span> <span class='ocrx_word' id='word_1_607' title='bbox 2501 2255 2720 2316; x_wconf 86' lang='lat' dir='ltr'><strong>retinuit</strong></span> <span class='ocrx_word' id='word_1_608' title='bbox 2755 2259 3011 2325; x_wconf 85' lang='lat' dir='ltr'><strong>Faustus;</strong></span> <span class='ocrx_word' id='word_1_609' title='bbox 3041 2259 3268 2330; x_wconf 88' lang='lat' dir='ltr'><strong>indeque</strong></span> <span class='ocrx_word' id='word_1_610' title='bbox 3296 2259 3466 2314; x_wconf 87' lang='lat' dir='ltr'><strong>multo</strong></span> 
     </span>
    </p>
   </div>
   <div class='ocr_carea' id='block_1_82' title="bbox 1885 2349 3466 2422">
    <p class='ocr_par' dir='ltr' id='par_1_82' title="bbox 1885 2349 3466 2422">
     <span class='ocr_line' id='line_1_82' title="bbox 1885 2349 3466 2422; baseline 0.002 -20"><span class='ocrx_word' id='word_1_611' title='bbox 1885 2349 2003 2418; x_wconf 85' lang='lat' dir='ltr'><strong>plus</strong></span> <span class='ocrx_word' id='word_1_612' title='bbox 2018 2351 2202 2419; x_wconf 80' lang='lat' dir='ltr'><strong>gratia:</strong></span> <span class='ocrx_word' id='word_1_613' title='bbox 2228 2349 2342 2404; x_wconf 88' lang='lat' dir='ltr'><strong>iniit</strong></span> <span class='ocrx_word' id='word_1_614' title='bbox 2359 2352 2428 2404; x_wconf 82' lang='lat' dir='ltr'><strong>ab</strong></span> <span class='ocrx_word' id='word_1_615' title='bbox 2449 2351 2639 2405; x_wconf 89' lang='lat' dir='ltr'><strong>eodem</strong></span> <span class='ocrx_word' id='word_1_616' title='bbox 2661 2352 2978 2422; x_wconf 81' lang='lat' dir='ltr'><strong>Augustino,</strong></span> <span class='ocrx_word' id='word_1_617' title='bbox 3003 2367 3159 2420; x_wconf 88' lang='lat' dir='ltr'><strong>quam</strong></span> <span class='ocrx_word' id='word_1_618' title='bbox 3181 2350 3226 2406; x_wconf 92' lang='lat' dir='ltr'><strong>si</strong></span> <span class='ocrx_word' id='word_1_619' title='bbox 3247 2350 3331 2405; x_wconf 84' lang='lat' dir='ltr'><strong>vel</strong></span> <span class='ocrx_word' id='word_1_620' title='bbox 3353 2365 3466 2420; x_wconf 60' lang='lat' dir='ltr'><strong>gat&#39;h</strong></span> 
     </span>
    </p>
   </div>
   <div class='ocr_carea' id='block_1_83' title="bbox 1885 2440 3467 2511">
    <p class='ocr_par' dir='ltr' id='par_1_83' title="bbox 1885 2440 3467 2511">
     <span class='ocr_line' id='line_1_83' title="bbox 1885 2440 3467 2511; baseline 0.001 -17"><span class='ocrx_word' id='word_1_621' title='bbox 1885 2441 1998 2494; x_wconf 83' lang='lat' dir='ltr'><strong>rula</strong></span> <span class='ocrx_word' id='word_1_622' title='bbox 2025 2441 2348 2509; x_wconf 80' lang='lat' dir='ltr'><strong>loquacitate</strong></span> <span class='ocrx_word' id='word_1_623' title='bbox 2374 2440 2648 2496; x_wconf 77' lang='lat' dir='ltr'><strong>Maniclwei</strong></span> <span class='ocrx_word' id='word_1_624' title='bbox 2675 2442 2966 2497; x_wconf 89' lang='lat' dir='ltr'><strong>mendaciis</strong></span> <span class='ocrx_word' id='word_1_625' title='bbox 2990 2442 3101 2496; x_wconf 85' lang='lat' dir='ltr'><strong>veri</strong></span> <span class='ocrx_word' id='word_1_626' title='bbox 3126 2442 3360 2511; x_wconf 87' lang='lat' dir='ltr'><strong>speciem</strong></span> <span class='ocrx_word' id='word_1_627' title='bbox 3384 2442 3467 2497; x_wconf 85' lang='lat' dir='ltr'><strong>itt-</strong></span> 
     </span>
    </p>
   </div>
   <div class='ocr_carea' id='block_1_84' title="bbox 1885 2531 3463 2604">
    <p class='ocr_par' dir='ltr' id='par_1_84' title="bbox 1885 2531 3463 2604">
     <span class='ocr_line' id='line_1_84' title="bbox 1885 2531 3463 2604; baseline 0 -19"><span class='ocrx_word' id='word_1_628' title='bbox 1885 2531 2129 2596; x_wconf 89' lang='lat' dir='ltr'><strong>duisset,</strong></span> <span class='ocrx_word' id='word_1_629' title='bbox 2167 2541 2260 2588; x_wconf 90' lang='lat' dir='ltr'><strong>aut</strong></span> <span class='ocrx_word' id='word_1_630' title='bbox 2307 2535 2467 2588; x_wconf 84' lang='lat' dir='ltr'><strong>etiam</strong></span> <span class='ocrx_word' id='word_1_631' title='bbox 2517 2531 2845 2604; x_wconf 87' lang='lat' dir='ltr'><strong>inquisitioni</strong></span> <span class='ocrx_word' id='word_1_632' title='bbox 2893 2534 3048 2601; x_wconf 88' lang='lat' dir='ltr'><strong>plane</strong></span> <span class='ocrx_word' id='word_1_633' title='bbox 3097 2531 3463 2588; x_wconf 83' lang='lat' dir='ltr'><strong>satisfecisset.</strong></span> 
     </span>
    </p>
   </div>
   <div class='ocr_carea' id='block_1_85' title="bbox 1885 2621 3466 2692">
    <p class='ocr_par' dir='ltr' id='par_1_85' title="bbox 1885 2621 3466 2692">
     <span class='ocr_line' id='line_1_85' title="bbox 1885 2621 3466 2692; baseline 0 -16"><span class='ocrx_word' id='word_1_634' title='bbox 1885 2621 2168 2677; x_wconf 83' lang='lat' dir='ltr'><strong>Pulchrior</strong></span> <span class='ocrx_word' id='word_1_635' title='bbox 2204 2621 2346 2676; x_wconf 92' lang='lat' dir='ltr'><strong>enim</strong></span> <span class='ocrx_word' id='word_1_636' title='bbox 2389 2631 2535 2676; x_wconf 88' lang='lat' dir='ltr'><strong>recte</strong></span> <span class='ocrx_word' id='word_1_637' title='bbox 2567 2621 2821 2692; x_wconf 89' lang='lat' dir='ltr'><strong>judicanti</strong></span> <span class='ocrx_word' id='word_1_638' title='bbox 2862 2621 3143 2678; x_wconf 84' lang='lat' dir='ltr'><strong>videbatur</strong></span> <span class='ocrx_word' id='word_1_639' title='bbox 3181 2637 3243 2676; x_wconf 88' lang='lat' dir='ltr'><strong>ea</strong></span> <span class='ocrx_word' id='word_1_640' title='bbox 3299 2621 3466 2676; x_wconf 86' lang='lat' dir='ltr'><strong>animi</strong></span> 
     </span>
    </p>
   </div>
   <div class='ocr_carea' id='block_1_86' title="bbox 1887 2711 3464 2784">
    <p class='ocr_par' dir='ltr' id='par_1_86' title="bbox 1887 2711 3464 2784">
     <span class='ocr_line' id='line_1_86' title="bbox 1887 2711 3464 2784; baseline -0.002 -16"><span class='ocrx_word' id='word_1_641' title='bbox 1887 2713 2236 2784; x_wconf 85' lang='lat' dir='ltr'><strong>temperantia</strong></span> <span class='ocrx_word' id='word_1_642' title='bbox 2256 2753 2274 2778; x_wconf 91' lang='lat'><strong>,</strong></span> <span class='ocrx_word' id='word_1_643' title='bbox 2301 2728 2460 2783; x_wconf 89' lang='lat' dir='ltr'><strong>quam</strong></span> <span class='ocrx_word' id='word_1_644' title='bbox 2503 2713 2615 2782; x_wconf 85' lang='lat' dir='ltr'><strong>ipsa</strong></span> <span class='ocrx_word' id='word_1_645' title='bbox 2642 2729 2820 2767; x_wconf 87' lang='lat' dir='ltr'><strong>rerum</strong></span> <span class='ocrx_word' id='word_1_646' title='bbox 2845 2711 2910 2767; x_wconf 92' lang='lat' dir='ltr'><strong>de</strong></span> <span class='ocrx_word' id='word_1_647' title='bbox 2935 2711 3126 2781; x_wconf 86' lang='lat' dir='ltr'><strong>quibus</strong></span> <span class='ocrx_word' id='word_1_648' title='bbox 3154 2711 3464 2782; x_wconf 67' lang='lat' dir='ltr'><strong>quaerebat,</strong></span> 
     </span>
    </p>
   </div>
   <div class='ocr_carea' id='block_1_87' title="bbox 1886 2799 3471 2876">
    <p class='ocr_par' dir='ltr' id='par_1_87' title="bbox 1886 2799 3471 2876">
     <span class='ocr_line' id='line_1_87' title="bbox 1886 2799 3471 2876; baseline -0.001 -19"><span class='ocrx_word' id='word_1_649' title='bbox 1886 2811 2070 2872; x_wconf 83' lang='lat' dir='ltr'><strong>aperta</strong></span> <span class='ocrx_word' id='word_1_650' title='bbox 2087 2803 2321 2874; x_wconf 72' lang='lat' dir='ltr'><strong>cognitio</strong></span> <span class='ocrx_word' id='word_1_651' title='bbox 2342 2801 2530 2875; x_wconf 67' lang='lat' dir='ltr'><strong>(Ibid,</strong></span> <span class='ocrx_word' id='word_1_652' title='bbox 2556 2818 2671 2872; x_wconf 89' lang='lat' dir='ltr'><strong>cap.</strong></span> <span class='ocrx_word' id='word_1_653' title='bbox 2714 2803 2768 2870; x_wconf 85' lang='lat'><strong>7,</strong></span> <span class='ocrx_word' id='word_1_654' title='bbox 2795 2820 2848 2856; x_wconf 82' lang='grc' dir='ltr'>ιι.</span> <span class='ocrx_word' id='word_1_655' title='bbox 2877 2799 2988 2876; x_wconf 65' lang='grc' dir='ltr'><strong>ιε).</strong></span> <span class='ocrx_word' id='word_1_656' title='bbox 3012 2801 3262 2857; x_wconf 82' lang='lat' dir='ltr'><strong>Officiose</strong></span> <span class='ocrx_word' id='word_1_657' title='bbox 3281 2801 3471 2858; x_wconf 87' lang='lat' dir='ltr'><strong>nihilo-</strong></span> 
     </span>
    </p>
   </div>
   <div class='ocr_carea' id='block_1_88' title="bbox 1886 2893 3470 2965">
    <p class='ocr_par' dir='ltr' id='par_1_88' title="bbox 1886 2893 3470 2965">
     <span class='ocr_line' id='line_1_88' title="bbox 1886 2893 3470 2965; baseline 0 -17"><span class='ocrx_word' id='word_1_658' title='bbox 1886 2894 2064 2950; x_wconf 90' lang='lat' dir='ltr'><strong>minus</strong></span> <span class='ocrx_word' id='word_1_659' title='bbox 2095 2905 2253 2965; x_wconf 85' lang='lat' dir='ltr'><strong>atque</strong></span> <span class='ocrx_word' id='word_1_660' title='bbox 2278 2893 2582 2950; x_wconf 85' lang='lat' dir='ltr'><strong>humaniter</strong></span> <span class='ocrx_word' id='word_1_661' title='bbox 2611 2893 2810 2950; x_wconf 88' lang='lat' dir='ltr'><strong>Fausto</strong></span> <span class='ocrx_word' id='word_1_662' title='bbox 2842 2909 3046 2950; x_wconf 88' lang='lat' dir='ltr'><strong>morem</strong></span> <span class='ocrx_word' id='word_1_663' title='bbox 3073 2909 3267 2965; x_wconf 79' lang='lat' dir='ltr'><strong>gerens</strong></span> <span class='ocrx_word' id='word_1_664' title='bbox 3287 2895 3470 2963; x_wconf 75' lang='lat' dir='ltr'><strong>Augu-</strong></span> 
     </span>
    </p>
   </div>
   <div class='ocr_carea' id='block_1_89' title="bbox 1886 2983 3470 3052">
    <p class='ocr_par' dir='ltr' id='par_1_89' title="bbox 1886 2983 3470 3052">
     <span class='ocr_line' id='line_1_89' title="bbox 1886 2983 3470 3052; baseline 0.001 -13"><span class='ocrx_word' id='word_1_665' title='bbox 1886 2987 2077 3052; x_wconf 88' lang='lat' dir='ltr'><strong>stlnus,</strong></span> <span class='ocrx_word' id='word_1_666' title='bbox 2105 2997 2196 3041; x_wconf 88' lang='lat' dir='ltr'><strong>aut</strong></span> <span class='ocrx_word' id='word_1_667' title='bbox 2221 3003 2345 3044; x_wconf 86' lang='lat' dir='ltr'><strong>cum</strong></span> <span class='ocrx_word' id='word_1_668' title='bbox 2373 3002 2440 3042; x_wconf 87' lang='lat' dir='ltr'><strong>eo</strong></span> <span class='ocrx_word' id='word_1_669' title='bbox 2461 2988 2791 3043; x_wconf 84' lang='lat' dir='ltr'><strong>familiariter</strong></span> <span class='ocrx_word' id='word_1_670' title='bbox 2818 2985 2885 3042; x_wconf 89' lang='lat' dir='ltr'><strong>de</strong></span> <span class='ocrx_word' id='word_1_671' title='bbox 2913 2995 3028 3042; x_wconf 84' lang='lat' dir='ltr'><strong>arte</strong></span> <span class='ocrx_word' id='word_1_672' title='bbox 3067 2985 3332 3042; x_wconf 84' lang='lat' dir='ltr'><strong>rhetorica</strong></span> <span class='ocrx_word' id='word_1_673' title='bbox 3360 2983 3470 3040; x_wconf 76' lang='lat' dir='ltr'><strong>dis-</strong></span> 
     </span>
    </p>
   </div>
   <div class='ocr_carea' id='block_1_90' title="bbox 1886 3077 3470 3151">
    <p class='ocr_par' dir='ltr' id='par_1_90' title="bbox 1886 3077 3470 3151">
     <span class='ocr_line' id='line_1_90' title="bbox 1886 3077 3470 3151; baseline -0.002 -17"><span class='ocrx_word' id='word_1_674' title='bbox 1886 3089 2100 3150; x_wconf 89' lang='lat' dir='ltr'><strong>ceptare</strong></span> <span class='ocrx_word' id='word_1_675' title='bbox 2133 3079 2326 3150; x_wconf 69' lang='lat' dir='ltr'><strong>erepit,</strong></span> <span class='ocrx_word' id='word_1_676' title='bbox 2353 3090 2445 3134; x_wconf 87' lang='lat' dir='ltr'><strong>aut</strong></span> <span class='ocrx_word' id='word_1_677' title='bbox 2474 3080 2688 3136; x_wconf 89' lang='lat' dir='ltr'><strong>insimul</strong></span> <span class='ocrx_word' id='word_1_678' title='bbox 2720 3079 2898 3151; x_wconf 86' lang='lat' dir='ltr'><strong>legere</strong></span> <span class='ocrx_word' id='word_1_679' title='bbox 2935 3095 3054 3148; x_wconf 68' lang='lat' dir='ltr'><strong>qua:</strong></span> <span class='ocrx_word' id='word_1_680' title='bbox 3083 3077 3170 3134; x_wconf 92' lang='lat' dir='ltr'><strong>ille</strong></span> <span class='ocrx_word' id='word_1_681' title='bbox 3199 3078 3252 3133; x_wconf 89' lang='lat' dir='ltr'><strong>in</strong></span> <span class='ocrx_word' id='word_1_682' title='bbox 3280 3077 3470 3148; x_wconf 87' lang='lat' dir='ltr'><strong>primis</strong></span> 
     </span>
    </p>
   </div>
   <div class='ocr_carea' id='block_1_91' title="bbox 1888 3167 3473 3242">
    <p class='ocr_par' dir='ltr' id='par_1_91' title="bbox 1888 3167 3473 3242">
     <span class='ocr_line' id='line_1_91' title="bbox 1888 3167 3473 3242; baseline -0.002 -16"><span class='ocrx_word' id='word_1_683' title='bbox 1888 3171 2072 3230; x_wconf 84' lang='lat' dir='ltr'><strong>audire</strong></span> <span class='ocrx_word' id='word_1_684' title='bbox 2095 3180 2304 3242; x_wconf 80' lang='lat' dir='ltr'><strong>optaret</strong></span> <span class='ocrx_word' id='word_1_685' title='bbox 2323 3213 2338 3239; x_wconf 92' lang='lat'><strong>,</strong></span> <span class='ocrx_word' id='word_1_686' title='bbox 2376 3181 2468 3226; x_wconf 91' lang='lat' dir='ltr'><strong>aut</strong></span> <span class='ocrx_word' id='word_1_687' title='bbox 2511 3188 2630 3242; x_wconf 83' lang='lat' dir='ltr'><strong>quae</strong></span> <span class='ocrx_word' id='word_1_688' title='bbox 2656 3172 2772 3240; x_wconf 89' lang='lat' dir='ltr'><strong>ejus</strong></span> <span class='ocrx_word' id='word_1_689' title='bbox 2809 3171 3008 3242; x_wconf 84' lang='lat' dir='ltr'><strong>ingenii</strong></span> <span class='ocrx_word' id='word_1_690' title='bbox 3037 3169 3269 3225; x_wconf 81' lang='lat' dir='ltr'><strong>facultati</strong></span> <span class='ocrx_word' id='word_1_691' title='bbox 3299 3167 3473 3238; x_wconf 80' lang='lat' dir='ltr'><strong>magis</strong></span> 
     </span>
    </p>
   </div>
   <div class='ocr_carea' id='block_1_92' title="bbox 1888 3257 3470 3333">
    <p class='ocr_par' dir='ltr' id='par_1_92' title="bbox 1888 3257 3470 3333">
     <span class='ocr_line' id='line_1_92' title="bbox 1888 3257 3470 3333; baseline -0.004 -15"><span class='ocrx_word' id='word_1_692' title='bbox 1888 3278 2185 3333; x_wconf 82' lang='lat' dir='ltr'><strong>congruere</strong></span> <span class='ocrx_word' id='word_1_693' title='bbox 2210 3263 2308 3317; x_wconf 90' lang='lat' dir='ltr'><strong>sibi</strong></span> <span class='ocrx_word' id='word_1_694' title='bbox 2336 3263 2661 3317; x_wconf 83' lang='lat' dir='ltr'><strong>viderentur.</strong></span> <span class='ocrx_word' id='word_1_695' title='bbox 2687 3261 2958 3316; x_wconf 84' lang='lat' dir='ltr'><strong>Deferbuit</strong></span> <span class='ocrx_word' id='word_1_696' title='bbox 2983 3259 3210 3315; x_wconf 85' lang='lat' dir='ltr'><strong>subinde</strong></span> <span class='ocrx_word' id='word_1_697' title='bbox 3233 3257 3470 3314; x_wconf 86' lang='lat' dir='ltr'><strong>studium</strong></span> 
     </span>
    </p>
   </div>
   <div class='ocr_carea' id='block_1_93' title="bbox 1890 3350 3473 3424">
    <p class='ocr_par' dir='ltr' id='par_1_93' title="bbox 1890 3350 3473 3424">
     <span class='ocr_line' id='line_1_93' title="bbox 1890 3350 3473 3424; baseline -0.004 -15"><span class='ocrx_word' id='word_1_698' title='bbox 1890 3355 2017 3410; x_wconf 88' lang='lat' dir='ltr'><strong>illud</strong></span> <span class='ocrx_word' id='word_1_699' title='bbox 2045 3355 2251 3424; x_wconf 85' lang='lat' dir='ltr'><strong>ingens,</strong></span> <span class='ocrx_word' id='word_1_700' title='bbox 2277 3369 2384 3424; x_wconf 90' lang='lat' dir='ltr'><strong>quo</strong></span> <span class='ocrx_word' id='word_1_701' title='bbox 2412 3352 2726 3423; x_wconf 86' lang='lat' dir='ltr'><strong>flagraverat</strong></span> <span class='ocrx_word' id='word_1_702' title='bbox 2755 3354 2806 3406; x_wconf 92' lang='lat' dir='ltr'><strong>in</strong></span> <span class='ocrx_word' id='word_1_703' title='bbox 2836 3350 3108 3408; x_wconf 68' lang='lat' dir='ltr'><strong>Manicbmi</strong></span> <span class='ocrx_word' id='word_1_704' title='bbox 3131 3350 3427 3405; x_wconf 79' lang='lat' dir='ltr'><strong>doctrinam</strong></span> <span class='ocrx_word' id='word_1_705' title='bbox 3451 3389 3473 3415; x_wconf 88' lang='lat'><strong>,</strong></span> 
     </span>
    </p>
   </div>
   <div class='ocr_carea' id='block_1_94' title="bbox 1890 3440 3472 3516">
    <p class='ocr_par' dir='ltr' id='par_1_94' title="bbox 1890 3440 3472 3516">
     <span class='ocr_line' id='line_1_94' title="bbox 1890 3440 3472 3516; baseline -0.003 -17"><span class='ocrx_word' id='word_1_706' title='bbox 1890 3445 2173 3516; x_wconf 79' lang='lat' dir='ltr'><strong>omnisque</strong></span> <span class='ocrx_word' id='word_1_707' title='bbox 2215 3445 2362 3498; x_wconf 90' lang='lat' dir='ltr'><strong>illico</strong></span> <span class='ocrx_word' id='word_1_708' title='bbox 2403 3459 2528 3513; x_wconf 86' lang='lat' dir='ltr'><strong>spes</strong></span> <span class='ocrx_word' id='word_1_709' title='bbox 2564 3442 2799 3498; x_wconf 87' lang='lat' dir='ltr'><strong>concidit</strong></span> <span class='ocrx_word' id='word_1_710' title='bbox 2837 3441 3272 3514; x_wconf 83' lang='lat' dir='ltr'><strong>reperiendorum</strong></span> <span class='ocrx_word' id='word_1_711' title='bbox 3313 3440 3366 3495; x_wconf 88' lang='lat' dir='ltr'><strong>in</strong></span> <span class='ocrx_word' id='word_1_712' title='bbox 3407 3453 3472 3494; x_wconf 68' lang='lat' dir='ltr'><strong>ea</strong></span> 
     </span>
    </p>
   </div>
   <div class='ocr_carea' id='block_1_95' title="bbox 1890 3530 3474 3606">
    <p class='ocr_par' dir='ltr' id='par_1_95' title="bbox 1890 3530 3474 3606">
     <span class='ocr_line' id='line_1_95' title="bbox 1890 3530 3474 3606; baseline -0.004 -14"><span class='ocrx_word' id='word_1_713' title='bbox 1890 3548 2034 3593; x_wconf 85' lang='lat' dir='ltr'><strong>secta</strong></span> <span class='ocrx_word' id='word_1_714' title='bbox 2055 3536 2349 3601; x_wconf 86' lang='lat' dir='ltr'><strong>hominum,</strong></span> <span class='ocrx_word' id='word_1_715' title='bbox 2372 3535 2463 3606; x_wconf 90' lang='lat' dir='ltr'><strong>qui</strong></span> <span class='ocrx_word' id='word_1_716' title='bbox 2489 3551 2580 3590; x_wconf 88' lang='lat' dir='ltr'><strong>eas</strong></span> <span class='ocrx_word' id='word_1_717' title='bbox 2600 3535 2924 3604; x_wconf 71' lang='lat' dir='ltr'><strong>qumstiunes</strong></span> <span class='ocrx_word' id='word_1_718' title='bbox 2941 3531 3256 3597; x_wconf 87' lang='lat' dir='ltr'><strong>enodarent,</strong></span> <span class='ocrx_word' id='word_1_719' title='bbox 3279 3530 3474 3601; x_wconf 81' lang='lat' dir='ltr'><strong>quibus</strong></span> 
     </span>
    </p>
   </div>
   <div class='ocr_carea' id='block_1_96' title="bbox 1889 3620 3468 3692">
    <p class='ocr_par' dir='ltr' id='par_1_96' title="bbox 1889 3620 3468 3692">
     <span class='ocr_line' id='line_1_96' title="bbox 1889 3620 3468 3692; baseline -0.007 -9"><span class='ocrx_word' id='word_1_720' title='bbox 1889 3627 2160 3683; x_wconf 86' lang='lat' dir='ltr'><strong>solvendis</strong></span> <span class='ocrx_word' id='word_1_721' title='bbox 2201 3625 2653 3682; x_wconf 84' lang='lat' dir='ltr'><strong>celebratissimus</strong></span> <span class='ocrx_word' id='word_1_722' title='bbox 2689 3625 2777 3679; x_wconf 88' lang='lat' dir='ltr'><strong>ille</strong></span> <span class='ocrx_word' id='word_1_723' title='bbox 2812 3623 3035 3678; x_wconf 85' lang='lat' dir='ltr'><strong>Faustus</strong></span> <span class='ocrx_word' id='word_1_724' title='bbox 3061 3622 3230 3692; x_wconf 88' lang='lat' dir='ltr'><strong>impar</strong></span> <span class='ocrx_word' id='word_1_725' title='bbox 3256 3620 3468 3676; x_wconf 87' lang='lat' dir='ltr'><strong>fuisset.</strong></span> 
     </span>
    </p>
   </div>
   <div class='ocr_carea' id='block_1_97' title="bbox 1891 3710 3474 3788">
    <p class='ocr_par' dir='ltr' id='par_1_97' title="bbox 1891 3710 3474 3788">
     <span class='ocr_line' id='line_1_97' title="bbox 1891 3710 3474 3788; baseline -0.004 -16"><span class='ocrx_word' id='word_1_726' title='bbox 1891 3719 2245 3786; x_wconf 82' lang='lat' dir='ltr'><strong>Quamobrem</strong></span> <span class='ocrx_word' id='word_1_727' title='bbox 2275 3733 2342 3773; x_wconf 89' lang='lat' dir='ltr'><strong>eo</strong></span> <span class='ocrx_word' id='word_1_728' title='bbox 2381 3719 2591 3788; x_wconf 84' lang='lat' dir='ltr'><strong>cognito</strong></span> <span class='ocrx_word' id='word_1_729' title='bbox 2611 3757 2629 3784; x_wconf 95' lang='lat'><strong>,</strong></span> <span class='ocrx_word' id='word_1_730' title='bbox 2673 3730 2888 3772; x_wconf 89' lang='lat' dir='ltr'><strong>omnem</strong></span> <span class='ocrx_word' id='word_1_731' title='bbox 2917 3715 2971 3768; x_wconf 88' lang='lat' dir='ltr'><strong>in</strong></span> <span class='ocrx_word' id='word_1_732' title='bbox 2999 3729 3061 3768; x_wconf 86' lang='lat' dir='ltr'><strong>ea</strong></span> <span class='ocrx_word' id='word_1_733' title='bbox 3092 3712 3282 3768; x_wconf 70' lang='lat' dir='ltr'><strong>luet-esi</strong></span> <span class='ocrx_word' id='word_1_734' title='bbox 3311 3710 3474 3783; x_wconf 78' lang='lat' dir='ltr'><strong>proti-</strong></span> 
     </span>
    </p>
   </div>
   <div class='ocr_carea' id='block_1_98' title="bbox 1891 3802 3474 3879">
    <p class='ocr_par' dir='ltr' id='par_1_98' title="bbox 1891 3802 3474 3879">
     <span class='ocr_line' id='line_1_98' title="bbox 1891 3802 3474 3879; baseline -0.005 -13"><span class='ocrx_word' id='word_1_735' title='bbox 1891 3811 2065 3866; x_wconf 88' lang='lat' dir='ltr'><strong>cicndi</strong></span> <span class='ocrx_word' id='word_1_736' title='bbox 2087 3825 2268 3865; x_wconf 87' lang='lat' dir='ltr'><strong>curam</strong></span> <span class='ocrx_word' id='word_1_737' title='bbox 2289 3810 2502 3879; x_wconf 88' lang='lat' dir='ltr'><strong>abjecit.</strong></span> <span class='ocrx_word' id='word_1_738' title='bbox 2535 3807 2848 3863; x_wconf 86' lang='lat' dir='ltr'><strong>Fluctuabat</strong></span> <span class='ocrx_word' id='word_1_739' title='bbox 2871 3806 3050 3861; x_wconf 76' lang='lat' dir='ltr'><strong>animo</strong></span> <span class='ocrx_word' id='word_1_740' title='bbox 3070 3802 3474 3860; x_wconf 84' lang='lat' dir='ltr'><strong>cunctabundus</strong></span> 
     </span>
    </p>
   </div>
   <div class='ocr_carea' id='block_1_99' title="bbox 1892 3893 3474 3970">
    <p class='ocr_par' dir='ltr' id='par_1_99' title="bbox 1892 3893 3474 3970">
     <span class='ocr_line' id='line_1_99' title="bbox 1892 3893 3474 3970; baseline -0.005 -12"><span class='ocrx_word' id='word_1_741' title='bbox 1892 3905 1944 3958; x_wconf 90' lang='lat' dir='ltr'><strong>in</strong></span> <span class='ocrx_word' id='word_1_742' title='bbox 1969 3904 2158 3958; x_wconf 83' lang='lat' dir='ltr'><strong>eodem</strong></span> <span class='ocrx_word' id='word_1_743' title='bbox 2181 3903 2294 3956; x_wconf 91' lang='lat' dir='ltr'><strong>luto</strong></span> <span class='ocrx_word' id='word_1_744' title='bbox 2317 3903 2590 3966; x_wconf 65' lang='lat' dir='ltr'><strong>haesitans,</strong></span> <span class='ocrx_word' id='word_1_745' title='bbox 2616 3915 2785 3970; x_wconf 88' lang='lat' dir='ltr'><strong>eaque</strong></span> <span class='ocrx_word' id='word_1_746' title='bbox 2805 3899 3072 3954; x_wconf 87' lang='lat' dir='ltr'><strong>cunctatio</strong></span> <span class='ocrx_word' id='word_1_747' title='bbox 3092 3898 3264 3966; x_wconf 86' lang='lat' dir='ltr'><strong>major</strong></span> <span class='ocrx_word' id='word_1_748' title='bbox 3282 3897 3335 3950; x_wconf 88' lang='lat' dir='ltr'><strong>in</strong></span> <span class='ocrx_word' id='word_1_749' title='bbox 3355 3893 3474 3951; x_wconf 78' lang='lat' dir='ltr'><strong>dies</strong></span> 
     </span>
    </p>
   </div>
   <div class='ocr_carea' id='block_1_100' title="bbox 1890 3987 3474 4062">
    <p class='ocr_par' dir='ltr' id='par_1_100' title="bbox 1890 3987 3474 4062">
     <span class='ocr_line' id='line_1_100' title="bbox 1890 3987 3474 4062; baseline -0.008 -13"><span class='ocrx_word' id='word_1_750' title='bbox 1890 3995 2252 4061; x_wconf 87' lang='lat' dir='ltr'><strong>oboriebatur,</strong></span> <span class='ocrx_word' id='word_1_751' title='bbox 2275 4009 2339 4049; x_wconf 82' lang='lat' dir='ltr'><strong>ex</strong></span> <span class='ocrx_word' id='word_1_752' title='bbox 2361 4008 2466 4062; x_wconf 89' lang='lat' dir='ltr'><strong>quo</strong></span> <span class='ocrx_word' id='word_1_753' title='bbox 2490 3991 2716 4046; x_wconf 85' lang='lat' dir='ltr'><strong>Faustus</strong></span> <span class='ocrx_word' id='word_1_754' title='bbox 2743 3991 2950 4060; x_wconf 89' lang='lat' dir='ltr'><strong>copiam</strong></span> <span class='ocrx_word' id='word_1_755' title='bbox 2972 3989 3048 4043; x_wconf 90' lang='lat' dir='ltr'><strong>illi</strong></span> <span class='ocrx_word' id='word_1_756' title='bbox 3071 3987 3266 4042; x_wconf 85' lang='lat' dir='ltr'><strong>fecerat</strong></span> <span class='ocrx_word' id='word_1_757' title='bbox 3288 4000 3474 4039; x_wconf 84' lang='lat' dir='ltr'><strong>secum</strong></span> 
     </span>
    </p>
   </div>
   <div class='ocr_carea' id='block_1_101' title="bbox 1891 4076 3469 4156">
    <p class='ocr_par' dir='ltr' id='par_1_101' title="bbox 1891 4076 3469 4156">
     <span class='ocr_line' id='line_1_101' title="bbox 1891 4076 3469 4156; baseline -0.006 -15"><span class='ocrx_word' id='word_1_758' title='bbox 1891 4083 2268 4155; x_wconf 87' lang='lat' dir='ltr'><strong>colloquendi,</strong></span> <span class='ocrx_word' id='word_1_759' title='bbox 2297 4098 2471 4156; x_wconf 87' lang='lat' dir='ltr'><strong>neque</strong></span> <span class='ocrx_word' id='word_1_760' title='bbox 2510 4097 2676 4156; x_wconf 91' lang='lat' dir='ltr'><strong>porro</strong></span> <span class='ocrx_word' id='word_1_761' title='bbox 2713 4078 3098 4153; x_wconf 76' lang='lat' dir='ltr'><strong>exspectationi</strong></span> <span class='ocrx_word' id='word_1_762' title='bbox 3123 4076 3469 4149; x_wconf 79' lang='lat' dir='ltr'><strong>responderat</strong></span> 
     </span>
    </p>
   </div>
   <div class='ocr_carea' id='block_1_102' title="bbox 1891 4169 3477 4250">
    <p class='ocr_par' dir='ltr' id='par_1_102' title="bbox 1891 4169 3477 4250">
     <span class='ocr_line' id='line_1_102' title="bbox 1891 4169 3477 4250; baseline -0.002 -21"><span class='ocrx_word' id='word_1_763' title='bbox 1891 4177 1913 4250; x_wconf 92' lang='lat'><strong>(</strong></span> <span class='ocrx_word' id='word_1_764' title='bbox 1933 4174 2012 4230; x_wconf 87' lang='lat' dir='ltr'><strong>De</strong></span> <span class='ocrx_word' id='word_1_765' title='bbox 2029 4174 2259 4233; x_wconf 78' lang='lat' dir='ltr'><strong>Utilitate</strong></span> <span class='ocrx_word' id='word_1_766' title='bbox 2280 4175 2534 4238; x_wconf 78' lang='lat' dir='ltr'><strong>credendi,</strong></span> <span class='ocrx_word' id='word_1_767' title='bbox 2557 4192 2610 4229; x_wconf 84' lang='grc' dir='ltr'><strong>η.</strong></span> <span class='ocrx_word' id='word_1_768' title='bbox 2788 4177 2962 4244; x_wconf 84' lang='lat' dir='ltr'><strong>Atque</strong></span> <span class='ocrx_word' id='word_1_769' title='bbox 2980 4173 3093 4226; x_wconf 61' lang='lat' dir='ltr'><strong>haec</strong></span> <span class='ocrx_word' id='word_1_770' title='bbox 3113 4169 3278 4224; x_wconf 83' lang='lat' dir='ltr'><strong>videri</strong></span> <span class='ocrx_word' id='word_1_771' title='bbox 3299 4174 3477 4240; x_wconf 80' lang='lat' dir='ltr'><strong>potest</strong></span> 
     </span>
    </p>
   </div>
   <div class='ocr_carea' id='block_1_103' title="bbox 1893 4258 3476 4334">
    <p class='ocr_par' dir='ltr' id='par_1_103' title="bbox 1893 4258 3476 4334">
     <span class='ocr_line' id='line_1_103' title="bbox 1893 4258 3476 4334; baseline -0.006 -11"><span class='ocrx_word' id='word_1_772' title='bbox 1893 4281 2033 4324; x_wconf 82' lang='lat' dir='ltr'><strong>meta</strong></span> <span class='ocrx_word' id='word_1_773' title='bbox 2060 4283 2248 4323; x_wconf 87' lang='lat' dir='ltr'><strong>novem</strong></span> <span class='ocrx_word' id='word_1_774' title='bbox 2281 4268 2489 4323; x_wconf 86' lang='lat' dir='ltr'><strong>illorum</strong></span> <span class='ocrx_word' id='word_1_775' title='bbox 2520 4281 2782 4321; x_wconf 87' lang='lat' dir='ltr'><strong>annorum</strong></span> <span class='ocrx_word' id='word_1_776' title='bbox 2825 4265 3019 4334; x_wconf 87' lang='lat' dir='ltr'><strong>quibus</strong></span> <span class='ocrx_word' id='word_1_777' title='bbox 3045 4261 3352 4317; x_wconf 70' lang='lat' dir='ltr'><strong>Manichatis</strong></span> <span class='ocrx_word' id='word_1_778' title='bbox 3372 4258 3476 4314; x_wconf 78' lang='lat' dir='ltr'><strong>ad-</strong></span> 
     </span>
    </p>
   </div>
   <div class='ocr_carea' id='block_1_104' title="bbox 1895 4354 3472 4426">
    <p class='ocr_par' dir='ltr' id='par_1_104' title="bbox 1895 4354 3472 4426">
     <span class='ocr_line' id='line_1_104' title="bbox 1895 4354 3472 4426; baseline -0.006 -12"><span class='ocrx_word' id='word_1_779' title='bbox 1895 4359 2117 4415; x_wconf 60' lang='lat' dir='ltr'><strong>haesisse</strong></span> <span class='ocrx_word' id='word_1_780' title='bbox 2135 4375 2193 4414; x_wconf 88' lang='lat' dir='ltr'><strong>se</strong></span> <span class='ocrx_word' id='word_1_781' title='bbox 2212 4359 2419 4424; x_wconf 88' lang='lat' dir='ltr'><strong>scribit,</strong></span> <span class='ocrx_word' id='word_1_782' title='bbox 2445 4359 2517 4413; x_wconf 91' lang='lat' dir='ltr'><strong>uti</strong></span> <span class='ocrx_word' id='word_1_783' title='bbox 2539 4374 2570 4413; x_wconf 88' lang='lat' dir='ltr'><strong>a</strong></span> <span class='ocrx_word' id='word_1_784' title='bbox 2594 4358 2750 4413; x_wconf 91' lang='lat' dir='ltr'><strong>nobis</strong></span> <span class='ocrx_word' id='word_1_785' title='bbox 2772 4357 3016 4426; x_wconf 87' lang='lat' dir='ltr'><strong>superius</strong></span> <span class='ocrx_word' id='word_1_786' title='bbox 3033 4354 3371 4409; x_wconf 84' lang='lat' dir='ltr'><strong>observatum</strong></span> <span class='ocrx_word' id='word_1_787' title='bbox 3385 4361 3472 4406; x_wconf 85' lang='lat' dir='ltr'><strong>est</strong></span> 
     </span>
    </p>
   </div>
   <div class='ocr_carea' id='block_1_105' title="bbox 1893 4443 3475 4523">
    <p class='ocr_par' dir='ltr' id='par_1_105' title="bbox 1893 4443 3475 4523">
     <span class='ocr_line' id='line_1_105' title="bbox 1893 4443 3475 4523; baseline -0.004 -17"><span class='ocrx_word' id='word_1_788' title='bbox 1893 4451 2126 4523; x_wconf 79' lang='lat' dir='ltr'><strong>(Supra,</strong></span> <span class='ocrx_word' id='word_1_789' title='bbox 2159 4468 2272 4521; x_wconf 85' lang='lat' dir='ltr'><strong>cap.</strong></span> <span class='ocrx_word' id='word_1_790' title='bbox 2301 4451 2356 4516; x_wconf 77' lang='grc' dir='ltr'><strong>ϐ,</strong></span> <span class='ocrx_word' id='word_1_791' title='bbox 2387 4468 2474 4505; x_wconf 79' lang='lat' dir='ltr'><strong>tm.</strong></span> <span class='ocrx_word' id='word_1_792' title='bbox 2501 4451 2556 4517; x_wconf 72' lang='lat' dir='ltr'><strong>b,</strong></span> <span class='ocrx_word' id='word_1_793' title='bbox 2586 4451 2621 4504; x_wconf 81' lang='grc'><strong>5</strong></span> <span class='ocrx_word' id='word_1_794' title='bbox 2640 4448 2680 4521; x_wconf 90' lang='grc'><strong>).</strong></span> <span class='ocrx_word' id='word_1_795' title='bbox 2713 4448 3024 4518; x_wconf 85' lang='lat' dir='ltr'><strong>Quanquam</strong></span> <span class='ocrx_word' id='word_1_796' title='bbox 3059 4447 3108 4501; x_wconf 90' lang='lat' dir='ltr'><strong>id</strong></span> <span class='ocrx_word' id='word_1_797' title='bbox 3133 4447 3305 4500; x_wconf 63' lang='lat' dir='ltr'><strong>aetatis</strong></span> <span class='ocrx_word' id='word_1_798' title='bbox 3333 4443 3475 4499; x_wconf 80' lang='lat' dir='ltr'><strong>haud</strong></span> 
     </span>
    </p>
   </div>
   <div class='ocr_carea' id='block_1_106' title="bbox 1894 4535 3477 4618">
    <p class='ocr_par' dir='ltr' id='par_1_106' title="bbox 1894 4535 3477 4618">
     <span class='ocr_line' id='line_1_106' title="bbox 1894 4535 3477 4618; baseline -0.006 -21"><span class='ocrx_word' id='word_1_799' title='bbox 1894 4544 2115 4597; x_wconf 90' lang='lat' dir='ltr'><strong>omnino</strong></span> <span class='ocrx_word' id='word_1_800' title='bbox 2139 4557 2198 4598; x_wconf 90' lang='lat' dir='ltr'><strong>se</strong></span> <span class='ocrx_word' id='word_1_801' title='bbox 2221 4541 2291 4597; x_wconf 90' lang='lat' dir='ltr'><strong>ab</strong></span> <span class='ocrx_word' id='word_1_802' title='bbox 2319 4557 2506 4597; x_wconf 87' lang='lat' dir='ltr'><strong>eorum</strong></span> <span class='ocrx_word' id='word_1_803' title='bbox 2532 4541 2790 4596; x_wconf 87' lang='lat' dir='ltr'><strong>societate</strong></span> <span class='ocrx_word' id='word_1_804' title='bbox 2821 4539 3112 4608; x_wconf 77' lang='lat' dir='ltr'><strong>sejunxerit</strong></span> <span class='ocrx_word' id='word_1_805' title='bbox 3141 4553 3156 4591; x_wconf 89' lang='lat'><strong>:</strong></span> <span class='ocrx_word' id='word_1_806' title='bbox 3189 4535 3477 4618; x_wconf 64' lang='lat' dir='ltr'><strong>Sedquut</strong></span> 
     </span>
    </p>
   </div>
   <div class='ocr_carea' id='block_1_107' title="bbox 1895 4631 3477 4705">
    <p class='ocr_par' dir='ltr' id='par_1_107' title="bbox 1895 4631 3477 4705">
     <span class='ocr_line' id='line_1_107' title="bbox 1895 4631 3477 4705; baseline -0.004 -16"><span class='ocrx_word' id='word_1_807' title='bbox 1895 4637 2072 4689; x_wconf 82' lang='lat' dir='ltr'><strong>melius</strong></span> <span class='ocrx_word' id='word_1_808' title='bbox 2093 4635 2367 4705; x_wconf 80' lang='lat' dir='ltr'><strong>quidquam</strong></span> <span class='ocrx_word' id='word_1_809' title='bbox 2395 4651 2495 4688; x_wconf 83' lang='lat' dir='ltr'><strong>non</strong></span> <span class='ocrx_word' id='word_1_810' title='bbox 2521 4633 2794 4696; x_wconf 75' lang='lat' dir='ltr'><strong>itteeniens,</strong></span> <span class='ocrx_word' id='word_1_811' title='bbox 2824 4632 3015 4702; x_wconf 88' lang='lat' dir='ltr'><strong>inquit,</strong></span> <span class='ocrx_word' id='word_1_812' title='bbox 3037 4647 3096 4686; x_wconf 84' lang='lat' dir='ltr'><strong>ee</strong></span> <span class='ocrx_word' id='word_1_813' title='bbox 3113 4647 3212 4703; x_wconf 69' lang='lat' dir='ltr'><strong>quo</strong></span> <span class='ocrx_word' id='word_1_814' title='bbox 3225 4631 3339 4700; x_wconf 85' lang='lat' dir='ltr'><strong>jam</strong></span> <span class='ocrx_word' id='word_1_815' title='bbox 3356 4645 3477 4700; x_wconf 74' lang='lat' dir='ltr'><strong>atto-</strong></span> 
     </span>
    </p>
   </div>
   <div class='ocr_carea' id='block_1_108' title="bbox 1894 4724 3472 4799">
    <p class='ocr_par' dir='ltr' id='par_1_108' title="bbox 1894 4724 3472 4799">
     <span class='ocr_line' id='line_1_108' title="bbox 1894 4724 3472 4799; baseline -0.004 -17"><span class='ocrx_word' id='word_1_816' title='bbox 1894 4746 1992 4799; x_wconf 70' lang='lat' dir='ltr'><strong>quo</strong></span> <span class='ocrx_word' id='word_1_817' title='bbox 2021 4729 2170 4783; x_wconf 85' lang='lat' dir='ltr'><strong>modo</strong></span> <span class='ocrx_word' id='word_1_818' title='bbox 2191 4729 2460 4794; x_wconf 74' lang='lat' dir='ltr'><strong>irruerent,</strong></span> <span class='ocrx_word' id='word_1_819' title='bbox 2479 4736 2739 4780; x_wconf 79' lang='lat' dir='ltr'><strong>contentus</strong></span> <span class='ocrx_word' id='word_1_820' title='bbox 2766 4725 2966 4780; x_wconf 81' lang='lat' dir='ltr'><strong>interim</strong></span> <span class='ocrx_word' id='word_1_821' title='bbox 2991 4741 3098 4779; x_wconf 76' lang='lat' dir='ltr'><strong>esse</strong></span> <span class='ocrx_word' id='word_1_822' title='bbox 3123 4724 3437 4797; x_wconf 70' lang='lat' dir='ltr'><strong>decreverant</strong></span> <span class='ocrx_word' id='word_1_823' title='bbox 3456 4761 3472 4786; x_wconf 90' lang='lat'><strong>,</strong></span> 
     </span>
    </p>
   </div>
   <div class='ocr_carea' id='block_1_109' title="bbox 1894 4814 3464 4892">
    <p class='ocr_par' dir='ltr' id='par_1_109' title="bbox 1894 4814 3464 4892">
     <span class='ocr_line' id='line_1_109' title="bbox 1894 4814 3464 4892; baseline -0.006 -18"><span class='ocrx_word' id='word_1_824' title='bbox 1894 4822 1995 4875; x_wconf 78' lang='lat' dir='ltr'><strong>nisi</strong></span> <span class='ocrx_word' id='word_1_825' title='bbox 2024 4819 2220 4891; x_wconf 76' lang='lat' dir='ltr'><strong>aliquid</strong></span> <span class='ocrx_word' id='word_1_826' title='bbox 2245 4822 2378 4892; x_wconf 76' lang='lat' dir='ltr'><strong>forte</strong></span> <span class='ocrx_word' id='word_1_827' title='bbox 2403 4818 2535 4889; x_wconf 81' lang='lat' dir='ltr'><strong>quod</strong></span> <span class='ocrx_word' id='word_1_828' title='bbox 2567 4820 2727 4888; x_wconf 80' lang='lat' dir='ltr'><strong>magis</strong></span> <span class='ocrx_word' id='word_1_829' title='bbox 2767 4817 3052 4888; x_wconf 77' lang='lat' dir='ltr'><strong>eligendam</strong></span> <span class='ocrx_word' id='word_1_830' title='bbox 3074 4824 3202 4868; x_wconf 75' lang='lat' dir='ltr'><strong>esset</strong></span> <span class='ocrx_word' id='word_1_831' title='bbox 3233 4814 3464 4868; x_wconf 71' lang='lat' dir='ltr'><strong>duceret.</strong></span> 
     </span>
    </p>
   </div>
   <div class='ocr_carea' id='block_1_110' title="bbox 1895 4905 3475 4985">
    <p class='ocr_par' dir='ltr' id='par_1_110' title="bbox 1895 4905 3475 4985">
     <span class='ocr_line' id='line_1_110' title="bbox 1895 4905 3475 4985; baseline -0.004 -18"><span class='ocrx_word' id='word_1_832' title='bbox 1895 4913 1915 4983; x_wconf 92' lang='lat'><strong>(</strong></span> <span class='ocrx_word' id='word_1_833' title='bbox 1936 4911 2040 4967; x_wconf 89' lang='lat' dir='ltr'><strong>Con</strong></span> <span class='ocrx_word' id='word_1_834' title='bbox 2048 4917 2165 4985; x_wconf 72' lang='grc' dir='ltr'><strong>[σεδ.</strong></span> <span class='ocrx_word' id='word_1_835' title='bbox 2189 4911 2276 4966; x_wconf 79' lang='lat' dir='ltr'><strong>lib.</strong></span> <span class='ocrx_word' id='word_1_836' title='bbox 2299 4911 2353 4974; x_wconf 84' lang='lat'><strong>5,</strong></span> <span class='ocrx_word' id='word_1_837' title='bbox 2375 4927 2490 4980; x_wconf 84' lang='lat' dir='ltr'><strong>cap.</strong></span> <span class='ocrx_word' id='word_1_838' title='bbox 2510 4910 2564 4976; x_wconf 86' lang='lat'><strong>7,</strong></span> <span class='ocrx_word' id='word_1_839' title='bbox 2587 4927 2640 4964; x_wconf 81' lang='lat' dir='ltr'><strong>tt.</strong></span> <span class='ocrx_word' id='word_1_840' title='bbox 2664 4910 2786 4982; x_wconf 72' lang='grc'><strong>15).</strong></span> <span class='ocrx_word' id='word_1_841' title='bbox 2812 4909 2899 4966; x_wconf 88' lang='lat' dir='ltr'><strong>Sic</strong></span> <span class='ocrx_word' id='word_1_842' title='bbox 2913 4909 3089 4962; x_wconf 84' lang='lat' dir='ltr'><strong>animo</strong></span> <span class='ocrx_word' id='word_1_843' title='bbox 3108 4905 3475 4974; x_wconf 78' lang='lat' dir='ltr'><strong>atl‘ectuserat,</strong></span> 
     </span>
    </p>
   </div>
   <div class='ocr_carea' id='block_1_111' title="bbox 1897 4997 3476 5072">
    <p class='ocr_par' dir='ltr' id='par_1_111' title="bbox 1897 4997 3476 5072">
     <span class='ocr_line' id='line_1_111' title="bbox 1897 4997 3476 5072; baseline -0.004 -11"><span class='ocrx_word' id='word_1_844' title='bbox 1897 5021 2018 5061; x_wconf 89' lang='lat' dir='ltr'><strong>cum</strong></span> <span class='ocrx_word' id='word_1_845' title='bbox 2043 5005 2226 5060; x_wconf 88' lang='lat' dir='ltr'><strong>relicta</strong></span> <span class='ocrx_word' id='word_1_846' title='bbox 2241 5003 2416 5058; x_wconf 81' lang='lat' dir='ltr'><strong>Africa</strong></span> <span class='ocrx_word' id='word_1_847' title='bbox 2434 5003 2656 5057; x_wconf 76' lang='lat' dir='ltr'><strong>Romam</strong></span> <span class='ocrx_word' id='word_1_848' title='bbox 2676 5003 2930 5072; x_wconf 86' lang='lat' dir='ltr'><strong>petiturus</strong></span> <span class='ocrx_word' id='word_1_849' title='bbox 2949 4998 3150 5069; x_wconf 81' lang='lat' dir='ltr'><strong>trajecit</strong></span> <span class='ocrx_word' id='word_1_850' title='bbox 3168 4999 3218 5052; x_wconf 90' lang='lat' dir='ltr'><strong>in</strong></span> <span class='ocrx_word' id='word_1_851' title='bbox 3236 4997 3476 5054; x_wconf 83' lang='lat' dir='ltr'><strong>Italiam:</strong></span> 
     </span>
    </p>
   </div>
   <div class='ocr_carea' id='block_1_112' title="bbox 1899 5090 3478 5168">
    <p class='ocr_par' dir='ltr' id='par_1_112' title="bbox 1899 5090 3478 5168">
     <span class='ocr_line' id='line_1_112' title="bbox 1899 5090 3478 5168; baseline -0.004 -18"><span class='ocrx_word' id='word_1_852' title='bbox 1899 5097 2041 5168; x_wconf 89' lang='lat' dir='ltr'><strong>quod</strong></span> <span class='ocrx_word' id='word_1_853' title='bbox 2070 5097 2170 5151; x_wconf 90' lang='lat' dir='ltr'><strong>iter</strong></span> <span class='ocrx_word' id='word_1_854' title='bbox 2203 5111 2321 5151; x_wconf 90' lang='lat' dir='ltr'><strong>cum</strong></span> <span class='ocrx_word' id='word_1_855' title='bbox 2346 5097 2522 5150; x_wconf 88' lang='lat' dir='ltr'><strong>statim</strong></span> <span class='ocrx_word' id='word_1_856' title='bbox 2550 5095 2616 5149; x_wconf 87' lang='lat' dir='ltr'><strong>ab</strong></span> <span class='ocrx_word' id='word_1_857' title='bbox 2642 5093 2824 5148; x_wconf 90' lang='lat' dir='ltr'><strong>habito</strong></span> <span class='ocrx_word' id='word_1_858' title='bbox 2849 5107 2968 5146; x_wconf 91' lang='lat' dir='ltr'><strong>cum</strong></span> <span class='ocrx_word' id='word_1_859' title='bbox 2999 5090 3194 5144; x_wconf 84' lang='lat' dir='ltr'><strong>Fausto</strong></span> <span class='ocrx_word' id='word_1_860' title='bbox 3225 5103 3478 5144; x_wconf 85' lang='lat' dir='ltr'><strong>sermone</strong></span> 
     </span>
    </p>
   </div>
   <div class='ocr_carea' id='block_1_113' title="bbox 1895 5178 3474 5261">
    <p class='ocr_par' dir='ltr' id='par_1_113' title="bbox 1895 5178 3474 5261">
     <span class='ocr_line' id='line_1_113' title="bbox 1895 5178 3474 5261; baseline -0.005 -17"><span class='ocrx_word' id='word_1_861' title='bbox 1895 5197 2276 5244; x_wconf 88' lang='lat' dir='ltr'><strong>commemorat</strong></span> <span class='ocrx_word' id='word_1_862' title='bbox 2293 5185 2483 5261; x_wconf 58' lang='lat' dir='ltr'><strong>(Ibid,</strong></span> <span class='ocrx_word' id='word_1_863' title='bbox 2501 5204 2614 5257; x_wconf 89' lang='lat' dir='ltr'><strong>cap.</strong></span> <span class='ocrx_word' id='word_1_864' title='bbox 2629 5186 2684 5253; x_wconf 89' lang='lat'><strong>8,</strong></span> <span class='ocrx_word' id='word_1_865' title='bbox 2702 5203 2754 5239; x_wconf 82' lang='grc' dir='ltr'><strong>η.</strong></span> <span class='ocrx_word' id='word_1_866' title='bbox 2780 5182 2890 5256; x_wconf 75' lang='grc'><strong>14).</strong></span> <span class='ocrx_word' id='word_1_867' title='bbox 2918 5183 3150 5238; x_wconf 76' lang='lat' dir='ltr'><strong>indicem</strong></span> <span class='ocrx_word' id='word_1_868' title='bbox 3161 5180 3389 5247; x_wconf 85' lang='lat' dir='ltr'><strong>videtur,</strong></span> <span class='ocrx_word' id='word_1_869' title='bbox 3420 5178 3474 5236; x_wconf 84' lang='lat' dir='ltr'><strong>id</strong></span> 
     </span>
    </p>
   </div>
   <div class='ocr_carea' id='block_1_114' title="bbox 1897 5275 3479 5349">
    <p class='ocr_par' dir='ltr' id='par_1_114' title="bbox 1897 5275 3479 5349">
     <span class='ocr_line' id='line_1_114' title="bbox 1897 5275 3479 5349; baseline -0.004 -14"><span class='ocrx_word' id='word_1_870' title='bbox 1897 5296 1954 5335; x_wconf 84' lang='lat' dir='ltr'><strong>se</strong></span> <span class='ocrx_word' id='word_1_871' title='bbox 1973 5294 2112 5333; x_wconf 84' lang='lat' dir='ltr'><strong>anno</strong></span> <span class='ocrx_word' id='word_1_872' title='bbox 2135 5276 2306 5334; x_wconf 77' lang='lat' dir='ltr'><strong>:etatis</strong></span> <span class='ocrx_word' id='word_1_873' title='bbox 2321 5293 2429 5334; x_wconf 82' lang='lat' dir='ltr'><strong>suae</strong></span> <span class='ocrx_word' id='word_1_874' title='bbox 2447 5279 2699 5349; x_wconf 74' lang='lat' dir='ltr'><strong>vigesimo</strong></span> <span class='ocrx_word' id='word_1_875' title='bbox 2723 5291 2864 5333; x_wconf 91' lang='lat' dir='ltr'><strong>nono</strong></span> <span class='ocrx_word' id='word_1_876' title='bbox 2880 5284 3146 5346; x_wconf 87' lang='lat' dir='ltr'><strong>vergente.</strong></span> <span class='ocrx_word' id='word_1_877' title='bbox 3164 5275 3479 5348; x_wconf 84' lang='lat' dir='ltr'><strong>perlittera-</strong></span> 
     </span>
    </p>
   </div>
   <div class='ocr_carea' id='block_1_115' title="bbox 1897 5366 3472 5438">
    <p class='ocr_par' dir='ltr' id='par_1_115' title="bbox 1897 5366 3472 5438">
     <span class='ocr_line' id='line_1_115' title="bbox 1897 5366 3472 5438; baseline -0.002 -12"><span class='ocrx_word' id='word_1_878' title='bbox 1897 5373 2003 5426; x_wconf 81' lang='lat' dir='ltr'><strong>rias</strong></span> <span class='ocrx_word' id='word_1_879' title='bbox 2047 5369 2264 5424; x_wconf 84' lang='lat' dir='ltr'><strong>forsitan</strong></span> <span class='ocrx_word' id='word_1_880' title='bbox 2307 5369 2544 5424; x_wconf 88' lang='lat' dir='ltr'><strong>inducias</strong></span> <span class='ocrx_word' id='word_1_881' title='bbox 2596 5367 2724 5422; x_wconf 87' lang='lat' dir='ltr'><strong>anni</strong></span> <span class='ocrx_word' id='word_1_882' title='bbox 2771 5367 3130 5423; x_wconf 85' lang='lat' dir='ltr'><strong>trecentesimi</strong></span> <span class='ocrx_word' id='word_1_883' title='bbox 3165 5366 3472 5438; x_wconf 86' lang='lat' dir='ltr'><strong>octogesimi</strong></span> 
     </span>
    </p>
   </div>
   <div class='ocr_carea' id='block_1_116' title="bbox 1901 5459 3476 5531">
    <p class='ocr_par' dir='ltr' id='par_1_116' title="bbox 1901 5459 3476 5531">
     <span class='ocr_line' id='line_1_116' title="bbox 1901 5459 3476 5531; baseline -0.004 -14"><span class='ocrx_word' id='word_1_884' title='bbox 1901 5461 2064 5529; x_wconf 86' lang='lat' dir='ltr'><strong>tertii,</strong></span> <span class='ocrx_word' id='word_1_885' title='bbox 2091 5461 2389 5531; x_wconf 87' lang='lat' dir='ltr'><strong>suscepisse</strong></span> <span class='ocrx_word' id='word_1_886' title='bbox 2419 5477 2432 5515; x_wconf 89' lang='lat'><strong>:</strong></span> <span class='ocrx_word' id='word_1_887' title='bbox 2459 5474 2759 5530; x_wconf 87' lang='lat' dir='ltr'><strong>quanquam</strong></span> <span class='ocrx_word' id='word_1_888' title='bbox 2789 5475 2971 5515; x_wconf 83' lang='lat' dir='ltr'><strong>revera</strong></span> <span class='ocrx_word' id='word_1_889' title='bbox 2991 5459 3117 5515; x_wconf 88' lang='lat' dir='ltr'><strong>nihil</strong></span> <span class='ocrx_word' id='word_1_890' title='bbox 3155 5460 3327 5515; x_wconf 76' lang='lat' dir='ltr'><strong>obstet</strong></span> <span class='ocrx_word' id='word_1_891' title='bbox 3348 5472 3476 5529; x_wconf 79' lang='lat' dir='ltr'><strong>quo-</strong></span> 
     </span>
    </p>
   </div>
   <div class='ocr_carea' id='block_1_117' title="bbox 1903 5547 3473 5620">
    <p class='ocr_par' dir='ltr' id='par_1_117' title="bbox 1903 5547 3473 5620">
     <span class='ocr_line' id='line_1_117' title="bbox 1903 5547 3473 5620; baseline -0.001 -14"><span class='ocrx_word' id='word_1_892' title='bbox 1903 5553 2078 5606; x_wconf 86' lang='lat' dir='ltr'><strong>minus</strong></span> <span class='ocrx_word' id='word_1_893' title='bbox 2099 5561 2399 5620; x_wconf 84' lang='lat' dir='ltr'><strong>snsccptum</strong></span> <span class='ocrx_word' id='word_1_894' title='bbox 2431 5550 2497 5603; x_wconf 83' lang='lat' dir='ltr'><strong>ab</strong></span> <span class='ocrx_word' id='word_1_895' title='bbox 2517 5551 2630 5620; x_wconf 89' lang='lat' dir='ltr'><strong>ipso</strong></span> <span class='ocrx_word' id='word_1_896' title='bbox 2646 5551 2746 5606; x_wconf 88' lang='lat' dir='ltr'><strong>sub</strong></span> <span class='ocrx_word' id='word_1_897' title='bbox 2771 5550 3041 5607; x_wconf 79' lang='lat' dir='ltr'><strong>ineuntem</strong></span> <span class='ocrx_word' id='word_1_898' title='bbox 3069 5551 3207 5606; x_wconf 89' lang='lat' dir='ltr'><strong>hunc</strong></span> <span class='ocrx_word' id='word_1_899' title='bbox 3227 5547 3473 5606; x_wconf 65' lang='lat' dir='ltr'><strong>eumdem</strong></span> 
     </span>
    </p>
   </div>
   <div class='ocr_carea' id='block_1_118' title="bbox 1899 5638 2722 5699">
    <p class='ocr_par' dir='ltr' id='par_1_118' title="bbox 1899 5638 2722 5699">
     <span class='ocr_line' id='line_1_118' title="bbox 1899 5638 2722 5699; baseline -0.004 0"><span class='ocrx_word' id='word_1_900' title='bbox 1899 5655 2099 5699; x_wconf 79' lang='lat' dir='ltr'><strong>annum</strong></span> <span class='ocrx_word' id='word_1_901' title='bbox 2138 5638 2332 5696; x_wconf 88' lang='lat' dir='ltr'><strong>Christi</strong></span> <span class='ocrx_word' id='word_1_902' title='bbox 2371 5638 2722 5697; x_wconf 73' lang='lat' dir='ltr'><strong>existimetur.</strong></span> 
     </span>
    </p>
   </div>
  </div>
