  <div class='ocr_page' id='page_1' title='image "/cluster/home/n/w/nwhite01/storage/ocr_20150623/32/hvd.32044015706328/055.png"; bbox 0 0 3994 6352; ppageno 0'>
   <div class='ocr_carea' id='block_1_1' title="bbox 504 256 3766 365">
    <p class='ocr_par' dir='ltr' id='par_1_1' title="bbox 504 256 3766 365">
     <span class='ocr_line' id='line_1_1' title="bbox 504 256 3766 365; baseline 0.001 -16"><span class='ocrx_word' id='word_1_1' title='bbox 504 256 575 349; x_wconf 74' lang='lat' dir='ltr'><strong><em>ss</em></strong></span> <span class='ocrx_word' id='word_1_2' title='bbox 1628 287 1782 341; x_wconf 79' lang='lat' dir='ltr'><strong><em>VITA</em></strong></span> <span class='ocrx_word' id='word_1_3' title='bbox 1831 288 1889 342; x_wconf 90' lang='lat' dir='ltr'><strong><em>s.</em></strong></span> <span class='ocrx_word' id='word_1_4' title='bbox 1915 278 2296 344; x_wconf 72' lang='lat' dir='ltr'><strong><em>‘Aucusrtm</em></strong></span> <span class='ocrx_word' id='word_1_5' title='bbox 2336 286 2652 352; x_wconf 81' lang='lat' dir='ltr'><strong><em>EPISCOPl.</em></strong></span> <span class='ocrx_word' id='word_1_6' title='bbox 3690 306 3766 365; x_wconf 68' lang='grc' dir='ltr'><strong><em>ου</em></strong></span> 
     </span>
    </p>
   </div>
   <div class='ocr_carea' id='block_1_2' title="bbox 1412 409 2811 614">
    <p class='ocr_par' dir='ltr' id='par_1_2' title="bbox 1412 409 2811 614">
     <span class='ocr_line' id='line_1_2' title="bbox 1412 409 2811 614; baseline 0.007 -10"><span class='ocrx_word' id='word_1_7' title='bbox 1412 409 1888 604; x_wconf 83' lang='lat' dir='ltr'><strong><em>LIBER</em></strong></span> <span class='ocrx_word' id='word_1_8' title='bbox 1979 421 2163 602; x_wconf 90' lang='lat' dir='ltr'><strong><em>SE</em></strong></span> <span class='ocrx_word' id='word_1_9' title='bbox 2174 498 2587 607; x_wconf 83' lang='lat' dir='ltr'><strong><em>CUND</em></strong></span> <span class='ocrx_word' id='word_1_10' title='bbox 2610 504 2811 614; x_wconf 86' lang='lat' dir='ltr'><strong><em>US.</em></strong></span> 
     </span>
    </p>
   </div>
   <div class='ocr_carea' id='block_1_3' title="bbox 808 665 3479 752">
    <p class='ocr_par' dir='ltr' id='par_1_3' title="bbox 808 665 3479 752">
     <span class='ocr_line' id='line_1_3' title="bbox 808 665 3479 752; baseline 0.006 -17"><span class='ocrx_word' id='word_1_11' title='bbox 808 696 876 739; x_wconf 83' lang='lat' dir='ltr'><strong><em>De</em></strong></span> <span class='ocrx_word' id='word_1_12' title='bbox 902 686 1146 751; x_wconf 71' lang='lat' dir='ltr'><strong><em>Augustini</em></strong></span> <span class='ocrx_word' id='word_1_13' title='bbox 1174 684 1470 748; x_wconf 73' lang='lat' dir='ltr'><strong><em>profectione</em></strong></span> <span class='ocrx_word' id='word_1_14' title='bbox 1488 686 1539 739; x_wconf 81' lang='lat' dir='ltr'><strong><em>in</em></strong></span> <span class='ocrx_word' id='word_1_15' title='bbox 1556 680 1751 742; x_wconf 80' lang='lat' dir='ltr'><strong><em>Italiam,</em></strong></span> <span class='ocrx_word' id='word_1_16' title='bbox 1772 687 1824 730; x_wconf 88' lang='lat' dir='ltr'><strong><em>et</em></strong></span> <span class='ocrx_word' id='word_1_17' title='bbox 1840 680 1903 731; x_wconf 86' lang='lat' dir='ltr'><strong><em>de</em></strong></span> <span class='ocrx_word' id='word_1_18' title='bbox 1922 680 2153 730; x_wconf 85' lang='lat' dir='ltr'><strong><em>rebus-ibi</em></strong></span> <span class='ocrx_word' id='word_1_19' title='bbox 2169 665 2230 730; x_wconf 68' lang='grc' dir='ltr'><strong>ὣ</strong></span> <span class='ocrx_word' id='word_1_20' title='bbox 2257 694 2319 731; x_wconf 87' lang='lat' dir='ltr'><strong><em>eo</em></strong></span> <span class='ocrx_word' id='word_1_21' title='bbox 2348 684 2501 744; x_wconf 77' lang='lat' dir='ltr'><strong>gestis</strong></span> <span class='ocrx_word' id='word_1_22' title='bbox 2518 697 2673 750; x_wconf 85' lang='lat' dir='ltr'><strong><em>usque</em></strong></span> <span class='ocrx_word' id='word_1_23' title='bbox 2702 689 2761 739; x_wconf 85' lang='lat' dir='ltr'><strong><em>ad</em></strong></span> <span class='ocrx_word' id='word_1_24' title='bbox 2787 702 2927 741; x_wconf 85' lang='lat' dir='ltr'><strong><em>suum</em></strong></span> <span class='ocrx_word' id='word_1_25' title='bbox 2959 707 3010 744; x_wconf 75' lang='lat' dir='ltr'><strong><em>in</em></strong></span> <span class='ocrx_word' id='word_1_26' title='bbox 3033 696 3232 747; x_wconf 76' lang='lat' dir='ltr'><strong><em>Africam</em></strong></span> <span class='ocrx_word' id='word_1_27' title='bbox 3253 700 3479 752; x_wconf 75' lang='lat' dir='ltr'><strong><em>reditum.</em></strong></span> 
     </span>
    </p>
   </div>
   <div class='ocr_carea' id='block_1_4' title="bbox 1845 783 2420 838">
    <p class='ocr_par' dir='ltr' id='par_1_4' title="bbox 1845 783 2420 838">
     <span class='ocr_line' id='line_1_4' title="bbox 1845 783 2420 838; baseline 0.003 -2"><span class='ocrx_word' id='word_1_28' title='bbox 1845 783 2420 838; x_wconf 52' lang='grc' dir='ltr'><strong><em>ιθί-ο-ἓηοβιέο-ὶϐι</em></strong></span> 
     </span>
    </p>
   </div>
   <div class='ocr_carea' id='block_1_5' title="bbox 1025 896 1569 955">
    <p class='ocr_par' dir='ltr' id='par_1_5' title="bbox 1025 896 1569 955">
     <span class='ocr_line' id='line_1_5' title="bbox 1025 896 1569 955; baseline -0.011 0"><span class='ocrx_word' id='word_1_29' title='bbox 1025 897 1251 955; x_wconf 82' lang='lat' dir='ltr'><strong><em>CAPUT</em></strong></span> <span class='ocrx_word' id='word_1_30' title='bbox 1287 896 1569 952; x_wconf 76' lang='lat' dir='ltr'><strong><em>PRIMUM.</em></strong></span> 
     </span>
    </p>
   </div>
   <div class='ocr_carea' id='block_1_6' title="bbox 503 1029 2073 1109">
    <p class='ocr_par' dir='ltr' id='par_1_6' title="bbox 503 1029 2073 1109">
     <span class='ocr_line' id='line_1_6' title="bbox 503 1029 2073 1109; baseline -0.009 -15"><span class='ocrx_word' id='word_1_31' title='bbox 503 1039 528 1094; x_wconf 85' lang='grc'><strong><em>1</em></strong></span> <span class='ocrx_word' id='word_1_32' title='bbox 560 1038 870 1109; x_wconf 71' lang='lat' dir='ltr'><strong><em>Augustinus</em></strong></span> <span class='ocrx_word' id='word_1_33' title='bbox 900 1036 1113 1089; x_wconf 82' lang='lat' dir='ltr'><strong><em>Romam</em></strong></span> <span class='ocrx_word' id='word_1_34' title='bbox 1149 1033 1503 1102; x_wconf 80' lang='lat' dir='ltr'><strong><em>proﬁciscitur.</em></strong></span> <span class='ocrx_word' id='word_1_35' title='bbox 1530 1032 1566 1084; x_wconf 74' lang='lat'><strong>2</strong></span> <span class='ocrx_word' id='word_1_36' title='bbox 1597 1030 1809 1093; x_wconf 67' lang='lat' dir='ltr'><strong><em>Occulta</em></strong></span> <span class='ocrx_word' id='word_1_37' title='bbox 1832 1046 1891 1082; x_wconf 81' lang='lat' dir='ltr'><strong><em>ac</em></strong></span> <span class='ocrx_word' id='word_1_38' title='bbox 1916 1029 2073 1081; x_wconf 78' lang='lat' dir='ltr'><strong><em>invita</em></strong></span> 
     </span>
    </p>
   </div>
   <div class='ocr_carea' id='block_1_7' title="bbox 574 1117 2073 1192">
    <p class='ocr_par' dir='ltr' id='par_1_7' title="bbox 574 1117 2073 1192">
     <span class='ocr_line' id='line_1_7' title="bbox 574 1117 2073 1192; baseline -0.009 -9"><span class='ocrx_word' id='word_1_39' title='bbox 574 1139 749 1183; x_wconf 88' lang='lat' dir='ltr'><strong><em>matre.</em></strong></span> <span class='ocrx_word' id='word_1_40' title='bbox 778 1130 812 1184; x_wconf 78' lang='grc'>5</span> <span class='ocrx_word' id='word_1_41' title='bbox 838 1128 918 1181; x_wconf 88' lang='lat' dir='ltr'><strong><em>Ibi</em></strong></span> <span class='ocrx_word' id='word_1_42' title='bbox 945 1129 998 1181; x_wconf 87' lang='lat' dir='ltr'><strong><em>in</em></strong></span> <span class='ocrx_word' id='word_1_43' title='bbox 1025 1126 1251 1180; x_wconf 81' lang='lat' dir='ltr'><strong><em>morbum</em></strong></span> <span class='ocrx_word' id='word_1_44' title='bbox 1276 1124 1450 1179; x_wconf 86' lang='lat' dir='ltr'><strong><em>incidit</em></strong></span> <span class='ocrx_word' id='word_1_45' title='bbox 1484 1122 1831 1192; x_wconf 77' lang='lat' dir='ltr'><strong><em>periculosum.</em></strong></span> <span class='ocrx_word' id='word_1_46' title='bbox 1865 1121 1897 1173; x_wconf 76' lang='grc'><strong>4</strong></span> <span class='ocrx_word' id='word_1_47' title='bbox 1928 1117 2073 1171; x_wconf 84' lang='lat' dir='ltr'><strong><em>Inter</em></strong></span> 
     </span>
    </p>
   </div>
   <div class='ocr_carea' id='block_1_8' title="bbox 576 1211 2072 1287">
    <p class='ocr_par' dir='ltr' id='par_1_8' title="bbox 576 1211 2072 1287">
     <span class='ocr_line' id='line_1_8' title="bbox 576 1211 2072 1287; baseline -0.009 -11"><span class='ocrx_word' id='word_1_48' title='bbox 576 1222 884 1276; x_wconf 78' lang='lat' dir='ltr'><strong><em>Manichteos</em></strong></span> <span class='ocrx_word' id='word_1_49' title='bbox 920 1226 1161 1281; x_wconf 80' lang='lat' dir='ltr'><strong><em>uersatur,</em></strong></span> <span class='ocrx_word' id='word_1_50' title='bbox 1191 1233 1418 1287; x_wconf 83' lang='lat' dir='ltr'><strong><em>quamam</em></strong></span> <span class='ocrx_word' id='word_1_51' title='bbox 1447 1232 1555 1270; x_wconf 82' lang='lat' dir='ltr'><strong><em>eum</em></strong></span> <span class='ocrx_word' id='word_1_52' title='bbox 1584 1216 1635 1268; x_wconf 89' lang='lat' dir='ltr'><strong><em>in</em></strong></span> <span class='ocrx_word' id='word_1_53' title='bbox 1667 1214 1869 1268; x_wconf 86' lang='lat' dir='ltr'><strong><em>illorum</em></strong></span> <span class='ocrx_word' id='word_1_54' title='bbox 1905 1211 2072 1265; x_wconf 80' lang='lat' dir='ltr'><strong><em>adhuc</em></strong></span> 
     </span>
    </p>
   </div>
   <div class='ocr_carea' id='block_1_9' title="bbox 570 1305 1859 1369">
    <p class='ocr_par' dir='ltr' id='par_1_9' title="bbox 570 1305 1859 1369">
     <span class='ocr_line' id='line_1_9' title="bbox 570 1305 1859 1369; baseline -0.009 0"><span class='ocrx_word' id='word_1_55' title='bbox 570 1323 705 1369; x_wconf 83' lang='lat' dir='ltr'><strong><em>secta</em></strong></span> <span class='ocrx_word' id='word_1_56' title='bbox 730 1311 1047 1367; x_wconf 77' lang='lat' dir='ltr'><strong><em>distinebant.</em></strong></span> <span class='ocrx_word' id='word_1_57' title='bbox 1070 1311 1103 1364; x_wconf 86' lang='lat'><strong>5</strong></span> <span class='ocrx_word' id='word_1_58' title='bbox 1131 1308 1449 1363; x_wconf 79' lang='lat' dir='ltr'><strong><em>Rhetoricam</em></strong></span> <span class='ocrx_word' id='word_1_59' title='bbox 1472 1308 1523 1360; x_wconf 87' lang='lat' dir='ltr'><strong><em>in</em></strong></span> <span class='ocrx_word' id='word_1_60' title='bbox 1548 1305 1681 1361; x_wconf 81' lang='lat' dir='ltr'><strong><em>Urbe</em></strong></span> <span class='ocrx_word' id='word_1_61' title='bbox 1700 1306 1859 1358; x_wconf 86' lang='lat' dir='ltr'><strong><em>docet.</em></strong></span> 
     </span>
    </p>
   </div>
   <div class='ocr_carea' id='block_1_10' title="bbox 572 1436 2077 1506">
    <p class='ocr_par' dir='ltr' id='par_1_10' title="bbox 572 1436 2077 1506">
     <span class='ocr_line' id='line_1_10' title="bbox 572 1436 2077 1506; baseline -0.007 -8"><span class='ocrx_word' id='word_1_62' title='bbox 572 1445 622 1498; x_wconf 89' lang='grc'><strong>1.</strong></span> <span class='ocrx_word' id='word_1_63' title='bbox 656 1442 785 1497; x_wconf 90' lang='lat' dir='ltr'><strong><em>Cum</em></strong></span> <span class='ocrx_word' id='word_1_64' title='bbox 815 1444 865 1496; x_wconf 91' lang='lat' dir='ltr'><strong><em>in</em></strong></span> <span class='ocrx_word' id='word_1_65' title='bbox 899 1441 1096 1496; x_wconf 84' lang='lat' dir='ltr'><strong><em>italiam</em></strong></span> <span class='ocrx_word' id='word_1_66' title='bbox 1127 1438 1477 1493; x_wconf 80' lang='lat' dir='ltr'><strong><em>transmittere</em></strong></span> <span class='ocrx_word' id='word_1_67' title='bbox 1500 1437 1817 1506; x_wconf 82' lang='lat' dir='ltr'><strong><em>Augustinus</em></strong></span> <span class='ocrx_word' id='word_1_68' title='bbox 1836 1436 2077 1489; x_wconf 89' lang='lat' dir='ltr'><strong><em>animum</em></strong></span> 
     </span>
    </p>
   </div>
   <div class='ocr_carea' id='block_1_11' title="bbox 502 1525 2065 1601">
    <p class='ocr_par' dir='ltr' id='par_1_11' title="bbox 502 1525 2065 1601">
     <span class='ocr_line' id='line_1_11' title="bbox 502 1525 2065 1601; baseline -0.008 -12"><span class='ocrx_word' id='word_1_69' title='bbox 502 1535 725 1599; x_wconf 78' lang='lat' dir='ltr'><strong><em>induxit,</em></strong></span> <span class='ocrx_word' id='word_1_70' title='bbox 754 1548 873 1588; x_wconf 91' lang='lat' dir='ltr'><strong><em>eum</em></strong></span> <span class='ocrx_word' id='word_1_71' title='bbox 900 1531 1157 1601; x_wconf 82' lang='lat' dir='ltr'><strong><em>proiecto,</em></strong></span> <span class='ocrx_word' id='word_1_72' title='bbox 1188 1546 1344 1600; x_wconf 85' lang='lat' dir='ltr'><strong><em>quem</em></strong></span> <span class='ocrx_word' id='word_1_73' title='bbox 1375 1544 1438 1583; x_wconf 86' lang='lat' dir='ltr'><strong><em>ex</em></strong></span> <span class='ocrx_word' id='word_1_74' title='bbox 1478 1528 1564 1581; x_wconf 91' lang='lat' dir='ltr'><strong><em>illa</em></strong></span> <span class='ocrx_word' id='word_1_75' title='bbox 1595 1527 1926 1596; x_wconf 79' lang='lat' dir='ltr'><strong><em>navigatione</em></strong></span> <span class='ocrx_word' id='word_1_76' title='bbox 1956 1525 2065 1579; x_wconf 87' lang='lat' dir='ltr'><strong><em>fru-</em></strong></span> 
     </span>
    </p>
   </div>
   <div class='ocr_carea' id='block_1_12' title="bbox 500 1615 2077 1691">
    <p class='ocr_par' dir='ltr' id='par_1_12' title="bbox 500 1615 2077 1691">
     <span class='ocr_line' id='line_1_12' title="bbox 500 1615 2077 1691; baseline -0.006 -12"><span class='ocrx_word' id='word_1_77' title='bbox 500 1634 672 1688; x_wconf 84' lang='lat' dir='ltr'><strong><em>ctum,</em></strong></span> <span class='ocrx_word' id='word_1_78' title='bbox 718 1625 827 1677; x_wconf 90' lang='lat' dir='ltr'><strong><em>Deo</em></strong></span> <span class='ocrx_word' id='word_1_79' title='bbox 855 1623 1150 1691; x_wconf 88' lang='lat' dir='ltr'><strong><em>aspirante,</em></strong></span> <span class='ocrx_word' id='word_1_80' title='bbox 1189 1628 1439 1689; x_wconf 87' lang='lat' dir='ltr'><strong><em>capturus</em></strong></span> <span class='ocrx_word' id='word_1_81' title='bbox 1478 1625 1623 1683; x_wconf 83' lang='lat' dir='ltr'><strong><em>erat,</em></strong></span> <span class='ocrx_word' id='word_1_82' title='bbox 1667 1615 2077 1686; x_wconf 83' lang='lat' dir='ltr'><strong><em>haudquaquam</em></strong></span> 
     </span>
    </p>
   </div>
   <div class='ocr_carea' id='block_1_13' title="bbox 498 1708 2065 1784">
    <p class='ocr_par' dir='ltr' id='par_1_13' title="bbox 498 1708 2065 1784">
     <span class='ocr_line' id='line_1_13' title="bbox 498 1708 2065 1784; baseline -0.006 -14"><span class='ocrx_word' id='word_1_83' title='bbox 498 1718 612 1780; x_wconf 82' lang='lat' dir='ltr'><strong><em>ipse</em></strong></span> <span class='ocrx_word' id='word_1_84' title='bbox 646 1716 746 1770; x_wconf 84' lang='lat' dir='ltr'><strong><em>sibi</em></strong></span> <span class='ocrx_word' id='word_1_85' title='bbox 782 1714 1143 1784; x_wconf 84' lang='lat' dir='ltr'><strong><em>pollicebatur.</em></strong></span> <span class='ocrx_word' id='word_1_86' title='bbox 1173 1712 1392 1765; x_wconf 79' lang='lat' dir='ltr'><strong><em>Romam</em></strong></span> <span class='ocrx_word' id='word_1_87' title='bbox 1434 1708 1806 1772; x_wconf 78' lang='lat' dir='ltr'><strong><em>contendebat,</em></strong></span> <span class='ocrx_word' id='word_1_88' title='bbox 1840 1708 2065 1762; x_wconf 86' lang='lat' dir='ltr'><strong><em>rhetori-</em></strong></span> 
     </span>
    </p>
   </div>
   <div class='ocr_carea' id='block_1_14' title="bbox 497 1799 2065 1874">
    <p class='ocr_par' dir='ltr' id='par_1_14' title="bbox 497 1799 2065 1874">
     <span class='ocr_line' id='line_1_14' title="bbox 497 1799 2065 1874; baseline -0.004 -17"><span class='ocrx_word' id='word_1_89' title='bbox 497 1821 611 1860; x_wconf 81' lang='lat' dir='ltr'><strong><em>cam</em></strong></span> <span class='ocrx_word' id='word_1_90' title='bbox 643 1806 712 1859; x_wconf 91' lang='lat' dir='ltr'><strong><em>ibi</em></strong></span> <span class='ocrx_word' id='word_1_91' title='bbox 753 1804 1112 1874; x_wconf 87' lang='lat' dir='ltr'><strong><em>professurus,</em></strong></span> <span class='ocrx_word' id='word_1_92' title='bbox 1144 1817 1252 1856; x_wconf 88' lang='lat' dir='ltr'><strong><em>non</em></strong></span> <span class='ocrx_word' id='word_1_93' title='bbox 1288 1816 1381 1871; x_wconf 89' lang='lat' dir='ltr'><strong><em>spe</em></strong></span> <span class='ocrx_word' id='word_1_94' title='bbox 1409 1800 1596 1854; x_wconf 89' lang='lat' dir='ltr'><strong><em>ductus</em></strong></span> <span class='ocrx_word' id='word_1_95' title='bbox 1620 1799 1888 1867; x_wconf 89' lang='lat' dir='ltr'><strong><em>amplioris</em></strong></span> <span class='ocrx_word' id='word_1_96' title='bbox 1913 1813 2065 1853; x_wconf 60' lang='lat' dir='ltr'><strong><em>emo.</em></strong></span> 
     </span>
    </p>
   </div>
   <div class='ocr_carea' id='block_1_15' title="bbox 498 1888 2067 1963">
    <p class='ocr_par' dir='ltr' id='par_1_15' title="bbox 498 1888 2067 1963">
     <span class='ocr_line' id='line_1_15' title="bbox 498 1888 2067 1963; baseline -0.004 -14"><span class='ocrx_word' id='word_1_97' title='bbox 498 1896 715 1950; x_wconf 87' lang='lat' dir='ltr'><strong><em>iumenti</em></strong></span> <span class='ocrx_word' id='word_1_98' title='bbox 750 1903 804 1951; x_wconf 89' lang='lat' dir='ltr'><strong><em>et</em></strong></span> <span class='ocrx_word' id='word_1_99' title='bbox 842 1894 1055 1963; x_wconf 84' lang='lat' dir='ltr'><strong><em>majoris</em></strong></span> <span class='ocrx_word' id='word_1_100' title='bbox 1085 1893 1320 1955; x_wconf 88' lang='lat' dir='ltr'><strong><em>honoris,</em></strong></span> <span class='ocrx_word' id='word_1_101' title='bbox 1353 1889 1560 1944; x_wconf 85' lang='lat' dir='ltr'><strong><em>tametsi</em></strong></span> <span class='ocrx_word' id='word_1_102' title='bbox 1588 1898 1640 1941; x_wconf 92' lang='lat' dir='ltr'><strong><em>et</em></strong></span> <span class='ocrx_word' id='word_1_103' title='bbox 1673 1888 1855 1943; x_wconf 71' lang='lat' dir='ltr'><strong><em>isthmc</em></strong></span> <span class='ocrx_word' id='word_1_104' title='bbox 1885 1889 2067 1943; x_wconf 85' lang='lat' dir='ltr'><strong><em>incen-</em></strong></span> 
     </span>
    </p>
   </div>
   <div class='ocr_carea' id='block_1_16' title="bbox 499 1981 2062 2055">
    <p class='ocr_par' dir='ltr' id='par_1_16' title="bbox 499 1981 2062 2055">
     <span class='ocr_line' id='line_1_16' title="bbox 499 1981 2062 2055; baseline -0.004 -16"><span class='ocrx_word' id='word_1_105' title='bbox 499 1988 601 2040; x_wconf 87' lang='lat' dir='ltr'><strong><em>tiva</em></strong></span> <span class='ocrx_word' id='word_1_106' title='bbox 621 2028 637 2053; x_wconf 87' lang='lat'><strong><em>,</em></strong></span> <span class='ocrx_word' id='word_1_107' title='bbox 664 2002 780 2055; x_wconf 72' lang='lat' dir='ltr'><strong><em>qum.</em></strong></span> <span class='ocrx_word' id='word_1_108' title='bbox 809 1986 962 2039; x_wconf 87' lang='lat' dir='ltr'><strong><em>amici</em></strong></span> <span class='ocrx_word' id='word_1_109' title='bbox 1003 1983 1355 2047; x_wconf 89' lang='lat' dir='ltr'><strong><em>adhibebant,</em></strong></span> <span class='ocrx_word' id='word_1_110' title='bbox 1386 1982 1627 2036; x_wconf 88' lang='lat' dir='ltr'><strong><em>nonnihil</em></strong></span> <span class='ocrx_word' id='word_1_111' title='bbox 1652 1989 1921 2034; x_wconf 83' lang='lat' dir='ltr'><strong><em>moverent</em></strong></span> <span class='ocrx_word' id='word_1_112' title='bbox 1945 1981 2062 2033; x_wconf 87' lang='lat' dir='ltr'><strong><em>ani-</em></strong></span> 
     </span>
    </p>
   </div>
   <div class='ocr_carea' id='block_1_17' title="bbox 498 2070 2059 2143">
    <p class='ocr_par' dir='ltr' id='par_1_17' title="bbox 498 2070 2059 2143">
     <span class='ocr_line' id='line_1_17' title="bbox 498 2070 2059 2143; baseline -0.003 -15"><span class='ocrx_word' id='word_1_113' title='bbox 498 2091 639 2129; x_wconf 92' lang='lat' dir='ltr'><strong><em>mum</em></strong></span> <span class='ocrx_word' id='word_1_114' title='bbox 668 2094 681 2129; x_wconf 74' lang='grc' dir='ltr'><strong>ε</strong></span> <span class='ocrx_word' id='word_1_115' title='bbox 702 2073 797 2130; x_wconf 87' lang='lat' dir='ltr'><strong><em>sed</em></strong></span> <span class='ocrx_word' id='word_1_116' title='bbox 828 2074 925 2127; x_wconf 91' lang='lat' dir='ltr'><strong><em>hac</em></strong></span> <span class='ocrx_word' id='word_1_117' title='bbox 948 2072 1211 2143; x_wconf 64' lang='lat' dir='ltr'><strong><em>praecipua</em></strong></span> <span class='ocrx_word' id='word_1_118' title='bbox 1232 2086 1392 2125; x_wconf 80' lang='lat' dir='ltr'><strong><em>causa</em></strong></span> <span class='ocrx_word' id='word_1_119' title='bbox 1415 2079 1468 2124; x_wconf 94' lang='lat' dir='ltr'><strong><em>et</em></strong></span> <span class='ocrx_word' id='word_1_120' title='bbox 1488 2086 1625 2140; x_wconf 89' lang='lat' dir='ltr'><strong><em>pene</em></strong></span> <span class='ocrx_word' id='word_1_121' title='bbox 1644 2071 1752 2125; x_wconf 92' lang='lat' dir='ltr'><strong><em>sola</em></strong></span> <span class='ocrx_word' id='word_1_122' title='bbox 1782 2070 2059 2136; x_wconf 77' lang='lat' dir='ltr'><strong><em>impulsus,</em></strong></span> 
     </span>
    </p>
   </div>
   <div class='ocr_carea' id='block_1_18' title="bbox 493 2163 2063 2236">
    <p class='ocr_par' dir='ltr' id='par_1_18' title="bbox 493 2163 2063 2236">
     <span class='ocr_line' id='line_1_18' title="bbox 493 2163 2063 2236; baseline -0.001 -16"><span class='ocrx_word' id='word_1_123' title='bbox 493 2167 633 2236; x_wconf 89' lang='lat' dir='ltr'><strong><em>quod</em></strong></span> <span class='ocrx_word' id='word_1_124' title='bbox 654 2167 887 2222; x_wconf 83' lang='lat' dir='ltr'><strong><em>audierat</em></strong></span> <span class='ocrx_word' id='word_1_125' title='bbox 905 2168 1131 2236; x_wconf 82' lang='lat' dir='ltr'><strong><em>quietius</em></strong></span> <span class='ocrx_word' id='word_1_126' title='bbox 1153 2166 1331 2218; x_wconf 65' lang='lat' dir='ltr'><strong><em>Roma:</em></strong></span> <span class='ocrx_word' id='word_1_127' title='bbox 1345 2180 1500 2233; x_wconf 90' lang='lat' dir='ltr'><strong><em>quam</em></strong></span> <span class='ocrx_word' id='word_1_128' title='bbox 1517 2163 1834 2233; x_wconf 77' lang='lat' dir='ltr'><strong><em>Carthagine</em></strong></span> <span class='ocrx_word' id='word_1_129' title='bbox 1851 2163 2063 2219; x_wconf 89' lang='lat' dir='ltr'><strong><em>studere</em></strong></span> 
     </span>
    </p>
   </div>
   <div class='ocr_carea' id='block_1_19' title="bbox 492 2254 2063 2321">
    <p class='ocr_par' dir='ltr' id='par_1_19' title="bbox 492 2254 2063 2321">
     <span class='ocr_line' id='line_1_19' title="bbox 492 2254 2063 2321; baseline -0.003 -11"><span class='ocrx_word' id='word_1_130' title='bbox 492 2256 869 2320; x_wconf 82' lang='lat' dir='ltr'><strong><em>adolescentes,</em></strong></span> <span class='ocrx_word' id='word_1_131' title='bbox 900 2267 953 2310; x_wconf 88' lang='lat' dir='ltr'><strong><em>et</em></strong></span> <span class='ocrx_word' id='word_1_132' title='bbox 977 2256 1294 2309; x_wconf 90' lang='lat' dir='ltr'><strong><em>ordinatiore</em></strong></span> <span class='ocrx_word' id='word_1_133' title='bbox 1320 2254 1611 2321; x_wconf 69' lang='lat' dir='ltr'><strong><em>disciplina:</em></strong></span> <span class='ocrx_word' id='word_1_134' title='bbox 1635 2254 1952 2309; x_wconf 88' lang='lat' dir='ltr'><strong><em>coercitione</em></strong></span> <span class='ocrx_word' id='word_1_135' title='bbox 1972 2269 2063 2307; x_wconf 84' lang='lat' dir='ltr'><strong><em>sc-</em></strong></span> 
     </span>
    </p>
   </div>
   <div class='ocr_carea' id='block_1_20' title="bbox 491 2343 2059 2412">
    <p class='ocr_par' dir='ltr' id='par_1_20' title="bbox 491 2343 2059 2412">
     <span class='ocr_line' id='line_1_20' title="bbox 491 2343 2059 2412; baseline -0.001 -13"><span class='ocrx_word' id='word_1_136' title='bbox 491 2347 624 2400; x_wconf 86' lang='lat' dir='ltr'><strong><em>dari.</em></strong></span> <span class='ocrx_word' id='word_1_137' title='bbox 655 2345 851 2400; x_wconf 79' lang='lat' dir='ltr'><strong><em>Verum</em></strong></span> <span class='ocrx_word' id='word_1_138' title='bbox 881 2345 925 2398; x_wconf 90' lang='lat' dir='ltr'><strong><em>si</em></strong></span> <span class='ocrx_word' id='word_1_139' title='bbox 968 2360 1078 2399; x_wconf 87' lang='lat' dir='ltr'><strong><em>rem</em></strong></span> <span class='ocrx_word' id='word_1_140' title='bbox 1116 2344 1274 2397; x_wconf 88' lang='lat' dir='ltr'><strong><em>altius</em></strong></span> <span class='ocrx_word' id='word_1_141' title='bbox 1315 2351 1645 2412; x_wconf 88' lang='lat' dir='ltr'><strong><em>repetamus,</em></strong></span> <span class='ocrx_word' id='word_1_142' title='bbox 1687 2343 1936 2412; x_wconf 84' lang='lat' dir='ltr'><strong><em>peculiari</em></strong></span> <span class='ocrx_word' id='word_1_143' title='bbox 1967 2345 2059 2398; x_wconf 89' lang='lat' dir='ltr'><strong><em>Dei</em></strong></span> 
     </span>
    </p>
   </div>
   <div class='ocr_carea' id='block_1_21' title="bbox 491 2433 2059 2506">
    <p class='ocr_par' dir='ltr' id='par_1_21' title="bbox 491 2433 2059 2506">
     <span class='ocr_line' id='line_1_21' title="bbox 491 2433 2059 2506; baseline -0.001 -15"><span class='ocrx_word' id='word_1_144' title='bbox 491 2446 621 2491; x_wconf 90' lang='lat' dir='ltr'><strong><em>nutu</em></strong></span> <span class='ocrx_word' id='word_1_145' title='bbox 649 2437 987 2506; x_wconf 77' lang='lat' dir='ltr'><strong><em>dirigebatur,</em></strong></span> <span class='ocrx_word' id='word_1_146' title='bbox 1024 2436 1112 2504; x_wconf 93' lang='lat' dir='ltr'><strong><em>qui</em></strong></span> <span class='ocrx_word' id='word_1_147' title='bbox 1152 2434 1359 2488; x_wconf 89' lang='lat' dir='ltr'><strong><em>occulto</em></strong></span> <span class='ocrx_word' id='word_1_148' title='bbox 1400 2434 1622 2489; x_wconf 85' lang='lat' dir='ltr'><strong><em>consilio</em></strong></span> <span class='ocrx_word' id='word_1_149' title='bbox 1649 2442 1703 2487; x_wconf 91' lang='lat' dir='ltr'><strong><em>et</em></strong></span> <span class='ocrx_word' id='word_1_150' title='bbox 1732 2434 1974 2488; x_wconf 79' lang='lat' dir='ltr'><strong><em>stimulus</em></strong></span> <span class='ocrx_word' id='word_1_151' title='bbox 2009 2433 2059 2489; x_wconf 89' lang='lat' dir='ltr'><strong><em>ei</em></strong></span> 
     </span>
    </p>
   </div>
   <div class='ocr_carea' id='block_1_22' title="bbox 490 2525 2058 2597">
    <p class='ocr_par' dir='ltr' id='par_1_22' title="bbox 490 2525 2058 2597">
     <span class='ocr_line' id='line_1_22' title="bbox 490 2525 2058 2597; baseline 0 -17"><span class='ocrx_word' id='word_1_152' title='bbox 490 2529 803 2583; x_wconf 82' lang='lat' dir='ltr'><strong><em>admovebat</em></strong></span> <span class='ocrx_word' id='word_1_153' title='bbox 836 2527 1024 2597; x_wconf 88' lang='lat' dir='ltr'><strong><em>quibus</em></strong></span> <span class='ocrx_word' id='word_1_154' title='bbox 1056 2525 1371 2593; x_wconf 71' lang='lat' dir='ltr'><strong><em>Carthagine</em></strong></span> <span class='ocrx_word' id='word_1_155' title='bbox 1413 2526 1748 2590; x_wconf 87' lang='lat' dir='ltr'><strong><em>avelleretur,</em></strong></span> <span class='ocrx_word' id='word_1_156' title='bbox 1788 2534 1844 2580; x_wconf 90' lang='lat' dir='ltr'><strong><em>et</em></strong></span> <span class='ocrx_word' id='word_1_157' title='bbox 1879 2526 2058 2580; x_wconf 87' lang='lat' dir='ltr'><strong><em>illece-</em></strong></span> 
     </span>
    </p>
   </div>
   <div class='ocr_carea' id='block_1_23' title="bbox 488 2614 2071 2688">
    <p class='ocr_par' dir='ltr' id='par_1_23' title="bbox 488 2614 2071 2688">
     <span class='ocr_line' id='line_1_23' title="bbox 488 2614 2071 2688; baseline -0.002 -16"><span class='ocrx_word' id='word_1_158' title='bbox 488 2618 611 2673; x_wconf 81' lang='lat' dir='ltr'><strong><em>bras</em></strong></span> <span class='ocrx_word' id='word_1_159' title='bbox 649 2619 841 2688; x_wconf 89' lang='lat' dir='ltr'><strong><em>quibus</em></strong></span> <span class='ocrx_word' id='word_1_160' title='bbox 882 2617 1102 2670; x_wconf 78' lang='lat' dir='ltr'><strong><em>Romam</em></strong></span> <span class='ocrx_word' id='word_1_161' title='bbox 1148 2614 1503 2669; x_wconf 88' lang='lat' dir='ltr'><strong><em>attraheretur</em></strong></span> <span class='ocrx_word' id='word_1_162' title='bbox 1531 2614 1842 2682; x_wconf 85' lang='lat' dir='ltr'><strong><em>adjiciebat,</em></strong></span> <span class='ocrx_word' id='word_1_163' title='bbox 1872 2623 1929 2668; x_wconf 91' lang='lat' dir='ltr'><strong><em>ut</em></strong></span> <span class='ocrx_word' id='word_1_164' title='bbox 1964 2628 2071 2684; x_wconf 87' lang='lat' dir='ltr'><strong><em>per</em></strong></span> 
     </span>
    </p>
   </div>
   <div class='ocr_carea' id='block_1_24' title="bbox 488 2706 2055 2775">
    <p class='ocr_par' dir='ltr' id='par_1_24' title="bbox 488 2706 2055 2775">
     <span class='ocr_line' id='line_1_24' title="bbox 488 2706 2055 2775; baseline -0.001 -12"><span class='ocrx_word' id='word_1_165' title='bbox 488 2710 665 2763; x_wconf 87' lang='lat' dir='ltr'><strong><em>varios</em></strong></span> <span class='ocrx_word' id='word_1_166' title='bbox 687 2708 900 2762; x_wconf 90' lang='lat' dir='ltr'><strong><em>demum</em></strong></span> <span class='ocrx_word' id='word_1_167' title='bbox 937 2706 1220 2767; x_wconf 84' lang='lat' dir='ltr'><strong><em>anfractus,</em></strong></span> <span class='ocrx_word' id='word_1_168' title='bbox 1250 2706 1317 2760; x_wconf 88' lang='lat' dir='ltr'><strong><em>ad</em></strong></span> <span class='ocrx_word' id='word_1_169' title='bbox 1345 2706 1529 2760; x_wconf 85' lang='lat' dir='ltr'><strong><em>salutis</em></strong></span> <span class='ocrx_word' id='word_1_170' title='bbox 1556 2713 1765 2775; x_wconf 89' lang='lat' dir='ltr'><strong><em>portum</em></strong></span> <span class='ocrx_word' id='word_1_171' title='bbox 1792 2714 2055 2762; x_wconf 89' lang='lat' dir='ltr'><strong><em>errantem</em></strong></span> 
     </span>
    </p>
   </div>
   <div class='ocr_carea' id='block_1_25' title="bbox 488 2796 2058 2866">
    <p class='ocr_par' dir='ltr' id='par_1_25' title="bbox 488 2796 2058 2866">
     <span class='ocr_line' id='line_1_25' title="bbox 488 2796 2058 2866; baseline -0.003 -12"><span class='ocrx_word' id='word_1_172' title='bbox 488 2797 791 2854; x_wconf 79' lang='lat' dir='ltr'><strong><em>deduceret.</em></strong></span> <span class='ocrx_word' id='word_1_173' title='bbox 822 2797 972 2866; x_wconf 83' lang='lat' dir='ltr'><strong><em>Quod</em></strong></span> <span class='ocrx_word' id='word_1_174' title='bbox 1013 2797 1124 2866; x_wconf 88' lang='lat' dir='ltr'><strong><em>ipse</em></strong></span> <span class='ocrx_word' id='word_1_175' title='bbox 1165 2811 1457 2865; x_wconf 88' lang='lat' dir='ltr'><strong><em>agnoscens</em></strong></span> <span class='ocrx_word' id='word_1_176' title='bbox 1499 2796 1820 2864; x_wconf 79' lang='lat' dir='ltr'><strong><em>Augustinus</em></strong></span> <span class='ocrx_word' id='word_1_177' title='bbox 1863 2813 1875 2850; x_wconf 89' lang='lat'><strong>:</strong></span> <span class='ocrx_word' id='word_1_178' title='bbox 1912 2796 1979 2849; x_wconf 87' lang='lat' dir='ltr'><strong><em>Et</em></strong></span> <span class='ocrx_word' id='word_1_179' title='bbox 2005 2798 2058 2851; x_wconf 91' lang='lat' dir='ltr'><strong><em>in</em></strong></span> 
     </span>
    </p>
   </div>
   <div class='ocr_carea' id='block_1_26' title="bbox 488 2886 2057 2956">
    <p class='ocr_par' dir='ltr' id='par_1_26' title="bbox 488 2886 2057 2956">
     <span class='ocr_line' id='line_1_26' title="bbox 488 2886 2057 2956; baseline -0.003 -12"><span class='ocrx_word' id='word_1_180' title='bbox 488 2891 586 2956; x_wconf 73' lang='lat' dir='ltr'><strong><em>his,</em></strong></span> <span class='ocrx_word' id='word_1_181' title='bbox 612 2889 702 2951; x_wconf 87' lang='lat' dir='ltr'><strong><em>ait,</em></strong></span> <span class='ocrx_word' id='word_1_182' title='bbox 724 2889 956 2943; x_wconf 75' lang='lat' dir='ltr'><strong><em>altissimi</em></strong></span> <span class='ocrx_word' id='word_1_183' title='bbox 975 2889 1048 2940; x_wconf 85' lang='lat' dir='ltr'><strong><em>tui</em></strong></span> <span class='ocrx_word' id='word_1_184' title='bbox 1066 2903 1285 2941; x_wconf 83' lang='lat' dir='ltr'><strong><em>recessus</em></strong></span> <span class='ocrx_word' id='word_1_185' title='bbox 1308 2896 1354 2940; x_wconf 83' lang='lat' dir='ltr'><strong><em>et</em></strong></span> <span class='ocrx_word' id='word_1_186' title='bbox 1381 2887 1762 2955; x_wconf 62' lang='lat' dir='ltr'><strong><em>praesentissima</em></strong></span> <span class='ocrx_word' id='word_1_187' title='bbox 1780 2886 1833 2940; x_wconf 89' lang='lat' dir='ltr'><strong><em>in</em></strong></span> <span class='ocrx_word' id='word_1_188' title='bbox 1854 2903 1945 2940; x_wconf 87' lang='lat' dir='ltr'><strong><em>nos</em></strong></span> <span class='ocrx_word' id='word_1_189' title='bbox 1964 2888 2057 2941; x_wconf 83' lang='lat' dir='ltr'><strong><em>mi-</em></strong></span> 
     </span>
    </p>
   </div>
   <div class='ocr_carea' id='block_1_27' title="bbox 487 2975 2052 3050">
    <p class='ocr_par' dir='ltr' id='par_1_27' title="bbox 487 2975 2052 3050">
     <span class='ocr_line' id='line_1_27' title="bbox 487 2975 2052 3050; baseline -0.002 -16"><span class='ocrx_word' id='word_1_190' title='bbox 487 2981 758 3035; x_wconf 75' lang='lat' dir='ltr'><strong><em>sericordia</em></strong></span> <span class='ocrx_word' id='word_1_191' title='bbox 786 2989 873 3033; x_wconf 76' lang='lat' dir='ltr'><strong><em>tua</em></strong></span> <span class='ocrx_word' id='word_1_192' title='bbox 896 2976 1160 3050; x_wconf 83' lang='lat' dir='ltr'><strong><em>cogitanda</em></strong></span> <span class='ocrx_word' id='word_1_193' title='bbox 1187 2986 1233 3031; x_wconf 87' lang='lat' dir='ltr'><strong><em>et</em></strong></span> <span class='ocrx_word' id='word_1_194' title='bbox 1261 2977 1580 3047; x_wconf 67' lang='lat' dir='ltr'><strong><em>praedicanda</em></strong></span> <span class='ocrx_word' id='word_1_195' title='bbox 1615 2986 1687 3030; x_wconf 80' lang='lat' dir='ltr'><strong><em>est</em></strong></span> <span class='ocrx_word' id='word_1_196' title='bbox 1712 2975 1937 3048; x_wconf 79' lang='lat' dir='ltr'><strong><em>(Confes.</em></strong></span> <span class='ocrx_word' id='word_1_197' title='bbox 1966 2979 2052 3032; x_wconf 85' lang='lat' dir='ltr'><strong><em>lib.</em></strong></span> 
     </span>
    </p>
   </div>
   <div class='ocr_carea' id='block_1_28' title="bbox 487 3067 2055 3139">
    <p class='ocr_par' dir='ltr' id='par_1_28' title="bbox 487 3067 2055 3139">
     <span class='ocr_line' id='line_1_28' title="bbox 487 3067 2055 3139; baseline -0.001 -16"><span class='ocrx_word' id='word_1_198' title='bbox 487 3071 541 3135; x_wconf 85' lang='lat'><strong><em>5,</em></strong></span> <span class='ocrx_word' id='word_1_199' title='bbox 571 3087 684 3139; x_wconf 87' lang='lat' dir='ltr'><strong><em>cap.</em></strong></span> <span class='ocrx_word' id='word_1_200' title='bbox 714 3070 768 3135; x_wconf 90' lang='lat'><strong><em>8,</em></strong></span> <span class='ocrx_word' id='word_1_201' title='bbox 803 3087 858 3123; x_wconf 81' lang='grc' dir='ltr'><strong><em>η.</em></strong></span> <span class='ocrx_word' id='word_1_202' title='bbox 889 3070 999 3139; x_wconf 64' lang='grc'><strong>11).</strong></span> <span class='ocrx_word' id='word_1_203' title='bbox 1023 3069 1154 3123; x_wconf 87' lang='lat' dir='ltr'><strong><em>Eum</em></strong></span> <span class='ocrx_word' id='word_1_204' title='bbox 1178 3067 1421 3122; x_wconf 85' lang='lat' dir='ltr'><strong><em>Messiani</em></strong></span> <span class='ocrx_word' id='word_1_205' title='bbox 1450 3067 1779 3136; x_wconf 84' lang='lat' dir='ltr'><strong><em>proconsulis</em></strong></span> <span class='ocrx_word' id='word_1_206' title='bbox 1809 3070 1859 3121; x_wconf 91' lang='lat' dir='ltr'><strong><em>iu</em></strong></span> <span class='ocrx_word' id='word_1_207' title='bbox 1888 3067 2055 3122; x_wconf 81' lang='lat' dir='ltr'><strong><em>Mani—</em></strong></span> 
     </span>
    </p>
   </div>
   <div class='ocr_carea' id='block_1_29' title="bbox 487 3157 2052 3230">
    <p class='ocr_par' dir='ltr' id='par_1_29' title="bbox 487 3157 2052 3230">
     <span class='ocr_line' id='line_1_29' title="bbox 487 3157 2052 3230; baseline -0.001 -15"><span class='ocrx_word' id='word_1_208' title='bbox 487 3162 667 3216; x_wconf 83' lang='lat' dir='ltr'><strong><em>chaeos</em></strong></span> <span class='ocrx_word' id='word_1_209' title='bbox 690 3161 797 3214; x_wconf 88' lang='lat' dir='ltr'><strong><em>lata</em></strong></span> <span class='ocrx_word' id='word_1_210' title='bbox 823 3159 1082 3215; x_wconf 85' lang='lat' dir='ltr'><strong><em>sententia</em></strong></span> <span class='ocrx_word' id='word_1_211' title='bbox 1111 3173 1419 3230; x_wconf 88' lang='lat' dir='ltr'><strong><em>percussum</em></strong></span> <span class='ocrx_word' id='word_1_212' title='bbox 1445 3173 1509 3212; x_wconf 82' lang='lat' dir='ltr'><strong><em>ex</em></strong></span> <span class='ocrx_word' id='word_1_213' title='bbox 1537 3157 1711 3213; x_wconf 82' lang='lat' dir='ltr'><strong><em>Africa</em></strong></span> <span class='ocrx_word' id='word_1_214' title='bbox 1738 3158 2052 3228; x_wconf 76' lang='lat' dir='ltr'><strong><em>profugisse,</em></strong></span> 
     </span>
    </p>
   </div>
   <div class='ocr_carea' id='block_1_30' title="bbox 484 3246 2054 3320">
    <p class='ocr_par' dir='ltr' id='par_1_30' title="bbox 484 3246 2054 3320">
     <span class='ocr_line' id='line_1_30' title="bbox 484 3246 2054 3320; baseline -0.002 -16"><span class='ocrx_word' id='word_1_215' title='bbox 484 3250 820 3320; x_wconf 83' lang='lat' dir='ltr'><strong><em>postmodum</em></strong></span> <span class='ocrx_word' id='word_1_216' title='bbox 850 3249 1178 3318; x_wconf 86' lang='lat' dir='ltr'><strong><em>objectarunt</em></strong></span> <span class='ocrx_word' id='word_1_217' title='bbox 1203 3246 1487 3301; x_wconf 85' lang='lat' dir='ltr'><strong><em>adversarii</em></strong></span> <span class='ocrx_word' id='word_1_218' title='bbox 1518 3246 1729 3316; x_wconf 83' lang='lat' dir='ltr'><strong><em>(Contra</em></strong></span> <span class='ocrx_word' id='word_1_219' title='bbox 1758 3246 1878 3299; x_wconf 82' lang='lat' dir='ltr'><strong><em>Litt.</em></strong></span> <span class='ocrx_word' id='word_1_220' title='bbox 1914 3246 2054 3301; x_wconf 84' lang='lat' dir='ltr'><strong><em>Peli-</em></strong></span> 
     </span>
    </p>
   </div>
   <div class='ocr_carea' id='block_1_31' title="bbox 486 3337 2052 3410">
    <p class='ocr_par' dir='ltr' id='par_1_31' title="bbox 486 3337 2052 3410">
     <span class='ocr_line' id='line_1_31' title="bbox 486 3337 2052 3410; baseline -0.002 -15"><span class='ocrx_word' id='word_1_221' title='bbox 486 3340 629 3403; x_wconf 84' lang='lat' dir='ltr'><strong><em>liani,</em></strong></span> <span class='ocrx_word' id='word_1_222' title='bbox 658 3341 743 3394; x_wconf 87' lang='lat' dir='ltr'><strong><em>lib.</em></strong></span> <span class='ocrx_word' id='word_1_223' title='bbox 768 3341 821 3402; x_wconf 80' lang='lat'><strong><em>5,</em></strong></span> <span class='ocrx_word' id='word_1_224' title='bbox 853 3357 905 3392; x_wconf 87' lang='lat' dir='ltr'><strong><em>n.</em></strong></span> <span class='ocrx_word' id='word_1_225' title='bbox 933 3338 1025 3410; x_wconf 77' lang='lat'><strong><em>&#39;50)</em></strong></span> <span class='ocrx_word' id='word_1_226' title='bbox 1046 3356 1059 3391; x_wconf 89' lang='lat'><strong>:</strong></span> <span class='ocrx_word' id='word_1_227' title='bbox 1082 3352 1186 3409; x_wconf 90' lang='lat' dir='ltr'><strong><em>quo</em></strong></span> <span class='ocrx_word' id='word_1_228' title='bbox 1206 3346 1506 3391; x_wconf 88' lang='lat' dir='ltr'><strong><em>commento</em></strong></span> <span class='ocrx_word' id='word_1_229' title='bbox 1531 3337 1728 3392; x_wconf 89' lang='lat' dir='ltr'><strong><em>nullum</em></strong></span> <span class='ocrx_word' id='word_1_230' title='bbox 1755 3337 2052 3392; x_wconf 78' lang='lat' dir='ltr'><strong><em>absurdius.</em></strong></span> 
     </span>
    </p>
   </div>
   <div class='ocr_carea' id='block_1_32' title="bbox 484 3428 2052 3500">
    <p class='ocr_par' dir='ltr' id='par_1_32' title="bbox 484 3428 2052 3500">
     <span class='ocr_line' id='line_1_32' title="bbox 484 3428 2052 3500; baseline 0 -15"><span class='ocrx_word' id='word_1_231' title='bbox 484 3430 729 3486; x_wconf 77' lang='lat' dir='ltr'><strong><em>Messiani</em></strong></span> <span class='ocrx_word' id='word_1_232' title='bbox 784 3430 976 3500; x_wconf 83' lang='lat' dir='ltr'><strong><em>quippe</em></strong></span> <span class='ocrx_word' id='word_1_233' title='bbox 1030 3429 1290 3483; x_wconf 84' lang='lat' dir='ltr'><strong><em>sententia</em></strong></span> <span class='ocrx_word' id='word_1_234' title='bbox 1337 3429 1474 3483; x_wconf 81' lang='lat' dir='ltr'><strong><em>dicta</em></strong></span> <span class='ocrx_word' id='word_1_235' title='bbox 1535 3428 1631 3483; x_wconf 85' lang='lat' dir='ltr'><strong><em>iuit</em></strong></span> <span class='ocrx_word' id='word_1_236' title='bbox 1671 3444 1812 3484; x_wconf 85' lang='lat' dir='ltr'><strong><em>anno</em></strong></span> <span class='ocrx_word' id='word_1_237' title='bbox 1859 3430 2052 3485; x_wconf 84' lang='lat' dir='ltr'><strong><em>Christi</em></strong></span> 
     </span>
    </p>
   </div>
   <div class='ocr_carea' id='block_1_33' title="bbox 484 3518 2052 3589">
    <p class='ocr_par' dir='ltr' id='par_1_33' title="bbox 484 3518 2052 3589">
     <span class='ocr_line' id='line_1_33' title="bbox 484 3518 2052 3589; baseline 0 -14"><span class='ocrx_word' id='word_1_238' title='bbox 484 3520 854 3576; x_wconf 86' lang='lat' dir='ltr'><strong><em>trecentesimo</em></strong></span> <span class='ocrx_word' id='word_1_239' title='bbox 898 3519 1219 3589; x_wconf 84' lang='lat' dir='ltr'><strong><em>octogesimo</em></strong></span> <span class='ocrx_word' id='word_1_240' title='bbox 1264 3527 1413 3574; x_wconf 89' lang='lat' dir='ltr'><strong><em>sexto</em></strong></span> <span class='ocrx_word' id='word_1_241' title='bbox 1458 3536 1472 3572; x_wconf 91' lang='lat'><strong>:</strong></span> <span class='ocrx_word' id='word_1_242' title='bbox 1511 3518 1833 3588; x_wconf 82' lang='lat' dir='ltr'><strong><em>Augustinus</em></strong></span> <span class='ocrx_word' id='word_1_243' title='bbox 1878 3531 2052 3575; x_wconf 91' lang='lat' dir='ltr'><strong><em>autem</em></strong></span> 
     </span>
    </p>
   </div>
   <div class='ocr_carea' id='block_1_34' title="bbox 485 3611 2053 3681">
    <p class='ocr_par' dir='ltr' id='par_1_34' title="bbox 485 3611 2053 3681">
     <span class='ocr_line' id='line_1_34' title="bbox 485 3611 2053 3681; baseline 0.001 -15"><span class='ocrx_word' id='word_1_244' title='bbox 485 3612 762 3667; x_wconf 78' lang='lat' dir='ltr'><strong><em>Mediolani</em></strong></span> <span class='ocrx_word' id='word_1_245' title='bbox 804 3612 983 3681; x_wconf 87' lang='lat' dir='ltr'><strong><em>procul</em></strong></span> <span class='ocrx_word' id='word_1_246' title='bbox 1018 3611 1178 3666; x_wconf 93' lang='lat' dir='ltr'><strong><em>dubio</em></strong></span> <span class='ocrx_word' id='word_1_247' title='bbox 1206 3621 1321 3666; x_wconf 88' lang='lat' dir='ltr'><strong><em>erat</em></strong></span> <span class='ocrx_word' id='word_1_248' title='bbox 1358 3619 1482 3666; x_wconf 89' lang='lat' dir='ltr'><strong><em>ante</em></strong></span> <span class='ocrx_word' id='word_1_249' title='bbox 1517 3627 1711 3666; x_wconf 91' lang='lat' dir='ltr'><strong><em>annum</em></strong></span> <span class='ocrx_word' id='word_1_250' title='bbox 1743 3613 2053 3668; x_wconf 86' lang='lat' dir='ltr'><strong><em>trecentesi-</em></strong></span> 
     </span>
    </p>
   </div>
   <div class='ocr_carea' id='block_1_35' title="bbox 483 3700 2052 3769">
    <p class='ocr_par' dir='ltr' id='par_1_35' title="bbox 483 3700 2052 3769">
     <span class='ocr_line' id='line_1_35' title="bbox 483 3700 2052 3769; baseline 0.001 -12"><span class='ocrx_word' id='word_1_251' title='bbox 483 3717 627 3757; x_wconf 90' lang='lat' dir='ltr'><strong><em>mum</em></strong></span> <span class='ocrx_word' id='word_1_252' title='bbox 658 3701 1034 3769; x_wconf 86' lang='lat' dir='ltr'><strong><em>octogesimum</em></strong></span> <span class='ocrx_word' id='word_1_253' title='bbox 1072 3701 1343 3769; x_wconf 86' lang='lat' dir='ltr'><strong><em>quintum;</em></strong></span> <span class='ocrx_word' id='word_1_254' title='bbox 1380 3700 1530 3768; x_wconf 88' lang='lat' dir='ltr'><strong><em>cujus</em></strong></span> <span class='ocrx_word' id='word_1_255' title='bbox 1570 3702 1646 3755; x_wconf 77' lang='lat' dir='ltr'><strong><em>rei</em></strong></span> <span class='ocrx_word' id='word_1_256' title='bbox 1679 3701 2052 3759; x_wconf 83' lang='lat' dir='ltr'><strong><em>documentum</em></strong></span> 
     </span>
    </p>
   </div>
   <div class='ocr_carea' id='block_1_36' title="bbox 484 3789 2053 3861">
    <p class='ocr_par' dir='ltr' id='par_1_36' title="bbox 484 3789 2053 3861">
     <span class='ocr_line' id='line_1_36' title="bbox 484 3789 2053 3861; baseline 0.003 -17"><span class='ocrx_word' id='word_1_257' title='bbox 484 3792 538 3845; x_wconf 90' lang='lat' dir='ltr'><strong><em>in</em></strong></span> <span class='ocrx_word' id='word_1_258' title='bbox 575 3802 822 3861; x_wconf 89' lang='lat' dir='ltr'><strong><em>promptu</em></strong></span> <span class='ocrx_word' id='word_1_259' title='bbox 868 3790 1095 3845; x_wconf 86' lang='lat' dir='ltr'><strong><em>habebat</em></strong></span> <span class='ocrx_word' id='word_1_260' title='bbox 1141 3791 1284 3857; x_wconf 86' lang='lat' dir='ltr'><strong><em>ipse,</em></strong></span> <span class='ocrx_word' id='word_1_261' title='bbox 1329 3789 1394 3846; x_wconf 87' lang='lat' dir='ltr'><strong><em>ad</em></strong></span> <span class='ocrx_word' id='word_1_262' title='bbox 1434 3807 1584 3855; x_wconf 88' lang='lat' dir='ltr'><strong><em>eam,</em></strong></span> <span class='ocrx_word' id='word_1_263' title='bbox 1630 3793 1719 3847; x_wconf 80' lang='lat' dir='ltr'><strong><em>ubi</em></strong></span> <span class='ocrx_word' id='word_1_264' title='bbox 1766 3795 2053 3849; x_wconf 79' lang='lat' dir='ltr'><strong><em>necessitas</em></strong></span> 
     </span>
    </p>
   </div>
   <div class='ocr_carea' id='block_1_37' title="bbox 484 3882 2052 3950">
    <p class='ocr_par' dir='ltr' id='par_1_37' title="bbox 484 3882 2052 3950">
     <span class='ocr_line' id='line_1_37' title="bbox 484 3882 2052 3950; baseline 0.003 -15"><span class='ocrx_word' id='word_1_265' title='bbox 484 3890 756 3950; x_wconf 88' lang='lat' dir='ltr'><strong><em>posceret,</em></strong></span> <span class='ocrx_word' id='word_1_266' title='bbox 800 3883 1085 3936; x_wconf 90' lang='lat' dir='ltr'><strong><em>multorum</em></strong></span> <span class='ocrx_word' id='word_1_267' title='bbox 1142 3882 1421 3937; x_wconf 86' lang='lat' dir='ltr'><strong><em>illustrium</em></strong></span> <span class='ocrx_word' id='word_1_268' title='bbox 1467 3882 1700 3938; x_wconf 88' lang='lat' dir='ltr'><strong><em>virorum</em></strong></span> <span class='ocrx_word' id='word_1_269' title='bbox 1752 3886 2052 3941; x_wconf 87' lang='lat' dir='ltr'><strong><em>testimonio</em></strong></span> 
     </span>
    </p>
   </div>
   <div class='ocr_carea' id='block_1_38' title="bbox 482 3972 1416 4043">
    <p class='ocr_par' dir='ltr' id='par_1_38' title="bbox 482 3972 1416 4043">
     <span class='ocr_line' id='line_1_38' title="bbox 482 3972 1416 4043; baseline -0.002 -16"><span class='ocrx_word' id='word_1_270' title='bbox 482 3972 924 4043; x_wconf 76' lang='lat' dir='ltr'><strong><em>comprobandum</em></strong></span> <span class='ocrx_word' id='word_1_271' title='bbox 963 3973 1416 4029; x_wconf 86' lang='lat' dir='ltr'><strong><em>instructissimus.</em></strong></span> 
     </span>
    </p>
   </div>
   <div class='ocr_carea' id='block_1_39' title="bbox 551 4062 2051 4132">
    <p class='ocr_par' dir='ltr' id='par_1_39' title="bbox 551 4062 2051 4132">
     <span class='ocr_line' id='line_1_39' title="bbox 551 4062 2051 4132; baseline 0.002 -16"><span class='ocrx_word' id='word_1_272' title='bbox 551 4062 621 4116; x_wconf 76' lang='grc'><strong><em>2.·</em></strong></span> <span class='ocrx_word' id='word_1_273' title='bbox 654 4062 766 4117; x_wconf 86' lang='lat' dir='ltr'><strong><em>Hoc</em></strong></span> <span class='ocrx_word' id='word_1_274' title='bbox 804 4077 932 4117; x_wconf 86' lang='lat' dir='ltr'><strong><em>sane</em></strong></span> <span class='ocrx_word' id='word_1_275' title='bbox 974 4062 1073 4116; x_wconf 89' lang='lat' dir='ltr'><strong><em>iter</em></strong></span> <span class='ocrx_word' id='word_1_276' title='bbox 1116 4062 1409 4118; x_wconf 86' lang='lat' dir='ltr'><strong><em>clanculum</em></strong></span> <span class='ocrx_word' id='word_1_277' title='bbox 1444 4064 1706 4132; x_wconf 87' lang='lat' dir='ltr'><strong><em>suscepit;</em></strong></span> <span class='ocrx_word' id='word_1_278' title='bbox 1737 4078 1857 4119; x_wconf 90' lang='lat' dir='ltr'><strong><em>cum</em></strong></span> <span class='ocrx_word' id='word_1_279' title='bbox 1895 4067 2051 4121; x_wconf 90' lang='lat' dir='ltr'><strong><em>navi-</em></strong></span> 
     </span>
    </p>
   </div>
   <div class='ocr_carea' id='block_1_40' title="bbox 482 4151 2047 4224">
    <p class='ocr_par' dir='ltr' id='par_1_40' title="bbox 482 4151 2047 4224">
     <span class='ocr_line' id='line_1_40' title="bbox 482 4151 2047 4224; baseline 0.001 -17"><span class='ocrx_word' id='word_1_280' title='bbox 482 4154 619 4224; x_wconf 82' lang='lat' dir='ltr'><strong><em>garit</em></strong></span> <span class='ocrx_word' id='word_1_281' title='bbox 661 4151 826 4207; x_wconf 85' lang='lat' dir='ltr'><strong><em>inscio</em></strong></span> <span class='ocrx_word' id='word_1_282' title='bbox 870 4152 984 4221; x_wconf 88' lang='lat' dir='ltr'><strong><em>ipso</em></strong></span> <span class='ocrx_word' id='word_1_283' title='bbox 1026 4152 1386 4215; x_wconf 80' lang='lat' dir='ltr'><strong><em>Romaniano,</em></strong></span> <span class='ocrx_word' id='word_1_284' title='bbox 1428 4153 1636 4221; x_wconf 89' lang='lat' dir='ltr'><strong><em>quicum</em></strong></span> <span class='ocrx_word' id='word_1_285' title='bbox 1689 4169 1782 4207; x_wconf 87' lang='lat' dir='ltr'><strong><em>sua</em></strong></span> <span class='ocrx_word' id='word_1_286' title='bbox 1830 4155 2047 4209; x_wconf 87' lang='lat' dir='ltr'><strong><em>consilia</em></strong></span> 
     </span>
    </p>
   </div>
   <div class='ocr_carea' id='block_1_41' title="bbox 482 4242 2048 4312">
    <p class='ocr_par' dir='ltr' id='par_1_41' title="bbox 482 4242 2048 4312">
     <span class='ocr_line' id='line_1_41' title="bbox 482 4242 2048 4312; baseline -0.001 -12"><span class='ocrx_word' id='word_1_287' title='bbox 482 4242 875 4300; x_wconf 87' lang='lat' dir='ltr'><strong><em>conununicare</em></strong></span> <span class='ocrx_word' id='word_1_288' title='bbox 903 4243 1085 4298; x_wconf 84' lang='lat' dir='ltr'><strong><em>solitus</em></strong></span> <span class='ocrx_word' id='word_1_289' title='bbox 1111 4251 1243 4305; x_wconf 90' lang='lat' dir='ltr'><strong><em>erat,</em></strong></span> <span class='ocrx_word' id='word_1_290' title='bbox 1275 4243 1426 4312; x_wconf 88' lang='lat' dir='ltr'><strong><em>cujus</em></strong></span> <span class='ocrx_word' id='word_1_291' title='bbox 1450 4243 1608 4299; x_wconf 86' lang='lat' dir='ltr'><strong><em>etiam</em></strong></span> <span class='ocrx_word' id='word_1_292' title='bbox 1639 4244 1834 4300; x_wconf 90' lang='lat' dir='ltr'><strong><em>liberos</em></strong></span> <span class='ocrx_word' id='word_1_293' title='bbox 1866 4246 2048 4299; x_wconf 90' lang='lat' dir='ltr'><strong><em>relicta</em></strong></span> 
     </span>
    </p>
   </div>
   <div class='ocr_carea' id='block_1_42' title="bbox 481 4336 2048 4406">
    <p class='ocr_par' dir='ltr' id='par_1_42' title="bbox 481 4336 2048 4406">
     <span class='ocr_line' id='line_1_42' title="bbox 481 4336 2048 4406; baseline 0 -14"><span class='ocrx_word' id='word_1_294' title='bbox 481 4336 793 4405; x_wconf 86' lang='lat' dir='ltr'><strong><em>Carthagine</em></strong></span> <span class='ocrx_word' id='word_1_295' title='bbox 823 4336 1116 4391; x_wconf 84' lang='lat' dir='ltr'><strong><em>deserebat.</em></strong></span> <span class='ocrx_word' id='word_1_296' title='bbox 1160 4336 1292 4391; x_wconf 86' lang='lat' dir='ltr'><strong><em>Eum</em></strong></span> <span class='ocrx_word' id='word_1_297' title='bbox 1337 4346 1511 4391; x_wconf 89' lang='lat' dir='ltr'><strong><em>tamen</em></strong></span> <span class='ocrx_word' id='word_1_298' title='bbox 1545 4337 1629 4391; x_wconf 91' lang='lat' dir='ltr'><strong><em>cui</em></strong></span> <span class='ocrx_word' id='word_1_299' title='bbox 1670 4346 1746 4391; x_wconf 85' lang='lat' dir='ltr'><strong><em>tot</em></strong></span> <span class='ocrx_word' id='word_1_300' title='bbox 1787 4338 2048 4406; x_wconf 89' lang='lat' dir='ltr'><strong><em>tantisque</em></strong></span> 
     </span>
    </p>
   </div>
   <div class='ocr_carea' id='block_1_43' title="bbox 481 4426 2049 4491">
    <p class='ocr_par' dir='ltr' id='par_1_43' title="bbox 481 4426 2049 4491">
     <span class='ocr_line' id='line_1_43' title="bbox 481 4426 2049 4491; baseline -0.001 -9"><span class='ocrx_word' id='word_1_301' title='bbox 481 4427 753 4482; x_wconf 79' lang='lat' dir='ltr'><strong><em>beneﬁciis</em></strong></span> <span class='ocrx_word' id='word_1_302' title='bbox 779 4426 1059 4481; x_wconf 83' lang='lat' dir='ltr'><strong><em>obstrictus</em></strong></span> <span class='ocrx_word' id='word_1_303' title='bbox 1085 4435 1216 4489; x_wconf 90' lang='lat' dir='ltr'><strong><em>erat,</em></strong></span> <span class='ocrx_word' id='word_1_304' title='bbox 1248 4427 1350 4480; x_wconf 86' lang='lat' dir='ltr'><strong><em>nisi</em></strong></span> <span class='ocrx_word' id='word_1_305' title='bbox 1389 4435 1499 4481; x_wconf 91' lang='lat' dir='ltr'><strong><em>tum</em></strong></span> <span class='ocrx_word' id='word_1_306' title='bbox 1526 4426 1798 4491; x_wconf 83' lang='lat' dir='ltr'><strong><em>abfuisset,</em></strong></span> <span class='ocrx_word' id='word_1_307' title='bbox 1829 4426 1882 4481; x_wconf 88' lang='lat' dir='ltr'><strong><em>id</em></strong></span> <span class='ocrx_word' id='word_1_308' title='bbox 1909 4428 2049 4483; x_wconf 89' lang='lat' dir='ltr'><strong><em>cela-</em></strong></span> 
     </span>
    </p>
   </div>
   <div class='ocr_carea' id='block_1_44' title="bbox 482 4514 2047 4582">
    <p class='ocr_par' dir='ltr' id='par_1_44' title="bbox 482 4514 2047 4582">
     <span class='ocr_line' id='line_1_44' title="bbox 482 4514 2047 4582; baseline 0 -13"><span class='ocrx_word' id='word_1_309' title='bbox 482 4525 629 4569; x_wconf 88' lang='lat' dir='ltr'><strong><em>turus</em></strong></span> <span class='ocrx_word' id='word_1_310' title='bbox 660 4515 819 4568; x_wconf 83' lang='lat' dir='ltr'><strong><em>fuisse</em></strong></span> <span class='ocrx_word' id='word_1_311' title='bbox 846 4530 950 4568; x_wconf 91' lang='lat' dir='ltr'><strong><em>non</em></strong></span> <span class='ocrx_word' id='word_1_312' title='bbox 981 4514 1184 4568; x_wconf 78' lang='lat' dir='ltr'><strong><em>videtur</em></strong></span> <span class='ocrx_word' id='word_1_313' title='bbox 1212 4532 1224 4568; x_wconf 91' lang='lat'><strong>:</strong></span> <span class='ocrx_word' id='word_1_314' title='bbox 1252 4516 1597 4582; x_wconf 85' lang='lat' dir='ltr'><strong><em>quamobrem</em></strong></span> <span class='ocrx_word' id='word_1_315' title='bbox 1620 4531 1717 4570; x_wconf 86' lang='lat' dir='ltr'><strong><em>nec</em></strong></span> <span class='ocrx_word' id='word_1_316' title='bbox 1736 4516 1784 4569; x_wconf 89' lang='lat' dir='ltr'><strong><em>ei</em></strong></span> <span class='ocrx_word' id='word_1_317' title='bbox 1810 4517 1894 4570; x_wconf 90' lang='lat' dir='ltr'><strong><em>vel</em></strong></span> <span class='ocrx_word' id='word_1_318' title='bbox 1919 4517 2047 4571; x_wconf 90' lang='lat' dir='ltr'><strong><em>levi-</em></strong></span> 
     </span>
    </p>
   </div>
   <div class='ocr_carea' id='block_1_45' title="bbox 481 4606 2044 4675">
    <p class='ocr_par' dir='ltr' id='par_1_45' title="bbox 481 4606 2044 4675">
     <span class='ocr_line' id='line_1_45' title="bbox 481 4606 2044 4675; baseline -0.003 -12"><span class='ocrx_word' id='word_1_319' title='bbox 481 4617 565 4663; x_wconf 83' lang='lat' dir='ltr'><strong><em>ter</em></strong></span> <span class='ocrx_word' id='word_1_320' title='bbox 591 4607 888 4661; x_wconf 84' lang='lat' dir='ltr'><strong><em>succensuit</em></strong></span> <span class='ocrx_word' id='word_1_321' title='bbox 928 4606 1282 4661; x_wconf 84' lang='lat' dir='ltr'><strong><em>Romanianus</em></strong></span> <span class='ocrx_word' id='word_1_322' title='bbox 1300 4646 1316 4671; x_wconf 94' lang='lat'><strong><em>,</em></strong></span> <span class='ocrx_word' id='word_1_323' title='bbox 1344 4621 1441 4661; x_wconf 86' lang='lat' dir='ltr'><strong><em>nec</em></strong></span> <span class='ocrx_word' id='word_1_324' title='bbox 1464 4606 1529 4660; x_wconf 90' lang='lat' dir='ltr'><strong><em>de</em></strong></span> <span class='ocrx_word' id='word_1_325' title='bbox 1558 4606 1777 4675; x_wconf 86' lang='lat' dir='ltr'><strong><em>pristina</em></strong></span> <span class='ocrx_word' id='word_1_326' title='bbox 1810 4607 2044 4662; x_wconf 84' lang='lat' dir='ltr'><strong><em>benevo—</em></strong></span> 
     </span>
    </p>
   </div>
   <div class='ocr_carea' id='block_1_46' title="bbox 479 4695 2039 4768">
    <p class='ocr_par' dir='ltr' id='par_1_46' title="bbox 479 4695 2039 4768">
     <span class='ocr_line' id='line_1_46' title="bbox 479 4695 2039 4768; baseline 0.001 -17"><span class='ocrx_word' id='word_1_327' title='bbox 479 4697 637 4753; x_wconf 86' lang='lat' dir='ltr'><strong><em>lentia</em></strong></span> <span class='ocrx_word' id='word_1_328' title='bbox 685 4696 887 4751; x_wconf 87' lang='lat' dir='ltr'><strong><em>remisit</em></strong></span> <span class='ocrx_word' id='word_1_329' title='bbox 931 4697 1252 4766; x_wconf 89' lang='lat' dir='ltr'><strong><em>aliquantum</em></strong></span> <span class='ocrx_word' id='word_1_330' title='bbox 1296 4695 1503 4768; x_wconf 85' lang='lat' dir='ltr'><strong><em>(Contra</em></strong></span> <span class='ocrx_word' id='word_1_331' title='bbox 1542 4697 1802 4760; x_wconf 82' lang='lat' dir='ltr'><strong><em>Academ.,</em></strong></span> <span class='ocrx_word' id='word_1_332' title='bbox 1850 4698 1936 4751; x_wconf 83' lang='lat' dir='ltr'><strong><em>lib.</em></strong></span> <span class='ocrx_word' id='word_1_333' title='bbox 1984 4698 2039 4765; x_wconf 72' lang='lat'><strong><em>2,</em></strong></span> 
     </span>
    </p>
   </div>
   <div class='ocr_carea' id='block_1_47' title="bbox 478 4788 2039 4861">
    <p class='ocr_par' dir='ltr' id='par_1_47' title="bbox 478 4788 2039 4861">
     <span class='ocr_line' id='line_1_47' title="bbox 478 4788 2039 4861; baseline -0.001 -17"><span class='ocrx_word' id='word_1_334' title='bbox 478 4807 531 4844; x_wconf 88' lang='lat' dir='ltr'><strong><em>n.</em></strong></span> <span class='ocrx_word' id='word_1_335' title='bbox 557 4789 615 4861; x_wconf 71' lang='grc' dir='ltr'><strong><em>ὅ)</em></strong></span> <span class='ocrx_word' id='word_1_336' title='bbox 640 4807 654 4842; x_wconf 91' lang='lat'><strong>:</strong></span> <span class='ocrx_word' id='word_1_337' title='bbox 683 4788 875 4858; x_wconf 86' lang='lat' dir='ltr'><strong><em>quippe</em></strong></span> <span class='ocrx_word' id='word_1_338' title='bbox 903 4788 985 4842; x_wconf 91' lang='lat' dir='ltr'><strong><em>cui</em></strong></span> <span class='ocrx_word' id='word_1_339' title='bbox 1023 4788 1347 4858; x_wconf 88' lang='lat' dir='ltr'><strong><em>perspectior</em></strong></span> <span class='ocrx_word' id='word_1_340' title='bbox 1366 4798 1480 4843; x_wconf 91' lang='lat' dir='ltr'><strong><em>erat</em></strong></span> <span class='ocrx_word' id='word_1_341' title='bbox 1508 4788 1786 4856; x_wconf 89' lang='lat' dir='ltr'><strong><em>Augustini</em></strong></span> <span class='ocrx_word' id='word_1_342' title='bbox 1811 4788 2039 4854; x_wconf 89' lang='lat' dir='ltr'><strong><em>animus,</em></strong></span> 
     </span>
    </p>
   </div>
   <div class='ocr_carea' id='block_1_48' title="bbox 475 4877 2039 4951">
    <p class='ocr_par' dir='ltr' id='par_1_48' title="bbox 475 4877 2039 4951">
     <span class='ocr_line' id='line_1_48' title="bbox 475 4877 2039 4951; baseline -0.001 -16"><span class='ocrx_word' id='word_1_343' title='bbox 475 4895 631 4951; x_wconf 85' lang='lat' dir='ltr'><strong><em>quam</em></strong></span> <span class='ocrx_word' id='word_1_344' title='bbox 678 4887 734 4932; x_wconf 92' lang='lat' dir='ltr'><strong><em>ut</em></strong></span> <span class='ocrx_word' id='word_1_345' title='bbox 773 4877 1052 4934; x_wconf 85' lang='lat' dir='ltr'><strong><em>adversum</em></strong></span> <span class='ocrx_word' id='word_1_346' title='bbox 1095 4893 1153 4933; x_wconf 87' lang='lat' dir='ltr'><strong><em>se</em></strong></span> <span class='ocrx_word' id='word_1_347' title='bbox 1195 4878 1452 4947; x_wconf 84' lang='lat' dir='ltr'><strong><em>ingratum</em></strong></span> <span class='ocrx_word' id='word_1_348' title='bbox 1483 4889 1641 4948; x_wconf 88' lang='lat' dir='ltr'><strong><em>atque</em></strong></span> <span class='ocrx_word' id='word_1_349' title='bbox 1676 4880 2039 4934; x_wconf 89' lang='lat' dir='ltr'><strong><em>immemorem</em></strong></span> 
     </span>
    </p>
   </div>
   <div class='ocr_carea' id='block_1_49' title="bbox 469 4968 2041 5040">
    <p class='ocr_par' dir='ltr' id='par_1_49' title="bbox 469 4968 2041 5040">
     <span class='ocr_line' id='line_1_49' title="bbox 469 4968 2041 5040; baseline -0.001 -14"><span class='ocrx_word' id='word_1_350' title='bbox 469 4970 728 5040; x_wconf 85' lang='lat' dir='ltr'><strong><em>suspicari</em></strong></span> <span class='ocrx_word' id='word_1_351' title='bbox 758 4977 954 5038; x_wconf 86' lang='lat' dir='ltr'><strong><em>posset.</em></strong></span> <span class='ocrx_word' id='word_1_352' title='bbox 984 4968 1099 5023; x_wconf 85' lang='lat' dir='ltr'><strong><em>Non</em></strong></span> <span class='ocrx_word' id='word_1_353' title='bbox 1129 4969 1276 5023; x_wconf 89' lang='lat' dir='ltr'><strong><em>latuit</em></strong></span> <span class='ocrx_word' id='word_1_354' title='bbox 1302 4970 1595 5024; x_wconf 85' lang='lat' dir='ltr'><strong><em>Monnicam</em></strong></span> <span class='ocrx_word' id='word_1_355' title='bbox 1621 4970 1762 5040; x_wconf 90' lang='lat' dir='ltr'><strong><em>quod</em></strong></span> <span class='ocrx_word' id='word_1_356' title='bbox 1792 4970 2041 5038; x_wconf 81' lang='lat' dir='ltr'><strong><em>Augusti-</em></strong></span> 
     </span>
    </p>
   </div>
   <div class='ocr_carea' id='block_1_50' title="bbox 467 5057 2038 5130">
    <p class='ocr_par' dir='ltr' id='par_1_50' title="bbox 467 5057 2038 5130">
     <span class='ocr_line' id='line_1_50' title="bbox 467 5057 2038 5130; baseline 0.001 -16"><span class='ocrx_word' id='word_1_357' title='bbox 467 5074 565 5114; x_wconf 86' lang='lat' dir='ltr'><strong><em>nus</em></strong></span> <span class='ocrx_word' id='word_1_358' title='bbox 598 5060 776 5113; x_wconf 88' lang='lat' dir='ltr'><strong><em>animo</em></strong></span> <span class='ocrx_word' id='word_1_359' title='bbox 796 5057 1039 5114; x_wconf 87' lang='lat' dir='ltr'><strong><em>volvebat</em></strong></span> <span class='ocrx_word' id='word_1_360' title='bbox 1065 5060 1427 5128; x_wconf 74' lang='lat' dir='ltr'><strong><em>proﬁciscendi</em></strong></span> <span class='ocrx_word' id='word_1_361' title='bbox 1448 5060 1722 5114; x_wconf 88' lang='lat' dir='ltr'><strong><em>consilium</em></strong></span> <span class='ocrx_word' id='word_1_362' title='bbox 1745 5076 1759 5124; x_wconf 90' lang='lat'><strong><em>;</em></strong></span> <span class='ocrx_word' id='word_1_363' title='bbox 1782 5076 1898 5130; x_wconf 75' lang='lat' dir='ltr'><strong><em>qua:</em></strong></span> <span class='ocrx_word' id='word_1_364' title='bbox 1918 5076 2038 5115; x_wconf 89' lang='lat' dir='ltr'><strong><em>cum</em></strong></span> 
     </span>
    </p>
   </div>
   <div class='ocr_carea' id='block_1_51' title="bbox 466 5148 2040 5217">
    <p class='ocr_par' dir='ltr' id='par_1_51' title="bbox 466 5148 2040 5217">
     <span class='ocr_line' id='line_1_51' title="bbox 466 5148 2040 5217; baseline 0.003 -17"><span class='ocrx_word' id='word_1_365' title='bbox 466 5162 615 5202; x_wconf 88' lang='lat' dir='ltr'><strong><em>more</em></strong></span> <span class='ocrx_word' id='word_1_366' title='bbox 648 5157 888 5210; x_wconf 90' lang='lat' dir='ltr'><strong><em>matrum,</em></strong></span> <span class='ocrx_word' id='word_1_367' title='bbox 919 5163 980 5202; x_wconf 87' lang='lat' dir='ltr'><strong><em>ac</em></strong></span> <span class='ocrx_word' id='word_1_368' title='bbox 1005 5148 1181 5203; x_wconf 90' lang='lat' dir='ltr'><strong><em>multis</em></strong></span> <span class='ocrx_word' id='word_1_369' title='bbox 1207 5148 1369 5203; x_wconf 91' lang='lat' dir='ltr'><strong><em>multo</em></strong></span> <span class='ocrx_word' id='word_1_370' title='bbox 1392 5150 1620 5217; x_wconf 87' lang='lat' dir='ltr'><strong><em>amplius</em></strong></span> <span class='ocrx_word' id='word_1_371' title='bbox 1644 5150 1734 5205; x_wconf 91' lang='lat' dir='ltr'><strong><em>lilii</em></strong></span> <span class='ocrx_word' id='word_1_372' title='bbox 1761 5160 2040 5206; x_wconf 88' lang='lat' dir='ltr'><strong><em>consuetu-</em></strong></span> 
     </span>
    </p>
   </div>
   <div class='ocr_carea' id='block_1_52' title="bbox 467 5235 2037 5308">
    <p class='ocr_par' dir='ltr' id='par_1_52' title="bbox 467 5235 2037 5308">
     <span class='ocr_line' id='line_1_52' title="bbox 467 5235 2037 5308; baseline 0.006 -20"><span class='ocrx_word' id='word_1_373' title='bbox 467 5238 589 5291; x_wconf 84' lang='lat' dir='ltr'><strong><em>dine</em></strong></span> <span class='ocrx_word' id='word_1_374' title='bbox 621 5235 987 5302; x_wconf 88' lang='lat' dir='ltr'><strong><em>delectaretur,</em></strong></span> <span class='ocrx_word' id='word_1_375' title='bbox 1018 5253 1187 5307; x_wconf 85' lang='lat' dir='ltr'><strong><em>neque</em></strong></span> <span class='ocrx_word' id='word_1_376' title='bbox 1215 5239 1282 5293; x_wconf 88' lang='lat' dir='ltr'><strong><em>ab</em></strong></span> <span class='ocrx_word' id='word_1_377' title='bbox 1309 5254 1373 5293; x_wconf 92' lang='lat' dir='ltr'><strong><em>eo</em></strong></span> <span class='ocrx_word' id='word_1_378' title='bbox 1398 5239 1571 5293; x_wconf 84' lang='lat' dir='ltr'><strong><em>divelli</em></strong></span> <span class='ocrx_word' id='word_1_379' title='bbox 1597 5255 1657 5294; x_wconf 90' lang='lat' dir='ltr'><strong><em>se</em></strong></span> <span class='ocrx_word' id='word_1_380' title='bbox 1681 5255 1832 5308; x_wconf 78' lang='lat' dir='ltr'><strong><em>tequo</em></strong></span> <span class='ocrx_word' id='word_1_381' title='bbox 1859 5242 2037 5297; x_wconf 90' lang='lat' dir='ltr'><strong><em>animo</em></strong></span> 
     </span>
    </p>
   </div>
   <div class='ocr_carea' id='block_1_53' title="bbox 466 5326 2035 5399">
    <p class='ocr_par' dir='ltr' id='par_1_53' title="bbox 466 5326 2035 5399">
     <span class='ocr_line' id='line_1_53' title="bbox 466 5326 2035 5399; baseline 0.006 -20"><span class='ocrx_word' id='word_1_382' title='bbox 466 5326 573 5394; x_wconf 80' lang='lat' dir='ltr'><strong><em>pati</em></strong></span> <span class='ocrx_word' id='word_1_383' title='bbox 611 5336 788 5395; x_wconf 86' lang='lat' dir='ltr'><strong><em>posset</em></strong></span> <span class='ocrx_word' id='word_1_384' title='bbox 822 5326 1074 5398; x_wconf 86' lang='lat' dir='ltr'><strong><em>(Tagasta</em></strong></span> <span class='ocrx_word' id='word_1_385' title='bbox 1100 5344 1165 5382; x_wconf 93' lang='lat' dir='ltr'><strong><em>an</em></strong></span> <span class='ocrx_word' id='word_1_386' title='bbox 1195 5328 1509 5399; x_wconf 85' lang='lat' dir='ltr'><strong><em>Carthagine</em></strong></span> <span class='ocrx_word' id='word_1_387' title='bbox 1535 5330 1909 5398; x_wconf 86' lang='lat' dir='ltr'><strong><em>decedentem,</em></strong></span> <span class='ocrx_word' id='word_1_388' title='bbox 1936 5334 2035 5388; x_wconf 85' lang='lat' dir='ltr'><strong><em>du-</em></strong></span> 
     </span>
    </p>
   </div>
   <div class='ocr_carea' id='block_1_54' title="bbox 463 5415 2034 5490">
    <p class='ocr_par' dir='ltr' id='par_1_54' title="bbox 463 5415 2034 5490">
     <span class='ocr_line' id='line_1_54' title="bbox 463 5415 2034 5490; baseline 0.008 -19"><span class='ocrx_word' id='word_1_389' title='bbox 463 5415 609 5471; x_wconf 65' lang='lat' dir='ltr'><strong><em>bium</em></strong></span> <span class='ocrx_word' id='word_1_390' title='bbox 643 5419 775 5489; x_wconf 89' lang='lat' dir='ltr'><strong><em>est),</em></strong></span> <span class='ocrx_word' id='word_1_391' title='bbox 808 5419 951 5474; x_wconf 92' lang='lat' dir='ltr'><strong><em>illum</em></strong></span> <span class='ocrx_word' id='word_1_392' title='bbox 992 5420 1195 5490; x_wconf 90' lang='lat' dir='ltr'><strong><em>insequi</em></strong></span> <span class='ocrx_word' id='word_1_393' title='bbox 1218 5422 1519 5488; x_wconf 89' lang='lat' dir='ltr'><strong><em>constituit,</em></strong></span> <span class='ocrx_word' id='word_1_394' title='bbox 1541 5424 1623 5478; x_wconf 85' lang='lat' dir='ltr'><strong><em>vel</em></strong></span> <span class='ocrx_word' id='word_1_395' title='bbox 1650 5433 1705 5478; x_wconf 90' lang='lat' dir='ltr'><strong><em>ut</em></strong></span> <span class='ocrx_word' id='word_1_396' title='bbox 1730 5440 1829 5479; x_wconf 88' lang='lat' dir='ltr'><strong><em>una</em></strong></span> <span class='ocrx_word' id='word_1_397' title='bbox 1855 5440 2034 5483; x_wconf 89' lang='lat' dir='ltr'><strong><em>secum</em></strong></span> 
     </span>
    </p>
   </div>
   <div class='ocr_carea' id='block_1_55' title="bbox 467 5506 2053 5583">
    <p class='ocr_par' dir='ltr' id='par_1_55' title="bbox 467 5506 2053 5583">
     <span class='ocr_line' id='line_1_55' title="bbox 467 5506 2053 5583; baseline 0.011 -26"><span class='ocrx_word' id='word_1_398' title='bbox 467 5506 683 5562; x_wconf 77' lang='lat' dir='ltr'><strong><em>domum</em></strong></span> <span class='ocrx_word' id='word_1_399' title='bbox 731 5508 875 5565; x_wconf 89' lang='lat' dir='ltr'><strong><em>illum</em></strong></span> <span class='ocrx_word' id='word_1_400' title='bbox 917 5510 1226 5576; x_wconf 87' lang='lat' dir='ltr'><strong><em>reduceret,</em></strong></span> <span class='ocrx_word' id='word_1_401' title='bbox 1255 5520 1345 5567; x_wconf 88' lang='lat' dir='ltr'><strong><em>aut</em></strong></span> <span class='ocrx_word' id='word_1_402' title='bbox 1379 5513 1423 5566; x_wconf 90' lang='lat' dir='ltr'><strong><em>si</em></strong></span> <span class='ocrx_word' id='word_1_403' title='bbox 1462 5528 1618 5583; x_wconf 90' lang='lat' dir='ltr'><strong><em>porro</em></strong></span> <span class='ocrx_word' id='word_1_404' title='bbox 1648 5515 1693 5569; x_wconf 90' lang='lat' dir='ltr'><strong><em>is</em></strong></span> <span class='ocrx_word' id='word_1_405' title='bbox 1726 5516 1955 5571; x_wconf 88' lang='lat' dir='ltr'><strong><em>animum</em></strong></span> <span class='ocrx_word' id='word_1_406' title='bbox 1982 5518 2053 5574; x_wconf 81' lang='lat' dir='ltr'><strong><em>in.</em></strong></span> 
     </span>
    </p>
   </div>
   <div class='ocr_carea' id='block_1_56' title="bbox 470 5590 2031 5669">
    <p class='ocr_par' dir='ltr' id='par_1_56' title="bbox 470 5590 2031 5669">
     <span class='ocr_line' id='line_1_56' title="bbox 470 5590 2031 5669; baseline 0.009 -28"><span class='ocrx_word' id='word_1_407' title='bbox 470 5590 741 5660; x_wconf 85' lang='lat' dir='ltr'><strong><em>proposito</em></strong></span> <span class='ocrx_word' id='word_1_408' title='bbox 765 5592 1089 5660; x_wconf 85' lang='lat' dir='ltr'><strong><em>obﬁrmaret,</em></strong></span> <span class='ocrx_word' id='word_1_409' title='bbox 1123 5607 1303 5649; x_wconf 90' lang='lat' dir='ltr'><strong><em>eomes</em></strong></span> <span class='ocrx_word' id='word_1_410' title='bbox 1340 5595 1542 5653; x_wconf 88' lang='lat' dir='ltr'><strong><em>itineris</em></strong></span> <span class='ocrx_word' id='word_1_411' title='bbox 1565 5598 1612 5654; x_wconf 89' lang='lat' dir='ltr'><strong><em>ei</em></strong></span> <span class='ocrx_word' id='word_1_412' title='bbox 1641 5597 2031 5669; x_wconf 88' lang='lat' dir='ltr'><strong><em>adjungeretur.</em></strong></span> 
     </span>
    </p>
   </div>
   <div class='ocr_carea' id='block_1_57' title="bbox 470 5677 2031 5755">
    <p class='ocr_par' dir='ltr' id='par_1_57' title="bbox 470 5677 2031 5755">
     <span class='ocr_line' id='line_1_57' title="bbox 470 5677 2031 5755; baseline 0.01 -22"><span class='ocrx_word' id='word_1_413' title='bbox 470 5677 643 5735; x_wconf 81' lang='lat' dir='ltr'><strong><em>Finxit</em></strong></span> <span class='ocrx_word' id='word_1_414' title='bbox 677 5688 786 5737; x_wconf 92' lang='lat' dir='ltr'><strong><em>tum</em></strong></span> <span class='ocrx_word' id='word_1_415' title='bbox 827 5681 1036 5755; x_wconf 89' lang='lat' dir='ltr'><strong><em>quidem</em></strong></span> <span class='ocrx_word' id='word_1_416' title='bbox 1080 5683 1395 5755; x_wconf 85' lang='lat' dir='ltr'><strong><em>Augustinus</em></strong></span> <span class='ocrx_word' id='word_1_417' title='bbox 1433 5687 1565 5746; x_wconf 73' lang='lat' dir='ltr'><strong><em>velle</em></strong></span> <span class='ocrx_word' id='word_1_418' title='bbox 1604 5704 1660 5745; x_wconf 88' lang='lat' dir='ltr'><strong><em>se</em></strong></span> <span class='ocrx_word' id='word_1_419' title='bbox 1702 5691 2031 5748; x_wconf 86' lang='lat' dir='ltr'><strong><em>solummodo</em></strong></span> 
     </span>
    </p>
   </div>
   <div class='ocr_carea' id='block_1_58' title="bbox 2183 892 3754 993">
    <p class='ocr_par' dir='ltr' id='par_1_58' title="bbox 2183 892 3754 993">
     <span class='ocr_line' id='line_1_58' title="bbox 2183 892 3754 993; baseline 0.024 -51"><span class='ocrx_word' id='word_1_420' title='bbox 2183 892 2353 946; x_wconf 90' lang='lat' dir='ltr'><strong><em>amico</em></strong></span> <span class='ocrx_word' id='word_1_421' title='bbox 2391 910 2511 949; x_wconf 78' lang='lat' dir='ltr'><strong><em>mox</em></strong></span> <span class='ocrx_word' id='word_1_422' title='bbox 2549 900 2853 969; x_wconf 84' lang='lat' dir='ltr'><strong><em>navigatum</em></strong></span> <span class='ocrx_word' id='word_1_423' title='bbox 2894 906 3196 976; x_wconf 76' lang='lat' dir='ltr'><strong><em>adlnercrc,</em></strong></span> <span class='ocrx_word' id='word_1_424' title='bbox 3229 929 3393 984; x_wconf 91' lang='lat' dir='ltr'><strong><em>usque</em></strong></span> <span class='ocrx_word' id='word_1_425' title='bbox 3438 919 3562 975; x_wconf 89' lang='lat' dir='ltr'><strong><em>dum</em></strong></span> <span class='ocrx_word' id='word_1_426' title='bbox 3599 936 3754 993; x_wconf 89' lang='lat' dir='ltr'><strong><em>portu</em></strong></span> 
     </span>
    </p>
   </div>
   <div class='ocr_carea' id='block_1_59' title="bbox 2184 981 3755 1073">
    <p class='ocr_par' dir='ltr' id='par_1_59' title="bbox 2184 981 3755 1073">
     <span class='ocr_line' id='line_1_59' title="bbox 2184 981 3755 1073; baseline 0.024 -41"><span class='ocrx_word' id='word_1_427' title='bbox 2184 981 2427 1036; x_wconf 88' lang='lat' dir='ltr'><strong><em>solvisset</em></strong></span> <span class='ocrx_word' id='word_1_428' title='bbox 2454 1002 2466 1037; x_wconf 95' lang='lat'><strong>:</strong></span> <span class='ocrx_word' id='word_1_429' title='bbox 2499 986 2589 1040; x_wconf 89' lang='lat' dir='ltr'><strong><em>sed</em></strong></span> <span class='ocrx_word' id='word_1_430' title='bbox 2616 1003 2680 1042; x_wconf 92' lang='lat' dir='ltr'><strong><em>eo</em></strong></span> <span class='ocrx_word' id='word_1_431' title='bbox 2709 1001 2823 1045; x_wconf 90' lang='lat' dir='ltr'><strong><em>astu</em></strong></span> <span class='ocrx_word' id='word_1_432' title='bbox 2845 994 3025 1050; x_wconf 87' lang='lat' dir='ltr'><strong><em>delusa</em></strong></span> <span class='ocrx_word' id='word_1_433' title='bbox 3053 1014 3156 1052; x_wconf 91' lang='lat' dir='ltr'><strong><em>non</em></strong></span> <span class='ocrx_word' id='word_1_434' title='bbox 3184 1011 3263 1055; x_wconf 92' lang='lat' dir='ltr'><strong><em>est</em></strong></span> <span class='ocrx_word' id='word_1_435' title='bbox 3288 981 3371 1073; x_wconf 79' lang='lat' dir='ltr'><strong><em>pia</em></strong></span> <span class='ocrx_word' id='word_1_436' title='bbox 3398 1011 3580 1064; x_wconf 90' lang='lat' dir='ltr'><strong><em>matris</em></strong></span> <span class='ocrx_word' id='word_1_437' title='bbox 3599 981 3755 1068; x_wconf 75' lang='lat' dir='ltr'><strong><em>solli-</em></strong></span> 
     </span>
    </p>
   </div>
   <div class='ocr_carea' id='block_1_60' title="bbox 2180 1069 3751 1157">
    <p class='ocr_par' dir='ltr' id='par_1_60' title="bbox 2180 1069 3751 1157">
     <span class='ocr_line' id='line_1_60' title="bbox 2180 1069 3751 1157; baseline 0.024 -36"><span class='ocrx_word' id='word_1_438' title='bbox 2180 1069 2377 1136; x_wconf 92' lang='lat' dir='ltr'><strong><em>citudo,</em></strong></span> <span class='ocrx_word' id='word_1_439' title='bbox 2409 1088 2578 1143; x_wconf 88' lang='lat' dir='ltr'><strong><em>neque</em></strong></span> <span class='ocrx_word' id='word_1_440' title='bbox 2604 1092 2669 1131; x_wconf 91' lang='lat' dir='ltr'><strong><em>eo</em></strong></span> <span class='ocrx_word' id='word_1_441' title='bbox 2697 1080 2884 1136; x_wconf 89' lang='lat' dir='ltr'><strong><em>adduci</em></strong></span> <span class='ocrx_word' id='word_1_442' title='bbox 2915 1089 3101 1154; x_wconf 87' lang='lat' dir='ltr'><strong><em>potuit,</em></strong></span> <span class='ocrx_word' id='word_1_443' title='bbox 3128 1099 3183 1143; x_wconf 93' lang='lat' dir='ltr'><strong><em>ut</em></strong></span> <span class='ocrx_word' id='word_1_444' title='bbox 3208 1069 3317 1147; x_wconf 74' lang='lat' dir='ltr'><strong><em>sola</em></strong></span> <span class='ocrx_word' id='word_1_445' title='bbox 3343 1093 3558 1153; x_wconf 89' lang='lat' dir='ltr'><strong><em>domum</em></strong></span> <span class='ocrx_word' id='word_1_446' title='bbox 3587 1103 3751 1157; x_wconf 88' lang='lat' dir='ltr'><strong><em>remi-</em></strong></span> 
     </span>
    </p>
   </div>
   <div class='ocr_carea' id='block_1_61' title="bbox 2178 1166 3751 1260">
    <p class='ocr_par' dir='ltr' id='par_1_61' title="bbox 2178 1166 3751 1260">
     <span class='ocr_line' id='line_1_61' title="bbox 2178 1166 3751 1260; baseline 0.024 -48"><span class='ocrx_word' id='word_1_447' title='bbox 2178 1169 2356 1228; x_wconf 88' lang='lat' dir='ltr'><strong><em>graret</em></strong></span> <span class='ocrx_word' id='word_1_448' title='bbox 2385 1181 2398 1216; x_wconf 89' lang='lat'><strong>:</strong></span> <span class='ocrx_word' id='word_1_449' title='bbox 2422 1166 2546 1233; x_wconf 91' lang='lat' dir='ltr'><strong><em>quin</em></strong></span> <span class='ocrx_word' id='word_1_450' title='bbox 2569 1168 2908 1229; x_wconf 80' lang='lat' dir='ltr'><strong><em>vehementer</em></strong></span> <span class='ocrx_word' id='word_1_451' title='bbox 2931 1178 3106 1234; x_wconf 90' lang='lat' dir='ltr'><strong><em>redire</em></strong></span> <span class='ocrx_word' id='word_1_452' title='bbox 3127 1187 3388 1240; x_wconf 89' lang='lat' dir='ltr'><strong><em>recusanti</em></strong></span> <span class='ocrx_word' id='word_1_453' title='bbox 3412 1189 3495 1243; x_wconf 85' lang='lat' dir='ltr'><strong><em>vix</em></strong></span> <span class='ocrx_word' id='word_1_454' title='bbox 3528 1206 3751 1260; x_wconf 85' lang='lat' dir='ltr'><strong><em>persua-</em></strong></span> 
     </span>
    </p>
   </div>
   <div class='ocr_carea' id='block_1_62' title="bbox 2179 1255 3751 1353">
    <p class='ocr_par' dir='ltr' id='par_1_62' title="bbox 2179 1255 3751 1353">
     <span class='ocr_line' id='line_1_62' title="bbox 2179 1255 3751 1353; baseline 0.024 -53"><span class='ocrx_word' id='word_1_455' title='bbox 2179 1265 2294 1303; x_wconf 90' lang='lat' dir='ltr'><strong><em>sum</em></strong></span> <span class='ocrx_word' id='word_1_456' title='bbox 2322 1260 2421 1317; x_wconf 89' lang='lat' dir='ltr'><strong><em>est,</em></strong></span> <span class='ocrx_word' id='word_1_457' title='bbox 2445 1263 2502 1307; x_wconf 93' lang='lat' dir='ltr'><strong><em>ut</em></strong></span> <span class='ocrx_word' id='word_1_458' title='bbox 2525 1255 2575 1309; x_wconf 91' lang='lat' dir='ltr'><strong><em>in</em></strong></span> <span class='ocrx_word' id='word_1_459' title='bbox 2598 1256 2715 1312; x_wconf 90' lang='lat' dir='ltr'><strong><em>loco</em></strong></span> <span class='ocrx_word' id='word_1_460' title='bbox 2736 1262 2866 1316; x_wconf 88' lang='lat' dir='ltr'><strong><em>navi</em></strong></span> <span class='ocrx_word' id='word_1_461' title='bbox 2894 1268 3135 1333; x_wconf 84' lang='lat' dir='ltr'><strong><em>proximo</em></strong></span> <span class='ocrx_word' id='word_1_462' title='bbox 3156 1286 3216 1325; x_wconf 92' lang='lat' dir='ltr'><strong><em>ac</em></strong></span> <span class='ocrx_word' id='word_1_463' title='bbox 3236 1271 3479 1343; x_wconf 83' lang='lat' dir='ltr'><strong><em>Cypriani</em></strong></span> <span class='ocrx_word' id='word_1_464' title='bbox 3503 1255 3751 1353; x_wconf 80' lang='lat' dir='ltr'><strong><em>martyris</em></strong></span> 
     </span>
    </p>
   </div>
   <div class='ocr_carea' id='block_1_63' title="bbox 2177 1341 3751 1430">
    <p class='ocr_par' dir='ltr' id='par_1_63' title="bbox 2177 1341 3751 1430">
     <span class='ocr_line' id='line_1_63' title="bbox 2177 1341 3751 1430; baseline 0.025 -41"><span class='ocrx_word' id='word_1_465' title='bbox 2177 1341 2446 1395; x_wconf 73' lang='lat' dir='ltr'><strong><em>memoria:</em></strong></span> <span class='ocrx_word' id='word_1_466' title='bbox 2484 1357 2636 1398; x_wconf 90' lang='lat' dir='ltr'><strong><em>sacro</em></strong></span> <span class='ocrx_word' id='word_1_467' title='bbox 2666 1364 2780 1402; x_wconf 87' lang='lat' dir='ltr'><strong><em>eam</em></strong></span> <span class='ocrx_word' id='word_1_468' title='bbox 2810 1363 3017 1408; x_wconf 90' lang='lat' dir='ltr'><strong><em>noctem</em></strong></span> <span class='ocrx_word' id='word_1_469' title='bbox 3046 1341 3376 1430; x_wconf 81' lang='lat' dir='ltr'><strong><em>transigeret.</em></strong></span> <span class='ocrx_word' id='word_1_470' title='bbox 3414 1366 3486 1421; x_wconf 90' lang='lat' dir='ltr'><strong><em>Ea</em></strong></span> <span class='ocrx_word' id='word_1_471' title='bbox 3525 1341 3657 1425; x_wconf 71' lang='lat' dir='ltr'><strong><em>duni</em></strong></span> <span class='ocrx_word' id='word_1_472' title='bbox 3676 1364 3751 1427; x_wconf 90' lang='lat' dir='ltr'><strong><em>ibi</em></strong></span> 
     </span>
    </p>
   </div>
   <div class='ocr_carea' id='block_1_64' title="bbox 2177 1428 3751 1524">
    <p class='ocr_par' dir='ltr' id='par_1_64' title="bbox 2177 1428 3751 1524">
     <span class='ocr_line' id='line_1_64' title="bbox 2177 1428 3751 1524; baseline 0.025 -46"><span class='ocrx_word' id='word_1_473' title='bbox 2177 1428 2503 1485; x_wconf 87' lang='lat' dir='ltr'><strong><em>orationibus</em></strong></span> <span class='ocrx_word' id='word_1_474' title='bbox 2543 1434 2742 1490; x_wconf 86' lang='lat' dir='ltr'><strong><em>intenta</em></strong></span> <span class='ocrx_word' id='word_1_475' title='bbox 2785 1440 2949 1496; x_wconf 86' lang='lat' dir='ltr'><strong><em>Deum</em></strong></span> <span class='ocrx_word' id='word_1_476' title='bbox 2988 1446 3194 1503; x_wconf 85' lang='lat' dir='ltr'><strong><em>enixius</em></strong></span> <span class='ocrx_word' id='word_1_477' title='bbox 3217 1428 3643 1524; x_wconf 63' lang='lat' dir='ltr'><strong><em>deprecaretur,</em></strong></span> <span class='ocrx_word' id='word_1_478' title='bbox 3691 1472 3751 1517; x_wconf 89' lang='lat' dir='ltr'><strong><em>ut</em></strong></span> 
     </span>
    </p>
   </div>
   <div class='ocr_carea' id='block_1_65' title="bbox 2176 1516 3743 1616">
    <p class='ocr_par' dir='ltr' id='par_1_65' title="bbox 2176 1516 3743 1616">
     <span class='ocr_line' id='line_1_65' title="bbox 2176 1516 3743 1616; baseline 0.024 -47"><span class='ocrx_word' id='word_1_479' title='bbox 2176 1516 2341 1572; x_wconf 87' lang='lat' dir='ltr'><strong><em>lilium</em></strong></span> <span class='ocrx_word' id='word_1_480' title='bbox 2378 1523 2712 1592; x_wconf 70' lang='lat' dir='ltr'><strong><em>navigatione</em></strong></span> <span class='ocrx_word' id='word_1_481' title='bbox 2741 1529 3019 1599; x_wconf 89' lang='lat' dir='ltr'><strong><em>inhiberet,</em></strong></span> <span class='ocrx_word' id='word_1_482' title='bbox 3051 1537 3095 1590; x_wconf 92' lang='lat' dir='ltr'><strong><em>is</em></strong></span> <span class='ocrx_word' id='word_1_483' title='bbox 3124 1553 3181 1594; x_wconf 92' lang='lat' dir='ltr'><strong><em>se</em></strong></span> <span class='ocrx_word' id='word_1_484' title='bbox 3210 1516 3449 1599; x_wconf 83' lang='lat' dir='ltr'><strong><em>clanculo</em></strong></span> <span class='ocrx_word' id='word_1_485' title='bbox 3474 1516 3743 1616; x_wconf 79' lang='lat' dir='ltr'><strong><em>subduxit,</em></strong></span> 
     </span>
    </p>
   </div>
   <div class='ocr_carea' id='block_1_66' title="bbox 2174 1610 3752 1707">
    <p class='ocr_par' dir='ltr' id='par_1_66' title="bbox 2174 1610 3752 1707">
     <span class='ocr_line' id='line_1_66' title="bbox 2174 1610 3752 1707; baseline 0.023 -48"><span class='ocrx_word' id='word_1_486' title='bbox 2174 1616 2331 1677; x_wconf 91' lang='lat' dir='ltr'><strong><em>atque</em></strong></span> <span class='ocrx_word' id='word_1_487' title='bbox 2353 1610 2829 1673; x_wconf 86' lang='lat' dir='ltr'><strong><em>obsecundantibus</em></strong></span> <span class='ocrx_word' id='word_1_488' title='bbox 2858 1625 3023 1678; x_wconf 88' lang='lat' dir='ltr'><strong><em>ventis</em></strong></span> <span class='ocrx_word' id='word_1_489' title='bbox 3046 1625 3266 1683; x_wconf 83' lang='lat' dir='ltr'><strong><em>Romam</em></strong></span> <span class='ocrx_word' id='word_1_490' title='bbox 3290 1636 3568 1703; x_wconf 80' lang='lat' dir='ltr'><strong><em>navigavit.</em></strong></span> <span class='ocrx_word' id='word_1_491' title='bbox 3591 1610 3752 1707; x_wconf 75' lang='lat' dir='ltr'><strong><em>Quod</em></strong></span> 
     </span>
    </p>
   </div>
   <div class='ocr_carea' id='block_1_67' title="bbox 2175 1698 3745 1786">
    <p class='ocr_par' dir='ltr' id='par_1_67' title="bbox 2175 1698 3745 1786">
     <span class='ocr_line' id='line_1_67' title="bbox 2175 1698 3745 1786; baseline 0.024 -36"><span class='ocrx_word' id='word_1_492' title='bbox 2175 1698 2260 1753; x_wconf 89' lang='lat' dir='ltr'><strong><em>illa</em></strong></span> <span class='ocrx_word' id='word_1_493' title='bbox 2287 1716 2440 1757; x_wconf 86' lang='lat' dir='ltr'><strong><em>mane</em></strong></span> <span class='ocrx_word' id='word_1_494' title='bbox 2468 1719 2586 1759; x_wconf 90' lang='lat' dir='ltr'><strong><em>cum</em></strong></span> <span class='ocrx_word' id='word_1_495' title='bbox 2618 1708 3070 1781; x_wconf 87' lang='lat' dir='ltr'><strong><em>deprehendisset,</em></strong></span> <span class='ocrx_word' id='word_1_496' title='bbox 3095 1728 3201 1774; x_wconf 91' lang='lat' dir='ltr'><strong><em>tota</em></strong></span> <span class='ocrx_word' id='word_1_497' title='bbox 3226 1723 3277 1775; x_wconf 93' lang='lat' dir='ltr'><strong><em>in</em></strong></span> <span class='ocrx_word' id='word_1_498' title='bbox 3302 1726 3626 1785; x_wconf 86' lang='lat' dir='ltr'><strong><em>miserabiles</em></strong></span> <span class='ocrx_word' id='word_1_499' title='bbox 3648 1731 3745 1786; x_wconf 87' lang='lat' dir='ltr'><strong><em>lle-</em></strong></span> 
     </span>
    </p>
   </div>
   <div class='ocr_carea' id='block_1_68' title="bbox 2175 1788 3745 1884">
    <p class='ocr_par' dir='ltr' id='par_1_68' title="bbox 2175 1788 3745 1884">
     <span class='ocr_line' id='line_1_68' title="bbox 2175 1788 3745 1884; baseline 0.023 -45"><span class='ocrx_word' id='word_1_500' title='bbox 2175 1795 2259 1841; x_wconf 91' lang='lat' dir='ltr'><strong><em>tus</em></strong></span> <span class='ocrx_word' id='word_1_501' title='bbox 2278 1788 2461 1854; x_wconf 85' lang='lat' dir='ltr'><strong><em>ell&#39;usa,</em></strong></span> <span class='ocrx_word' id='word_1_502' title='bbox 2486 1797 2689 1850; x_wconf 75' lang='lat' dir='ltr'><strong><em>maestis</em></strong></span> <span class='ocrx_word' id='word_1_503' title='bbox 2716 1801 2930 1856; x_wconf 90' lang='lat' dir='ltr'><strong><em>vocibus</em></strong></span> <span class='ocrx_word' id='word_1_504' title='bbox 2964 1804 3108 1860; x_wconf 84' lang='lat' dir='ltr'><strong><em>littus</em></strong></span> <span class='ocrx_word' id='word_1_505' title='bbox 3136 1823 3294 1866; x_wconf 91' lang='lat' dir='ltr'><strong><em>omne</em></strong></span> <span class='ocrx_word' id='word_1_506' title='bbox 3320 1813 3572 1884; x_wconf 89' lang='lat' dir='ltr'><strong><em>implevit,</em></strong></span> <span class='ocrx_word' id='word_1_507' title='bbox 3602 1836 3745 1875; x_wconf 89' lang='lat' dir='ltr'><strong><em>nunc</em></strong></span> 
     </span>
    </p>
   </div>
   <div class='ocr_carea' id='block_1_69' title="bbox 2176 1882 3739 1980">
    <p class='ocr_par' dir='ltr' id='par_1_69' title="bbox 2176 1882 3739 1980">
     <span class='ocr_line' id='line_1_69' title="bbox 2176 1882 3739 1980; baseline 0.026 -53"><span class='ocrx_word' id='word_1_508' title='bbox 2176 1891 2325 1931; x_wconf 88' lang='lat' dir='ltr'><strong><em>suam</em></strong></span> <span class='ocrx_word' id='word_1_509' title='bbox 2353 1882 2516 1949; x_wconf 85' lang='lat' dir='ltr'><strong><em>ipsius</em></strong></span> <span class='ocrx_word' id='word_1_510' title='bbox 2542 1886 2819 1943; x_wconf 83' lang='lat' dir='ltr'><strong><em>orbitatem</em></strong></span> <span class='ocrx_word' id='word_1_511' title='bbox 2849 1891 3150 1963; x_wconf 87' lang='lat' dir='ltr'><strong><em>deplorans,</em></strong></span> <span class='ocrx_word' id='word_1_512' title='bbox 3183 1917 3323 1958; x_wconf 90' lang='lat' dir='ltr'><strong><em>nunc</em></strong></span> <span class='ocrx_word' id='word_1_513' title='bbox 3350 1882 3437 1959; x_wconf 88' lang='lat' dir='ltr'><strong><em>lilii</em></strong></span> <span class='ocrx_word' id='word_1_514' title='bbox 3466 1882 3701 1966; x_wconf 86' lang='lat' dir='ltr'><strong><em>fraudem</em></strong></span> <span class='ocrx_word' id='word_1_515' title='bbox 3724 1957 3739 1980; x_wconf 91' lang='lat'><strong><em>,</em></strong></span> 
     </span>
    </p>
   </div>
   <div class='ocr_carea' id='block_1_70' title="bbox 2174 1971 3740 2057">
    <p class='ocr_par' dir='ltr' id='par_1_70' title="bbox 2174 1971 3740 2057">
     <span class='ocr_line' id='line_1_70' title="bbox 2174 1971 3740 2057; baseline 0.026 -39"><span class='ocrx_word' id='word_1_516' title='bbox 2174 1979 2315 2022; x_wconf 88' lang='lat' dir='ltr'><strong><em>nunc</em></strong></span> <span class='ocrx_word' id='word_1_517' title='bbox 2339 1971 2699 2029; x_wconf 82' lang='lat' dir='ltr'><strong><em>crudelitatem</em></strong></span> <span class='ocrx_word' id='word_1_518' title='bbox 2727 1980 2903 2035; x_wconf 89' lang='lat' dir='ltr'><strong><em>animo</em></strong></span> <span class='ocrx_word' id='word_1_519' title='bbox 2928 1985 3213 2044; x_wconf 89' lang='lat' dir='ltr'><strong><em>obversans</em></strong></span> <span class='ocrx_word' id='word_1_520' title='bbox 3239 2007 3352 2046; x_wconf 90' lang='lat' dir='ltr'><strong><em>suo.</em></strong></span> <span class='ocrx_word' id='word_1_521' title='bbox 3377 1996 3619 2054; x_wconf 89' lang='lat' dir='ltr'><strong><em>Attamen</em></strong></span> <span class='ocrx_word' id='word_1_522' title='bbox 3645 1971 3740 2057; x_wconf 52' lang='lat' dir='ltr'><strong><em>mi:</em></strong></span> 
     </span>
    </p>
   </div>
   <div class='ocr_carea' id='block_1_71' title="bbox 2174 2056 3738 2157">
    <p class='ocr_par' dir='ltr' id='par_1_71' title="bbox 2174 2056 3738 2157">
     <span class='ocr_line' id='line_1_71' title="bbox 2174 2056 3738 2157; baseline 0.026 -49"><span class='ocrx_word' id='word_1_523' title='bbox 2174 2056 2332 2125; x_wconf 83' lang='lat' dir='ltr'><strong><em>ligato</em></strong></span> <span class='ocrx_word' id='word_1_524' title='bbox 2358 2060 2736 2129; x_wconf 88' lang='lat' dir='ltr'><strong><em>aliquantulum</em></strong></span> <span class='ocrx_word' id='word_1_525' title='bbox 2765 2072 2926 2125; x_wconf 89' lang='lat' dir='ltr'><strong><em>animi</em></strong></span> <span class='ocrx_word' id='word_1_526' title='bbox 2950 2073 3152 2143; x_wconf 90' lang='lat' dir='ltr'><strong><em>dolore,</em></strong></span> <span class='ocrx_word' id='word_1_527' title='bbox 3186 2082 3417 2139; x_wconf 88' lang='lat' dir='ltr'><strong><em>sedatior</em></strong></span> <span class='ocrx_word' id='word_1_528' title='bbox 3449 2088 3600 2157; x_wconf 86' lang='lat' dir='ltr'><strong><em>facta,</em></strong></span> <span class='ocrx_word' id='word_1_529' title='bbox 3629 2092 3738 2147; x_wconf 57' lang='lat' dir='ltr'><strong><em>ina.</em></strong></span> 
     </span>
    </p>
   </div>
   <div class='ocr_carea' id='block_1_72' title="bbox 2172 2148 3743 2245">
    <p class='ocr_par' dir='ltr' id='par_1_72' title="bbox 2172 2148 3743 2245">
     <span class='ocr_line' id='line_1_72' title="bbox 2172 2148 3743 2245; baseline 0.025 -46"><span class='ocrx_word' id='word_1_530' title='bbox 2172 2148 2325 2202; x_wconf 89' lang='lat' dir='ltr'><strong><em>nibus</em></strong></span> <span class='ocrx_word' id='word_1_531' title='bbox 2354 2153 2540 2219; x_wconf 85' lang='lat' dir='ltr'><strong><em>quibus</em></strong></span> <span class='ocrx_word' id='word_1_532' title='bbox 2580 2171 2637 2210; x_wconf 91' lang='lat' dir='ltr'><strong><em>se</em></strong></span> <span class='ocrx_word' id='word_1_533' title='bbox 2664 2158 2981 2231; x_wconf 68' lang='lat' dir='ltr'><strong><em>delatigabat</em></strong></span> <span class='ocrx_word' id='word_1_534' title='bbox 3019 2170 3227 2224; x_wconf 91' lang='lat' dir='ltr'><strong><em>omissis</em></strong></span> <span class='ocrx_word' id='word_1_535' title='bbox 3264 2178 3523 2245; x_wconf 88' lang='lat' dir='ltr'><strong><em>querelis,</em></strong></span> <span class='ocrx_word' id='word_1_536' title='bbox 3556 2196 3743 2239; x_wconf 89' lang='lat' dir='ltr'><strong><em>rursus</em></strong></span> 
     </span>
    </p>
   </div>
   <div class='ocr_carea' id='block_1_73' title="bbox 2168 2238 3740 2327">
    <p class='ocr_par' dir='ltr' id='par_1_73' title="bbox 2168 2238 3740 2327">
     <span class='ocr_line' id='line_1_73' title="bbox 2168 2238 3740 2327; baseline 0.025 -37"><span class='ocrx_word' id='word_1_537' title='bbox 2168 2238 2233 2292; x_wconf 92' lang='lat' dir='ltr'><strong><em>ad</em></strong></span> <span class='ocrx_word' id='word_1_538' title='bbox 2272 2239 2363 2293; x_wconf 91' lang='lat' dir='ltr'><strong><em>lilii</em></strong></span> <span class='ocrx_word' id='word_1_539' title='bbox 2404 2244 2624 2301; x_wconf 88' lang='lat' dir='ltr'><strong><em>salutem</em></strong></span> <span class='ocrx_word' id='word_1_540' title='bbox 2665 2250 2773 2304; x_wconf 89' lang='lat' dir='ltr'><strong><em>Deo</em></strong></span> <span class='ocrx_word' id='word_1_541' title='bbox 2820 2256 3060 2320; x_wconf 87' lang='lat' dir='ltr'><strong><em>precibus</em></strong></span> <span class='ocrx_word' id='word_1_542' title='bbox 3101 2238 3569 2325; x_wconf 77' lang='lat' dir='ltr'><strong><em>commendandam</em></strong></span> <span class='ocrx_word' id='word_1_543' title='bbox 3607 2288 3740 2327; x_wconf 75' lang='lat' dir='ltr'><strong><em>con-</em></strong></span> 
     </span>
    </p>
   </div>
   <div class='ocr_carea' id='block_1_74' title="bbox 2169 2332 3736 2434">
    <p class='ocr_par' dir='ltr' id='par_1_74' title="bbox 2169 2332 3736 2434">
     <span class='ocr_line' id='line_1_74' title="bbox 2169 2332 3736 2434; baseline 0.023 -52"><span class='ocrx_word' id='word_1_544' title='bbox 2169 2345 2318 2385; x_wconf 88' lang='lat' dir='ltr'><strong><em>versa</em></strong></span> <span class='ocrx_word' id='word_1_545' title='bbox 2342 2332 2558 2390; x_wconf 90' lang='lat' dir='ltr'><strong><em>domum</em></strong></span> <span class='ocrx_word' id='word_1_546' title='bbox 2579 2353 2635 2391; x_wconf 88' lang='lat' dir='ltr'><strong><em>se</em></strong></span> <span class='ocrx_word' id='word_1_547' title='bbox 2657 2343 2854 2411; x_wconf 88' lang='lat' dir='ltr'><strong><em>recepit</em></strong></span> <span class='ocrx_word' id='word_1_548' title='bbox 2876 2342 3120 2417; x_wconf 78' lang='lat' dir='ltr'><strong><em>(Confess.</em></strong></span> <span class='ocrx_word' id='word_1_549' title='bbox 3151 2351 3234 2404; x_wconf 85' lang='lat' dir='ltr'><strong><em>lib.</em></strong></span> <span class='ocrx_word' id='word_1_550' title='bbox 3265 2354 3324 2423; x_wconf 78' lang='lat'><strong><em>5,</em></strong></span> <span class='ocrx_word' id='word_1_551' title='bbox 3341 2371 3453 2427; x_wconf 89' lang='lat' dir='ltr'><strong><em>cap.</em></strong></span> <span class='ocrx_word' id='word_1_552' title='bbox 3476 2359 3526 2424; x_wconf 88' lang='lat'><strong><em>8,</em></strong></span> <span class='ocrx_word' id='word_1_553' title='bbox 3549 2378 3600 2414; x_wconf 76' lang='grc' dir='ltr'><strong><em>η.</em></strong></span> <span class='ocrx_word' id='word_1_554' title='bbox 3624 2361 3736 2434; x_wconf 73' lang='grc'><strong><em>15).</em></strong></span> 
     </span>
    </p>
   </div>
   <div class='ocr_carea' id='block_1_75' title="bbox 2238 2422 3746 2509">
    <p class='ocr_par' dir='ltr' id='par_1_75' title="bbox 2238 2422 3746 2509">
     <span class='ocr_line' id='line_1_75' title="bbox 2238 2422 3746 2509; baseline 0.023 -35"><span class='ocrx_word' id='word_1_555' title='bbox 2238 2422 2291 2476; x_wconf 79' lang='lat'><strong><em>3.</em></strong></span> <span class='ocrx_word' id='word_1_556' title='bbox 2330 2422 2425 2477; x_wconf 85' lang='lat' dir='ltr'><strong><em>Vix</em></strong></span> <span class='ocrx_word' id='word_1_557' title='bbox 2454 2425 2673 2482; x_wconf 86' lang='lat' dir='ltr'><strong><em>Romam</em></strong></span> <span class='ocrx_word' id='word_1_558' title='bbox 2720 2432 3027 2491; x_wconf 87' lang='lat' dir='ltr'><strong><em>adventarat</em></strong></span> <span class='ocrx_word' id='word_1_559' title='bbox 3070 2422 3411 2509; x_wconf 70' lang='lat' dir='ltr'><strong><em>Augustinus,</em></strong></span> <span class='ocrx_word' id='word_1_560' title='bbox 3453 2422 3571 2503; x_wconf 88' lang='lat' dir='ltr'><strong><em>cum</em></strong></span> 
     </span>
    </p>
   </div>
   <div class='ocr_carea' id='block_1_76' title="bbox 2166 2511 3740 2602">
    <p class='ocr_par' dir='ltr' id='par_1_76' title="bbox 2166 2511 3740 2602">
     <span class='ocr_line' id='line_1_76' title="bbox 2166 2511 3740 2602; baseline 0.022 -41"><span class='ocrx_word' id='word_1_561' title='bbox 2166 2511 2531 2577; x_wconf 83' lang='lat' dir='ltr'><strong><em>gravissimum</em></strong></span> <span class='ocrx_word' id='word_1_562' title='bbox 2560 2516 2611 2569; x_wconf 92' lang='lat' dir='ltr'><strong><em>in</em></strong></span> <span class='ocrx_word' id='word_1_563' title='bbox 2639 2521 2881 2577; x_wconf 90' lang='lat' dir='ltr'><strong><em>morbum</em></strong></span> <span class='ocrx_word' id='word_1_564' title='bbox 2912 2524 3123 2591; x_wconf 87' lang='lat' dir='ltr'><strong><em>incidit;</em></strong></span> <span class='ocrx_word' id='word_1_565' title='bbox 3160 2530 3375 2602; x_wconf 89' lang='lat' dir='ltr'><strong><em>jamque</em></strong></span> <span class='ocrx_word' id='word_1_566' title='bbox 3403 2535 3455 2589; x_wconf 89' lang='lat' dir='ltr'><strong><em>in</em></strong></span> <span class='ocrx_word' id='word_1_567' title='bbox 3497 2536 3609 2593; x_wconf 89' lang='lat' dir='ltr'><strong><em>dies</em></strong></span> <span class='ocrx_word' id='word_1_568' title='bbox 3650 2542 3740 2596; x_wconf 90' lang='lat' dir='ltr'><strong><em>in-</em></strong></span> 
     </span>
    </p>
   </div>
   <div class='ocr_carea' id='block_1_77' title="bbox 2166 2609 3739 2698">
    <p class='ocr_par' dir='ltr' id='par_1_77' title="bbox 2166 2609 3739 2698">
     <span class='ocr_line' id='line_1_77' title="bbox 2166 2609 3739 2698; baseline 0.021 -46"><span class='ocrx_word' id='word_1_569' title='bbox 2166 2613 2510 2668; x_wconf 79' lang='lat' dir='ltr'><strong><em>gravescente</em></strong></span> <span class='ocrx_word' id='word_1_570' title='bbox 2535 2609 2722 2662; x_wconf 89' lang='lat' dir='ltr'><strong><em>mortis</em></strong></span> <span class='ocrx_word' id='word_1_571' title='bbox 2749 2613 2986 2681; x_wconf 83' lang='lat' dir='ltr'><strong><em>periculo</em></strong></span> <span class='ocrx_word' id='word_1_572' title='bbox 3032 2620 3305 2685; x_wconf 87' lang='lat' dir='ltr'><strong><em>proximus</em></strong></span> <span class='ocrx_word' id='word_1_573' title='bbox 3345 2634 3475 2679; x_wconf 88' lang='lat' dir='ltr'><strong><em>erat.</em></strong></span> <span class='ocrx_word' id='word_1_574' title='bbox 3507 2626 3739 2698; x_wconf 88' lang='lat' dir='ltr'><strong><em>Nequid-</em></strong></span> 
     </span>
    </p>
   </div>
   <div class='ocr_carea' id='block_1_78' title="bbox 2166 2698 3736 2781">
    <p class='ocr_par' dir='ltr' id='par_1_78' title="bbox 2166 2698 3736 2781">
     <span class='ocr_line' id='line_1_78' title="bbox 2166 2698 3736 2781; baseline 0.019 -36"><span class='ocrx_word' id='word_1_575' title='bbox 2166 2706 2321 2760; x_wconf 87' lang='lat' dir='ltr'><strong><em>quam</em></strong></span> <span class='ocrx_word' id='word_1_576' title='bbox 2346 2702 2522 2751; x_wconf 89' lang='lat' dir='ltr'><strong><em>tamen</em></strong></span> <span class='ocrx_word' id='word_1_577' title='bbox 2549 2698 2617 2754; x_wconf 90' lang='lat' dir='ltr'><strong><em>de</em></strong></span> <span class='ocrx_word' id='word_1_578' title='bbox 2641 2701 2958 2759; x_wconf 75' lang='lat' dir='ltr'><strong><em>salutaribus</em></strong></span> <span class='ocrx_word' id='word_1_579' title='bbox 2992 2706 3148 2763; x_wconf 87' lang='lat' dir='ltr'><strong><em>undis</em></strong></span> <span class='ocrx_word' id='word_1_580' title='bbox 3185 2712 3375 2781; x_wconf 90' lang='lat' dir='ltr'><strong><em>quibus</em></strong></span> <span class='ocrx_word' id='word_1_581' title='bbox 3400 2717 3586 2772; x_wconf 85' lang='lat' dir='ltr'><strong><em>animae</em></strong></span> <span class='ocrx_word' id='word_1_582' title='bbox 3615 2736 3736 2775; x_wconf 88' lang='lat' dir='ltr'><strong><em>sor-</em></strong></span> 
     </span>
    </p>
   </div>
   <div class='ocr_carea' id='block_1_79' title="bbox 2163 2784 3757 2878">
    <p class='ocr_par' dir='ltr' id='par_1_79' title="bbox 2163 2784 3757 2878">
     <span class='ocr_line' id='line_1_79' title="bbox 2163 2784 3757 2878; baseline 0.018 -40"><span class='ocrx_word' id='word_1_583' title='bbox 2163 2784 2260 2840; x_wconf 87' lang='lat' dir='ltr'><strong><em>des</em></strong></span> <span class='ocrx_word' id='word_1_584' title='bbox 2295 2785 2596 2856; x_wconf 76' lang='lat' dir='ltr'><strong><em>abluuntur,</em></strong></span> <span class='ocrx_word' id='word_1_585' title='bbox 2637 2794 2705 2847; x_wconf 90' lang='lat' dir='ltr'><strong><em>ab</em></strong></span> <span class='ocrx_word' id='word_1_586' title='bbox 2732 2809 2797 2848; x_wconf 91' lang='lat' dir='ltr'><strong><em>eo</em></strong></span> <span class='ocrx_word' id='word_1_587' title='bbox 2831 2798 3195 2866; x_wconf 88' lang='lat' dir='ltr'><strong><em>cogitabatur:</em></strong></span> <span class='ocrx_word' id='word_1_588' title='bbox 3232 2820 3296 2858; x_wconf 92' lang='lat' dir='ltr'><strong><em>eo</em></strong></span> <span class='ocrx_word' id='word_1_589' title='bbox 3338 2807 3482 2878; x_wconf 17' lang='lat' dir='ltr'><strong><em>enim,</em></strong></span> <span class='ocrx_word' id='word_1_590' title='bbox 3507 2812 3757 2867; x_wconf 60' lang='lat' dir='ltr'><strong><em>vesania:~</em></strong></span> 
     </span>
    </p>
   </div>
   <div class='ocr_carea' id='block_1_80' title="bbox 2163 2882 3736 2957">
    <p class='ocr_par' dir='ltr' id='par_1_80' title="bbox 2163 2882 3736 2957">
     <span class='ocr_line' id='line_1_80' title="bbox 2163 2882 3736 2957; baseline 0.017 -29"><span class='ocrx_word' id='word_1_591' title='bbox 2163 2890 2517 2945; x_wconf 87' lang='lat' dir='ltr'><strong><em>processerat,</em></strong></span> <span class='ocrx_word' id='word_1_592' title='bbox 2540 2890 2599 2935; x_wconf 92' lang='lat' dir='ltr'><strong><em>ut</em></strong></span> <span class='ocrx_word' id='word_1_593' title='bbox 2623 2882 2857 2939; x_wconf 89' lang='lat' dir='ltr'><strong><em>divinum</em></strong></span> <span class='ocrx_word' id='word_1_594' title='bbox 2879 2886 2979 2944; x_wconf 91' lang='lat' dir='ltr'><strong><em>hoc</em></strong></span> <span class='ocrx_word' id='word_1_595' title='bbox 2997 2890 3443 2951; x_wconf 83' lang='lat' dir='ltr'><strong><em>medicamentum</em></strong></span> <span class='ocrx_word' id='word_1_596' title='bbox 3471 2898 3736 2957; x_wconf 89' lang='lat' dir='ltr'><strong><em>irrideret.</em></strong></span> 
     </span>
    </p>
   </div>
   <div class='ocr_carea' id='block_1_81' title="bbox 2164 2964 3738 3052">
    <p class='ocr_par' dir='ltr' id='par_1_81' title="bbox 2164 2964 3738 3052">
     <span class='ocr_line' id='line_1_81' title="bbox 2164 2964 3738 3052; baseline 0.018 -34"><span class='ocrx_word' id='word_1_597' title='bbox 2164 2964 2347 3033; x_wconf 86' lang='lat' dir='ltr'><strong><em>ignara</em></strong></span> <span class='ocrx_word' id='word_1_598' title='bbox 2377 2968 2500 3024; x_wconf 88' lang='lat' dir='ltr'><strong><em>licet</em></strong></span> <span class='ocrx_word' id='word_1_599' title='bbox 2535 2972 2619 3041; x_wconf 90' lang='lat' dir='ltr'><strong><em>pia</em></strong></span> <span class='ocrx_word' id='word_1_600' title='bbox 2651 2983 2821 3029; x_wconf 90' lang='lat' dir='ltr'><strong><em>mater</em></strong></span> <span class='ocrx_word' id='word_1_601' title='bbox 2860 2977 2994 3046; x_wconf 86' lang='lat' dir='ltr'><strong><em>ejus,</em></strong></span> <span class='ocrx_word' id='word_1_602' title='bbox 3040 2980 3091 3034; x_wconf 92' lang='lat' dir='ltr'><strong><em>in</em></strong></span> <span class='ocrx_word' id='word_1_603' title='bbox 3135 2984 3276 3052; x_wconf 89' lang='lat' dir='ltr'><strong><em>quod</em></strong></span> <span class='ocrx_word' id='word_1_604' title='bbox 3319 2986 3573 3043; x_wconf 87' lang='lat' dir='ltr'><strong><em>inciderat</em></strong></span> <span class='ocrx_word' id='word_1_605' title='bbox 3598 2991 3738 3047; x_wconf 87' lang='lat' dir='ltr'><strong><em>lilius</em></strong></span> 
     </span>
    </p>
   </div>
   <div class='ocr_carea' id='block_1_82' title="bbox 2163 3058 3734 3155">
    <p class='ocr_par' dir='ltr' id='par_1_82' title="bbox 2163 3058 3734 3155">
     <span class='ocr_line' id='line_1_82' title="bbox 2163 3058 3734 3155; baseline 0.02 -45"><span class='ocrx_word' id='word_1_606' title='bbox 2163 3058 2287 3112; x_wconf 76' lang='lat' dir='ltr'><strong><em>vita:</em></strong></span> <span class='ocrx_word' id='word_1_607' title='bbox 2314 3060 2618 3130; x_wconf 88' lang='lat' dir='ltr'><strong><em>discrimen,</em></strong></span> <span class='ocrx_word' id='word_1_608' title='bbox 2647 3067 2813 3123; x_wconf 88' lang='lat' dir='ltr'><strong><em>nihilo</em></strong></span> <span class='ocrx_word' id='word_1_609' title='bbox 2841 3073 3054 3140; x_wconf 85' lang='lat' dir='ltr'><strong><em>segnius</em></strong></span> <span class='ocrx_word' id='word_1_610' title='bbox 3093 3090 3191 3145; x_wconf 88' lang='lat' dir='ltr'><strong><em>pro</em></strong></span> <span class='ocrx_word' id='word_1_611' title='bbox 3217 3080 3307 3133; x_wconf 89' lang='lat' dir='ltr'><strong><em>illo</em></strong></span> <span class='ocrx_word' id='word_1_612' title='bbox 3350 3081 3515 3137; x_wconf 90' lang='lat' dir='ltr'><strong><em>Deum</em></strong></span> <span class='ocrx_word' id='word_1_613' title='bbox 3543 3101 3734 3155; x_wconf 86' lang='lat' dir='ltr'><strong><em>preca—</em></strong></span> 
     </span>
    </p>
   </div>
   <div class='ocr_carea' id='block_1_83' title="bbox 2164 3148 3737 3244">
    <p class='ocr_par' dir='ltr' id='par_1_83' title="bbox 2164 3148 3737 3244">
     <span class='ocr_line' id='line_1_83' title="bbox 2164 3148 3737 3244; baseline 0.02 -43"><span class='ocrx_word' id='word_1_614' title='bbox 2164 3148 2350 3216; x_wconf 83' lang='lat' dir='ltr'><strong><em>batur;</em></strong></span> <span class='ocrx_word' id='word_1_615' title='bbox 2380 3154 2529 3223; x_wconf 92' lang='lat' dir='ltr'><strong><em>cujus</em></strong></span> <span class='ocrx_word' id='word_1_616' title='bbox 2558 3159 2875 3224; x_wconf 91' lang='lat' dir='ltr'><strong><em>precationis</em></strong></span> <span class='ocrx_word' id='word_1_617' title='bbox 2896 3162 3193 3222; x_wconf 85' lang='lat' dir='ltr'><strong><em>interventu</em></strong></span> <span class='ocrx_word' id='word_1_618' title='bbox 3215 3172 3544 3230; x_wconf 89' lang='lat' dir='ltr'><strong><em>convaluisse</em></strong></span> <span class='ocrx_word' id='word_1_619' title='bbox 3570 3191 3652 3244; x_wconf 89' lang='lat' dir='ltr'><strong><em>se,</em></strong></span> <span class='ocrx_word' id='word_1_620' title='bbox 3672 3193 3737 3232; x_wconf 89' lang='lat' dir='ltr'><strong><em>ac</em></strong></span> 
     </span>
    </p>
   </div>
   <div class='ocr_carea' id='block_1_84' title="bbox 2163 3238 3752 3324">
    <p class='ocr_par' dir='ltr' id='par_1_84' title="bbox 2163 3238 3752 3324">
     <span class='ocr_line' id='line_1_84' title="bbox 2163 3238 3752 3324; baseline 0.021 -34"><span class='ocrx_word' id='word_1_621' title='bbox 2163 3238 2311 3294; x_wconf 83' lang='lat' dir='ltr'><strong><em>vitali</em></strong></span> <span class='ocrx_word' id='word_1_622' title='bbox 2360 3241 2575 3299; x_wconf 83' lang='lat' dir='ltr'><strong><em>lavacro</em></strong></span> <span class='ocrx_word' id='word_1_623' title='bbox 2608 3260 2956 3319; x_wconf 83' lang='lat' dir='ltr'><strong><em>reservatum,</em></strong></span> <span class='ocrx_word' id='word_1_624' title='bbox 3001 3271 3104 3309; x_wconf 92' lang='lat' dir='ltr'><strong><em>non</em></strong></span> <span class='ocrx_word' id='word_1_625' title='bbox 3136 3258 3250 3314; x_wconf 91' lang='lat' dir='ltr'><strong><em>sine</em></strong></span> <span class='ocrx_word' id='word_1_626' title='bbox 3291 3265 3542 3320; x_wconf 89' lang='lat' dir='ltr'><strong><em>memoris</em></strong></span> <span class='ocrx_word' id='word_1_627' title='bbox 3570 3268 3752 3324; x_wconf 58' lang='lat' dir='ltr'><strong><em>anitui‘</em></strong></span> 
     </span>
    </p>
   </div>
   <div class='ocr_carea' id='block_1_85' title="bbox 2162 3331 3745 3419">
    <p class='ocr_par' dir='ltr' id='par_1_85' title="bbox 2162 3331 3745 3419">
     <span class='ocr_line' id='line_1_85' title="bbox 2162 3331 3745 3419; baseline 0.019 -36"><span class='ocrx_word' id='word_1_628' title='bbox 2162 3331 2549 3401; x_wconf 79' lang='lat' dir='ltr'><strong><em>testiﬁcatione,</em></strong></span> <span class='ocrx_word' id='word_1_629' title='bbox 2580 3352 2857 3395; x_wconf 85' lang='lat' dir='ltr'><strong><em>memorat.</em></strong></span> <span class='ocrx_word' id='word_1_630' title='bbox 2890 3342 3010 3397; x_wconf 79' lang='lat' dir='ltr'><strong><em>Non</em></strong></span> <span class='ocrx_word' id='word_1_631' title='bbox 3034 3348 3158 3401; x_wconf 84' lang='lat' dir='ltr'><strong><em>satis</em></strong></span> <span class='ocrx_word' id='word_1_632' title='bbox 3186 3349 3408 3419; x_wconf 77' lang='lat' dir='ltr'><strong><em>eloquor,</em></strong></span> <span class='ocrx_word' id='word_1_633' title='bbox 3432 3354 3505 3409; x_wconf 90' lang='lat' dir='ltr'><strong><em>ait</em></strong></span> <span class='ocrx_word' id='word_1_634' title='bbox 3525 3355 3659 3411; x_wconf 89' lang='lat' dir='ltr'><strong><em>hanc</em></strong></span> <span class='ocrx_word' id='word_1_635' title='bbox 3678 3358 3745 3412; x_wconf 85' lang='lat' dir='ltr'><strong><em>in</em></strong></span> 
     </span>
    </p>
   </div>
   <div class='ocr_carea' id='block_1_86' title="bbox 2161 3424 3739 3515">
    <p class='ocr_par' dir='ltr' id='par_1_86' title="bbox 2161 3424 3739 3515">
     <span class='ocr_line' id='line_1_86' title="bbox 2161 3424 3739 3515; baseline 0.02 -44"><span class='ocrx_word' id='word_1_636' title='bbox 2161 3434 2291 3485; x_wconf 82' lang='lat' dir='ltr'><strong><em>rem,</em></strong></span> <span class='ocrx_word' id='word_1_637' title='bbox 2323 3424 2443 3489; x_wconf 83' lang='lat' dir='ltr'><strong><em>quid</em></strong></span> <span class='ocrx_word' id='word_1_638' title='bbox 2472 3440 2590 3495; x_wconf 80' lang='lat' dir='ltr'><strong><em>erga</em></strong></span> <span class='ocrx_word' id='word_1_639' title='bbox 2614 3444 2692 3482; x_wconf 88' lang='lat' dir='ltr'><strong><em>me</em></strong></span> <span class='ocrx_word' id='word_1_640' title='bbox 2713 3431 2918 3484; x_wconf 75' lang='lat' dir='ltr'><strong><em>habebat</em></strong></span> <span class='ocrx_word' id='word_1_641' title='bbox 2940 3435 3116 3499; x_wconf 87' lang='lat' dir='ltr'><strong><em>animi,</em></strong></span> <span class='ocrx_word' id='word_1_642' title='bbox 3139 3447 3186 3491; x_wconf 86' lang='lat' dir='ltr'><strong><em>et</em></strong></span> <span class='ocrx_word' id='word_1_643' title='bbox 3208 3453 3394 3509; x_wconf 79' lang='lat' dir='ltr'><strong><em>quanto</em></strong></span> <span class='ocrx_word' id='word_1_644' title='bbox 3418 3446 3607 3515; x_wconf 88' lang='lat' dir='ltr'><strong><em>majore</em></strong></span> <span class='ocrx_word' id='word_1_645' title='bbox 3629 3448 3739 3502; x_wconf 58' lang='lat' dir='ltr'><strong><em>solo</em></strong></span> 
     </span>
    </p>
   </div>
   <div class='ocr_carea' id='block_1_87' title="bbox 2160 3511 3748 3606">
    <p class='ocr_par' dir='ltr' id='par_1_87' title="bbox 2160 3511 3748 3606">
     <span class='ocr_line' id='line_1_87' title="bbox 2160 3511 3748 3606; baseline 0.02 -44"><span class='ocrx_word' id='word_1_646' title='bbox 2160 3511 2414 3566; x_wconf 81' lang='lat' dir='ltr'><strong><em>licitudine</em></strong></span> <span class='ocrx_word' id='word_1_647' title='bbox 2438 3531 2517 3568; x_wconf 88' lang='lat' dir='ltr'><strong><em>me</em></strong></span> <span class='ocrx_word' id='word_1_648' title='bbox 2553 3520 2859 3585; x_wconf 70' lang='lat' dir='ltr'><strong><em>parturicbat</em></strong></span> <span class='ocrx_word' id='word_1_649' title='bbox 2895 3525 3096 3593; x_wconf 86' lang='lat' dir='ltr'><strong><em>spiritu,</em></strong></span> <span class='ocrx_word' id='word_1_650' title='bbox 3128 3546 3278 3598; x_wconf 84' lang='lat' dir='ltr'><strong><em>quam</em></strong></span> <span class='ocrx_word' id='word_1_651' title='bbox 3306 3549 3455 3587; x_wconf 88' lang='lat' dir='ltr'><strong><em>carne</em></strong></span> <span class='ocrx_word' id='word_1_652' title='bbox 3473 3511 3748 3606; x_wconf 74' lang='lat' dir='ltr'><strong><em>pepererat-</em></strong></span> 
     </span>
    </p>
   </div>
   <div class='ocr_carea' id='block_1_88' title="bbox 2161 3600 2779 3677">
    <p class='ocr_par' dir='ltr' id='par_1_88' title="bbox 2161 3600 2779 3677">
     <span class='ocr_line' id='line_1_88' title="bbox 2161 3600 2779 3677; baseline 0.018 -24"><span class='ocrx_word' id='word_1_653' title='bbox 2161 3600 2343 3672; x_wconf 84' lang='lat' dir='ltr'><strong><em>(lbid.,</em></strong></span> <span class='ocrx_word' id='word_1_654' title='bbox 2370 3620 2483 3674; x_wconf 87' lang='lat' dir='ltr'><strong><em>cap.</em></strong></span> <span class='ocrx_word' id='word_1_655' title='bbox 2506 3607 2561 3672; x_wconf 87' lang='lat'><strong><em>9,</em></strong></span> <span class='ocrx_word' id='word_1_656' title='bbox 2583 3625 2636 3661; x_wconf 92' lang='lat' dir='ltr'><strong><em>n.</em></strong></span> <span class='ocrx_word' id='word_1_657' title='bbox 2668 3610 2779 3677; x_wconf 88' lang='grc'><strong>16).</strong></span> 
     </span>
    </p>
   </div>
   <div class='ocr_carea' id='block_1_89' title="bbox 2198 3693 3757 3787">
    <p class='ocr_par' dir='ltr' id='par_1_89' title="bbox 2198 3693 3757 3787">
     <span class='ocr_line' id='line_1_89' title="bbox 2198 3693 3757 3787; baseline 0.019 -42"><span class='ocrx_word' id='word_1_658' title='bbox 2198 3693 2282 3746; x_wconf 68' lang='lat'><strong><em>.4.</em></strong></span> <span class='ocrx_word' id='word_1_659' title='bbox 2325 3694 2696 3787; x_wconf 83' lang='lat' dir='ltr'><strong><em>Diversabatur</em></strong></span> <span class='ocrx_word' id='word_1_660' title='bbox 2740 3716 2834 3769; x_wconf 87' lang='lat' dir='ltr'><strong><em>per</em></strong></span> <span class='ocrx_word' id='word_1_661' title='bbox 2872 3704 2924 3757; x_wconf 89' lang='lat' dir='ltr'><strong><em>id</em></strong></span> <span class='ocrx_word' id='word_1_662' title='bbox 2976 3714 3182 3777; x_wconf 89' lang='lat' dir='ltr'><strong><em>tempus</em></strong></span> <span class='ocrx_word' id='word_1_663' title='bbox 3227 3712 3546 3783; x_wconf 86' lang='lat' dir='ltr'><strong><em>Augustinus</em></strong></span> <span class='ocrx_word' id='word_1_664' title='bbox 3589 3720 3757 3787; x_wconf 55' lang='lat' dir='ltr'><strong><em>apud</em></strong></span> 
     </span>
    </p>
   </div>
   <div class='ocr_carea' id='block_1_90' title="bbox 2161 3785 3729 3875">
    <p class='ocr_par' dir='ltr' id='par_1_90' title="bbox 2161 3785 3729 3875">
     <span class='ocr_line' id='line_1_90' title="bbox 2161 3785 3729 3875; baseline 0.019 -42"><span class='ocrx_word' id='word_1_665' title='bbox 2161 3796 2321 3836; x_wconf 90' lang='lat' dir='ltr'><strong><em>unum</em></strong></span> <span class='ocrx_word' id='word_1_666' title='bbox 2348 3799 2412 3839; x_wconf 86' lang='lat' dir='ltr'><strong><em>ex</em></strong></span> <span class='ocrx_word' id='word_1_667' title='bbox 2440 3785 2848 3846; x_wconf 67' lang='lat' dir='ltr'><strong><em>Manichasorum</em></strong></span> <span class='ocrx_word' id='word_1_668' title='bbox 2892 3804 3035 3849; x_wconf 88' lang='lat' dir='ltr'><strong><em>secta</em></strong></span> <span class='ocrx_word' id='word_1_669' title='bbox 3065 3799 3395 3869; x_wconf 87' lang='lat' dir='ltr'><strong><em>Auditorem,</em></strong></span> <span class='ocrx_word' id='word_1_670' title='bbox 3441 3820 3611 3875; x_wconf 91' lang='lat' dir='ltr'><strong><em>neque</em></strong></span> <span class='ocrx_word' id='word_1_671' title='bbox 3626 3785 3729 3861; x_wconf 15' lang='lat' dir='ltr'><strong><em>iso-</em></strong></span> 
     </span>
    </p>
   </div>
   <div class='ocr_carea' id='block_1_91' title="bbox 2161 3870 3738 3956">
    <p class='ocr_par' dir='ltr' id='par_1_91' title="bbox 2161 3870 3738 3956">
     <span class='ocr_line' id='line_1_91' title="bbox 2161 3870 3738 3956; baseline 0.019 -33"><span class='ocrx_word' id='word_1_672' title='bbox 2161 3870 2269 3925; x_wconf 92' lang='lat' dir='ltr'><strong><em>lum</em></strong></span> <span class='ocrx_word' id='word_1_673' title='bbox 2312 3874 2427 3941; x_wconf 90' lang='lat' dir='ltr'><strong><em>ejus</em></strong></span> <span class='ocrx_word' id='word_1_674' title='bbox 2473 3877 2638 3949; x_wconf 87' lang='lat' dir='ltr'><strong><em>ipsius</em></strong></span> <span class='ocrx_word' id='word_1_675' title='bbox 2680 3887 2772 3933; x_wconf 89' lang='lat' dir='ltr'><strong><em>aut</em></strong></span> <span class='ocrx_word' id='word_1_676' title='bbox 2812 3883 3033 3939; x_wconf 88' lang='lat' dir='ltr'><strong><em>aliorum</em></strong></span> <span class='ocrx_word' id='word_1_677' title='bbox 3080 3889 3413 3956; x_wconf 88' lang='lat' dir='ltr'><strong><em>Auditorum,</em></strong></span> <span class='ocrx_word' id='word_1_678' title='bbox 3444 3870 3540 3949; x_wconf 86' lang='lat' dir='ltr'><strong><em>sed</em></strong></span> <span class='ocrx_word' id='word_1_679' title='bbox 3566 3898 3738 3951; x_wconf 71' lang='lat' dir='ltr'><strong><em>etiam</em></strong></span> 
     </span>
    </p>
   </div>
   <div class='ocr_carea' id='block_1_92' title="bbox 2156 3962 3735 4053">
    <p class='ocr_par' dir='ltr' id='par_1_92' title="bbox 2156 3962 3735 4053">
     <span class='ocr_line' id='line_1_92' title="bbox 2156 3962 3735 4053; baseline 0.016 -37"><span class='ocrx_word' id='word_1_680' title='bbox 2156 3962 2452 4018; x_wconf 85' lang='lat' dir='ltr'><strong><em>Electorum</em></strong></span> <span class='ocrx_word' id='word_1_681' title='bbox 2475 3970 2853 4027; x_wconf 88' lang='lat' dir='ltr'><strong><em>consuetudine</em></strong></span> <span class='ocrx_word' id='word_1_682' title='bbox 2874 3974 3180 4033; x_wconf 89' lang='lat' dir='ltr'><strong><em>familiarius</em></strong></span> <span class='ocrx_word' id='word_1_683' title='bbox 3208 3990 3362 4036; x_wconf 85' lang='lat' dir='ltr'><strong><em>utens</em></strong></span> <span class='ocrx_word' id='word_1_684' title='bbox 3380 4024 3393 4047; x_wconf 89' lang='lat'><strong><em>,</em></strong></span> <span class='ocrx_word' id='word_1_685' title='bbox 3421 4000 3577 4053; x_wconf 91' lang='lat' dir='ltr'><strong><em>quam</em></strong></span> <span class='ocrx_word' id='word_1_686' title='bbox 3604 3989 3735 4042; x_wconf 69' lang='lat' dir='ltr'><strong><em>rcli~</em></strong></span> 
     </span>
    </p>
   </div>
   <div class='ocr_carea' id='block_1_93' title="bbox 2154 4056 3729 4133">
    <p class='ocr_par' dir='ltr' id='par_1_93' title="bbox 2154 4056 3729 4133">
     <span class='ocr_line' id='line_1_93' title="bbox 2154 4056 3729 4133; baseline 0.018 -27"><span class='ocrx_word' id='word_1_687' title='bbox 2154 4069 2376 4123; x_wconf 87' lang='lat' dir='ltr'><strong><em>quorum</em></strong></span> <span class='ocrx_word' id='word_1_688' title='bbox 2416 4056 2710 4124; x_wconf 86' lang='lat' dir='ltr'><strong><em>hominum,</em></strong></span> <span class='ocrx_word' id='word_1_689' title='bbox 2752 4063 2842 4131; x_wconf 82' lang='lat' dir='ltr'><strong><em>qui</em></strong></span> <span class='ocrx_word' id='word_1_690' title='bbox 2883 4064 2964 4119; x_wconf 85' lang='lat' dir='ltr'><strong><em>illi</em></strong></span> <span class='ocrx_word' id='word_1_691' title='bbox 3000 4066 3189 4124; x_wconf 76' lang='lat' dir='ltr'><strong><em>haeresi</em></strong></span> <span class='ocrx_word' id='word_1_692' title='bbox 3228 4087 3332 4126; x_wconf 93' lang='lat' dir='ltr'><strong><em>non</em></strong></span> <span class='ocrx_word' id='word_1_693' title='bbox 3373 4074 3729 4133; x_wconf 75' lang='lat' dir='ltr'><strong><em>adhtererent.</em></strong></span> 
     </span>
    </p>
   </div>
   <div class='ocr_carea' id='block_1_94' title="bbox 2156 4145 3760 4239">
    <p class='ocr_par' dir='ltr' id='par_1_94' title="bbox 2156 4145 3760 4239">
     <span class='ocr_line' id='line_1_94' title="bbox 2156 4145 3760 4239; baseline 0.017 -42"><span class='ocrx_word' id='word_1_694' title='bbox 2156 4145 2268 4200; x_wconf 89' lang='lat' dir='ltr'><strong><em>Etsi</em></strong></span> <span class='ocrx_word' id='word_1_695' title='bbox 2312 4162 2438 4201; x_wconf 87' lang='lat' dir='ltr'><strong><em>vero</em></strong></span> <span class='ocrx_word' id='word_1_696' title='bbox 2484 4149 2891 4209; x_wconf 63' lang='lat' dir='ltr'><strong><em>Manichaeorum</em></strong></span> <span class='ocrx_word' id='word_1_697' title='bbox 2933 4156 3276 4216; x_wconf 88' lang='lat' dir='ltr'><strong><em>deliramenta</em></strong></span> <span class='ocrx_word' id='word_1_698' title='bbox 3312 4164 3520 4231; x_wconf 91' lang='lat' dir='ltr'><strong><em>minus,</em></strong></span> <span class='ocrx_word' id='word_1_699' title='bbox 3563 4184 3760 4239; x_wconf 82' lang='lat' dir='ltr'><strong><em>quam.~</em></strong></span> 
     </span>
    </p>
   </div>
   <div class='ocr_carea' id='block_1_95' title="bbox 2153 4239 3737 4315">
    <p class='ocr_par' dir='ltr' id='par_1_95' title="bbox 2153 4239 3737 4315">
     <span class='ocr_line' id='line_1_95' title="bbox 2153 4239 3737 4315; baseline 0.016 -26"><span class='ocrx_word' id='word_1_700' title='bbox 2153 4246 2279 4291; x_wconf 89' lang='lat' dir='ltr'><strong><em>ante</em></strong></span> <span class='ocrx_word' id='word_1_701' title='bbox 2321 4239 2504 4292; x_wconf 80' lang='lat' dir='ltr'><strong><em>salitus</em></strong></span> <span class='ocrx_word' id='word_1_702' title='bbox 2537 4250 2672 4307; x_wconf 86' lang='lat' dir='ltr'><strong><em>erat,</em></strong></span> <span class='ocrx_word' id='word_1_703' title='bbox 2703 4244 2944 4301; x_wconf 89' lang='lat' dir='ltr'><strong><em>animose</em></strong></span> <span class='ocrx_word' id='word_1_704' title='bbox 2970 4247 3310 4315; x_wconf 88' lang='lat' dir='ltr'><strong><em>defenderet;</em></strong></span> <span class='ocrx_word' id='word_1_705' title='bbox 3338 4268 3519 4309; x_wconf 91' lang='lat' dir='ltr'><strong><em>eorum</em></strong></span> <span class='ocrx_word' id='word_1_706' title='bbox 3548 4268 3737 4313; x_wconf 74' lang='lat' dir='ltr'><strong><em>tamen</em></strong></span> 
     </span>
    </p>
   </div>
   <div class='ocr_carea' id='block_1_96' title="bbox 2155 4327 3722 4415">
    <p class='ocr_par' dir='ltr' id='par_1_96' title="bbox 2155 4327 3722 4415">
     <span class='ocr_line' id='line_1_96' title="bbox 2155 4327 3722 4415; baseline 0.015 -35"><span class='ocrx_word' id='word_1_707' title='bbox 2155 4327 2525 4397; x_wconf 77' lang='lat' dir='ltr'><strong><em>familiaritate,</em></strong></span> <span class='ocrx_word' id='word_1_708' title='bbox 2555 4348 2688 4399; x_wconf 80' lang='lat' dir='ltr'><strong><em>quos</em></strong></span> <span class='ocrx_word' id='word_1_709' title='bbox 2730 4350 2920 4405; x_wconf 86' lang='lat' dir='ltr'><strong><em>magno</em></strong></span> <span class='ocrx_word' id='word_1_710' title='bbox 2957 4354 3177 4396; x_wconf 91' lang='lat' dir='ltr'><strong><em>numero</em></strong></span> <span class='ocrx_word' id='word_1_711' title='bbox 3208 4342 3373 4399; x_wconf 73' lang='lat' dir='ltr'><strong><em>lioma</em></strong></span> <span class='ocrx_word' id='word_1_712' title='bbox 3402 4347 3722 4415; x_wconf 83' lang='lat' dir='ltr'><strong><em>occultabat,</em></strong></span> 
     </span>
    </p>
   </div>
   <div class='ocr_carea' id='block_1_97' title="bbox 2152 4421 3723 4497">
    <p class='ocr_par' dir='ltr' id='par_1_97' title="bbox 2152 4421 3723 4497">
     <span class='ocr_line' id='line_1_97' title="bbox 2152 4421 3723 4497; baseline 0.017 -27"><span class='ocrx_word' id='word_1_713' title='bbox 2152 4421 2219 4471; x_wconf 88' lang='lat' dir='ltr'><strong><em>ab</em></strong></span> <span class='ocrx_word' id='word_1_714' title='bbox 2240 4421 2578 4489; x_wconf 88' lang='lat' dir='ltr'><strong><em>inquisitione</em></strong></span> <span class='ocrx_word' id='word_1_715' title='bbox 2600 4426 2707 4481; x_wconf 89' lang='lat' dir='ltr'><strong><em>veri</em></strong></span> <span class='ocrx_word' id='word_1_716' title='bbox 2735 4441 2839 4482; x_wconf 92' lang='lat' dir='ltr'><strong><em>non</em></strong></span> <span class='ocrx_word' id='word_1_717' title='bbox 2862 4443 3045 4497; x_wconf 89' lang='lat' dir='ltr'><strong><em>parum</em></strong></span> <span class='ocrx_word' id='word_1_718' title='bbox 3071 4433 3455 4493; x_wconf 88' lang='lat' dir='ltr'><strong><em>retardabatur.</em></strong></span> <span class='ocrx_word' id='word_1_719' title='bbox 3484 4438 3723 4497; x_wconf 88' lang='lat' dir='ltr'><strong><em>Necdum</em></strong></span> 
     </span>
    </p>
   </div>
   <div class='ocr_carea' id='block_1_98' title="bbox 2150 4524 3726 4591">
    <p class='ocr_par' dir='ltr' id='par_1_98' title="bbox 2150 4524 3726 4591">
     <span class='ocr_line' id='line_1_98' title="bbox 2150 4524 3726 4591; baseline 0.016 -29"><span class='ocrx_word' id='word_1_720' title='bbox 2150 4524 2279 4564; x_wconf 86' lang='lat' dir='ltr'><strong><em>vero</em></strong></span> <span class='ocrx_word' id='word_1_721' title='bbox 2307 4527 2427 4566; x_wconf 88' lang='lat' dir='ltr'><strong><em>eum</em></strong></span> <span class='ocrx_word' id='word_1_722' title='bbox 2456 4528 2692 4570; x_wconf 88' lang='lat' dir='ltr'><strong><em>errorem</em></strong></span> <span class='ocrx_word' id='word_1_723' title='bbox 2723 4529 2961 4585; x_wconf 80' lang='lat' dir='ltr'><strong><em>exuerat,</em></strong></span> <span class='ocrx_word' id='word_1_724' title='bbox 2993 4536 3097 4591; x_wconf 89' lang='lat' dir='ltr'><strong><em>quo</em></strong></span> <span class='ocrx_word' id='word_1_725' title='bbox 3140 4524 3239 4578; x_wconf 87' lang='lat' dir='ltr'><strong><em>sibi</em></strong></span> <span class='ocrx_word' id='word_1_726' title='bbox 3279 4541 3345 4581; x_wconf 83' lang='lat' dir='ltr'><strong><em>ex</em></strong></span> <span class='ocrx_word' id='word_1_727' title='bbox 3387 4543 3571 4583; x_wconf 92' lang='lat' dir='ltr'><strong><em>eorum</em></strong></span> <span class='ocrx_word' id='word_1_728' title='bbox 3600 4548 3726 4587; x_wconf 88' lang='lat' dir='ltr'><strong><em>sen-</em></strong></span> 
     </span>
    </p>
   </div>
   <div class='ocr_carea' id='block_1_99' title="bbox 2152 4602 3723 4692">
    <p class='ocr_par' dir='ltr' id='par_1_99' title="bbox 2152 4602 3723 4692">
     <span class='ocr_line' id='line_1_99' title="bbox 2152 4602 3723 4692; baseline 0.017 -39"><span class='ocrx_word' id='word_1_729' title='bbox 2152 4602 2313 4655; x_wconf 87' lang='lat' dir='ltr'><strong><em>tentia</em></strong></span> <span class='ocrx_word' id='word_1_730' title='bbox 2344 4603 2641 4671; x_wconf 87' lang='lat' dir='ltr'><strong><em>videbatur,</em></strong></span> <span class='ocrx_word' id='word_1_731' title='bbox 2669 4623 2772 4663; x_wconf 91' lang='lat' dir='ltr'><strong><em>non</em></strong></span> <span class='ocrx_word' id='word_1_732' title='bbox 2795 4626 2854 4665; x_wconf 87' lang='lat' dir='ltr'><strong><em>se</em></strong></span> <span class='ocrx_word' id='word_1_733' title='bbox 2874 4627 2992 4667; x_wconf 90' lang='lat' dir='ltr'><strong><em>esse</em></strong></span> <span class='ocrx_word' id='word_1_734' title='bbox 3010 4615 3099 4683; x_wconf 88' lang='lat' dir='ltr'><strong><em>qui</em></strong></span> <span class='ocrx_word' id='word_1_735' title='bbox 3126 4627 3386 4685; x_wconf 86' lang='lat' dir='ltr'><strong><em>peccaret.</em></strong></span> <span class='ocrx_word' id='word_1_736' title='bbox 3409 4621 3503 4677; x_wconf 90' lang='lat' dir='ltr'><strong><em>sed</em></strong></span> <span class='ocrx_word' id='word_1_737' title='bbox 3528 4638 3723 4692; x_wconf 78' lang='lat' dir='ltr'><strong><em>quani-</em></strong></span> 
     </span>
    </p>
   </div>
   <div class='ocr_carea' id='block_1_100' title="bbox 2149 4691 3763 4785">
    <p class='ocr_par' dir='ltr' id='par_1_100' title="bbox 2149 4691 3763 4785">
     <span class='ocr_line' id='line_1_100' title="bbox 2149 4691 3763 4785; baseline 0.016 -40"><span class='ocrx_word' id='word_1_738' title='bbox 2149 4691 2270 4746; x_wconf 89' lang='lat' dir='ltr'><strong><em>dam</em></strong></span> <span class='ocrx_word' id='word_1_739' title='bbox 2310 4695 2464 4749; x_wconf 91' lang='lat' dir='ltr'><strong><em>aliam</em></strong></span> <span class='ocrx_word' id='word_1_740' title='bbox 2508 4696 2559 4751; x_wconf 91' lang='lat' dir='ltr'><strong><em>iu</em></strong></span> <span class='ocrx_word' id='word_1_741' title='bbox 2590 4698 2705 4769; x_wconf 88' lang='lat' dir='ltr'><strong><em>ipso</em></strong></span> <span class='ocrx_word' id='word_1_742' title='bbox 2746 4711 3005 4758; x_wconf 81' lang='lat' dir='ltr'><strong><em>naturam.</em></strong></span> <span class='ocrx_word' id='word_1_743' title='bbox 3037 4706 3159 4773; x_wconf 84' lang='lat' dir='ltr'><strong><em>Quo</em></strong></span> <span class='ocrx_word' id='word_1_744' title='bbox 3182 4709 3437 4779; x_wconf 59' lang='lat' dir='ltr'><strong><em>ﬁgmento.</em></strong></span> <span class='ocrx_word' id='word_1_745' title='bbox 3461 4691 3763 4785; x_wconf 49' lang='lat' dir='ltr'><strong><em>sacrilego:</em></strong></span> 
     </span>
    </p>
   </div>
   <div class='ocr_carea' id='block_1_101' title="bbox 2148 4788 3724 4877">
    <p class='ocr_par' dir='ltr' id='par_1_101' title="bbox 2148 4788 3724 4877">
     <span class='ocr_line' id='line_1_101' title="bbox 2148 4788 3724 4877; baseline 0.015 -38"><span class='ocrx_word' id='word_1_746' title='bbox 2148 4788 2412 4855; x_wconf 69' lang='lat' dir='ltr'><strong><em>superbiaa</em></strong></span> <span class='ocrx_word' id='word_1_747' title='bbox 2441 4790 2606 4860; x_wconf 90' lang='lat' dir='ltr'><strong><em>ipsius</em></strong></span> <span class='ocrx_word' id='word_1_748' title='bbox 2630 4793 2951 4861; x_wconf 87' lang='lat' dir='ltr'><strong><em>blandiente,</em></strong></span> <span class='ocrx_word' id='word_1_749' title='bbox 2982 4813 3041 4853; x_wconf 90' lang='lat' dir='ltr'><strong><em>se</em></strong></span> <span class='ocrx_word' id='word_1_750' title='bbox 3069 4809 3217 4856; x_wconf 82' lang='lat' dir='ltr'><strong><em>extra</em></strong></span> <span class='ocrx_word' id='word_1_751' title='bbox 3260 4818 3469 4859; x_wconf 90' lang='lat' dir='ltr'><strong><em>omnem</em></strong></span> <span class='ocrx_word' id='word_1_752' title='bbox 3508 4807 3724 4877; x_wconf 85' lang='lat' dir='ltr'><strong><em>culpam</em></strong></span> 
     </span>
    </p>
   </div>
   <div class='ocr_carea' id='block_1_102' title="bbox 2148 4879 3716 4964">
    <p class='ocr_par' dir='ltr' id='par_1_102' title="bbox 2148 4879 3716 4964">
     <span class='ocr_line' id='line_1_102' title="bbox 2148 4879 3716 4964; baseline 0.013 -33"><span class='ocrx_word' id='word_1_753' title='bbox 2148 4892 2286 4942; x_wconf 88' lang='lat' dir='ltr'><strong><em>esse,</em></strong></span> <span class='ocrx_word' id='word_1_754' title='bbox 2317 4879 2559 4936; x_wconf 89' lang='lat' dir='ltr'><strong><em>lubenter</em></strong></span> <span class='ocrx_word' id='word_1_755' title='bbox 2584 4885 2877 4952; x_wconf 85' lang='lat' dir='ltr'><strong><em>reputabat.</em></strong></span> <span class='ocrx_word' id='word_1_756' title='bbox 2909 4887 3085 4942; x_wconf 81' lang='lat' dir='ltr'><strong><em>Att/mc</em></strong></span> <span class='ocrx_word' id='word_1_757' title='bbox 3109 4894 3239 4945; x_wconf 84' lang='lat' dir='ltr'><strong><em>enim</em></strong></span> <span class='ocrx_word' id='word_1_758' title='bbox 3276 4895 3401 4948; x_wconf 82' lang='lat' dir='ltr'><strong><em>mihi</em></strong></span> <span class='ocrx_word' id='word_1_759' title='bbox 3437 4896 3716 4964; x_wconf 83' lang='lat' dir='ltr'><strong><em>videbatur,</em></strong></span> 
     </span>
    </p>
   </div>
   <div class='ocr_carea' id='block_1_103' title="bbox 2147 4967 3722 5053">
    <p class='ocr_par' dir='ltr' id='par_1_103' title="bbox 2147 4967 3722 5053">
     <span class='ocr_line' id='line_1_103' title="bbox 2147 4967 3722 5053; baseline 0.013 -33"><span class='ocrx_word' id='word_1_760' title='bbox 2147 4967 2308 5037; x_wconf 88' lang='lat' dir='ltr'><strong><em>inquit</em></strong></span> <span class='ocrx_word' id='word_1_761' title='bbox 2319 5012 2334 5035; x_wconf 96' lang='lat'><strong><em>,</em></strong></span> <span class='ocrx_word' id='word_1_762' title='bbox 2358 4987 2457 5025; x_wconf 86' lang='lat' dir='ltr'><strong><em>non</em></strong></span> <span class='ocrx_word' id='word_1_763' title='bbox 2480 4988 2586 5026; x_wconf 84' lang='lat' dir='ltr'><strong><em>esse</em></strong></span> <span class='ocrx_word' id='word_1_764' title='bbox 2604 4989 2694 5028; x_wconf 86' lang='lat' dir='ltr'><strong><em>nos</em></strong></span> <span class='ocrx_word' id='word_1_765' title='bbox 2708 4975 2795 5042; x_wconf 87' lang='lat' dir='ltr'><strong><em>qui</em></strong></span> <span class='ocrx_word' id='word_1_766' title='bbox 2814 4992 3092 5043; x_wconf 86' lang='lat' dir='ltr'><strong><em>peccamus,</em></strong></span> <span class='ocrx_word' id='word_1_767' title='bbox 3111 4982 3199 5035; x_wconf 87' lang='lat' dir='ltr'><strong><em>sed</em></strong></span> <span class='ocrx_word' id='word_1_768' title='bbox 3214 4984 3377 5038; x_wconf 77' lang='lat' dir='ltr'><strong><em>nescio</em></strong></span> <span class='ocrx_word' id='word_1_769' title='bbox 3391 5001 3540 5053; x_wconf 80' lang='lat' dir='ltr'><strong><em>quant</em></strong></span> <span class='ocrx_word' id='word_1_770' title='bbox 3561 4985 3722 5042; x_wconf 82' lang='lat' dir='ltr'><strong><em>aliam</em></strong></span> 
     </span>
    </p>
   </div>
   <div class='ocr_carea' id='block_1_104' title="bbox 2144 5058 3725 5141">
    <p class='ocr_par' dir='ltr' id='par_1_104' title="bbox 2144 5058 3725 5141">
     <span class='ocr_line' id='line_1_104' title="bbox 2144 5058 3725 5141; baseline 0.012 -30"><span class='ocrx_word' id='word_1_771' title='bbox 2144 5058 2200 5112; x_wconf 90' lang='lat' dir='ltr'><strong><em>in</em></strong></span> <span class='ocrx_word' id='word_1_772' title='bbox 2225 5060 2364 5113; x_wconf 88' lang='lat' dir='ltr'><strong><em>nobis</em></strong></span> <span class='ocrx_word' id='word_1_773' title='bbox 2380 5077 2585 5130; x_wconf 81' lang='lat' dir='ltr'><strong><em>peccare</em></strong></span> <span class='ocrx_word' id='word_1_774' title='bbox 2598 5071 2829 5117; x_wconf 84' lang='lat' dir='ltr'><strong><em>naturam</em></strong></span> <span class='ocrx_word' id='word_1_775' title='bbox 2845 5080 2865 5129; x_wconf 87' lang='lat'><strong><em>;</em></strong></span> <span class='ocrx_word' id='word_1_776' title='bbox 2880 5075 2926 5119; x_wconf 91' lang='lat' dir='ltr'><strong><em>et</em></strong></span> <span class='ocrx_word' id='word_1_777' title='bbox 2950 5066 3232 5123; x_wconf 85' lang='lat' dir='ltr'><strong><em>delectabar</em></strong></span> <span class='ocrx_word' id='word_1_778' title='bbox 3253 5074 3535 5141; x_wconf 82' lang='lat' dir='ltr'><strong><em>superbiam</em></strong></span> <span class='ocrx_word' id='word_1_779' title='bbox 3554 5084 3725 5131; x_wconf 82' lang='lat' dir='ltr'><strong><em>meum</em></strong></span> 
     </span>
    </p>
   </div>
   <div class='ocr_carea' id='block_1_105' title="bbox 2144 5152 3720 5235">
    <p class='ocr_par' dir='ltr' id='par_1_105' title="bbox 2144 5152 3720 5235">
     <span class='ocr_line' id='line_1_105' title="bbox 2144 5152 3720 5235; baseline 0.011 -31"><span class='ocrx_word' id='word_1_780' title='bbox 2144 5161 2286 5207; x_wconf 71' lang='lat' dir='ltr'><strong><em>extra</em></strong></span> <span class='ocrx_word' id='word_1_781' title='bbox 2321 5152 2525 5222; x_wconf 80' lang='lat' dir='ltr'><strong><em>cuipam</em></strong></span> <span class='ocrx_word' id='word_1_782' title='bbox 2566 5165 2766 5219; x_wconf 82' lang='lat' dir='ltr'><strong><em>esse;et</em></strong></span> <span class='ocrx_word' id='word_1_783' title='bbox 2804 5174 2917 5211; x_wconf 81' lang='lat' dir='ltr'><strong><em>cum</em></strong></span> <span class='ocrx_word' id='word_1_784' title='bbox 2945 5160 3133 5229; x_wconf 83' lang='lat' dir='ltr'><strong><em>aliquid</em></strong></span> <span class='ocrx_word' id='word_1_785' title='bbox 3170 5164 3291 5216; x_wconf 87' lang='lat' dir='ltr'><strong><em>mali</em></strong></span> <span class='ocrx_word' id='word_1_786' title='bbox 3324 5165 3568 5235; x_wconf 82' lang='lat' dir='ltr'><strong><em>fecissem,</em></strong></span> <span class='ocrx_word' id='word_1_787' title='bbox 3615 5184 3720 5222; x_wconf 87' lang='lat' dir='ltr'><strong><em>non</em></strong></span> 
     </span>
    </p>
   </div>
   <div class='ocr_carea' id='block_1_106' title="bbox 2144 5244 3721 5327">
    <p class='ocr_par' dir='ltr' id='par_1_106' title="bbox 2144 5244 3721 5327">
     <span class='ocr_line' id='line_1_106' title="bbox 2144 5244 3721 5327; baseline 0.011 -32"><span class='ocrx_word' id='word_1_788' title='bbox 2144 5244 2371 5311; x_wconf 79' lang='lat' dir='ltr'><strong><em>conﬁteri</em></strong></span> <span class='ocrx_word' id='word_1_789' title='bbox 2408 5261 2488 5297; x_wconf 90' lang='lat' dir='ltr'><strong><em>me</em></strong></span> <span class='ocrx_word' id='word_1_790' title='bbox 2512 5246 2705 5316; x_wconf 80' lang='lat' dir='ltr'><strong><em>fecisse,</em></strong></span> <span class='ocrx_word' id='word_1_791' title='bbox 2731 5257 2787 5301; x_wconf 85' lang='lat' dir='ltr'><strong><em>ut</em></strong></span> <span class='ocrx_word' id='word_1_792' title='bbox 2811 5266 3017 5304; x_wconf 85' lang='lat' dir='ltr'><strong><em>sanares</em></strong></span> <span class='ocrx_word' id='word_1_793' title='bbox 3054 5253 3297 5319; x_wconf 86' lang='lat' dir='ltr'><strong><em>animam,</em></strong></span> <span class='ocrx_word' id='word_1_794' title='bbox 3332 5256 3569 5324; x_wconf 84' lang='lat' dir='ltr'><strong><em>quoniam</em></strong></span> <span class='ocrx_word' id='word_1_795' title='bbox 3596 5275 3721 5327; x_wconf 84' lang='lat' dir='ltr'><strong><em>pec-</em></strong></span> 
     </span>
    </p>
   </div>
   <div class='ocr_carea' id='block_1_107' title="bbox 2142 5335 3719 5408">
    <p class='ocr_par' dir='ltr' id='par_1_107' title="bbox 2142 5335 3719 5408">
     <span class='ocr_line' id='line_1_107' title="bbox 2142 5335 3719 5408; baseline 0.01 -21"><span class='ocrx_word' id='word_1_796' title='bbox 2142 5335 2286 5388; x_wconf 88' lang='lat' dir='ltr'><strong><em>cabat</em></strong></span> <span class='ocrx_word' id='word_1_797' title='bbox 2311 5335 2429 5399; x_wconf 85' lang='lat' dir='ltr'><strong><em>tibi;</em></strong></span> <span class='ocrx_word' id='word_1_798' title='bbox 2452 5335 2538 5390; x_wconf 80' lang='lat' dir='ltr'><strong><em>sed</em></strong></span> <span class='ocrx_word' id='word_1_799' title='bbox 2567 5353 2801 5392; x_wconf 70' lang='lat' dir='ltr'><strong><em>excusare</em></strong></span> <span class='ocrx_word' id='word_1_800' title='bbox 2830 5356 2937 5393; x_wconf 88' lang='lat' dir='ltr'><strong><em>eam</em></strong></span> <span class='ocrx_word' id='word_1_801' title='bbox 2963 5342 3211 5408; x_wconf 86' lang='lat' dir='ltr'><strong><em>amabam,</em></strong></span> <span class='ocrx_word' id='word_1_802' title='bbox 3234 5353 3279 5399; x_wconf 85' lang='lat' dir='ltr'><strong><em>et</em></strong></span> <span class='ocrx_word' id='word_1_803' title='bbox 3297 5362 3531 5401; x_wconf 86' lang='lat' dir='ltr'><strong><em>accusare</em></strong></span> <span class='ocrx_word' id='word_1_804' title='bbox 3548 5364 3719 5403; x_wconf 74' lang='lat' dir='ltr'><strong><em>nemo</em></strong></span> 
     </span>
    </p>
   </div>
   <div class='ocr_carea' id='block_1_108' title="bbox 2141 5424 3755 5506">
    <p class='ocr_par' dir='ltr' id='par_1_108' title="bbox 2141 5424 3755 5506">
     <span class='ocr_line' id='line_1_108' title="bbox 2141 5424 3755 5506; baseline 0.01 -31"><span class='ocrx_word' id='word_1_805' title='bbox 2141 5424 2259 5492; x_wconf 84' lang='lat' dir='ltr'><strong><em>quid</em></strong></span> <span class='ocrx_word' id='word_1_806' title='bbox 2286 5425 2446 5489; x_wconf 85' lang='lat' dir='ltr'><strong><em>aliud,</em></strong></span> <span class='ocrx_word' id='word_1_807' title='bbox 2473 5428 2605 5496; x_wconf 79' lang='lat' dir='ltr'><strong><em>quod</em></strong></span> <span class='ocrx_word' id='word_1_808' title='bbox 2631 5444 2823 5482; x_wconf 85' lang='lat' dir='ltr'><strong><em>mecum</em></strong></span> <span class='ocrx_word' id='word_1_809' title='bbox 2840 5438 2987 5495; x_wconf 84' lang='lat' dir='ltr'><strong><em>esset,</em></strong></span> <span class='ocrx_word' id='word_1_810' title='bbox 3017 5442 3064 5485; x_wconf 87' lang='lat' dir='ltr'><strong><em>et</em></strong></span> <span class='ocrx_word' id='word_1_811' title='bbox 3092 5450 3181 5504; x_wconf 86' lang='lat' dir='ltr'><strong><em>ego</em></strong></span> <span class='ocrx_word' id='word_1_812' title='bbox 3224 5451 3323 5489; x_wconf 88' lang='lat' dir='ltr'><strong><em>non</em></strong></span> <span class='ocrx_word' id='word_1_813' title='bbox 3348 5453 3505 5491; x_wconf 76' lang='lat' dir='ltr'><strong><em>essem</em></strong></span> <span class='ocrx_word' id='word_1_814' title='bbox 3527 5436 3716 5506; x_wconf 82' lang='lat' dir='ltr'><strong><em>(lbid.,</em></strong></span> <span class='ocrx_word' id='word_1_815' title='bbox 3749 5487 3755 5491; x_wconf 87' lang='lat'><strong><em>.</em></strong></span> 
     </span>
    </p>
   </div>
   <div class='ocr_carea' id='block_1_109' title="bbox 2141 5514 3723 5596">
    <p class='ocr_par' dir='ltr' id='par_1_109' title="bbox 2141 5514 3723 5596">
     <span class='ocr_line' id='line_1_109' title="bbox 2141 5514 3723 5596; baseline 0.01 -30"><span class='ocrx_word' id='word_1_816' title='bbox 2141 5528 2255 5582; x_wconf 88' lang='lat' dir='ltr'><strong><em>cap.</em></strong></span> <span class='ocrx_word' id='word_1_817' title='bbox 2273 5514 2358 5579; x_wconf 87' lang='grc'><strong><em>10,</em></strong></span> <span class='ocrx_word' id='word_1_818' title='bbox 2372 5532 2423 5568; x_wconf 89' lang='lat' dir='ltr'><strong><em>n.</em></strong></span> <span class='ocrx_word' id='word_1_819' title='bbox 2441 5515 2547 5586; x_wconf 90' lang='grc'><strong>18).</strong></span> <span class='ocrx_word' id='word_1_820' title='bbox 2565 5518 2689 5571; x_wconf 84' lang='lat' dir='ltr'><strong><em>Erat</em></strong></span> <span class='ocrx_word' id='word_1_821' title='bbox 2708 5533 2835 5573; x_wconf 88' lang='lat' dir='ltr'><strong><em>vero</em></strong></span> <span class='ocrx_word' id='word_1_822' title='bbox 2854 5519 2989 5574; x_wconf 87' lang='lat' dir='ltr'><strong><em>istud</em></strong></span> <span class='ocrx_word' id='word_1_823' title='bbox 3004 5521 3156 5592; x_wconf 84' lang='lat' dir='ltr'><strong><em>longe</em></strong></span> <span class='ocrx_word' id='word_1_824' title='bbox 3174 5524 3458 5580; x_wconf 77' lang='lat' dir='ltr'><strong><em>maximum</em></strong></span> <span class='ocrx_word' id='word_1_825' title='bbox 3475 5541 3723 5596; x_wconf 61' lang='grc' dir='ltr'><strong><em>περι-θρα</em></strong></span> 
     </span>
    </p>
   </div>
   <div class='ocr_carea' id='block_1_110' title="bbox 2140 5603 3713 5685">
    <p class='ocr_par' dir='ltr' id='par_1_110' title="bbox 2140 5603 3713 5685">
     <span class='ocr_line' id='line_1_110' title="bbox 2140 5603 3713 5685; baseline 0.011 -30"><span class='ocrx_word' id='word_1_826' title='bbox 2140 5603 2310 5658; x_wconf 88' lang='lat' dir='ltr'><strong><em>solum</em></strong></span> <span class='ocrx_word' id='word_1_827' title='bbox 2354 5604 2811 5676; x_wconf 82' lang='lat' dir='ltr'><strong><em>impedimentum,</em></strong></span> <span class='ocrx_word' id='word_1_828' title='bbox 2837 5612 3124 5682; x_wconf 87' lang='lat' dir='ltr'><strong><em>quominus</em></strong></span> <span class='ocrx_word' id='word_1_829' title='bbox 3147 5630 3211 5670; x_wconf 81' lang='lat' dir='ltr'><strong><em>ex</em></strong></span> <span class='ocrx_word' id='word_1_830' title='bbox 3247 5616 3506 5685; x_wconf 86' lang='lat' dir='ltr'><strong><em>profundo</em></strong></span> <span class='ocrx_word' id='word_1_831' title='bbox 3533 5633 3713 5673; x_wconf 79' lang='lat' dir='ltr'><strong><em>emer-</em></strong></span> 
     </span>
    </p>
   </div>
   <div class='ocr_carea' id='block_1_111' title="bbox 2144 5697 3713 5776">
    <p class='ocr_par' dir='ltr' id='par_1_111' title="bbox 2144 5697 3713 5776">
     <span class='ocr_line' id='line_1_111' title="bbox 2144 5697 3713 5776; baseline 0.012 -29"><span class='ocrx_word' id='word_1_832' title='bbox 2144 5702 2310 5762; x_wconf 83' lang='lat' dir='ltr'><strong><em>geret,</em></strong></span> <span class='ocrx_word' id='word_1_833' title='bbox 2342 5697 2481 5766; x_wconf 86' lang='lat' dir='ltr'><strong><em>quod</em></strong></span> <span class='ocrx_word' id='word_1_834' title='bbox 2517 5698 2678 5755; x_wconf 84' lang='lat' dir='ltr'><strong><em>Deum</em></strong></span> <span class='ocrx_word' id='word_1_835' title='bbox 2709 5700 2937 5771; x_wconf 83' lang='lat' dir='ltr'><strong><em>cogitare</em></strong></span> <span class='ocrx_word' id='word_1_836' title='bbox 2967 5718 3070 5758; x_wconf 89' lang='lat' dir='ltr'><strong><em>non</em></strong></span> <span class='ocrx_word' id='word_1_837' title='bbox 3099 5718 3274 5776; x_wconf 87' lang='lat' dir='ltr'><strong><em>posset</em></strong></span> <span class='ocrx_word' id='word_1_838' title='bbox 3299 5708 3367 5764; x_wconf 92' lang='lat' dir='ltr'><strong><em>ab</em></strong></span> <span class='ocrx_word' id='word_1_839' title='bbox 3398 5708 3540 5764; x_wconf 89' lang='lat' dir='ltr'><strong><em>omni</em></strong></span> <span class='ocrx_word' id='word_1_840' title='bbox 3571 5710 3713 5766; x_wconf 85' lang='lat' dir='ltr'><strong><em>mole</em></strong></span> 
     </span>
    </p>
   </div>
  </div>
