3994 6352
511 312 589 374 99
1604 301 1763 361 VITA
1801 302 1859 358 S.
1898 298 2096 357 AUGUI

2213 294 2260 353 τί
2299 292 2618 357 Ενιεοοῐιι.

509 448 781 509 satagere»:
819 430 1008 487 discere
1042 444 1155 501 qua
1182 423 1394 495 diccbat,
1411 423 1499 479 sed
1527 432 1720 477 tantum
1754 417 2078 509 quemadmo-

507 508 633 586 dum
653 527 845 583 dicebat
869 526 1043 579 audire
1068 524 1151 589 (ea
1175 520 1301 575 mihi
1313 517 1623 591 quippcjam
1640 511 1924 583 desperanti
1945 508 2014 562 ad
2034 517 2081 562 te

506 623 639 673 viam
665 628 834 689 patere
860 614 1072 680 homini,
1097 612 1263 665 inanis
1290 624 1411 664 cura
1444 600 1793 674 remanserat),
1822 598 2081 654 veniebant

505 712 561 764 in
585 708 810 762 animum
836 721 1001 759 meum
1028 701 1179 756 simul
1210 715 1325 754 cum
1354 696 1514 751 verbis
1538 709 1654 764 qua:
1685 691 1970 761 diligebam,
2001 703 2082 741 res

506 800 658 855 etiam
676 808 798 867 quas
819 794 1146 865 negliqcbam.
1172 788 1344 857 Neque
1358 786 1489 840 enim
1506 800 1566 838 ea
1585 781 1816 835 dirimere
1834 790 2078 849 poteram.

508 887 577 941 Et
603 888 724 940 dum
750 900 837 939 cor
862 882 1107 952 aperirem
1132 878 1200 933 ad
1224 876 1570 946 excipiendum
1607 887 1759 941 quant
1796 870 1976 924 diserte
1999 867 2081 920 di-

507 986 658 1042 ceret,
690 976 876 1047 pariter
914 971 1131 1025 intrabat
1168 978 1214 1023 et
1251 981 1403 1041 quam
1439 979 1550 1017 vere
1585 962 1788 1024 diceret,
1830 956 2082 1029 gradatim

506 1067 724 1139 quidem.
753 1063 893 1119 Nam
927 1065 1088 1133 primo
1120 1060 1269 1114 etiam
1304 1058 1416 1125 ipsa
1442 1052 1644 1125 defendi
1667 1066 1813 1121 posse
1833 1048 1954 1102 mihi
1968 1050 2082 1119 jam

504 1166 757 1229 coeperant
776 1156 967 1217 videri;
989 1162 1035 1207 et
1056 1153 1208 1221 ﬁdem
1224 1147 1544 1210 catholicam,
1570 1159 1667 1213 pro
1679 1158 1777 1211 qua
1797 1141 1923 1194 nihil
1940 1150 2086 1210 posse

507 1251 609 1305 dici
637 1250 875 1302 adversus
904 1252 1253 1315 oppugnantes
1295 1238 1605 1293 Manichatos
1637 1242 1947 1305 putaveram,
1967 1232 2085 1301 jam

508 1360 611 1397 non
636 1339 949 1411 impudenter
977 1335 1133 1391 asseri
1156 1329 1499 1387 existimabam
1514 1340 1535 1390 ς
1562 1325 1781 1381 maxime
1795 1324 1967 1377 audito
1982 1337 2085 1377 uno

508 1444 659 1502 atque
682 1432 859 1495 altera,
887 1436 934 1481 et
960 1426 1147 1496 sapius
1166 1423 1431 1493 wnigmate
1453 1418 1618 1473 soluto
1638 1417 1702 1469 de
1719 1414 1936 1485 Scriptis
1955 1422 2086 1467 oete-

510 1523 684 1577 ribus:
702 1520 806 1585 ubi,
830 1533 941 1571 cum
969 1517 1036 1569 ad
1063 1515 1278 1569 litteram
1295 1510 1588 1579 acciperem,
1615 1504 1894 1561 occidebar.
1918 1504 2087 1575 Spiri-

512 1613 714 1665 tuialiter
739 1611 906 1679 itaque
926 1605 1173 1678 plerisque
1190 1603 1392 1658 illorum
1416 1599 1657 1654 librorum
1683 1596 1919 1666 expositis
1937 1596 2079 1658 locis,

507 1704 617 1777 jam
630 1698 1045 1770 reprehendebam
1060 1694 1458 1765 desperationem
1480 1702 1664 1754 meum,
1680 1687 1825 1741 illaut
1840 1687 2091 1740 duntaxat

513 1811 613 1862 qua
639 1793 949 1847 credideram
971 1789 1151 1860 Legem
1177 1796 1227 1842 et
1244 1785 1528 1856 Prophetas
1560 1781 1919 1837 detestantibus
1939 1790 2091 1849 atque

510 1883 834 1939 irridentibus
872 1881 1035 1936 resisti
1060 1880 1262 1934 omnino
1292 1892 1392 1931 non
1421 1889 1584 1945 posse.
1630 1872 1742 1927 Nec
1776 1882 1941 1926 tamen
1972 1872 2091 1940 jam

511 1975 625 2030 ideo
646 1974 769 2028 mihi
785 1973 1084 2027 catholicam
1102 1971 1233 2025 uiam
1254 1964 1519 2022 tenendam
1541 1978 1648 2020 esse
1663 1963 1950 2029 sentiebam,
1967 1962 2087 2034 quia

514 2076 561 2121 et
584 2066 695 2137 ipsa
720 2074 918 2137 poterat
939 2063 1119 2117 habere
1146 2062 1316 2115 doctos
1335 2068 1604 2113 assertores
1620 2073 1756 2118 suos,
1784 2057 1869 2125 qui
1888 2055 2088 2124 copiose

514 2167 562 2212 et
588 2173 686 2210 non
710 2156 922 2209 absurde
948 2153 1139 2223 objecta
1159 2150 1469 2220 refellerent;
1490 2162 1578 2200 nec
1597 2137 1708 2199 ideo
1722 2144 1827 2214 fam
1844 2145 2091 2197 damnan-

517 2250 636 2302 dum
665 2246 793 2300 illud
817 2244 950 2316 quod
975 2244 1219 2306 tenebam,
1248 2241 1363 2309 quia
1391 2237 1693 2307 defensionis
1733 2240 1898 2304 partes
1917 2248 2087 2303 mqua-

521 2342 718 2390 bantur.
749 2333 833 2388 Ita
859 2334 989 2387 enim
1014 2330 1272 2385 Catholica
1295 2342 1395 2382 non
1429 2326 1552 2381 mihi
1579 2326 1708 2380 victa
1733 2323 2006 2386 uidebatur,
2035 2332 2090 2377 ut

518 2428 740 2480 nondum
768 2426 918 2480 etiam
944 2422 1123 2476 victrix
1157 2424 1443 2490 appareret.
1475 2415 1614 2472 Tunc
1653 2428 1768 2469 vero
1795 2416 1986 2486 fortiter
2012 2415 2092 2468 in-

518 2517 654 2570 tendi
680 2516 925 2580 animum,
953 2514 999 2568 si
1021 2530 1119 2583 quo
1145 2512 1294 2565 modo
1320 2524 1514 2580 possem
1550 2508 1695 2561 certis
1721 2505 1970 2575 aliquibus
1994 2505 2089 2559 do-

517 2609 760 2664 cumentis
787 2606 1095 2661 Manio/neos
1114 2604 1401 2658 convincere
1425 2600 1679 2671 falsitatis.
1720 2597 1868 2664 Quod
1897 2598 1942 2651 si
1974 2612 2092 2666 pos-

516 2717 622 2755 sem
647 2697 957 2768 spiritualem
983 2693 1313 2749 substantiam
1355 2691 1594 2762 cogitare,
1626 2688 1797 2742 statim
1831 2687 2093 2739 machina-

520 2800 687 2846 menta
723 2787 813 2843 illa
844 2787 1012 2841 onmia
1036 2786 1342 2839 solverentur
1376 2791 1421 2836 et
1457 2782 1787 2851 abjicerentur
1824 2795 1887 2833 es:
1926 2779 2095 2832 animo

522 2898 632 2936 meo
647 2898 665 2948 ;
688 2880 779 2936 sed
802 2895 903 2933 non
928 2885 1170 2949 poteram.
1206 2869 1555 2928 Verumtamen
1579 2872 1642 2925 de
1659 2871 1769 2941 ipso
1798 2869 1973 2923 mundi
2002 2870 2097 2921 lut-

521 2975 607 3038 ius
628 2984 855 3043 corpore,
879 2967 1110 3037 omnique
1129 2973 1311 3019 natura
1329 2979 1480 3033 quam
1503 2976 1677 3017 sensus
1695 2961 1861 3014 carnis
1885 2960 2097 3029 attinge-

524 3071 620 3127 ret,
660 3061 818 3114 multa
860 3057 1193 3129 probabiliora
1221 3056 1479 3125 plerosque
1513 3052 1725 3106 sensisse
1748 3050 2091 3118 philosophos,

524 3152 685 3223 magis
722 3150 977 3220 magisque
1001 3146 1323 3201 considerans
1359 3152 1509 3212 atque
1545 3156 1859 3209 comparans,
1892 3138 2098 3209 judica-

522 3245 660 3296 bant.
700 3240 878 3310 Itaque
904 3238 1316 3293 Academicorum
1361 3250 1516 3300 more,
1562 3233 1688 3288 sicut
1727 3232 2094 3297 existimantur,

526 3332 762 3387 dubitans
786 3332 848 3385 de
869 3329 1094 3384 omnibus
1117 3337 1263 3400 atque
1284 3327 1413 3380 inter
1436 3325 1603 3379 omnia
1622 3324 1894 3393 fluctuans,
1922 3320 2098 3375 Munia-

527 3425 691 3488 ehazos
718 3421 915 3492 quidem
951 3417 1302 3487 relinquendos
1326 3432 1431 3470 esse
1463 3415 1655 3467 decrevi
1676 3430 1694 3468 :
1716 3424 1813 3466 non
1850 3413 2098 3465 arbitrans

525 3532 585 3569 eo
608 3514 718 3585 ipso
739 3521 962 3582 tempore
984 3508 1307 3563 dubitationis
1333 3522 1461 3560 mea:
1484 3506 1535 3560 in
1567 3506 1658 3559 illa
1685 3515 1816 3558 secta
1834 3505 1958 3557 mihi
1978 3521 2097 3574 per-

530 3605 830 3659 manendum
858 3617 984 3669 esse,
1011 3600 1095 3655 cui
1108 3600 1223 3670 jam
1250 3598 1519 3652 nonnullos
1544 3596 1867 3666 philosOphos
1896 3612 2099 3666 praepo-

527 3693 706 3749 uebam
724 3710 743 3748 :
764 3692 944 3764 quibus
966 3701 1133 3744 tamen
1156 3688 1485 3758 philosophis,
1513 3687 1645 3756 quod
1665 3686 1774 3739 sine
1796 3686 1995 3739 nomine
2012 3702 2098 3740 sa-

528 3785 682 3839 lutari
702 3782 887 3839 Christi
914 3788 1095 3843 essent,
1125 3779 1431 3833 curationem
1469 3778 1727 3847 languoris
1767 3777 1951 3830 animi:
1978 3792 2101 3830 mea:

530 3876 833 3929 committere
863 3873 1065 3927 omnino
1090 3870 1399 3925 recusabam.
1430 3866 1601 3924 Statui
1630 3882 1749 3940 ergo
1773 3869 1966 3923 tamdiu
1997 3885 2102 3923 esse

531 3966 913 4021 catcchumenus
940 3964 993 4019 in
1016 3962 1265 4017 catholica
1292 3959 1545 4026 Ecclesia,
1582 3959 1705 4013 mihi
1742 3977 1775 4013 a
1816 3959 2102 4030 parentibus

534 4055 902 4121 commendata,
942 4056 1098 4109 donec
1120 4052 1315 4122 aliquid
1341 4052 1463 4106 certi
1501 4051 1736 4115 eluceret,
1774 4068 1870 4121 quo
1898 4068 2103 4104 cursum

534 4147 797 4220 dirigerent
824 4144 994 4218 (Conf.
1018 4145 1106 4200 lib.
1129 4142 1184 4211 5,
1211 4159 1326 4214 cap.
1364 4142 1451 4208 Η,
1488 4159 1577 4195 nn.
1605 4140 1694 4207 94,
1725 4138 1841 4214 25).
1875 4142 2101 4211 ldipsum

534 4253 717 4297 rursm
741 4238 925 4294 scribit
946 4236 1013 4292 ad
1042 4237 1365 4292 Honoratum
1392 4236 1444 4290 in
1472 4235 1585 4289 brae
1612 4234 1769 4289 verba
1793 4251 1806 4288 :
1836 4234 2104 4289 Rationem

532 4346 641 4398 ipse
676 4344 866 4383 mecum
906 4326 1077 4394 habui,
1117 4340 1447 4397 magnamque
1470 4324 1888 4388 deliberationem,
1910 4324 2023 4395 jam
2052 4324 2103 4377 in

534 4419 571 4473 Ι
570 4420 692 4474 talia
719 4419 1035 4482 constitutus,
1063 4433 1163 4470 non
1192 4426 1356 4469 utrum
1390 4429 1639 4468 manerem
1665 4414 1717 4468 in
1742 4415 1831 4467 illa
1868 4425 2021 4479 secta,
2053 4415 2106 4468 in

533 4524 684 4582 quam
704 4527 783 4565 me
794 4509 1028 4563 incidisse
1051 4506 1314 4580 poenitebat
1330 4506 1464 4571 ;1sed
1485 4522 1703 4575 quonam
1744 4506 1894 4559 modo
1939 4522 2107 4560 verum

535 4601 888 4657 inveniendum
907 4608 1053 4666 esset,
1085 4599 1139 4652 in
1172 4599 1318 4669 cujus
1344 4613 1566 4651 amorem
1589 4597 1809 4667 suspiria
1847 4612 1957 4649 mea
1980 4596 2106 4651 nulli

535 4693 713 4748 melius
747 4707 897 4762 quam
936 4690 1026 4745 tibi
1054 4698 1172 4745 nota
1206 4699 1347 4745 sunt.
1374 4688 1526 4759 Saepe
1549 4690 1673 4742 mihi
1701 4688 1982 4755 videbatur,
2007 4705 2108 4743 non

538 4802 682 4857 posse
705 4783 934 4847 inueniri,
963 4783 1229 4855 magnique
1264 4782 1449 4852 fluctus
1488 4780 1844 4851 cogitationum
1882 4796 2112 4834 mearum

534 4879 589 4931 in
630 4875 1042 4931 Academicorum
1067 4871 1364 4944 suﬂ'ragium
1391 4872 1697 4942 ferebantur.
1743 4870 1893 4939 Sapo
1934 4887 2109 4926 rursus

537 4962 759 5032 intuens,
775 4974 1018 5037 quantum
1048 4972 1292 5035 poterant,
1316 4971 1528 5016 mentem
1553 4961 1825 5014 humanam
1848 4970 1952 5014 tam
1976 4961 2113 5015 uiua»

536 5074 664 5122 cent,
685 5067 789 5111 tam
807 5072 1057 5126 sagacem,
1081 5062 1557 5125 tampersptcacem,
1578 5069 1680 5108 non
1700 5053 1940 5123 putabam
1956 5056 2112 5109 latere

541 5149 812 5215 veritatem,
839 5150 938 5203 nisi
958 5148 1089 5217 quod
1112 5150 1165 5202 in
1191 5163 1254 5200 ea
1273 5146 1528 5215 quaerendi
1552 5144 1729 5199 modus
1753 5145 1946 5210 lateret,
1969 5160 2111 5201 eum-

539 5241 752 5310 dernque
773 5243 943 5313 ipsum
976 5240 1265 5296 modumab
1292 5237 1461 5309 aliqua
1492 5238 1662 5293 diuina
1683 5241 1981 5293 auctoritate
2006 5254 2112 5293 esse

539 5334 853 5386 sumendum.
900 5333 1139 5388 Restabat
1167 5347 1387 5403 querere
1411 5344 1649 5402 mnam
1667 5330 1759 5384 illa
1782 5339 1908 5385 esset
1930 5340 2110 5385 aucto-

542 5425 687 5489 ritas,
716 5439 835 5478 cum
859 5424 912 5477 in
940 5424 1095 5478 tantis
1116 5421 1503 5478 dissensionibus
1524 5436 1579 5477 se
1604 5421 1808 5491 quisque
1834 5419 1979 5475 illam
2006 5431 2110 5475 tra-

541 5520 763 5573 diturum
814 5521 1145 5589 polliceretur.
1196 5519 1498 5576 Occurrebat
1544 5519 1697 5591 igitur
1747 5519 2112 5592 inexplicabilis

542 5610 688 5673 silva,
719 5608 799 5662 cui
822 5626 1025 5663 aemum
1049 5611 1199 5666 inseri
1219 5612 1429 5666 multum
1453 5613 1671 5684 pigebat,
1694 5613 1991 5682 atqueinter
2004 5614 2110 5666 hteo

545 5704 650 5756 σέηε
674 5698 778 5753 Ulla
806 5701 989 5774 requie,
1013 5706 1284 5774 cupiditate
1306 5705 1585 5775 reperiendi
1607 5705 1710 5760 reri
1732 5704 1929 5763 animus
1947 5706 2110 5775 agito.
2150 5732 2156 5738 ’

3664 303 3773 358 ίθθ

2187 415 2351 469 batur.
2402 414 2703 469 Dissuebans
2745 429 2824 470 me
2860 422 3027 469 tamen
3064 415 3223 485 magis
3253 414 3510 484 magisque
3542 414 3606 469 ab
3630 415 3767 479 istis,

2184 521 2308 573 quos
2334 506 2450 576 jam
2489 507 2715 560 deserere
2738 521 3119 576 praposueram.
3160 505 3395 559 Restabat
3426 515 3592 560 autem
3620 506 3770 561 aliud

2185 594 2316 649 nihil
2339 596 2393 649 in
2421 596 2572 649 tantis
2598 595 2856 664 periculis,
2900 611 3050 666 quam
3073 605 3128 649 ut
3153 595 3373 649 divinam
3402 595 3769 665 prouidentiam

2186 686 2479 758 lacrymosis
2498 696 2543 741 et
2563 686 2923 740 miserabilibus
2941 686 3160 751 vocibus,
3192 695 3246 739 ut
3271 701 3417 757 opem
3446 688 3568 740 mihi
3589 688 3769 756 ferret,

2187 775 2500 845 deprecarer.
2529 778 2691 848 Atque
2726 776 2781 829 id
2814 775 2992 830 sedulo
3021 776 3284 846 faciebam.
3315 774 3385 830 Et
3413 778 3527 847 jam
3553 782 3658 847 fere
3682 793 3768 833 me

2186 875 2548 920 commoverant
2570 867 2828 920 nonnullae
2846 866 3209 937 disputationes
3230 865 3624 923 Mediolanensis
3650 870 3768 940 epi-

2186 956 2346 1024 scopi,
2374 965 2427 1008 ut
2450 972 2550 1009 non
2572 956 2680 1009 sine
2701 973 2790 1027 spe
2813 958 2985 1027 aliqua
3010 954 3073 1008 de
3113 956 3225 1026 ipso
3252 954 3424 1009 Vetere
3448 955 3768 1012 Testamento

2187 1046 2346 1099 multo
2363 1061 2588 1114 quierere
2608 1060 2873 1115 cuperem;
2908 1061 3041 1114 quin,
3069 1054 3122 1097 ut
3144 1045 3264 1107 scis,
3291 1045 3424 1099 male
3459 1047 3601 1101 nobis
3625 1061 3770 1102 com-
3804 1076 3807 1079 -

2186 1136 2422 1187 mendata
2450 1136 2847 1188 exsecrabantur.
2877 1134 3297 1203 Decreveramque
3328 1136 3521 1188 tamdiu
3548 1148 3653 1191 esse
3678 1150 3771 1191 ca-

2189 1226 2505 1277 techumenos
2529 1224 2580 1277 in
2607 1223 2855 1289 Ecclesia,
2882 1225 2964 1276 cui
2990 1224 3207 1277 traditus
3230 1242 3262 1277 a
3286 1227 3574 1295 parentibus
3599 1236 3766 1290 erant.

2187 1316 2344 1369 donec
2370 1326 2460 1368 aut
2483 1317 2750 1369 invenirem
2777 1316 2912 1385 quod
2935 1316 3134 1382 seltem,
3162 1326 3250 1370 aut
3269 1317 3393 1370 mihi
3417 1318 3768 1388 persuaderent

2188 1424 2291 1462 non
2310 1423 2417 1462 esse
2437 1408 2781 1477 querendum.
2806 1409 3303 1477 Opportunissimum
3322 1425 3440 1479 ergo
3456 1427 3535 1463 me
3547 1426 3607 1463 ac
3620 1410 3771 1469 valde

2188 1497 2402 1551 docilem
2429 1507 2549 1551 tunc
2584 1498 2805 1551 irwenire
2832 1508 3019 1566 posset,
3056 1498 3103 1553 si
3139 1499 3311 1570 fuisset
3344 1500 3434 1569 qui
3468 1510 3632 1571 posset
3664 1499 3769 1555 do-

2188 1605 2302 1643 cere
2326 1588 2428 1661 (De
2454 1588 2687 1644 Utilitate
2709 1587 2966 1653 credendi,
2989 1605 3043 1642 Is.
3065 1586 3181 1660 20).

2820 1699 3046 1757 CAPUT
3083 1698 3176 1755 Ill.-

2191 1788 2219 1844 1
2251 1784 2496 1843 Honnica
2511 1787 2863 1843 ledioianusn
2884 1791 3034 1844 venit.
3061 1789 3103 1845 Ξ
3133 1788 3414 1861 Augustino
3439 1790 3584 1845 nulla
3616 1792 3772 1862 copia

2260 1880 2411 1933 datur
2440 1880 2727 1934 sciscitandi
2752 1894 2865 1950 quae
2889 1883 3059 1951 cupit,
3107 1881 3169 1935 ab
3207 1882 3468 1937 Ambrosio
3506 1884 3765 1955 episeopo.

2260 1973 2297 2029 5
2319 1970 2592 2029 Conciones
2624 1975 2735 2044 ejus
2772 1974 2844 2027 ad
2880 1975 3121 2044 populum
3158 1975 3336 2029 audire
3366 1984 3672 2045 perseverat,
3697 1993 3773 2034 ex

2260 2063 2422 2136 iisque
2446 2065 2605 2134 magis
2630 2065 2685 2117 in
2706 2066 2812 2119 dies
2836 2080 3002 2118 veram
3031 2062 3272 2120 Ecclesiae
3294 2065 3554 2119 catholica:
3580 2068 3773 2121 άυεινίδ

2261 2168 2384 2210 nant
2401 2154 2652 2226 intelligit.
2678 2156 2712 2211 4
2733 2153 2883 2210 Fidei
2916 2157 3255 2211 necessitatem
3278 2164 3329 2210 et
3347 2157 3597 2212 salubrem
3622 2158 3772 2214 Scri-

2262 2255 2522 2318 pturmm
2552 2246 2896 2299 auctoritatem
2929 2246 3173 2316 agnoscit.
3219 2246 3253 2301 5
3287 2247 3465 2300 Adhuc
3491 2248 3686 2301 laborat
3705 2250 3766 2303 in

2263 2336 2534 2407 quastione
2560 2335 2624 2389 de
2660 2334 2784 2389 ηιαῆ
2825 2337 3035 2408 origine.
3067 2336 3101 2390 ϐ
3130 2330 3513 2391 Platonicorum
3556 2337 3771 2393 lectione

2265 2427 2461 2498 proﬁcit
2480 2426 2534 2480 in
2557 2428 2842 2498 cognitione
2861 2426 2977 2491 Dei,
2997 2440 3097 2479 non
3124 2435 3293 2480 autem
3326 2425 3473 2481 Verbi
3494 2428 3771 2483 incantati.

2263 2516 2789 2574 7‘Commiscrationis
2816 2533 2964 2571 sensu
3011 2517 3226 2587 afﬁcitur
3257 2512 3312 2572 in
3346 2532 3431 2573 eos
3467 2519 3555 2588 qui
3596 2512 3778 2574 Mani-

2265 2608 2517 2662 chaorum
2540 2624 2710 2661 errore
2726 2616 2843 2662 sunt
2874 2606 3136 2677 implicati.

2268 2700 2319 2753 ί.
2343 2694 2569 2753 Periculi
2594 2700 2749 2768 plena
2759 2708 2873 2754 erat
2897 2700 2981 2754 illa
3002 2698 3301 2753 iitmielndi
3324 2700 3432 2755 veri
3452 2698 3781 2769 desperatio,

2198 2790 2253 2845 in
2281 2800 2390 2860 qua
2426 2793 2739 2845 Vcs-satismr
2765 2790 3090 2861 Augustinus
3110 2831 3125 2856 ,
3155 2790 3297 2860 quod
3323 2802 3389 2846 ex
3422 2806 3482 2844 ea
3514 2800 3783 2860 torporac

2199 2880 2512 2949 negligentia
2523 2882 2639 2949 ejus
2655 2879 2951 2950 inquirendi
2970 2888 3296 2935 nasceretur.
3322 2879 3509 2935 Verum
3528 2881 3641 2937 hwc
3661 2882 3785 2937 ani-

2200 2972 2277 3026 mi
2297 2972 2625 3037 conatitntio,
2668 2980 2759 3027 aut
2789 2971 2963 3042 potius
3002 2970 3313 3026 instabilitas
3351 2980 3405 3025 et
3442 2986 3637 3039 αηρενς
3673 2970 3783 3026 llu-

2199 3066 2416 3130 ctnatio,
2446 3066 2512 3119 ad
2539 3078 2699 3134 quam
2723 3060 2902 3118 audito
2924 3062 3208 3117 Ambrosio
3226 3062 3508 3132 perductus
3528 3072 3661 3124 erat,
3680 3061 3786 3116 fuit

2200 3156 2366 3209 instar
2388 3154 2710 3208 accessionis
2732 3152 2955 3217 critica,
2988 3160 3265 3221 perquam
3290 3151 3685 3221 abmgritudinc
3709 3150 3784 3206 ad

2199 3247 2498 3309 sanitatem,
2528 3248 2913 3301 intercurrente
2937 3244 3149 3298 acriore
3166 3243 3421 3312 periculo,
3460 3253 3579 3297 erat
3606 3250 3793 3297 transd

2200 3336 2369 3393 Iun-ns
2390 3336 2612 3410 (Confes.
2633 3337 2731 3392 lib.
2752 3337 2805 3399 6,
2828 3352 2942 3407 cap.
2972 3336 3026 3402 ί,
3047 3351 3101 3390 n.
3119 3333 3196 3406 i).
3229 3334 3294 3389 Et
3328 3349 3398 3388 eo
3421 3335 3635 3403 quidem
3663 3334 3791 3390 loco

2201 3429 2403 3497 positus
2415 3434 2548 3491 erat,
2561 3441 2680 3481 cum
2695 3427 2931 3480 aniea
2949 3438 3083 3481 terra
3099 3426 3335 3496 marique
3350 3425 3513 3480 lilium
3526 3427 3785 3492 insecuta,

2208 3519 2557 3574 Mediolanum
2590 3517 2979 3588 pervenit.Qu:e
3006 3517 3093 3571 ubi
3122 3520 3284 3572 totius
3309 3518 3384 3573 rei
3404 3519 3601 3572 certior
3628 3518 3695 3571 ab
3716 3532 3787 3572 eo

2202 3609 2336 3665 facta
2355 3616 2456 3674 est,
2480 3608 2688 3665 tametsi
2715 3609 2992 3677 voluptatis
3015 3608 3206 3663 exinde
3245 3608 3438 3678 aliquid
3460 3609 3619 3676 cepit,
3640 3607 3785 3678 quod

2202 3701 2412 3769 falsitati
2443 3708 2680 3771 ereptum
2720 3708 2963 3755 cerneret
2985 3716 2999 3754 :
3019 3712 3125 3756 non
3156 3708 3354 3765 tamen,
3377 3700 3525 3768 quasi
3545 3699 3787 3768 inopina-

2206 3805 2314 3848 tum
2332 3793 2522 3865 aliquid
2535 3792 2774 3858 audierit,
2797 3793 2849 3846 in
2866 3792 3221 3846 turbulentam
3234 3806 3292 3847 se
3310 3791 3541 3844 laetitiam
3560 3790 3749 3845 extulit
3769 3810 3785 3855 ;

2203 3882 2295 3937 sed
2332 3892 2511 3939 meme
2550 3880 2751 3950 placida
2795 3890 2851 3936 et
2884 3880 3089 3937 fiduciae
3130 3881 3281 3950 plena
3320 3880 3450 3935 dixit
3473 3921 3490 3946 ,
3517 3878 3791 3935 conﬁdere

2203 3983 2264 4027 se
2285 3973 2337 4027 in
2364 3971 2594 4031 Christo.
2620 3972 2733 4027 fore
2760 3979 2818 4026 ut
2844 3971 3153 4041 priusquam
3168 3986 3235 4025 ex
3261 3972 3361 4025 hac
3383 3972 3488 4026 vita
3514 3972 3789 4042 migraret,

2204 4071 2325 4119 eum
2347 4063 2521 4116 visura
2534 4072 2676 4117 esset
2703 4061 2910 4117 ﬁdelem
2940 4060 3259 4117 catholicum
3280 4060 3474 4131 (Ibid).

2274 4154 2329 4209 2.
2356 4155 2713 4210 latere-arcto
2739 4155 2995 4225 temporis
3024 4168 3147 4209 cum
3179 4154 3503 4223 Augustinus
3533 4154 3611 4209 ad
3637 4153 3793 4225 inge-

2208 4246 2543 4301 miscend‘um
2555 4260 2619 4301 ac
2636 4245 2753 4301 Deo
2765 4245 3002 4315 supplies
3009 4244 3175 4298 ndinn
3186 4242 3430 4298 assiduus
3446 4257 3566 4299 esse
3577 4243 3794 4299 debuiso'

2208 4345 2309 4404 set,
2326 4352 2432 4407 quo
2444 4342 2503 4392 ei
2516 4335 2849 4402 subveniret;
2870 4346 2987 4390 erat
3001 4336 3206 4389 animus
3222 4334 3339 4404 ejus
3359 4334 3425 4390 ad
3445 4334 3797 4405 qumrendum

2211 4431 2463 4495 intentos,
2501 4434 2556 4484 et
2581 4425 2653 4484 ad
2679 4425 3053 4484 disserendum
3083 4427 3365 4497 inquietus.
3394 4424 3503 4482 Nec
3526 4436 3653 4480 vero
3680 4426 3790 4482 ulla

2213 4528 2327 4574 erat
2375 4518 2433 4574 ei
2464 4520 2619 4589 copia
2662 4514 3090 4573 communicandi
3133 4530 3253 4571 cum
3306 4515 3589 4571 Ambrosio
3628 4515 3795 4572 dubia

2213 4617 2481 4679 aestusque
2503 4622 2650 4674 suos,
2667 4606 3063 4663 secludentibus
3079 4607 3229 4662 illum
3251 4606 3320 4660 ab
3342 4605 3458 4675 ejus
3475 4619 3605 4661 aure
3629 4610 3795 4675 atque

2212 4714 2311 4756 ore
2334 4700 2563 4755 catervis
2580 4698 2977 4770 negotiosam
2996 4696 3287 4761 hominum,
3315 4706 3541 4765 quorum
3568 4694 3798 4750 intimi-

2214 4791 2411 4846 tatibns
2445 4788 2733 4845 serviebat;
2764 4789 2845 4845 Ac
2876 4801 3036 4843 nemo
3066 4787 3283 4857 quidem
3302 4795 3531 4856 unquam
3560 4786 3635 4840 ad
3663 4787 3823 4855 Anu

2214 4882 2449 4937 brosiutn
2471 4879 2731 4936 accedere
2742 4876 3143 4949 prohibebatur,
3162 4890 3333 4945 neque
3352 4874 3403 4930 ci
3422 4875 3650 4945 nuntiari
3670 4886 3795 4930 mos

2214 4979 2348 5035 erat,
2380 4971 2425 5024 si
2453 4969 2571 5040 quis
2595 4967 3005 5033 atl‘so'veniret;
3044 4974 3176 5021 cum
3196 4964 3447 5020 omnibus
3464 4964 3685 5019 liberam
3705 4962 3795 5018 sui

2216 5062 2429 5132 copiam
2444 5060 2606 5116 homo
2630 5060 2770 5113 bono
2792 5057 3004 5128 publica
3026 5065 3183 5111 natus
3200 5055 3530 5124 devotusque
3550 5054 3688 5108 ultro
3708 5051 3797 5106 fa.

2215 5164 2396 5209 ceret:
2424 5152 2519 5208 sed
2539 5164 2657 5207 cum
2688 5150 2757 5205 ad
2777 5162 2900 5206 eum
2934 5147 3261 5219 Augustinus
3288 5146 3535 5216 nequeas
3565 5142 3796 5199 ventitar-

2216 5254 2317 5306 t'et.
2340 5243 2722 5300 feriatumtioet
2750 5242 2818 5297 ab
2843 5239 3070 5311 Strepltn
3096 5246 3377 5293 causarum
3402 5236 3701 5290 alienarum
3718 5228 3816 5311 in}

2220 5276 2317 5306 [σι.
2340 5276 2583 5300 scuatusu
2602 5276 2722 5297 uth
2750 5276 2818 5297 ..υ
2845 5276 2954 5295 σιω
2997 5276 3070 5294 ιιι.
3096 5276 3372 5293 πωπω...
3402 5276 3694 5290 ................

2220 5337 2435 5392 tet-dum
2470 5336 2773 5405 repetisset,
2818 5276 3059 5403 tetigtan
3098 5339 3273 5386 tamen
3313 5328 3541 5383 habebat
3575 5276 3824 5410 lectioni!

2216 5429 2478 5483 intentum
2497 5427 2600 5480 alio
2627 5420 3052 5497 avocare(lbid.,
3072 5434 3185 5491 cap.
3200 5420 3255 5485 3,
3270 5434 3322 5475 n‘.
3349 5419 3424 5490 ὃ).
3441 5415 3802 5485 Quamobrem

2219 5520 2363 5575 nulla
2393 5514 2845 5572 dabaturoccnsio
2872 5508 3255 5583 percunctandi
3277 5520 3394 5578 qum
3416 5507 3595 5568 vellet,
3622 5503 3729 5559 nisi
3748 5504 3802 5559 si

2217 5627 2334 5681 qua:
2362 5608 2579 5665 forsitan
2603 5606 2779 5676 paucis
2800 5604 3051 5676 explicari
3080 5612 3327 5673 possent:
3344 5596 3802 5669 quemadmodum

2220 5703 2347 5757 illud
2380 5702 2446 5758 de
2468 5696 2753 5754 relaxando
2778 5692 2984 5751 sabbati
3012 5692 3101 5750 die
3120 5692 3322 5764 jejunio
3346 5689 3471 5763 (qua
3499 5688 3568 5744 de
3588 5702 3651 5743 re
3678 5700 3805 5740 ωει-
