1997 3176
245 148 296 183 103

243 212 355 246 phorum
367 206 515 239 sententiae,
525 201 621 242 quibus
630 205 764 241 ingenium
774 205 916 237 imbuerat,
927 205 1033 231 insitam

243 256 406 292 opinionem,
420 260 472 290 qua
486 257 513 280 et
528 253 683 280 Deum'csse
694 272 701 284 ,
715 256 743 279 et.
756 255 844 279 rerum
861 251 1036 277 humanarum

244 301 502 329 administrationem
523 299 555 326 ad
576 305 637 326 enm
660 297 792 332 pertinere
811 295 955 328 credebat,
979 295 1037 329 ejus

245 348 334 374 animo
358 350 492 380 nunquam
515 343 683 379 depulerunt.
707 342 740 368 Id
757 341 902 371 credebant,
918 340 973 373 ait,"
986 341 1036 367 ali-
1055 344 1057 346 '

245 393 346 427 quando
360 392 497 422 robustius,
512 389 648 423 aliquando
661 388 767 418 exilius;
779 393 875 421 semper
888 390 970 414 tamen
984 390 1039 412 ore-

244 438 313 469 didi,
329 442 352 464 et
365 444 418 464 esse
430 441 462 467 te,
478 440 502 462 et
511 443 598 462 curam
612 434 691 461 nostri
705 440 808 468 gerere;
819 432 914 458 etiamsi
931 432 1036 466 ignoraa

244 484 301 510 bant
314 483 352 509 vel
364 481 425 516 quid
436 480 591 508 sentiendum
603 483 665 506 esset
675 479 706 505 de
714 478 853 505 substantia
869 482 922 510 tua,
933 478 972 503 uel
982 485 1038 511 qum

244 529 285 556 via
297 528 397 554 duceret
406 531 449 553 aut
459 526 586 553 reduceret
597 524 630 551 ad
641 529 664 551 te
673 523 764 560 (Ibid).
775 523 917 550 “terebant
929 523 1038 556 insuper

245 574 334 601 animo
355 574 434 600 timor
455 571 564 603 mortis,
585 570 665 597 futuri
689 569 770 596 divini
791 568 882 603 judicii
905 568 1035 600 formido,

245 627 306 655 spes
319 618 532 649 immortalitatis,
545 622 623 651 atque
635 619 700 643 acta:
711 616 772 642 vita:
783 615 935 641 meritorum
949 613 1036 640 futura

247 664 396 699 dispunctio
407 671 436 690 ac
449 666 553 690 merces
566 661 637 688 nulla
652 660 804 695 opinionum
816 659 969 686 diversitate
979 658 1036 692 ejus

246 711 355 745 pectore
379 709 508 736 submotze
520 706 631 741 :quibus
644 705 725 732 veluti
740 704 823 731 frenis
833 704 976 731 coercitum
991 710 1035 737 se,

244 760 325 791 atque
339 763 353 781 a
369 753 539 789 profundiore
555 753 729 779 obscenarum
749 750 914 784 voluptatum
934 750 1037 785 gurgite

245 806 399 830 revocatum
413 798 606 835 scribit(lbid.,
622 806 678 833 cap.
697 797 739 828 t6,
754 805 779 823 η.
795 796 857 832 26).

280 847 307 875 5.
322 846 378 873 Etsi
392 852 457 873 vero
470 845 552 872 Deum
566 843 725 878 cogitatione
738 849 791 868 non
805 840 945 875 complecti
958 840 1037 867 aliter

243 896 343 927 posset,
363 898 441 926 quam
460 898 509 917 ceu
529 888 722 915 nobilissimum
744 886 850 921 aliquod
871 893 969 920 corpus
986 886 1036 912 im-

245 945 335 965 mensa
354 936 423 963 mole
443 941 652 970 quaquaversum
668 932 792 959 diﬂ'usum
804 952 810 964 ,
826 936 1033 965 extensumqnc;

244 980 503 1010 incontaminabllem
518 984 615 1011 tamen,
628 977 865 1011 ineorruptibilem,
877 982 909 1004 ac
921 976 992 1003 nulla
1002 984 1036 1003 ex

243 1032 318 1062 parte
331 1025 484 1053 mutabilem
499 1024 556 1059 ejus
566 1044 574 1057 ,
589 1030 763 1058 qumcumque
776 1021 881 1049 tandem
895 1021 939 1048 illa
953 1025 1034 1053 esset,

243 1076 364 1100 naturam
373 1072 528 1099 inconcusse
540 1069 646 1097 tenebat
655 1068 748 1101 (Ibid.,
761 1067 804 1094 lib.
816 1068 843 1101 7,
853 1075 910 1102 cap.
922 1068 983 1099 i,n.
993 1066 1033 1102 2).

243 1118 301 1151 Quo
321 1116 440 1144 insanius
459 1115 573 1142 delirare
592 1113 771 1140 arbitrabatur
794 1112 964 1145 Manichzeos,
990 1113 1035 1147 qui

242 1164 358 1191 divinam
372 1161 546 1189 substantiam
561 1159 630 1186 malo
642 1158 767 1194 patiendo
780 1158 922 1185 obnoxiam
933 1178 940 1189 ,
953 1165 1034 1193 quam

242 1213 317 1235 suam
347 1207 464 1242 ipsorum
487 1204 558 1232 malo
577 1203 753 1239 perpetrando
775 1210 848 1230 ream
869 1202 969 1234 teneri,
993 1210 1035 1229 sa-

241 1254 294 1281 tius
317 1252 500 1280 existimarent
526 1250 634 1286 (lbid.,
649 1257 706 1285 cap.
728 1250 760 1282 5,
782 1254 853 1275 num.
874 1248 922 1285 4).
947 1248 1034 1276 Nihil—

241 1299 348 1327 ominus
380 1303 470 1326 tamen
501 1304 623 1332 quaenam
655 1300 726 1323 esset
754 1295 817 1322 mali
847 1295 938 1330 origo,
964 1302 1034 1322 non-

240 1345 304 1372 dum
324 1342 440 1371 dilucide
460 1342 610 1377 perspicere
625 1344 735 1376 poterat.
754 1340 917 1367 Occurrebat
931 1340 1033 1367 interea

241 1390 348 1427 quidem
365 1389 456 1417 solerti
468 1388 567 1421 animo,
580 1388 650 1422 quod
664 1387 807 1414 identidem
821 1386 910 1414 auditu
921 1386 1034 1421 accipie-

241 1437 287 1464 bat
296 1456 304 1469 ,
322 1435 434 1462 liberqu
456 1433 599 1461 voluntatis
612 1432 749 1459 arbitrium
760 1452 767 1464 ,
781 1431 838 1466 ejus
852 1431 922 1466 quod
935 1432 1034 1459 iacere-

240 1487 311 1515 mus,
327 1485 427 1509 rectum
439 1487 501 1507 vero
512 1479 558 1507 Dei
566 1478 705 1514 judicium,
718 1478 777 1512 ejus
787 1477 856 1513 quod
868 1482 1031 1512 pateremur,

242 1526 305 1555 mali
320 1534 415 1555 causas
430 1533 507 1558 esse;
523 1525 570 1552 sed
584 1532 633 1551 nec
648 1524 748 1558 liquido
769 1523 916 1558 intelligere
930 1527 1034 1558 poterat

240 1573 332 1601 curita
341 1579 384 1599 res
398 1579 428 1599 se
439 1571 562 1598 haberet:
572 1570 621 1597 etsi
630 1569 700 1596 enim
710 1569 833 1595 sentienti
842 1574 872 1595 se
881 1568 965 1595 libero
976 1568 1033 1602 pol-

240 1619 296 1646 Iere
309 1616 454 1645 voluntatis
467 1615 587 1647 arbitrio,
602 1614 723 1642 nonnihil
735 1613 802 1641 lucis
809 1613 969 1646 oboriretur,
980 1621 1033 1648 quo

242 1664 305 1692 illud
325 1671 385 1691 esse
405 1662 505 1690 fontem
520 1668 614 1689 eorum
630 1664 798 1695 peccatorum
809 1680 816 1693 ,
831 1667 890 1694 quae
904 1659 990 1687 libens
1002 1666 1033 1686 ac

240 1711 332 1737 volens
343 1708 503 1740 admisisset,
513 1715 566 1734 non
580 1706 723 1733 difiiculter
733 1710 902 1741 agnosceret;
916 1710 1032 1732 attamen

241 1763 334 1784 rursus
347 1753 537 1782 inextricabilis
547 1757 604 1780 erat
613 1752 736 1787 quaestio,
747 1751 818 1778 unde
829 1752 913 1779 libero
924 1751 1033 1778 arbitrio

240 1810 254 1828 a
272 1801 327 1828 Deo
339 1800 439 1835 optimo
451 1798 558 1826 condito
571 1798 649 1825 insita
663 1797 697 1824 ad
713 1797 812 1824 malum
828 1797 979 1831 proclivitas
991 1802 1043 1824 ομ

239 1851 296 1878 set;
310 1845 381 1873 unde
401 1845 438 1872 illi
456 1845 524 1871 male
538 1843 615 1874 velle,
629 1846 656 1870 et
674 1842 928 1877 bene‘nolle(lbid.,
944 1850 970 1869 η.
986 1843 1031 1877 5).

205 1921 207 1923 ,
241 1891 287 1919 llis
300 1899 331 1918 ac
344 1889 528 1918 consimilibus
540 1887 730 1923 cogitationum
743 1887 850 1914 testibus
868 1888 1014 1922 exagitatus
1024 1907 1031 1920 ,

240 1937 313 1964 curis
333 1935 523 1963 conficiebatur
542 1934 796 1968 excruciabaturque
813 1941 846 1961 eo
864 1934 958 1968 magis,
979 1941 1032 1969 quo

241 1990 287 2010 cas
297 1982 470 2009 familiaribus
481 1981 535 2007 suis
547 1980 634 2007 minus
644 1980 776 2015 explicare
787 1985 865 2015 atque
875 1980 1032 2015 explicando

241 2028 333 2064 partiri
350 2031 462 2063 poterat.
478 2026 531 2054 Sed
545 2027 623 2053 tacita
641 2026 683 2053 illa
701 2025 789 2053 cordis
809 2030 938 2053 tormenta
957 2031 1032 2054 erant

241 2075 316 2102 Velut
328 2073 480 2101 clarissima:
494 2080 572 2099 voces
583 2093 590 2105 ,
604 2079 663 2106 qua:
676 2071 771 2099 divina:
785 2071 974 2099 misericordire
989 2080 1032 2099 so-

241 2119 305 2147 lium
327 2118 474 2154 pulsabant.
490 2117 542 2144 Sua
559 2121 646 2143 tamen
666 2124 725 2143 eum
747 2117 895 2151 arrogantia
912 2116 974 2144 inde
988 2125 1031 2144 re-

243 2166 383 2197 movebat;
397 2167 423 2191 et
435 2164 478 2199 qui
493 2163 584 2190 faciem
596 2163 654 2197 ejus
664 2162 801 2189 lnﬂaverat
811 2166 908 2196 tumor,
921 2163 959 2190 sic
969 2171 1033 2190 oena-

243 2211 284 2238 los
297 2209 444 2239 claudebat.
457 2211 486 2235 ut
499 2208 616 2234 veritatis
629 2207 714 2235 lucem
727 2208 867 2235 admittere
879 2216 930 2235 non
942 2213 1031 2242 posset

241 2253 332 2290 (Ibid.,
343 2262 400 2289 cap.
415 2254 442 2287 7,
455 2262 481 2280 η.
497 2253 525 2280 Η
536 2252 555 2287 ).
572 2252 609 2279 Tu
627 2252 740 2285 Domine,
756 2253 855 2288 inquit,
869 2254 976 2280 stimulis
992 2255 1032 2280 in-

243 2301 320 2327 ternis
334 2299 446 2335 agitabas
462 2307 512 2332 me,
523 2303 552 2325 ut
567 2298 700 2333 impatiens
713 2306 804 2330 essent,
820 2298 898 2325 donec
911 2299 972 2325 milii
987 2308 1032 2335 per

240 2346 382 2373 interiorem
406 2349 533 2380 aspectum
554 2349 635 2371 certus
655 2351 729 2370 esses.
753 2343 786 2370 Et
805 2344 926 2370 residebat
949 2349 1031 2372 (untur

241 2397 310 2418 meus
324 2398 354 2418 ex
366 2391 463 2417 occulta
476 2395 553 2416 manu
566 2390 697 2416 medicina:
714 2393 780 2422 tua,
799 2389 914 2423 aciesque
926 2395 1029 2416 contur-

242 2439 299 2465 bata
318 2442 340 2464 rt
360 2436 534 2464 contenebrata
555 2436 643 2463 mentis
663 2443 742 2468 nteit,
760 2435 813 2461 acri
835 2435 939 2470 collyrio
960 2431 1030 2463 salu-

240 2484 321 2510 brium
336 2483 452 2509 dolorum
464 2481 495 2508 de
509 2480 550 2509 die
563 2481 590 2508 in
603 2481 669 2508 diem
684 2479 919 2515 sanabatur(lbid.,
930 2488 987 2516 cap.
1001 2482 1028 2515 8,

239 2539 265 2557 η.
282 2528 343 2565 is).

276 2576 303 2604 6.
329 2576 368 2603 Ad
392 2575 418 2602 id
441 2575 583 2610 plurimum
609 2573 658 2608 ipsi
682 2573 792 2600 subsidii
817 2572 929 2601 contulit
951 2573 1031 2601 lectio

241 2621 417 2657 quorumdam
437 2620 565 2647 librorum
589 2618 710 2646 Platonis
729 2623 757 2646 et
773 2619 831 2653 ejus
851 2623 1029 2653 sectatorum,

241 2667 286 2701 qui
299 2675 314 2694 a
329 2666 466 2694 Victorino
475 2665 549 2692 urbis
563 2663 654 2691 Romae
668 2663 776 2691 rhetore
788 2664 935 2692 clarissimo
950 2664 1031 2692 latine

241 2710 347 2745 redditi,
363 2719 411 2747 per
425 2710 564 2746 quemdam
579 2708 713 2737 hominem
727 2714 824 2745 pneter
837 2709 944 2737 modum
957 2717 1031 2738 arro-

239 2763 344 2793 gantem
354 2761 381 2785 et
389 2756 527 2789 elatum,in
535 2755 591 2790 ejus
598 2762 692 2783 manus
699 2756 844 2791 venerunt(
849 2756 927 2789 ΗΜ..
934 2765 992 2792 cap.
1000 2756 1028 2791 9,

240 2813 267 2832 η.
283 2804 338 2840 17)).
357 2803 422 2831 Nam
441 2809 502 2830 cum
520 2801 609 2829 cmtcri
633 2801 797 2837 philosophi,
813 2802 857 2838 qui
872 2803 936 2830 solis
951 2803 1030 2830 rebus

238 2849 375 2885 corporeis
402 2847 562 2876 inhasrcntes
584 2854 637 2874 non
665 2847 743 2875 altius
767 2853 929 2883 assurgunt,
954 2848 1033 2875 falla~'

829 147 907 175 \‘l'l‘A
929 147 957 174 s.
981 139 1169 173 AtxousrtNI‘
1183 136 1343 174 unum”.

1829 144 1879 177 illi

1090 206 1190 233 ciarum
1210 211 1237 234 et
1257 202 1442 242 deceptionum
1462 206 1533 242 pleni
1549 206 1618 240 sint;
1632 197 1880 237 Platonici-cunctis
1901 219 1903 221 ί

1059 255 1062 257 ⁷
1089 250 1145 277 suis
1159 251 1406 279 ratiocinationibus
1420 249 1537 280 mentem
1552 252 1585 280 ad
1600 253 1776 288 cognitionem
1791 253 1838 281 Dei
1853 257 1880 282 et
1901 268 1903 270 -

1092 296 1169 323 verbi
1184 297 1242 331 ejus
1253 298 1344 325 teter-ni
1357 302 1487 325 conantur
1498 298 1623 326 evehere.
1636 299 1733 334 Rcipsa
1748 300 1773 326 in
1787 307 1880 327 eorum
1902 303 1905 304 ⁷

1090 342 1165 369 libris
1185 343 1299 377 reperit,
1320 351 1373 371 non
1394 343 1486 371 iisdem
1506 344 1613 379 quidem
1633 345 1733 378 verbis,
1753 344 1879 380 quidquid

1089 388 1205 416 Joannes
1218 389 1275 424 ipse
1291 389 1426 424 Evangelii
1439 390 1480 417 sui
1495 391 1603 418 exordio
1613 390 1647 419 de
1658 391 1736 418 Verbi
1748 392 1841 426 gloria,
1854 395 1880 419 et

1089 433 1159 467 quod
1174 433 1271 460 Paulus
1285 434 1318 461 de
1331 434 1450 468 ejusdem
1470 436 1619 470 mqualitate
1637 444 1697 463 cum
1718 436 1813 470 Patre,
1829 437 1879 465 do-

1089 481 1158 505 cent.
1176 478 1274 505 lbidem
1295 479 1395 513 reperit
1412 478 1507 507 Filium
1527 481 1599 508 Patri
1618 488 1668 508 suo
1686 489 1744 508 esse
1766 487 1879 510 coaeter-

1090 521 1168 556 num,
1182 529 1243 551 ante
1257 525 1345 557 omnia
1359 528 1386 552 et
1399 533 1477 559 supra
1492 526 1580 553 omnia
1596 530 1715 560 tempora
1731 527 1880 555 incommu-

1090 565 1204 592 tabilitcr
1213 573 1370 600 permanere
1383 576 1389 592 :
1401 568 1503 594 animas
1516 568 1550 595 de
1565 568 1728 602 plenitudine
1740 569 1797 603 ejus
1811 571 1883 597 acci-

1089 617 1152 644 pere
1162 631 1170 644 ,
1188 615 1215 637 ut
1231 612 1314 638 beatae
1328 612 1397 645 sint,
1412 617 1439 639 et
1452 613 1654 647 participatione
1668 615 1798 642 manentis
1810 615 1836 642 in
1849 622 1882 644 se

1089 656 1230 691 Sapientia:
1243 658 1376 690 renovari,
1389 662 1417 685 ut
1429 658 1483 685 sint
1495 659 1636 692 sapientes.
1647 658 1712 686 Inde
1725 660 1880 695 admonitus,
1901 664 1906 667 ‘

1089 702 1190 737 inquit,
1204 703 1287 729 redire
1299 703 1334 729 ad
1347 704 1519 738 "temetipsum
1531 725 1539 737 ,
1552 704 1644 730 intravi
1661 705 1688 731 in
1704 705 1791 732 intima
1805 714 1861 732 mea
1870 726 1879 739 ,
1903 717 1907 721 ’

1089 748 1152 774 duce
1164 753 1188 775 te
1197 756 1207 780 ;
1217 752 1240 775 et
1255 749 1343 782 potui,
1359 749 1477 784 quoniam
1490 750 1571 784 factus
1586 758 1612 777 es
1623 750 1727 785 adjutor
1737 758 1814 778 meus.
1829 751 1880 778 In-

1089 794 1168 825 traui,
1189 798 1213 821 et
1232 795 1283 821 vidi
1304 795 1477 829 qualicumque
1497 796 1571 822 oculo
1591 797 1683 822 anima.-
1701 804 1780 830 mete,
1800 805 1881 833 supra

1088 840 1202 865 eumdem
1216 841 1317 866 oculum
1332 841 1423 866 anima:
1436 847 1506 871 "tete,
1522 849 1599 875 supra
1613 846 1719 867 mentem
1733 847 1823 875 meam,
1840 843 1881 870 lu-

1088 892 1140 911 cem
1162 886 1406 917 intomnzutabilmn;
1427 894 1476 912 non
1499 887 1564 912 hanc
1587 887 1713 921 vulgarent
1733 892 1757 914 et
1776 889 1880 923 conspi-

1087 937 1160 956 cuam
1176 931 1242 956 omni
1257 931 1327 956 carni
1336 951 1342 961 ,
1357 939 1401 957 nec
1413 932 1484 965 quasi
1495 939 1525 957 es:
1540 932 1625 957 eodem
1640 941 1736 966 genere.
1752 932 1881 961 Grandiar

1088 980 1149 1005 erat,
1167 980 1286 1009 tanquam
1297 976 1317 1001 si
1331 976 1379 1001 ista
1393 977 1470 1002 multo
1481 977 1605 1011 multoque
1618 978 1710 1004 clarius
1723 978 1878 1012 claresceret,

1087 1025 1214 1055 totumque
1224 1026 1357 1055 occuparet
1370 1023 1552 1056 magnitudine.
1569 1023 1628 1049 Non
1642 1025 1688 1050 hoc
1700 1023 1746 1051 illa
1756 1029 1819 1058 erat,
1833 1025 1881 1052 sed
1901 1036 1905 1039 ’

1086 1067 1158 1094 aliud
1167 1087 1174 1099 ,
1189 1068 1260 1094 aliud
1274 1068 1346 1095 valde
1360 1068 1392 1095 ab
1405 1069 1460 1096 istis
1474 1070 1599 1096 omnibus.
1615 1069 1671 1097 Nec
1686 1071 1722 1097 ita
1735 1077 1789 1098 erat
1800 1080 1880 1107 supra

1086 1117 1193 1140 utentem
1205 1121 1297 1146 meam,
1314 1114 1378 1140 sicut
1392 1114 1475 1141 oleum
1490 1123 1565 1149 super
1579 1123 1681 1150 aquam,
1697 1125 1741 1143 nec
1754 1117 1818 1144 sicut
1829 1122 1880 1145 cae-
1900 1125 1905 1130 '

1086 1157 1139 1184 lum
1153 1166 1229 1193 super
1242 1162 1351 1191 terram;
1366 1159 1410 1185 sed
1423 1160 1553 1193 superior,
1569 1161 1629 1195 quia
1644 1162 1700 1195 ipsa
1714 1162 1772 1197 fecit
1784 1170 1840 1195 me;
1854 1168 1880 1190 ει
1901 1162 1903 1164 ⁷

1086 1211 1131 1238 ego
1142 1203 1257 1238 inferior,
1273 1204 1331 1239 quia
1346 1204 1429 1239 factus
1444 1213 1499 1232 sum
1512 1205 1543 1232 ab
1558 1214 1597 1232 ea.
1610 1206 1660 1239 Qui
1672 1208 1739 1234 novit
1750 1208 1879 1236 veritatem

1085 1250 1152 1275 novit
1165 1257 1219 1276 eam
1231 1253 1242 1276 ἐ
1253 1255 1276 1276 ει
1286 1250 1330 1285 qui
1340 1251 1409 1277 novit
1420 1259 1485 1284 eam,
1498 1253 1566 1278 nouit
1578 1252 1752 1280 aeternitatem.
1762 1252 1880 1282 Charitas
1895 1263 1900 1266 ·

1086 1295 1152 1322 novit
1160 1304 1215 1322 eam
1230 1295 1322 1331 (Ibat,
1340 1305 1398 1332 cap.
1413 1297 1457 1330 to,
1469 1306 1496 1324 η.
1513 1298 1569 1333 t6).
1585 1298 1750 1327 Postea'i‘use
1761 1307 1793 1327 ac
1805 1300 1880 1327 miris

1086 1340 1135 1368 tice
1146 1340 1290 1374 describit,
1304 1349 1357 1376 quo
1370 1344 1448 1376 pacto
1460 1342 1494 1369 ad
1518 1343 1729 1378 cognoscendam
1750 1348 1879 1373 atternam
1895 1355 1904 1360 ν

1085 1386 1233 1419 veritatem,
1244 1393 1425 1415 creaturarum
1437 1388 1616 1416 conditionem
1627 1397 1658 1417 ac
1667 1393 1775 1424 statum,
1785 1398 1879 1418 veram

1085 1439 1189 1467 quoque
1203 1432 1266 1459 mali
1277 1432 1417 1468 originem,
1429 1433 1557 1461 divinitus
1568 1434 1646 1462 fuerit
1657 1432 1811 1463 illustratus.
1821 1436 1879 1464 Nec

1085 1484 1148 1504 vero
1161 1478 1187 1504 in
1200 1478 1265 1506 solis
1279 1478 1474 1506 Platonicorum
1485 1479 1560 1507 libris
1572 1480 1682 1515 reperit,
1694 1489 1755 1509 cum
1767 1481 1801 1509 de
1817 1482 1876 1510 Deo
1897 1492 1900 1496 '

1084 1523 1156 1550 etde
1170 1523 1257 1550 anima
1273 1524 1433 1558 cogitaretur
1443 1545 1450 1556 ,
1465 1524 1529 1551 nihil
1549 1526 1659 1553 omnino
1678 1527 1797 1561 corporis
1815 1533 1878 1555 esse
1894 1528 1898 1531 '

1084 1568 1272 1603 cogitandum:
1288 1569 1313 1596 id
1334 1569 1420 1604 ipsum
1439 1570 1530 1598 didicit
1548 1576 1580 1598 ex
1598 1572 1767 1600 sermonibus
1786 1580 1879 1601 socero

1084 1613 1153 1641 dotis
1166 1613 1311 1648 Ambrosii,
1328 1619 1354 1642 et
1368 1615 1449 1643 Mallii
1468 1615 1621 1649 Theodori,
1640 1617 1689 1645 viri
1708 1623 1761 1645 non
1780 1619 1878 1647 eruditi

1085 1660 1182 1693 modo,
1207 1661 1253 1688 sed
1274 1662 1353 1688 etiam
1377 1663 1504 1697 religione
1527 1663 1673 1691 christiani.
1695 1665 1743 1692 Hic
1762 1666 1818 1701 ipse
1836 1668 1880 1694 est

1087 1704 1157 1732 haud
1173 1705 1261 1738 dubie,
1277 1707 1320 1741 qui
1334 1709 1499 1735 consulatum
1514 1710 1594 1743 gessit
1606 1717 1675 1737 anno
1692 1711 1880 1739 trecentesimo

1088 1752 1260 1786 nonagesimo
1275 1760 1353 1779 nono.
1369 1753 1418 1780 Ubi
1443 1752 1499 1781 fuse
1522 1755 1611 1782 retulit
1630 1756 1805 1790 Augustinus,
1824 1764 1879 1792 qua

1085 1796 1188 1823 ratione
1200 1804 1248 1830 per
1261 1797 1455 1824 Platonicorum
1472 1799 1553 1826 libros
1565 1807 1578 1825 a
1595 1801 1648 1827 Deo
1662 1801 1739 1828 fuerit
1751 1801 1874 1831 edoctus.
1894 1811 1899 1813 -

1084 1841 1141 1868 hzec
1153 1841 1286 1877 subjungit
1298 1851 1304 1869 :
1322 1843 1436 1870 Mirabar
1447 1844 1515 1879 quod
1520 1845 1577 1880 jam
1588 1850 1613 1873 te
1623 1847 1749 1879 amabam,
1764 1855 1815 1874 non
1829 1853 1880 1882 pro

1084 1891 1108 1912 te
1118 1887 1277 1921 phantasma.
1291 1887 1323 1914 Et
1335 1897 1385 1915 non
1395 1890 1491 1916 stabam
1501 1890 1553 1924 frui
1565 1890 1618 1918 Deo
1629 1899 1694 1925 meo,
1706 1892 1750 1919 sed
1759 1893 1880 1927 rapiebar

1083 1932 1118 1959 ad
1130 1937 1153 1959 te
1163 1933 1252 1960 decore
1261 1939 1313 1967 tua,
1329 1940 1437 1970 moxque
1447 1935 1587 1970 deripiebar
1596 1938 1641 1964 abs
1653 1943 1677 1964 te
1691 1939 1799 1973 pondere
1809 1947 1877 1972 utea,

1084 1982 1108 2005 et
1117 1979 1220 2005 ruebant
1229 1979 1255 2005 in
1264 1979 1311 2005 ista
1322 1988 1378 2006 cum
1394 1981 1487 2015 gemitu
1498 1986 1539 2008 εει
1550 1982 1647 2015 pondus
1658 1983 1713 2016 hoc,
1723 1986 1879 2011 consuetudo

1086 2023 1207 2049 comatis.
1222 2023 1275 2051 Sed
1288 2032 1385 2051 mecum
1395 2029 1449 2052 erat
1459 2027 1580 2053 memoria
1593 2028 1628 2053 tui
1635 2049 1642 2058 ,
1652 2036 1731 2063 neque
1739 2029 1792 2056 ullo
1802 2030 1880 2056 modo
1891 2034 1895 2037 ”

1084 2068 1229 2096 dubitabant
1242 2078 1294 2097 esse
1306 2071 1346 2097 cui
1356 2072 1526 2104 cohaererent;
1540 2073 1585 2099 sed
1599 2073 1709 2100 nondum
1722 2083 1775 2101 esse
1785 2083 1825 2102 me
1832 2075 1880 2108 qui
1892 2081 1895 2084 ‘

1083 2115 1232 2142 cohtzrerem
1250 2115 1347 2152 (Ibid.,
1360 2125 1416 2152 cap.
1436 2118 1480 2150 i7,
1499 2126 1526 2143 η.
1543 2118 1606 2154 23).
1625 2120 1765 2152 Quaerebat
1789 2121 1891 2154 itaque'

1083 2162 1152 2188 viam
1163 2182 1170 2193 ,
1185 2167 1237 2197 qua
1251 2162 1375 2189 idoneum
1389 2163 1422 2190 ad
1436 2163 1576 2191 fruendum
1590 2165 1645 2192 Deo
1658 2166 1737 2192 robur
1747 2166 1796 2193 sibi
1807 2174 1879 2193 com-

1085 2213 1207 2242 pararet,
1229 2217 1278 2236 nec
1299 2209 1447 2237 inveniebat
1464 2210 1514 2237 nisi
1535 2211 1561 2238 in
1581 2212 1730 2246 cognitione
1744 2215 1770 2240 et
1785 2217 1881 2241 amore

1082 2254 1234 2282 Mcdiatoris
1247 2256 1293 2282 Dei
1319 2260 1346 2282 et
1373 2256 1509 2283 hominum
1529 2256 1592 2284 Jesu
1612 2257 1710 2285 Christi
1726 2259 1770 2285 Dei
1788 2263 1816 2286 et
1829 2259 1893 2285 li0-'

1087 2300 1176 2327 minis.
1190 2301 1287 2327 Verum
1301 2308 1389 2336 nequc
1401 2301 1491 2328 Iesum
1512 2301 1645 2329 Christum
1665 2303 1772 2330 tenebat
1790 2303 1893 2331 humi-iv

1083 2346 1135 2374 lem
1147 2366 1154 2378 ,
1170 2347 1214 2382 qui
1229 2346 1337 2374 humilis
1349 2354 1404 2374 non
1417 2352 1492 2379 erat;
1508 2355 1595 2382 neque
1608 2348 1685 2383 cujus
1699 2348 1737 2376 rei
1750 2349 1891 2383 magistra”

1082 2397 1152 2420 esset
1167 2393 1226 2428 ejus
1238 2393 1394 2425 infirmitas,
1409 2397 1529 2421 noverat.
1543 2393 1722 2429 Praeterquam
1737 2394 1807 2429 quod
1824 2403 1879 2422 non

1083 2439 1154 2465 aliud
1168 2438 1202 2466 de
1219 2438 1333 2466 Domino
1345 2438 1454 2466 Christo
1467 2439 1607 2472 sentiebat,
1619 2439 1670 2466 nisi
1679 2447 1743 2467 eum
1755 2446 1817 2467 esse
1830 2440 1894 2467 ho:

1083 2484 1182 2511 minem
1192 2484 1295 2512 caeteris
1308 2484 1438 2517 similem,
1454 2491 1487 2511 ex
1500 2491 1613 2519 corpore
1622 2505 1629 2516 ,
1644 2485 1733 2512 anima
1743 2489 1773 2511 et
1786 2491 1880 2513 mente
1901 2488 1904 2489 '

1084 2529 1206 2557 rationali
1218 2533 1395 2562 constantem,
1406 2529 1555 2557 excellente
1565 2529 1736 2557 solummodo
1745 2529 1880 2564 sapientia

1083 2575 1233 2609 praeditum,
1249 2574 1291 2601 cui
1305 2574 1394 2602 nullas
1409 2575 1493 2609 possit
1506 2575 1606 2610 aequari
1620 2582 1629 2603 ε
1641 2581 1720 2610 quem
1734 2575 1807 2602 Deus
1821 2575 1881 2602 sin-

1082 2620 1167 2656 gulari
1189 2626 1253 2655 erga
1275 2626 1323 2646 nos
1346 2620 1510 2654 providentia
1532 2627 1565 2647 ex
1590 2619 1698 2655 Virgine
1718 2619 1884 2647 mirabiliter-

1084 2665 1174 2699 nasci,
1190 2672 1374 2700 summamque
1387 2665 1414 2692 in
1427 2665 1567 2692 universos
1579 2665 1762 2692 auctoritatem
1776 2668 1889 2691 atina—-

1083 2712 1220 2748 gisterium
1235 2711 1357 2739 obtinere
1371 2711 1502 2744 voluerat,
1516 2714 1546 2737 ut
1558 2711 1617 2745 ejus
1628 2710 1763 2746 exemplo.
1778 2710 1813 2738 ad
1824 2711 1880 2737 ima

1084 2756 1273 2785 mortalitatem
1292 2756 1504 2791 adipiscendam,
1526 2755 1680 2791 temporalia
1702 2759 1882 2791 contemnere

1083 2802 1256 2831 disceremus.
1271 2801 1339 2835 Quid
1353 2805 1441 2828 autem
1454 2802 1612 2828 sacramenti
1625 2800 1787 2828 latoret‘sob
1797 2799 1881 2828 iis”

1083 2848 1171 2876 verbis
1180 2869 1187 2882 ,
1203 2846 1311 2876 Verbum
1326 2846 1493 2882 rarefactum
1500 2851 1539 2873 est
1553 2844 1647 2882 (hau.
1661 2853 1692 2880 1,-
1702 2843 1764 2880 th,
1776 2852 1823 2874 ne.
1832 2845 1886 2873 ιο-ι.
