3994 6352
298 379 400 436 105

299 503 437 554 \iter
467 499 682 569 quidem
723 501 978 568 suspicari
1023 507 1272 570 poterat:
1315 514 1413 555 nec
1457 499 1558 552 nisi
1602 498 1871 567 aliquanto

298 593 566 661 posterius
591 590 804 655 didicit,
837 607 938 659 qua
969 593 1170 645 ratione
1194 607 1354 660 super
1382 591 1480 644 hoc
1505 593 1757 662 mysterio
1785 605 1874 644 ca-

294 683 493 736 tholica
537 683 730 736 veritas
768 682 834 736 ab
872 697 1052 736 errore
1089 681 1298 736 Photini
1338 682 1678 751 discreparet.
1720 681 1774 735 ln
1804 681 1871 734 li-

295 774 406 830 bris
440 772 658 841 quidem
691 773 1076 827 Platonicorum
1104 772 1434 841 majestatem
1465 781 1520 826 et
1542 772 1867 826 divinitatem

298 866 452 919 Verbi
482 874 757 934 repererat
779 887 792 919 ;
814 865 910 922 sed
938 865 1066 919 nihil
1092 864 1157 920 de
1181 864 1323 919 illius
1350 864 1710 932 depressione,
1739 863 1868 917 nihil

291 956 355 1010 de
385 958 787 1024 incarnatione,
817 955 948 1011 nihil
975 956 1042 1012 de
1065 955 1303 1026 ejusdem
1334 964 1506 1010 morte
1532 963 1586 1010 et
1610 967 1766 1009 cruce
1790 953 1868 1009 le-

285 1058 452 1117 gerat.

358 1146 408 1196 7.
442 1145 562 1212 Quo
591 1139 705 1210 plus
736 1152 911 1197 autem
946 1155 1122 1210 Operae.
1154 1155 1216 1194 ac
1243 1138 1440 1195 laboris
1464 1146 1863 1206 consumpserat

286 1237 615 1303 Augustinus
657 1238 707 1291 in
748 1236 1105 1306 investiganda
1139 1236 1395 1300 veritate,
1435 1249 1501 1289 eo
1528 1234 1858 1303 postmodum

287 1330 539 1383 teneriori
567 1329 1044 1384 comtniserationis
1062 1344 1218 1384 sensu
1236 1327 1564 1382 afﬁciebatur
1591 1342 1713 1396 erga
1743 1341 1854 1390 eos,

281 1421 475 1486 quibus
504 1420 555 1472 id
583 1419 823 1474 beneﬁcii
848 1421 986 1474 Deus
1009 1420 1241 1473 nondum
1266 1418 1577 1473 contulerat.
1611 1417 1698 1471 Sic
1717 1417 1856 1471 enim

281 1511 602 1566 Manichmos
631 1512 914 1581 compellat
936 1531 948 1564 ε
977 1511 1066 1566 Illi
1089 1512 1141 1564 in
1159 1527 1244 1566 nos
1263 1511 1469 1566 serviant
1487 1552 1502 1577 ,
1527 1511 1613 1581 qui
1636 1512 1857 1564 nesciunt

278 1621 388 1655 cum
418 1620 517 1672 quo
547 1605 718 1656 labore
745 1619 911 1656 verum
935 1603 1246 1666 inveniatur,
1287 1610 1330 1655 et
1364 1617 1514 1670 quam
1542 1600 1739 1672 difficile
1771 1617 1856 1654 ca-

279 1706 482 1748 veantur
511 1712 725 1750 errores.
766 1694 852 1749 Illi
878 1697 928 1748 in
962 1711 1046 1748 vos
1075 1695 1309 1757 serviant,
1339 1694 1423 1763 qui
1451 1695 1674 1748 nesciunt
1701 1709 1854 1762 quam

276 1804 443 1838 rarum
472 1798 520 1840 et
550 1787 766 1840 arduum
793 1787 855 1838 sit
883 1784 1108 1838 carnalia
1147 1785 1499 1855 phantasmata
1535 1785 1632 1855 pitu
1673 1785 1853 1838 mentis

276 1880 539 1932 serenitate
561 1895 815 1946 superare.
839 1877 928 1932 Illi
949 1880 998 1931 in
1025 1894 1108 1932 vos
1132 1879 1335 1931 serviant
1354 1919 1369 1942 ,
1393 1878 1477 1944 qui
1495 1876 1716 1930 nesciunt
1737 1893 1850 1930 cum

276 1981 463 2040 quanta
489 1972 778 2040 difficultate
803 1979 1005 2024 sanetur
1031 1969 1206 2023 oculus
1240 1969 1488 2022 interioris
1515 1967 1731 2022 hominis
1749 2009 1763 2033 ,
1790 1975 1849 2022 ut

283 2065 440 2132 possit
468 2064 642 2116 intueri
665 2064 821 2117 solem
847 2079 1008 2116 suum.
1040 2060 1130 2115 Illi
1168 2061 1221 2114 in
1258 2077 1342 2115 uos
1377 2061 1613 2126 serviant,
1643 2059 1730 2130 qui
1755 2075 1844 2114 nc-

273 2156 442 2207 sciunt
459 2155 634 2225 quibus
659 2155 894 2222 suspiriis
914 2163 958 2209 et
980 2153 1237 2224 gemitibus
1269 2153 1357 2220 ﬁat
1376 2193 1391 2218 ,
1420 2160 1474 2204 ut
1497 2167 1559 2205 ea:
1580 2149 1843 2219 quantula-

269 2263 478 2315 cumque
504 2258 647 2316 parte
672 2247 826 2316 possit
851 2246 1056 2315 intelligi
1080 2244 1233 2298 Deus.
1264 2243 1554 2307 Postremo,
1581 2241 1659 2295 illi
1683 2243 1734 2295 in
1759 2257 1844 2295 vos

270 2337 474 2390 sa’t't'ant
495 2379 510 2401 ,
542 2337 624 2406 qui
649 2353 902 2406 nunquam
926 2337 1012 2388 tali
1036 2351 1203 2388 erraro
1218 2334 1408 2404 decepti
1429 2341 1577 2398 sunt,
1602 2331 1737 2401 quali
1760 2349 1842 2386 vos

269 2431 496 2495 deceptos
522 2428 708 2481 uident.
739 2425 851 2496 Ego
872 2437 1037 2479 autem
1067 2428 1149 2496 qui
1179 2426 1264 2478 diu
1294 2425 1598 2494 multumque
1617 2425 1842 2494 jactatus

267 2519 463 2569 tandem
489 2518 740 2586 respicere
764 2518 936 2587 potui,
968 2518 1085 2585 quid
1104 2518 1166 2570 sit
1187 2517 1276 2570 illa
1295 2517 1577 2578 sinceritas,
1604 2530 1717 2585 qua:
1735 2516 1842 2569 sine

267 2612 429 2664 inanis
454 2612 652 2681 fabula:
676 2612 962 2664 narratione
993 2611 1292 2680 percipitur;
1318 2609 1400 2679 qui
1424 2625 1576 2662 vanas
1592 2607 1841 2677 imagina—

267 2703 420 2754 tiones
437 2702 599 2754 animi
620 2702 719 2754 mei
735 2702 885 2755 variis
905 2702 1222 2770 Opinionibus
1247 2699 1590 2768 erroribusque
1609 2699 1840 2752 collectas

267 2794 346 2846 eis:
371 2795 527 2847 miser
555 2794 716 2846 merui
745 2792 962 2846 Domino
991 2791 1266 2860 opitulante
1292 2791 1612 2853 convincere;
1648 2789 1734 2858 qui
1761 2804 1841 2842 me

269 2884 330 2935 ad
353 2883 713 2953 detergendum
735 2883 999 2952 caliginem
1022 2883 1198 2935 mentis
1225 2891 1327 2934 tam
1355 2879 1496 2933 tarde
1517 2879 1839 2934 clementissi-

273 2991 348 3026 mo
375 2975 561 3026 medico
587 2974 784 3027 vocanti
805 2973 1171 3042 blandientique
1190 2971 1408 3042 subjeci;
1436 2971 1522 3041 qui
1545 2971 1632 3024 diu
1650 2971 1764 3040 ﬂevi
1782 2979 1840 3024 ut

273 3069 686 3121 incommutabilis
714 3077 761 3120 et
787 3066 1170 3120 immaculabilis
1197 3065 1505 3130 substantia,
1535 3065 1837 3118 concinenti-

265 3159 352 3212 bus
389 3160 572 3212 diuinis
609 3158 778 3212 Libris
808 3175 912 3213 sese
942 3158 1063 3210 mihi
1094 3155 1390 3224 persuadere
1419 3156 1716 3210 intrinsecus
1753 3157 1835 3210 di-

264 3263 528 3322 queretur;
553 3254 641 3320 qui
663 3251 873 3321 denique
895 3251 1063 3305 omnia
1088 3250 1178 3304 illa
1203 3251 1459 3322 ﬁgmenta,
1487 3265 1598 3320 qua:
1616 3266 1698 3304 vos
1719 3251 1834 3304 diu-

262 3353 402 3396 turna
429 3344 799 3397 consuetudine
839 3344 1122 3412 implicatos
1160 3353 1205 3395 et
1244 3343 1535 3395 constrictos
1564 3351 1759 3408 tenent,
1791 3350 1837 3396 et

259 3437 452 3504 quaesiti
481 3437 717 3501 curiose,
750 3444 796 3488 et
820 3444 1003 3488 attente
1031 3435 1197 3487 audivi
1214 3475 1227 3497 ,
1260 3443 1304 3487 et
1333 3442 1512 3488 temere
1536 3433 1756 3499 credidi,
1790 3441 1836 3487 et

258 3530 500 3582 instanter
522 3529 706 3598 quibus
736 3528 874 3597 potui
898 3528 1151 3599 persuasi,
1189 3534 1233 3579 et
1263 3526 1496 3580 adversus
1524 3526 1651 3579 alios
1678 3527 1833 3596 perti-

259 3622 444 3672 naciter
486 3622 811 3688 animoseque
841 3619 1040 3688 defendi
1059 3660 1074 3685 ,
1106 3619 1277 3673 seruire
1313 3619 1366 3670 in
1393 3633 1478 3671 vos
1505 3617 1706 3671 omnino
1734 3632 1835 3670 non

259 3728 487 3779 possunt,
517 3728 648 3780 quos
672 3712 796 3764 sicut
822 3727 899 3762 me
923 3711 1084 3780 ipsum
1110 3709 1198 3762 illo
1222 3718 1438 3778 tempore
1456 3749 1470 3772 ,
1499 3708 1570 3760 ita
1594 3723 1728 3760 nunc
1747 3708 1836 3761 de-

261 3805 343 3857 beo
362 3807 611 3858 sustinere
631 3846 646 3870 ,
678 3813 723 3856 et
748 3813 885 3856 tanta
911 3803 1147 3874 patientia
1171 3802 1421 3855 uobiscum
1445 3817 1617 3871 agere,
1647 3809 1833 3870 quanta

260 3914 444 3950 mecum
487 3905 696 3968 egerunt
740 3897 952 3965 proximi
996 3897 1091 3948 mei
1109 3937 1124 3958 ,
1169 3911 1285 3948 cum
1324 3895 1376 3946 in
1411 3902 1570 3947 vestro
1602 3894 1834 3963 dogmate

259 3989 481 4042 rabiosus
519 3997 566 4040 et
608 4004 770 4042 caecus
810 4003 1029 4040 errarem
1059 3986 1282 4059 (Contra
1318 3985 1480 4055 Epist.
1523 3985 1793 4038 Manichtci
1811 4025 1828 4052 ,

258 4096 345 4131 nn.
372 4078 430 4144 ε,
458 4079 546 4150 5).

857 4209 1082 4266 CAPUT
1122 4209 1209 4264 IV.

260 4324 280 4376 l
322 4323 414 4376 Sic
442 4323 696 4376 ueritatem
725 4331 1033 4376 consectatur
1059 4323 1367 4392 Augustinus
1385 4362 1400 4386 ,
1426 4329 1480 4374 ut
1505 4320 1828 4375 nihilominus

321 4416 534 4468 terrenis
559 4415 725 4467 adhuc
754 4415 928 4468 inhiet.
958 4414 994 4466 2
1023 4413 1104 4468 Ea:
1122 4415 1347 4467 mendico
1361 4415 1563 4483 jocante
1582 4424 1627 4467 et
1647 4414 1825 4466 laetan-

318 4514 397 4571 te,
444 4507 699 4559 miseriam
737 4506 1108 4560 ambitiosorum
1141 4504 1389 4576 intelligit.
1437 4507 1471 4560 5
1498 4504 1565 4559 In
1601 4505 1826 4578 eligendo

320 4599 436 4651 vitae
470 4614 652 4666 genere
677 4600 906 4667 fluctuat.
952 4598 986 4650 4
1008 4596 1293 4652 Concubina
1319 4597 1381 4650 ab
1409 4615 1493 4664 se,
1531 4605 1585 4650 ut
1622 4613 1826 4652 uxorem

316 4689 506 4753 ducat,
537 4689 740 4744 dimissa
759 4731 774 4756 ,
803 4690 956 4743 aliam
981 4691 1206 4744 assumit.
1247 4690 1280 4744 5
1311 4689 1384 4743 De
1407 4690 1520 4753 uitta
1547 4690 1825 4743 communi-

320 4790 424 4832 tate
452 4779 676 4833 ineunda
704 4781 964 4834 consilium
992 4784 1178 4852 frustra
1219 4797 1332 4834 cum
1370 4782 1544 4834 amicis
1580 4781 1820 4834 habitum.

320 4870 352 4924 Β
393 4872 527 4937 Eius
573 4888 791 4925 amorem
839 4889 957 4943 erga
991 4874 1288 4942 sapientiam
1330 4883 1510 4942 augent
1551 4872 1820 4928 Platonici.

318 4962 350 5016 7
383 4959 675 5015 Plurimum
701 4964 899 5032 proﬁcit
929 4979 989 5018 ea:
1013 4962 1242 5034 Apostoli
1266 4964 1490 5018 lectione.

319 5076 373 5127 l.
404 5072 520 5128 Non
541 5075 654 5128 sola
675 5075 934 5144 ignoratio
950 5077 1060 5130 veri
1076 5076 1317 5130 obstabat
1337 5077 1616 5146 quominus
1637 5078 1689 5132 in
1708 5078 1819 5147 phi-

251 5163 507 5233 losophiae
545 5166 719 5220 sinum
755 5167 999 5220 celeriter
1032 5167 1267 5222 evolaret
1293 5170 1615 5237 Augustinus
1647 5187 1659 5222 :
1691 5185 1821 5225 con-

248 5253 372 5322 jngii
395 5254 572 5311 adhuc
603 5265 656 5310 et
690 5256 905 5311 honoris
943 5257 1182 5312 illecebra
1219 5258 1566 5314 detinebatur.
1606 5260 1821 5316 Utrum-

251 5359 350 5410 que
372 5360 508 5400 vero
536 5348 760 5414 primum
791 5349 1042 5417 consequi
1071 5364 1134 5403 ac
1161 5357 1271 5403 tum
1300 5350 1510 5404 demum
1541 5353 1662 5407 totis
1691 5354 1822 5409 velis

253 5437 604 5506 omnibusque
630 5439 790 5493 remis
815 5439 879 5494 ad
906 5439 1046 5494 hunc
1069 5455 1311 5496 securum
1339 5451 1547 5511 portum
1573 5459 1823 5515 propera-

256 5543 306 5580 re
326 5570 341 5590 ,
375 5529 554 5599 ibique
580 5534 953 5600 conquiescere
978 5534 1301 5601 peroptahat.
1333 5535 1385 5587 In
1411 5536 1521 5588 have
1542 5538 1821 5606 aliquando

256 5619 410 5672 verba
440 5623 778 5689 erumpebat,
810 5622 1092 5677 familiares
1130 5640 1251 5678 suos
1286 5627 1608 5694 compellans
1638 5646 1651 5680 :
1687 5629 1820 5693 Quid

252 5719 575 5776 cunctamur,
617 5711 791 5765 relicta
829 5730 917 5781 spc
951 5717 1155 5780 sa’culi,
1193 5721 1418 5786 conferre
1459 5735 1548 5774 nos
1587 5730 1714 5774 totos
1755 5723 1821 5773 ad

250 5803 569 5862 Mundam
593 5802 755 5856 Deum
793 5814 838 5856 ct
867 5807 1013 5858 vitam
1045 5809 1276 5862 beatam?
1306 5810 1409 5863 Sed
1437 5823 1661 5881 exspecta
1689 5831 1705 5867 :
1722 5816 1816 5886 jn-

531 5893 748 5960 SA‘NCT.
799 5899 1068 5961 AUGUST.
1121 5901 1162 5958 l.

1601 383 1801 467 LlBER
1839 379 2208 441 SECUNDUS.

2147 612 2166 650 :
2200 615 2308 710 non.
2325 605 2487 700 facile.
2506 609 2568 662 ab
2603 613 2675 667 eis
2712 619 3028 710 precidenda
3062 639 3134 685 est
3162 633 3402 703 intentio;
3425 644 3542 710 quia

1977 695 2127 794 turpe
2141 700 2216 745 est
2239 695 2308 747 ad
2328 712 2391 794 ea
2414 695 2614 794 rursum
2636 709 2814 765 redire.
2845 713 2974 770 Ecce
2982 719 3097 789 jam
3114 736 3352 793 quantum
3373 695 3458 794 ξεί,
3484 695 3540 786 ut

1975 789 2264 876 impetratur
2286 788 2465 858 aliquis
2487 792 2683 852 honor?
2706 809 2753 854 et
2774 805 2896 872 quid
2917 788 3135 876 amplius
3161 813 3214 866 in
3243 816 3320 870 his
3345 788 3540 876 deside-

1972 872 2227 974 rqndum?
2255 878 2487 951 Suppetit
2514 891 2784 948 amicorum
2823 872 3071 968 majorum
3108 907 3255 974 copia
3284 923 3310 964 :.
3328 921 3382 963 ut
3409 872 3538 967 nihil

1970 961 2131 1068 aliud,
2158 977 2205 1022 et
2224 973 2435 1068 multum
2457 979 2743 1046 festinemus
2760 1029 2772 1049 ,
2801 992 2876 1042 vel
2894 961 3193 1060 prwsidatus
3214 961 3536 1068 daripotes't‘;

1968 1062 2014 1104 et
2041 1053 2267 1112 ducenda
2293 1079 2422 1118 uxor
2445 1083 2558 1121 cum
2594 1074 2762 1140 aliqua
2791 1096 3029 1147 pecuma,
3067 1103 3128 1139 ne
3162 1053 3413 1161 sumptum
3443 1113 3534 1150 no-

1966 1150 2124 1248 strum
2141 1160 2339 1255 gravet
2364 1163 2409 1207 ct
2432 1156 2519 1211 ille
2539 1161 2632 1213 erit
2654 1167 2828 1221 modus
2853 1173 3154 1240 cupiditatis.
3189 1150 3342 1235 Multi
3364 1189 3534 1258 magni

2081 1246 2131 1290 et
2151 1238 2425 1348 imitatione
2446 1249 2723 1320 dignissimi
2743 1262 2998 1329 sapientia:
3019 1271 3184 1325 studio
3208 1291 3320 1328 cum
3349 1235 3527 1348 conin-

2330 1338 2530 1440 fnerunt
2570 1326 2817 1443 (Confess.
2847 1353 2930 1408 lib.
2961 1357 2993 1409 6
3012 1399 3026 1422 ,
3057 1376 3170 1432 cap.
3201 1365 3257 1419 11

1961 1414 2129 1518 Nimis
2148 1422 2287 1519 enim
2314 1440 2373 1480 sc
2398 1429 2648 1489 miserum
2673 1436 2785 1494 fore
2804 1414 3182 1519 arbitrabatur,
3210 1457 3253 1510 si
3280 1414 3522 1519 caelibem

1959 1512 2120 1610 uitam
2160 1512 2393 1621 duceret.
2442 1520 2574 1578 Hinc
2607 1528 2906 1599 episcopum
2939 1512 3309 1616 Ambrosium,
3443 1512 3525 1610 “si;

1959 1603 2092 1701 ipsis
2112 1603 2254 1658 orbis
2279 1609 2599 1679 principibus
2624 1617 2857 1689 impense
2884 1629 3177 1701 coleretur,
3206 1603 3523 1699 felicem—se:

1957 1691 2184 1792 putidum
2211 1698 2460 1754 saeculum
2489 1709 2760 1774 reputabat
2792 1731 2805 1766 :
2834 1731 2968 1772 unus
2999 1721 3136 1778 illius

1956 1777 2248 1838 laboriosus
2276 1797 2328 1841 et
2354 1791 2608 1851 molestus
2634 1799 2935 1870 videbatur;
2969 1824 3085 1866 cum
3114 1819 3254 1884 quod
3287 1777 3520 1894 ille'uspei

1951 1883 2188 1971 gereret,
2211 1877 2342 1971 quid
2368 1881 2620 1941 adversus
2649 1890 2812 1958 ipsius
2848 1877 3170 1960 excellentiae
3196 1877 3519 1971 tentamenta

1954 1961 2283 2035 luctaminis,
2316 1974 2506 2040 quidve
2543 1981 2814 2039 salaminis
2848 1989 2898 2042 in
2925 1991 3160 2050 adversis
3191 1961 3520 2069 haberem-et

1950 2071 2106 2168 quam
2133 2063 2312 2129 sapida
2333 2078 2526 2168 [essent
2567 2073 2679 2141 ejus
2721 2080 2942 2148 gaudia,
2973 2101 3038 2140 ne
3077 2090 3340 2160 conjicere
3397 2063 3518 2168 qui-

2120 2157 2347 2257 posset.(
2370 2157 2530 2257 Ibid,
2553 2179 2666 2257 cap.
2692 2169 2742 2233 3,
2773 2187 2824 2225 η.
2862 2175 2896 2227 5
2987 2146 3296 2238 Honoribus
3317 2146 3510 2257 iigiitii',

1946 2240 2692 2346 opibus-iconjngioinhiabat
2719 2258 2899 2329 (Ibid.,
2920 2240 3041 2330 cap.
3066 2272 3118 2333 6,
3147 2290 3197 2326 η.
3225 2275 3301 2346 9).
3320 2240 3515 2336 Vuerun'l

1947 2330 2255 2439 Deus'illins.
2281 2348 2400 2394 vota
2427 2344 2709 2415 tlelttdcns,
2739 2351 2790 2404 in
2830 2354 2945 2423 ipso
2986 2330 3511 2439 Cttpiditattimaestu',‘

1944 2425 2286 2518 amarissimis
2321 2447 2440 2486 cum
2469 2434 2860 2500 difﬁcultatibus
2885 2425 3184 2518 cruciabat,
3215 2465 3362 2514 tanto
3395 2425 3515 2516 ma:

1942 2512 2023 2581 gis
2064 2517 2322 2586 propitius
2341 2562 2354 2585 ,
2385 2535 2582 2592 quanto
2610 2529 2785 2586 minus
2812 2536 2858 2589 ei
2888 2537 3083 2609 aliquid
3123 2512 3269 2601 cntra
3304 2512 3363 2605 se

1943 2619 2155 2662 cescere
2179 2610 2403 2679 sinebat,
2431 2625 2487 2670 ut
2509 2620 2753 2677 omnibus
2776 2627 3087 2694 posthabitis
3106 2635 3170 2689 ad
3193 2637 3363 2708 ipsum
3384 2656 3515 2699 con-

1942 2707 2254 2757 verteretur.
2604 2730 2606 2732 ’

2010 2789 2067 2843 2.
2097 2791 2252 2894 Notat
2273 2795 2417 2894 ipse,
2444 2815 2546 2870 qua
2573 2802 2692 2859 data
2717 2811 2993 2868 oecasiune
3018 2815 3283 2874 miseriam
3309 2826 3514 2894 perspi-

1939 2895 2038 2936 cue
2064 2889 2585 2978 suamiintellexerit,
2615 2913 2736 2953 cum
2762 2901 2826 2955 ad
2855 2910 3227 2978 panegyricum
3267 2889 3325 2968 se
3357 2889 3508 2971 eom-

1940 2983 2184 3041 pararet,
2215 2977 2583 3039 Valentiniano
2598 2986 2795 3056 iuniori
2815 2977 3050 3064 Augusto
3074 2999 3375 3056 dicendum.
3406 3005 3511 3060 Lo-

1939 3064 2117 3132 quitur
2135 3067 2258 3122 alibi
2279 3071 2346 3124 de
2367 3078 2615 3146 panegyri
2633 3118 2645 3141 ,
2673 3095 2828 3148 qnam
2855 3098 2950 3152 pro
2972 3101 3064 3141 sua
3086 3089 3361 3148 rhetorica:
3380 3097 3512 3152 artis

1939 3154 2264 3256 professione
2308 3161 2361 3215 in
2400 3163 2827 3234 frequentissimo
2866 3190 3118 3233 consessu
3159 3180 3398 3240 kalendis
3423 3189 3510 3256 ja-

1938 3251 2137 3304 nuariis
2157 3252 2409 3347 habuerat
2434 3258 2452 3326 (
2480 3259 2625 3315 Cant.
2646 3262 2770 3318 Lm.
2795 3266 2967 3335 Petil.,
2999 3272 3085 3326 lib.
3107 3274 3160 3339 5,
3184 3292 3236 3330 η.
3259 3277 3352 3347 so)
3375 3295 3391 3334 .-
3413 3251 3508 3336 sed

1937 3353 1999 3392 ea
2038 3343 2207 3397 oratio
2243 3349 2554 3419 pancgyrica
2583 3351 2804 3410 Bantoni
2845 3369 2951 3413 tum
2982 3364 3186 3419 consuli
3229 3343 3368 3422 anno
3397 3379 3508 3426 tre-

1937 3433 2228 3489 centesimo
2245 3440 2565 3508 oetogesimo
2584 3445 2788 3513 quinto,
2812 3448 2948 3504 dicta
2970 3452 3082 3506 fuit.
3112 3455 3186 3508 De
3211 3456 3311 3513 hoc
3329 3469 3506 3516 autem

1935 3520 2274 3591 Imperatoris
2315 3534 2631 3602 panegyrico
2669 3536 2746 3590 sie
2787 3539 3016 3609 loquitur
3053 3560 3066 3597 :
3103 3544 3230 3599 Cum
3273 3566 3503 3618 pararem

1935 3617 2146 3670 recitare
2172 3617 2474 3690 Imperatori
2511 3625 2686 3680 laudes
2705 3671 2719 3694 ,
2758 3630 2934 3700 quibus
2975 3635 3122 3705 plura
3158 3617 3425 3708 mentirer,
3457 3653 3504 3697 et

1934 3709 2189 3762 mentienti
2211 3711 2456 3782 fauerctur
2473 3716 2535 3768 ab
2551 3717 2813 3773 scientibus
2831 3761 2846 3787 ,
2878 3738 3058 3793 easque
3079 3743 3226 3782 curas
3249 3731 3504 3786 anhelaret

1935 3812 2022 3850 cor
2038 3815 2219 3865 meum,
2243 3812 2289 3856 et
2308 3806 2658 3874 cogitationum
2679 3811 2988 3880 tabi/icarum
3009 3816 3223 3887 febribus
3241 3831 3500 3887 tcstuarct;

1936 3889 2179 3943 transiens
2205 3908 2294 3961 per
2315 3897 2580 3963 quemdam
2605 3900 2764 3953 uicum
2784 3900 3208 3962 Mediolanensem
3225 3950 3240 3974 ,
3268 3912 3502 3966 animad-

1934 3982 2056 4033 verti
2083 3999 2352 4053 pauperem
2380 3989 2659 4043 mendicum
2676 4030 2692 4056 ,
2721 3995 2837 4064 jam
2862 3995 3012 4048 credo
3038 4007 3296 4066 saturum,
3315 4003 3500 4073 jocan-

1934 4079 2033 4124 tem
2073 4083 2220 4142 atque
2255 4075 2504 4132 nutantem
2536 4095 2555 4133 :
2581 4089 2627 4134 et
2661 4082 2916 4152 ingemui,
2947 4095 2993 4140 et
3020 4087 3216 4142 locutus
3250 4107 3361 4144 sum
3387 4109 3500 4147 cum

1933 4162 2104 4217 amicis
2117 4205 2132 4230 ,
2157 4169 2242 4234 qui
2261 4183 2453 4222 mecum
2469 4180 2638 4238 erant,
2665 4174 2849 4228 multos
2866 4175 3065 4232 dolores
3082 4179 3392 4236 ittsaniarum
3411 4199 3504 4237 no-

1931 4263 2179 4320 strarum;
2206 4258 2323 4327 quia
2350 4261 2577 4315 omnibus
2607 4263 2788 4318 talibus
2815 4269 3071 4321 conatibus
3095 4272 3301 4333 nostris,
3332 4271 3500 4340 quali-

1931 4345 2022 4400 bus
2059 4356 2178 4402 tunc
2219 4347 2536 4418 laborabam,
2575 4357 2666 4408 sub
2703 4357 2920 4412 stimulis
2943 4360 3268 4429 cupiditatum
3297 4365 3500 4419 trahens

1930 4435 2235 4507 infelicitatis
2255 4457 2376 4495 metu
2393 4444 2662 4508 sarcinam,
2689 4456 2732 4500 et
2752 4449 2996 4503 trahendo
3020 4467 3340 4522 exaggerans,
3371 4457 3500 4510 nihil

1930 4527 2163 4583 vellemus
2195 4531 2336 4584 aliud
2370 4533 2466 4586 nisi
2493 4535 2561 4587 ad
2581 4552 2808 4591 securam
2837 4540 3061 4594 letitiam
3086 4544 3368 4613 peruenire,
3399 4561 3499 4616 quo

1929 4634 2021 4673 nos
2049 4621 2304 4676 mendicus
2331 4623 2419 4676 ille
2446 4625 2554 4696 jam
2593 4631 2920 4698 praecessisset
2938 4673 2954 4699 ,
2992 4650 3250 4706 nunquam
3287 4639 3500 4708 fortasse

1927 4710 2051 4763 illuc
2074 4715 2336 4769 venturos!
2369 4715 2514 4780 Quod
2535 4719 2668 4771 enim
2689 4720 2800 4790 jam
2834 4722 2922 4776 ille
2947 4725 3176 4792 pauculis
3207 4737 3254 4780 et
3277 4729 3502 4783 emendi-

1926 4805 2052 4857 catis
2076 4808 2344 4860 nummulis
2369 4809 2580 4879 adeptus
2602 4821 2706 4864 erat
2725 4854 2740 4879 ,
2768 4814 2834 4866 ad
2861 4816 2954 4869 hoc
2970 4833 3060 4888 ego
3081 4829 3183 4871 tam
3203 4823 3497 4876 a'rumnosis

1926 4895 2233 4966 anfractibus
2261 4907 2305 4951 et
2331 4900 2615 4954 circuitibus
2640 4903 2913 4960 ambiebam
2929 4947 2945 4974 ,
2973 4909 3040 4960 ad
3064 4909 3288 4963 ltetitiam
3308 4911 3497 4965 scilicet

1926 4989 2213 5058 temporalis
2249 4989 2518 5060 felicitatis.
2561 4992 2682 5047 Non
2713 4997 2842 5050 enim
2877 5013 3046 5052 uerum
3070 5001 3309 5070 gaudium
3338 5001 3495 5056 habe-

1926 5075 2028 5144 bat,
2056 5080 2143 5132 sed
2163 5088 2208 5134 et
2226 5096 2315 5150 ego
2338 5080 2440 5136 illis
2463 5084 2812 5140 ambitionibus
2835 5088 2991 5141 multo
3016 5089 3196 5157 falsius
3219 5089 3496 5158 querebaris

1926 5169 2098 5242 (Conf.
2121 5172 2209 5226 lib.
2229 5173 2282 5236 ϐ,
2309 5190 2423 5244 cap.
2442 5175 2495 5240 6,
2520 5192 2572 5229 η.
2591 5176 2664 5246 9).
2689 5177 2810 5232 Hau:
2827 5188 2939 5232 erat
2956 5181 3266 5248 gemituttm,
3286 5184 3336 5236 in
3359 5199 3495 5254 quos

1927 5260 2039 5331 ipse
2057 5277 2176 5317 eum
2196 5263 2382 5319 amicis
2403 5267 2741 5335 erumpebat,
2769 5268 2976 5321 assidua
2999 5273 3282 5338 materies;
3305 5272 3372 5328 de
3391 5289 3494 5341 qua

1925 5360 1980 5407 et
2017 5354 2340 5424 frequentius
2375 5367 2531 5426 atque
2565 5357 2914 5414 conﬁdentius
2947 5374 3066 5415 cum
3096 5363 3286 5434 Alypio
3317 5373 3370 5420 et
3391 5364 3496 5419 Ne-

1925 5443 2094 5500 bridio
2129 5447 2539 5518 eolloquebawr.
2585 5448 2864 5506 Nebridius
2893 5453 3033 5507 enim
3063 5463 3265 5522 matre,
3305 5457 3492 5525 patria,

1926 5536 2136 5604 przediis
2156 5539 2384 5606 relictis,
2409 5539 2724 5610 Carthagine
2744 5541 3095 5599 Mediolanum
3123 5561 3226 5601 non
3251 5546 3405 5600 aliam
3428 5548 3496 5602 ob
3529 5591 3538 5598 .

1926 5646 2139 5685 causam
2167 5647 2224 5687 se
2249 5634 2569 5699 contulerat,
2600 5650 2754 5704 quam
2782 5645 2839 5690 ut
2857 5639 3150 5708 Augustino
3172 5641 3493 5708 conviveret,

1927 5732 1979 5776 et
2008 5725 2203 5792 pariter
2230 5740 2350 5778 cum
2377 5740 2441 5779 eo
2468 5725 2534 5778 ad
2558 5726 2794 5780 veritatis
2821 5744 2884 5782 ac
2910 5731 3179 5796 sapicntim
3212 5730 3496 5801 indagatio.

1934 5834 2051 5871 ιιι-ιιι
2077 5819 2218 5872 omni
2257 5819 2431 5878 studio
2475 5820 2800 5873 incnmlwrct
2825 5864 2836 5876 .
2877 5822 3042 5874 licata:
3075 5824 3191 5876 vita:
3223 5824 3496 5895 inquisitor

2828 5911 3110 5996 (Otmtre.
3122 5916 3148 5992 )
