3994 6352
443 391 546 452 107

441 509 740 592 εινάεηεηοι
764 505 1110 592 quiestioqum
1139 499 1572 556 difﬁcillimarum
1593 508 1857 554 scrutator
1875 515 2025 554 acer-

441 585 627 658 rimus.
659 585 849 662 Erant,
883 597 954 672 ait
983 585 1306 672 Augustinus
1325 634 1340 660 ,
1367 610 1464 652 ora,
1490 595 1638 648 trium
1667 595 1943 665 egentium,
1977 603 2024 648 et

439 694 828 768 inapiamsuam
855 665 1044 762 sibimet
1079 687 1285 742 invicem
1315 684 1688 752 anhelantium,
1721 694 1770 740 et
1797 702 1828 738 α
1863 695 1910 740 te
1937 701 2024 740 em-

435 785 767 857 spectantium
793 792 846 836 ut
873 782 1018 836 dares
1039 781 1106 835 eis
1127 796 1290 852 escam
1309 779 1364 832 in
1385 787 1604 848 tempore
1623 788 1926 848 opportuno.
1951 777 2022 832 Et

433 881 488 934 in
529 877 665 932 omni
706 874 1074 948 amaritudine,
1111 889 1228 943 qua:
1263 881 1460 928 nostros
1494 871 1758 926 steculares
1787 883 1928 926 actus
1957 872 2020 926 de

437 967 777 1024 misericordia
807 976 892 1020 tua
918 965 1212 1036 sequebatur
1232 1005 1244 1028 ,
1271 963 1573 1016 intuentibus
1597 962 1736 1016 nobis
1759 963 1908 1018 tinem
1925 979 2018 1016 cur

435 1078 494 1115 ea
517 1069 832 1134 pateremur,
863 1056 1186 1110 occurrebant
1205 1054 1458 1118 tenebrte;
1485 1061 1536 1108 et
1557 1059 1909 1108 aversabantur
1927 1059 2016 1122 ge-

435 1161 654 1216 mentes,
695 1157 740 1202 et
767 1147 1051 1200 dicebamus
1083 1160 1102 1199 :
1134 1143 1388 1210 Quamdiu
1427 1143 1574 1198 hara?
1615 1142 1682 1194 Et
1715 1143 1808 1196 hoc
1843 1141 2016 1196 crebro

435 1238 716 1293 dicebamus
735 1255 753 1302 ;
781 1248 828 1293 et
859 1237 1074 1290 dicentes
1101 1253 1200 1289 non
1225 1232 1622 1304 relinquebamus
1647 1249 1706 1288 ea
1733 1248 1752 1286 :
1775 1233 1892 1302 quia
1915 1250 2014 1286 non

430 1332 652 1387 elucebat
675 1340 862 1384 certum
887 1327 1077 1400 aliquid
1105 1327 1237 1397 quod
1266 1327 1370 1380 illis
1393 1325 1580 1380 relictis
1607 1324 2010 1395 apprehendere-

431 1439 542 1477 mus
573 1421 756 1492 (Ibid.,
787 1438 900 1490 cap.
935 1421 1092 1486 10,11.
1126 1419 1236 1488 l7).

501 1517 557 1573 5.
597 1515 662 1570 Et
704 1531 828 1586 ego,
879 1513 1092 1580 subjicit
1131 1511 1482 1580 Augustinus,
1519 1508 1740 1563 maxime
1768 1505 2008 1574 mirabar,

429 1618 658 1678 satagens
684 1615 728 1658 et
755 1605 976 1660 recolens
1003 1618 1154 1674 quam
1179 1601 1382 1670 longum
1408 1609 1600 1669 tempus
1619 1607 1743 1653 esset
1767 1597 1829 1652 ab
1847 1597 2010 1650 unde-

429 1699 663 1768 vigesimo
697 1713 830 1750 anuo
861 1696 1021 1750 letalis
1051 1709 1206 1758 mete,
1237 1708 1336 1764 quo
1361 1692 1549 1760 {ervere
1575 1706 1820 1760 coeperam
1843 1691 2010 1744 studio

429 1791 687 1862 sapientiae
706 1831 721 1850 ,
753 1789 1022 1860 disponens
1048 1803 1104 1839 ea
1127 1786 1326 1840 iurenta
1349 1785 1630 1854 relinquere
1657 1800 1825 1837 omnes
1857 1799 2010 1836 uana-

429 1898 538 1933 rum
569 1881 900 1950 cupiditatum
930 1895 1040 1948 spes
1069 1877 1243 1930 inanes
1277 1885 1323 1928 et
1359 1875 1584 1928 insanias
1621 1875 1882 1928 mendaces
1915 1889 1933 1927 :
1964 1883 2010 1927 et

426 1989 539 2026 ecce
567 1974 680 2044 jam
723 1971 1038 2025 tricenariam
1075 1979 1272 2023 aetatem
1307 1967 1570 2038 gerebam,
1611 1968 1664 2021 in
1691 1967 1862 2024 eodem
1903 1969 2008 2020 luto

429 2065 694 2128 htesitaus,
729 2062 962 2116 aviditate
993 2059 1192 2132 fruendi
1232 2059 1592 2129 praesentibus,
1637 2056 1934 2126 fugientibus
1963 2067 2008 2110 et

429 2153 788 2225 dissipantibus
809 2170 915 2218 me,
944 2153 1060 2205 dum
1084 2151 1196 2203 dico
1227 2165 1243 2202 :
1269 2146 1394 2204 Cras
1413 2149 1692 2212 inveniam;
1711 2163 1822 2201 ecce
1841 2149 2008 2200 mani-

429 2249 612 2318 festum
651 2242 942 2314 apparebit,
985 2251 1031 2295 et
1069 2239 1236 2292 tenebo
1277 2237 1474 2310 (Ibid.,
1507 2255 1620 2307 cap.
1659 2237 1716 2290 Η
1743 2277 1758 2302 ,
1799 2253 1851 2290 η.
1893 2237 2003 2306 18).

429 2339 606 2408 Pergit
630 2339 727 2392 sub
755 2338 867 2388 haec
891 2334 1082 2387 eximie
1111 2331 1434 2395 describere,
1453 2330 1643 2398 quibus
1687 2331 1798 2399 ipse
1835 2329 2008 2382 dubiis

429 2421 812 2498 diStraltet-etttr
834 2429 974 2480 circa
1003 2426 1120 2478 vita:
1149 2422 1494 2494 genus,quod
1531 2422 1628 2476 sibi
1673 2421 1808 2476 foret
1835 2421 1898 2474 ad
1931 2423 2008 2474 iu.-

425 2521 734 2594 quircndpm
761 2519 1036 2574 veritatem
1066 2525 1422 2584 opportunum
1451 2511 1874 2582 eligendutnquc.
1903 2511 2006 2580 Ipsi

425 2591 616 2684 quippe
639 2591 819 2686 lumen
840 2607 1077 2664 veritatis
1101 2607 1188 2660 vix
1209 2605 1440 2684 primum
1467 2604 1736 2658 all'ulserat
1757 2603 1854 2657 hoc
1875 2613 2008 2656 tem—

426 2721 586 2774 pore,
615 2719 720 2773 quo
739 2693 982 2755 videlicet
1005 2699 1236 2754 nondum
1265 2697 1655 2750 Platonicorum
1677 2695 1840 2748 libros
1865 2697 2004 2763 leges

423 2805 526 2850 rat.
569 2795 626 2850 lu
659 2795 757 2848 hoc
791 2790 1066 2866 multiplici
1094 2801 1224 2844 testu
1255 2797 1495 2842 motuum
1522 2796 1576 2842 et
1603 2787 2001 2856 cogitationum.

423 2886 614 2956 quibus
657 2875 812 2938 simul
845 2881 1175 2953 jactabatur,
1222 2889 1274 2934 et
1319 2879 1466 2934 navis
1509 2879 1675 2932 instar
1721 2879 2005 2932 contrariis

423 2977 596 3032 ventis
620 2977 853 3045 abrepta:
873 3015 890 3042 ,
925 2975 1026 3029 huc
1055 2963 1212 3050 atque
1239 2973 1360 3028 illuc
1391 2973 1792 3042 impellebatur,
1821 2971 2008 3026 cftlue-

422 3069 552 3126 baut
573 3075 808 3138 tempora
829 3108 844 3132 ,
870 3073 926 3121 et
945 3067 1058 3136 ipse
1081 3080 1290 3133 semper
1315 3064 1476 3118 animi
1499 3063 1688 3118 dubius
1708 3077 1854 3116 suam
1875 3079 2004 3132 quo-

423 3163 554 3218 tidie
577 3162 977 3214 conversionem
1007 3155 1438 3226 procrastinabat.
1464 3155 1638 3208 Beata!
1659 3155 1777 3208 vita:
1799 3171 1997 3218 amans,

424 3267 540 3308 eam
573 3252 624 3306 in
653 3251 764 3320 ejus
793 3251 956 3318 ipsius
979 3249 1136 3314 sede,
1167 3263 1284 3317 quin
1310 3257 1391 3302 est
1417 3263 1590 3302 rerum
1617 3247 1851 3300 omnium
1877 3263 2006 3300 con-

423 3343 642 3413 temptio
662 3343 726 3398 ad
750 3339 1114 3398 inhaerendum
1137 3339 1230 3396 uni
1253 3339 1394 3404 Deo,
1423 3339 1500 3392 sic
1523 3338 1758 3403 timebat,
1785 3345 1840 3392 ut
1859 3353 2006 3392 eam-

422 3436 543 3491 dem
566 3451 683 3490 cum
709 3441 992 3504 qutereret,
1019 3435 1222 3502 fugeret
1247 3431 1433 3500 (lbid.,
1463 3448 1516 3484 η.
1541 3431 1656 3502 20).
1681 3431 2003 3486 lnl‘irmitatis

418 3542 530 3582 sua:
555 3527 830 3590 conscius,
864 3535 918 3582 et
941 3525 1123 3594 gratim
1151 3525 1252 3576 \‘im
1281 3524 1512 3578 nondum
1535 3531 1786 3591 expertus
1807 3564 1819 3584 ,
1847 3522 2000 3586 indu-

419 3635 540 3674 cere
566 3619 796 3672 animum
827 3633 932 3672 non
965 3626 1170 3686 poterat
1193 3655 1206 3680 ,
1241 3624 1292 3668 ut
1325 3615 1568 3670 caelibem
1595 3615 1755 3666 vitam
1779 3613 1998 3667 coleret.

419 3712 638 3783 Alypius
653 3709 982 3766 castissimus
999 3708 1306 3762 adolescens
1327 3707 1470 3760 omni
1488 3705 1660 3760 studio
1679 3706 1996 3773 enitebatur,

419 3817 526 3872 quo
562 3817 682 3856 eum
719 3807 988 3854 averteret
1015 3797 1044 3851 ὲ
1077 3795 1358 3866 conjugio;
1403 3811 1522 3850 cum
1551 3803 1856 3850 causarctur
1885 3797 2000 3852 ﬁeri

419 3900 718 3954 nullatenus
743 3911 900 3966 posse
919 3937 934 3960 ,
963 3895 1008 3948 si
1047 3909 1264 3948 uxorem
1303 3893 1550 3956 duceret,
1581 3900 1640 3946 ut
1665 3893 1998 3961 tranquillam

416 3993 578 4046 vitam
613 3990 768 4044 simul
803 3989 856 4042 in
898 4001 1082 4042 artiore
1111 3985 1381 4054 sapientiae
1409 3984 1696 4053 degerent,
1729 3985 1863 4038 sicut
1888 3986 1996 4052 jam

417 4083 619 4152 pridem
647 4079 982 4148 expetebant.
1015 4078 1080 4130 At
1107 4075 1354 4147 deligatus
1385 4075 1554 4128 morbo
1583 4077 1748 4128 carnis
1767 4117 1782 4141 ,
1825 4077 1997 4128 morti-

418 4177 526 4243 fera
549 4171 820 4236 suavitate,
850 4169 1054 4238 inquit,
1087 4165 1344 4221 trahebam
1371 4177 1600 4219 catenam
1637 4181 1834 4232 meam,
1871 4167 1996 4220 solvi

417 4265 594 4316 timens
613 4303 628 4326 ,
657 4271 702 4316 et
725 4259 870 4332 quasi
899 4275 1138 4314 concusso
1177 4259 1379 4310 vulnere
1413 4256 1658 4326 repellens
1694 4255 1840 4308 verba
1875 4256 1998 4310 bene

417 4352 692 4416 suadentis,
722 4359 960 4421 tanquam
985 4365 1187 4402 manum
1207 4347 1458 4402 solventis.
1489 4347 1620 4402 Hinc
1641 4347 1879 4418 Alypius,
1905 4347 1992 4416 qui

417 4445 484 4500 de
523 4443 802 4514 Augustini
847 4442 1058 4512 ingenio
1101 4441 1236 4496 bene
1279 4439 1648 4503 existimabat,
1689 4439 1993 4492 coriositate

415 4537 718 4592 stimulatus
733 4545 790 4591 et
809 4537 922 4605 ipse
941 4577 957 4602 ,
985 4533 1287 4604 conjugium
1311 4541 1588 4601 expetere;
1617 4539 1670 4586 ct
1689 4531 1858 4586 aliena
1881 4547 1993 4586 ser-

416 4629 580 4682 vitulo
618 4625 1049 4696 obstupefactus,
1095 4621 1430 4679 in'eamdem
1475 4623 1614 4678 ultro
1662 4623 1992 4692 propendere

417 4717 606 4788 (lbid.,
639 4735 754 4788 cap.
785 4717 872 4782 12,
903 4733 990 4770 nn.
1018 4714 1108 4780 2i,
1135 4715 1248 4784 22).

483 4811 538 4866 4.
579 4809 714 4864 Cum
765 4809 944 4878 itaque
979 4809 1056 4862 sic
1099 4809 1277 4861 animo
1313 4807 1630 4860 constitutus
1669 4805 1992 4876 Augustinus

410 4911 583 4968 esset,
615 4901 744 4957 nihil
775 4903 966 4955 minim
997 4901 1042 4954 si
1065 4899 1306 4954 Monnica
1329 4899 1485 4954 dabat
1507 4915 1722 4970 operam
1744 4941 1758 4966 ,
1787 4909 1844 4953 ut
1867 4907 1990 4954 ante

411 4973 718 5066 susceptum
757 4995 1023 5064 Baptisms
1045 5035 1058 5059 ,
1091 4993 1154 5046 ad
1183 4993 1322 5062 quod
1355 4993 1500 5046 illum
1527 5007 1586 5047 se
1617 4993 1665 5046 iu
1697 4993 1812 5048 dies
1837 5007 1988 5048 com-

405 5101 602 5156 parare
629 5086 882 5155 gaudebat
907 5127 921 5152 ,
951 5085 1286 5138 matrimonio
1323 5084 1634 5153 iungeretur
1662 5082 1712 5154 (1
1721 5083 1847 5148 bid.,
1869 5101 1984 5154 cap.

413 5179 475 5232 l5
495 5217 512 5246 ,
540 5195 595 5232 η.
619 5176 737 5248 25),
769 5192 838 5232 ne
875 5177 1077 5231 scilicet
1123 5185 1240 5245 post
1287 5189 1492 5230 sacram
1539 5175 1987 5244 regenerationem

404 5269 813 5324 incontinentis:
857 5269 1092 5338 periculo
1137 5269 1272 5324 foret
1310 5269 1483 5323 adhuc
1511 5267 1788 5322 obnoxius.
1823 5269 1987 5322 Deum

410 5361 499 5417 illa
529 5359 838 5431 frequenter
861 5361 1063 5427 oravit,
1099 5363 1257 5416 etiam
1285 5375 1314 5415 a
1343 5361 1446 5414 lilio
1467 5361 1742 5415 sollicitata
1766 5403 1782 5428 ,
1811 5367 1872 5415 ut
1887 5362 1988 5416 sibi

411 5455 480 5507 ile
511 5455 614 5508 hoc
641 5453 984 5509 matrimonio
1019 5453 1216 5524 aliquid
1245 5467 1338 5526 per
1363 5455 1530 5507 risum
1564 5453 1852 5520 indicaret;
1894 5453 1990 5509 sed

412 5559 680 5613 nunquam
709 5545 966 5600 exoravit.
1004 5545 1234 5614 Qumsita
1273 5553 1444 5598 tamen
1471 5553 1552 5599 est
1579 5545 1746 5613 puella
1769 5585 1784 5611 ,
1813 5555 1984 5602 trans-

411 5645 696 5704 actumque
743 5637 1050 5708 negotium:
1083 5651 1262 5690 t'erum
1315 5651 1431 5689 cum
1481 5637 1566 5690 illa
1617 5637 1822 5691 nonnisi
1869 5647 1989 5708 post

413 5723 686 5782 biennium
713 5727 904 5782 nubilis
935 5729 1102 5782 futura
1134 5735 1310 5792 esset,
1343 5726 1534 5795 placuit
1572 5727 1818 5782 idoneum
1855 5739 1990 5782 tem-

416 5831 518 5888 pus
537 5831 833 5888 exspeCtan
855 5857 872 5886 ,
903 5815 1044 5888 quod
1073 5816 1159 5872 illa
1185 5815 1421 5872 conditio
1447 5831 1554 5872 non
1583 5821 1880 5886 spernenda
1911 5821 1985 5874 κί-

1566 385 1726 444 VITA
1761 387 1820 443 S.
1860 383 2224 444 AUGUSTINI
2263 387 2584 449 EPISCOPI.

3605 403 3709 467 {08

2131 503 2360 558 daretur.
2393 504 2610 560 Interim
2655 521 2774 562 cum
2819 508 2962 565 illius
3008 513 3300 568 concubina
3347 515 3705 587 impedimen-

2135 603 2241 646 tum
2267 595 2482 650 al't'erret
2508 596 2754 668 conjugio
2771 639 2786 662 ,
2813 599 2880 654 ab
2905 593 3069 669 ipsius
3097 603 3260 659 latere
3283 607 3464 663 avulsa
3496 617 3593 665 est.
3636 612 3694 670 In

2127 685 2358 739 Africam
2385 687 2472 742 illa
2499 687 2674 754 rediit,
2707 705 2904 745 vovens
2927 693 3036 747 Deo
3061 695 3220 750 alium
3243 711 3303 752 se
3335 699 3505 754 virum
3531 703 3674 759 nesci

2127 785 2314 831 turam.
2349 779 2532 834 Atille
2573 795 2638 836 ne
2677 783 3038 838 mulierculam
3083 787 3294 857 quidem
3343 791 3476 846 virili
3525 796 3702 852 animo

2125 869 2314 924 imitari
2353 871 2518 926 valuit
2543 889 2554 923 :
2577 881 2632 926 et
2657 889 2776 928 cum
2805 873 3076 930 biennium
3113 881 3404 946 praestolari
3437 895 3539 938 non
3571 897 3697 954 pos-

2120 969 2238 1025 set,
2273 961 2326 1016 in
2357 963 2530 1016 locum
2571 964 2712 1018 illius
2747 979 2866 1034 qua:
2914 967 3263 1034 discesserat,
3311 971 3466 1026 aliam
3514 975 3700 1032 ascivit

2123 1051 2316 1122 (Ibid.,
2338 1055 2546 1123 cap.l5,
2573 1073 2626 1108 η.
2651 1054 2744 1128 25)
2767 1071 2783 1122 ;
2811 1060 2960 1127 quasi
2991 1061 3178 1114 animm
3205 1077 3316 1116 suae
3341 1067 3580 1121 morbum
3609 1077 3704 1125 aut

2119 1161 2330 1216 semper
2351 1147 2642 1216 producere
2663 1189 2678 1215 ,
2723 1159 2812 1203 aut
2851 1152 3112 1218 proritare
3143 1163 3420 1211 statueret.
3447 1159 3555 1213 Nec
3585 1161 3698 1230 ipse

2118 1236 2403 1302 dillitetnr,
2449 1253 2506 1293 se
2545 1238 2576 1292 it
2615 1240 2956 1308 profundiore
2997 1243 3274 1300 libidinum
3300 1249 3539 1317 gurgite,
3583 1253 3700 1305 solo

2117 1329 2306 1384 mortis
2345 1339 2400 1384 ct
2441 1331 2604 1385 divini
2636 1331 2820 1401 iudicii
2861 1342 3002 1388 metu
3035 1335 3196 1390 fuisse
3223 1350 3526 1393 revocatum
3553 1359 3564 1392 :
3597 1342 3698 1406 Qui

2115 1431 2306 1486 metus,
2339 1421 2408 1476 ait
2431 1463 2444 1487 ,
2477 1441 2566 1493 per
2588 1425 2752 1480 varias
2781 1425 2984 1497 quidem
3015 1429 3296 1498 opiniones,
3329 1447 3580 1500 nunquam
3607 1445 3688 1486 ta-

2115 1529 2226 1566 men
2245 1514 2442 1566 recessit
2469 1515 2529 1567 de
2546 1525 2743 1584 pectore
2761 1533 2868 1570 meo
2895 1515 3076 1587 (Ibid.,
3097 1537 3210 1590 cap.
3237 1522 3326 1584 16,
3351 1539 3402 1576 n.
3425 1523 3538 1594 ‘26).
3561 1525 3694 1579 Cum

2117 1604 2182 1658 de
2208 1605 2399 1660 ﬁnibus
2430 1607 2688 1660 bonorum
2717 1617 2770 1661 et
2797 1609 3054 1664 malorum
3088 1626 3208 1665 cum
3229 1613 3419 1683 Alypio
3439 1625 3491 1668 et
3511 1614 3697 1670 Nebri-

2113 1697 2200 1748 dio
2229 1697 2488 1750 interdum
2527 1699 2857 1766 disputaret,
2905 1701 3116 1757 dicebat
3151 1719 3208 1758 se
3246 1705 3488 1760 daturum
3532 1707 3696 1764 fuisse

2115 1789 2339 1854 palmam
2383 1789 2610 1855 Epicuro
2631 1831 2646 1852 ,
2691 1791 2790 1843 nisi
2817 1791 3128 1848 credidisset
3155 1795 3270 1863 ipse
3291 1837 3306 1860 ,
3334 1797 3474 1865 quod
3499 1797 3694 1866 Epicu-

2113 1895 2201 1933 rus
2229 1881 2444 1935 credere
2467 1882 2660 1948 noluit,
2691 1891 2814 1953 post
2835 1895 3056 1939 mortem
3088 1895 3287 1942 restare
3315 1891 3504 1943 anima)
3531 1892 3692 1946 vitam

2112 1981 2166 2026 et
2197 1981 2392 2027 tractus
2423 1973 2750 2028 meritorum.
2776 1976 2886 2043 Qua
2911 1987 3088 2032 mente
3112 1993 3258 2033 suam
3289 1980 3402 2048 ipse
3426 1981 3693 2036 miseriam

2111 2067 2240 2118 satis
2270 2075 2450 2134 aperte
2479 2069 2836 2134 monstrabat,
2865 2085 3026 2140 seque
3051 2073 3282 2126 cmlestis
3305 2073 3442 2128 illius
3463 2073 3698 2144 pulchri-

2115 2157 2322 2222 tudinis,
2357 2173 2472 2228 quze
2497 2169 2710 2228 propter
2730 2177 2786 2215 se
2816 2162 3108 2218 adamanda
3129 2174 3228 2230 est,
3247 2166 3585 2236 purissimum
3612 2169 3693 2222 lu-

2113 2265 2234 2302 men
2263 2265 2364 2302 non
2389 2265 2544 2317 posse
2575 2255 2894 2320 perspicere.

2181 2341 2234 2394 5.
2278 2339 2430 2393 Multi
2469 2343 2644 2406 amici,
2685 2345 2792 2410 ait,
2823 2346 3188 2414 agitaveramus
3225 2349 3424 2414 animo,
3453 2359 3498 2403 et
3521 2350 3686 2404 collo-

2109 2441 2342 2498 quentes,
2383 2447 2442 2484 ac
2485 2435 2779 2487 detestantes
2821 2437 3130 2492 turbulentas
3174 2441 3406 2495 humanm
3431 2443 3544 2496 vitta
3577 2459 3692 2496 mo-

2111 2523 2276 2574 lestias
2297 2563 2310 2586 ,
2359 2539 2482 2592 pene
2507 2525 2620 2596 jam
2651 2527 3030 2592 ﬁrntaveramus
3073 2531 3246 2582 remoti
3283 2547 3316 2583 a
3355 2533 3510 2586 turbis
3537 2533 3694 2588 otiose

2111 2614 2269 2666 vii-ere
2291 2629 2308 2666 :
2333 2615 2386 2666 id
2411 2615 2566 2668 otium
2595 2617 2667 2668 sic
2697 2619 2874 2683 moliti,
2907 2629 2960 2671 ut
2981 2621 3025 2672 si
3043 2621 3164 2690 quid
3193 2621 3373 2676 habere
3393 2639 3650 2692 possemus
3669 2663 3688 2690 ,

2109 2707 2445 2773 conferremus
2471 2705 2522 2758 in
2551 2707 2788 2769 medium,
2813 2725 3064 2778 unamque
3095 2727 3198 2763 rem
3235 2713 3538 2782 familiarem
3563 2729 3692 2767 con-

2109 2795 2346 2861 [luremus
2373 2811 2436 2847 ex
2459 2796 2686 2850 onmibus
2711 2813 2728 2850 :
2753 2807 2808 2850 ut
2833 2815 2922 2868 per
2949 2801 3185 2854 amicitiae
3217 2803 3546 2856 sinceritatem
3589 2819 3694 2860 non

2110 2895 2232 2936 esset
2252 2885 2392 2937 aliud
2415 2885 2566 2955 hujus
2585 2929 2600 2952 ,
2633 2899 2678 2940 et
2703 2889 2847 2941 aliud
2871 2889 3046 2954 illius;
3089 2893 3176 2944 sed
3205 2894 3337 2963 quod
3373 2911 3434 2948 ea:
3461 2896 3652 2949 cunctis
3671 2935 3686 2960 ,

2111 2978 2248 3044 [iuret
2277 2994 2458 3042 animi,
2493 2989 2536 3030 et
2562 2981 2844 3034 universum
2869 2981 3182 3054 singulorum
3223 2995 3375 3052 esset,
3422 2997 3468 3041 et
3511 2988 3682 3042 omnia

2115 3067 2426 3120 comitatu...
2451 3065 2722 3123 Placuerat
2743 3073 2970 3140 nobis,ut
2995 3073 3098 3126 bini
3125 3078 3552 3147 nunuiJanguam
3581 3095 3694 3132 ma-

2113 3158 2348 3226 gistratus
2375 3200 2389 3224 ,
2425 3161 2592 3214 onmia
2631 3165 2906 3217 necessaria
2957 3177 3220 3232 curarent,
3267 3169 3459 3222 ueteris
3487 3171 3685 3238 quietis.

2111 3249 2214 3302 Sed
2249 3263 2568 3320 posteaquam
2596 3255 2742 3322 (cepit
2769 3257 3008 3326 cogitari,
3049 3269 3216 3312 utrum
3255 3249 3350 3312 hbe
3385 3261 3694 3316 muliercula!

2108 3343 2344 3404 sinerent,
2369 3360 2492 3413 quas
2520 3356 2564 3398 et
2595 3347 2684 3399 alii
2715 3357 2936 3400 nostrum
2953 3351 3066 3420 jam
3097 3351 3372 3418 habebant,
3411 3363 3456 3406 et
3483 3371 3574 3408 nos
3595 3357 3690 3407 ha-

2109 3433 2218 3483 bere
2245 3433 2556 3501 volebamus,
2587 3445 2744 3490 totum
2773 3439 2904 3491 illud
2929 3440 3168 3508 placitum
3199 3443 3330 3511 quod
3353 3443 3472 3496 bene
3498 3449 3690 3512 forma-

2107 3525 2280 3578 bamus
2299 3565 2312 3590 ,
2343 3527 2556 3580 dissiluit
2581 3530 2632 3582 in
2661 3531 2887 3585 manibus
2917 3543 3062 3602 atque
3103 3538 3420 3606 confractum
3457 3547 3503 3590 et
3543 3539 3686 3606 obje-

2105 3625 2240 3666 ctum
2268 3626 2357 3668 est.
2388 3615 2518 3670 Inde
2553 3619 2620 3670 ad
2664 3621 2880 3688 suspiria
2917 3631 2960 3676 et
2995 3624 3204 3692 gemitus
3226 3666 3240 3689 ,
3291 3633 3338 3677 et
3377 3643 3574 3695 gressus
3617 3627 3684 3679 ad

2104 3708 2379 3776 sequendas
2403 3709 2532 3764 latas
2571 3721 2617 3763 et
2657 3712 2800 3766 tritas
2841 3713 2946 3766 vias
2983 3717 3183 3782 swculi,
3225 3717 3462 3785 quoniam
3505 3719 3680 3770 multa:

2105 3801 2428 3868 cogitationes
2471 3814 2616 3856 erant
2659 3805 2712 3857 in
2760 3807 2911 3859 corde
2957 3819 3162 3872 nostro;
3203 3811 3466 3862 consilium
3517 3821 3684 3864 autem

2106 3903 2246 3944 tuum
2265 3903 2430 3946 manet
2457 3893 2510 3946 in
2530 3903 2790 3948 ceternum.
2821 3895 2906 3950 Ea:
2929 3913 3024 3964 quo
3060 3899 3268 3952 consilio
3295 3899 3556 3953 deridebus
3585 3917 3682 3954 no-

2101 3991 2228 4049 stra,
2259 3992 2306 4037 et
2331 3993 2418 4036 tua
2446 3987 2788 4056 prteporabas,
2817 3989 2958 4040 nobis
2985 3989 3197 4043 daturus
3219 4007 3382 4044 escam
3413 3993 3460 4044 iu
3491 4008 3682 4063 Oppor-

2103 4075 2342 4140 tunitate,
2387 4084 2432 4128 et
2471 4086 2736 4144 aperturas
2780 4094 2984 4130 manum
3013 4089 3167 4143 tuam,
3201 4091 3348 4150 atque
3377 4083 3680 4150 impleturus

2099 4165 2296 4218 animas
2315 4175 2510 4218 nostras
2529 4165 2864 4220 benedictione
2879 4167 2930 4236 (1
2937 4169 3062 4244 bid.,
3085 4187 3198 4238 cap.
3225 4172 3308 4232 14,
3329 4189 3380 4224 n.
3403 4171 3514 4243 ‘2’»).
3537 4173 3648 4226 Con
3663 4201 3681 4212 -

2101 4257 2358 4325 gregandi
2385 4257 2700 4312 videbantur
2721 4259 2930 4314 circiter
2957 4261 3138 4315 decem
3162 4305 3176 4326 ,
3205 4265 3392 4332 quibus
3417 4265 3532 4318 lucc
3561 4267 3679 4321 vita:

2100 4349 2326 4402 societas
2350 4349 2650 4404 arridebat:
2685 4351 2820 4406 inter
2848 4369 2980 4422 quos
3010 4361 3160 4407 erant
3189 4355 3400 4424 quidam
3433 4357 3679 4425 prtedivi-

2099 4448 2178 4494 tes
2203 4482 2217 4505 ,
2241 4439 2597 4496 Romanianus
2621 4444 2670 4496 in
2701 4445 2879 4512 primis
2909 4447 3197 4514 Augustino
3226 4463 3253 4498 a
3285 4449 3482 4502 teneris
3509 4449 3664 4503 lami-

2099 4529 2448 4598 liarissimus;
2496 4547 2594 4586 nec
2635 4543 2746 4587 erat
2785 4536 2872 4603 qui
2907 4533 3042 4589 hanc
3081 4537 3201 4590 vitro
3241 4541 3676 4592 eommuuitatem

2099 4627 2190 4674 aut
2216 4635 2280 4675 eo
2307 4623 2578 4677 ardentius
2619 4633 2922 4693 expeteret,
2971 4635 3062 4679 aut
3098 4625 3164 4679 ad
3199 4642 3314 4680 eam
3355 4627 3678 4683 suadendum

2095 4711 2281 4781 majori
2313 4716 2624 4769 auctoritate
2655 4717 2896 4784 polleret,
2926 4731 3043 4770 cum
3075 4731 3157 4771 res
3181 4719 3228 4772 ei
3261 4717 3533 4775 familiaris
3563 4735 3680 4773 am-

2097 4804 2238 4874 plior
2277 4819 2436 4873 quam
2479 4808 2686 4861 caeteris
2724 4815 2884 4861 esset.
2909 4807 2964 4860 Id
2995 4809 3552 4888 teniporis‘lllediolani
3579 4811 3680 4866 de-

2094 4896 2283 4964 gebat,
2311 4903 2369 4950 ut
2397 4897 2628 4952 intentas
2671 4895 2770 4950 sibi
2793 4914 2821 4950 a
2845 4907 3172 4967 pt‘tt‘potcnte
3211 4900 3513 4955 adversario
3558 4901 3681 4956 lites

2095 4997 2538 5058 persequeretur,
2567 4989 2758 5059 quibus
2793 4991 3004 5060 quidem
3035 5005 3154 5046 cum
3187 4993 3358 5046 dixina
3389 4991 3677 5062 providen-

2097 5079 2166 5133 tia
2191 5080 2420 5148 quodam
2451 5095 2641 5136 somno
2663 5082 2818 5150 hujus
2841 5083 2960 5136 vitae
2987 5094 3306 5153 veternoque
3335 5086 3562 5156 sopitum
3593 5099 3674 5138 ex-

2093 5175 2304 5228 citabat.
2331 5173 2406 5228 De
2429 5175 2528 5228 hoc
2549 5173 2773 5230 fortasse
2797 5175 2918 5230 vitae
2941 5179 3241 5232 communis
3263 5179 3506 5240 consilio,
3530 5179 3678 5247 quod

2097 5263 2344 5328 inierant,
2371 5279 2494 5318 cum
2527 5279 2591 5320 eo
2619 5267 2728 5336 agit
2753 5268 3110 5338 Augustinus,
3159 5267 3282 5323 dum
3313 5269 3389 5323 sic
3419 5271 3565 5324 illum
3600 5269 3682 5324 al-

2097 5353 2326 5424 loquitur
2351 5373 2364 5408 :
2395 5355 2653 5426 Quidquid
2685 5357 2748 5412 de
2783 5360 2884 5413 otio
2913 5375 3022 5414 meo
3051 5361 3198 5413 modo
3221 5361 3448 5430 gaudeo,
3479 5361 3614 5431 quod
3643 5377 3680 5414 a

2095 5449 2464 5518 superﬂuarum
2481 5451 2812 5508 cupiditatum
2833 5453 3041 5506 vinculis
3061 5455 3267 5518 evoluei,
3289 5454 3420 5523 quod
3437 5453 3677 5522 depositis

2098 5542 2328 5594 oneribus
2359 5553 2672 5596 mortuarum
2709 5561 2965 5606 curarum,
2997 5547 3206 5613 respiro,
3237 5547 3494 5614 resipiscit,
3529 5547 3676 5599 redeo

2098 5635 2166 5686 ad
2185 5651 2282 5699 me,
2314 5636 2448 5704 quod
2481 5653 2650 5706 quer
2679 5638 3035 5691 intentissinms
3061 5639 3344 5698 ueritatem,
3373 5637 3505 5707 quod
3533 5637 3676 5690 inve-

2093 5730 2202 5782 nire
2215 5731 2324 5799 jam
2353 5731 2624 5801 ingredior,
2650 5731 2782 5800 quod
2807 5747 2884 5782 me
2903 5729 2970 5781 ad
2999 5747 3247 5783 summum
3277 5729 3437 5800 ipsum
3470 5731 3677 5782 modum

2095 5833 2448 5892 perventurum
2477 5839 2578 5876 esse
2599 5823 2796 5892 conﬁdo
2821 5839 2838 5886 ;
2867 5833 2914 5876 tu
2938 5824 3170 5876 animasti
3187 5863 3200 5888 ,
3233 5829 3284 5874 tu
3303 5820 3550 5890 impulisti
3573 5859 3588 5887 ,
3617 5827 3676 5876 tu
