3994 6352
281 541 455 612 fecisti.
503 537 663 610 Cujus
705 545 872 591 autem
914 535 1141 590 minister
1182 533 1373 604 fueris,
1415 529 1531 602 plus
1566 530 1732 584 adhuc
1759 530 1860 598 ﬁde

284 633 479 703 :oncepi
498 675 512 697 ,
555 647 705 701 quam
752 631 944 683 ratione
981 625 1356 697 comprehendi.
1400 621 1537 677 Nam
1579 638 1692 676 cum
1729 635 1861 693 prte-

283 743 385 783 scns
428 727 666 797 praesenti
699 724 783 778 tibi
825 723 1165 793 exposuissent
1200 719 1458 772 interiores
1501 724 1664 770 motus
1703 714 1862 768 animi

278 821 390 885 mei,
416 820 828 886 vehementerque
852 831 912 868 ac
941 814 1124 884 sapius
1149 826 1423 866 assererem
1444 850 1456 874 ,
1502 809 1697 863 nullam
1738 807 1862 860 mihi

281 913 434 965 sideri
483 915 777 980 prosperam
824 911 1110 979 fortunam,
1153 905 1250 958 nisi
1291 918 1404 974 qua
1445 902 1601 956 otiunt
1642 901 1861 970 philoso—

279 1001 474 1074 phandi
503 1003 687 1064 daret;
727 1000 922 1053 nullatn
945 999 1139 1052 beatant
1162 998 1334 1061 vitam,
1363 995 1460 1048 nisi
1486 1011 1586 1064 qua
1612 994 1665 1047 in
1692 993 1860 1064 philo-

278 1095 453 1163 sophia
479 1095 730 1146 viveretur
753 1109 770 1156 ;
800 1091 885 1144 sed
911 1107 988 1143 me
1011 1098 1148 1143 tanto
1173 1102 1394 1142 meorum
1425 1101 1604 1149 onere,
1650 1099 1863 1154 quarunt

275 1207 331 1241 ar
373 1188 538 1258 officio
578 1203 689 1239 tneo
713 1186 813 1239 vita
842 1183 1110 1254 penderet,
1158 1180 1424 1250 multisque
1462 1177 1858 1242 necessitatibus,

274 1281 342 1332 ut
386 1279 502 1331 rani
546 1278 644 1332 mei
684 1275 921 1344 pudoris,
956 1274 1032 1326 uel
1068 1273 1251 1341 inepta:
1271 1285 1493 1324 meorum
1518 1268 1756 1329 miseriae,
1785 1283 1864 1319 re-

275 1373 468 1440 frenari
494 1388 511 1424 :
535 1381 637 1423 tant
673 1386 859 1440 magno
889 1385 940 1422 es
959 1368 1120 1421 elatus
1146 1365 1353 1434 gaudio,
1387 1372 1489 1415 tam
1518 1370 1689 1415 sancto
1711 1361 1863 1429 hujus

278 1468 388 1519 uita:
415 1459 766 1533 inﬂammatus
796 1461 979 1514 ardore
996 1503 1010 1519 ,
1043 1468 1095 1512 ut
1123 1468 1169 1513 te
1189 1459 1396 1523 diceres,
1424 1457 1466 1509 si
1493 1466 1545 1508 tu
1573 1455 1634 1508 ab
1659 1454 1865 1507 illarum

279 1561 684 1624 intportunarum
728 1554 891 1607 litium
931 1552 1140 1605 uinculis
1173 1550 1340 1620 aliquo
1366 1547 1514 1601 modo
1539 1545 1823 1599 eximeret-is
1847 1585 1860 1609 ,

281 1648 448 1700 omnia
472 1663 583 1698 mea
610 1644 811 1698 vincula
839 1643 988 1697 etiam
1015 1640 1304 1712 patrimonii
1334 1638 1408 1690 tui
1431 1652 1622 1689 mecum
1661 1636 1866 1705 partici—

283 1740 480 1805 patione
501 1741 792 1804 rupturum.
825 1729 1004 1801 Itaque
1029 1745 1144 1784 cum
1171 1729 1372 1781 admoto
1403 1727 1544 1780 nobis
1571 1727 1745 1794 fomite
1763 1725 1866 1778 dis-

281 1829 524 1889 cessisses,
546 1827 801 1894 nunquam
819 1823 1118 1876 cessavimus
1137 1820 1384 1873 inhiantes
1403 1820 1455 1871 in.
1473 1815 1862 1894 philosophiam,

281 1930 424 1987 atque
444 1915 586 1970 illam
611 1916 784 1975 vitam,
825 1927 936 1983 qua:
963 1911 1091 1964 inter
1111 1927 1200 1963 nos
1226 1908 1414 1978 placuit
1452 1918 1599 1976 atque
1618 1905 1864 1969 convenit,

284 2027 490 2079 prorsus
535 2008 659 2061 nihil
703 2005 846 2060 aliud
885 2006 1120 2075 cogitare.
1163 2003 1320 2066 Atque
1356 2000 1410 2053 id
1449 2008 1730 2052 constanter
1751 1998 1866 2066 qui.

289 2103 431 2163 dem,
474 2099 559 2153 sed
593 2099 760 2152 minus
797 2097 979 2150 acriter
1015 2095 1324 2166 agebamus;
1365 2090 1664 2161 putabamus
1701 2099 1866 2142 tamen

282 2193 403 2244 satis
429 2206 520 2243 nos
545 2205 712 2259 agere.
757 2187 820 2240 Et
847 2186 1084 2255 quoniant
1112 2184 1333 2237 nondunt
1357 2181 1532 2235 aderat
1555 2197 1613 2233 ea
1636 2181 1865 2248 ﬂantum,

281 2297 391 2350 qua:
416 2295 616 2332 summa
645 2295 735 2330 nos
765 2286 1028 2345 arreptum
1053 2283 1196 2340 erat;
1227 2275 1367 2327 illaut
1395 2289 1494 2341 qua
1524 2273 1658 2324 lenta
1681 2279 1867 2324 astua-

283 2375 474 2438 bamus,
511 2371 884 2425 arbitrabamur
911 2371 986 2422 vel
1009 2384 1111 2422 esse
1141 2367 1413 2421 maximam
1443 2364 1653 2438 (Contra
1676 2361 1864 2430 Acad.,

279 2466 368 2519 lib.
393 2469 447 2531 2,
477 2481 567 2517 nn.
600 2465 656 2527 4,
681 2462 760 2533 5).

346 2557 400 2610 6.
442 2555 572 2609 Post
625 2555 741 2608 ha2c
792 2553 918 2622 legit
964 2552 1353 2606 Platonicorum
1396 2549 1589 2614 libros,
1621 2555 1680 2602 ut
1723 2547 1867 2602 hisee

283 2651 460 2705 verbis
482 2658 710 2703 testatur
737 2666 749 2701 :
779 2647 903 2700 Cum
925 2662 1034 2700 ecce
1060 2646 1145 2698 tibi
1173 2645 1285 2697 libri
1309 2643 1513 2713 quidam
1537 2641 1692 2710 pleni,
1721 2651 1773 2694 ut
1798 2642 1868 2694 ait

281 2741 537 2808 Celsinus,
565 2742 724 2794 bonas
745 2757 823 2793 res
853 2737 1078 2792 arabicas
1107 2739 1190 2790 ubi
1218 2737 1521 2790 exhalarunt
1546 2736 1598 2787 in
1631 2751 1720 2788 nos
1740 2775 1754 2799 ,
1780 2734 1867 2786 ubi

278 2835 355 2889 illi
393 2833 676 2904 flammula:
700 2833 1010 2885 instillarunt
1047 2829 1384 2899 pretiosissimi
1427 2827 1667 2896 unguenti
1705 2835 1868 2896 guttas

285 2926 642 2996 paucissimas,
665 2922 977 2988 incredibile,
1007 2921 1336 2980 llotnaniane,
1363 2920 1650 2972 incredibile
1669 2928 1714 2970 et
1737 2919 1869 2970 ultra

293 3017 518 3085 quamde
538 3032 618 3068 me
641 3017 853 3084 fortasse
882 3023 925 3065 et
955 3021 1006 3064 tn
1037 3013 1198 3066 credis
1221 3029 1238 3076 ;
1272 3011 1392 3080 quid
1422 3011 1636 3078 amplius
1665 3010 1870 3063 dicant?

287 3107 435 3160 etiam
467 3106 588 3158 mihi
614 3105 716 3173 ipsi
747 3105 808 3156 de
834 3121 911 3157 nte
935 3104 1046 3174 ipso
1078 3103 1368 3156 incredibile
1392 3102 1675 3154 incendium
1697 3101 1867 3152 conci-

281 3207 467 3250 larunt.
515 3197 646 3263 Quis
683 3213 763 3250 me
802 3206 920 3248 tunc
950 3197 1109 3248 honor
1135 3237 1148 3259 ,
1191 3209 1304 3263 quae
1351 3195 1608 3247 hominum
1645 3210 1827 3263 pompa
1850 3234 1865 3258 ,

281 3303 394 3357 qua:
418 3289 590 3341 inanis
616 3290 770 3357 fama
793 3287 1068 3356 cupiditas,
1091 3286 1222 3355 quod
1243 3285 1456 3351 denique
1477 3284 1626 3354 hujus
1648 3284 1869 3337 mortalis

276 3382 388 3434 site
427 3384 709 3452 fomentum
750 3389 896 3449 atque
928 3377 1262 3430 retinaculunt
1288 3377 1624 3430 commovebat
1671 3374 1865 3444 (Ibid.,

277 3488 328 3525 rt.
377 3471 476 3544 5)?
518 3472 788 3526 Caeterum
834 3479 938 3523 tam
987 3468 1291 3522 incredibile
1335 3466 1476 3520 istud
1528 3465 1864 3529 incendium,

279 3572 779 3632 quantumcumque
804 3572 936 3625 erat,
967 3576 1236 3630 nunquam
1261 3559 1608 3626 Augustinum
1643 3559 1719 3611 sic
1753 3557 1868 3609 affi-

275 3665 442 3717 ceret,
477 3664 539 3708 ut
569 3656 615 3708 is
645 3654 711 3708 ad
747 3652 1017 3721 sapicntim
1045 3653 1242 3705 cultum
1265 3666 1292 3701 ει
1316 3651 1435 3703 vita:
1459 3653 1714 3718 pravitate
1741 3665 1867 3702 con-

278 3756 600 3811 verteretur,
633 3745 734 3800 nisi
757 3745 874 3799 aliae
901 3759 1112 3814 quoque
1133 3752 1530 3798 commoverent
1549 3757 1672 3796 eum
1694 3756 1866 3795 causa:

284 3849 481 3909 ιιι-εωθι-
523 3839 960 3907 philosophorum
1000 3851 1274 3891 sermones
1295 3878 1308 3901 ,
1347 3835 1436 3904 qui
1465 3837 1532 3888 ad
1559 3835 1865 3904 erigendum

279 3945 372 3984 cor
397 3930 633 3984 hominis
660 3931 712 3983 in
741 3929 904 3984 Deum
945 3929 1078 3982 haud
1130 3929 1232 3981 vim
1281 3928 1440 3981 ullam
1486 3927 1718 3990 habent,
1760 3942 1866 3980 non

279 4023 567 4090 adiuvante
595 4021 806 4075 Christo
831 4021 1141 4074 mediatore.
1173 4021 1308 4074 llinc
1332 4020 1436 4072 alio
1467 4020 1602 4084 loco,
1635 4019 1720 4076 ubi
1746 4018 1864 4072 Pla-

286 4115 583 4167 tonicorum
626 4114 907 4167 lectionem
949 4113 1015 4166 ad
1065 4110 1351 4181 frangenda
1392 4111 1597 4164 vincula
1622 4151 1636 4171 ,
1679 4110 1867 4179 quibus

286 4203 824 4273 sarculoilligabatur,
857 4203 1139 4271 plurimum
1182 4203 1280 4256 sibi
1317 4203 1571 4270 profuisse
1597 4201 1757 4267 dicit,
1795 4203 1867 4256 si-

277 4296 387 4349 mul
419 4304 667 4357 testatur,
698 4293 838 4348 hunc
865 4309 922 4346 se
954 4292 1178 4346 fructum
1202 4292 1500 4362 percepisse
1528 4293 1716 4345 collata
1744 4295 1864 4344 cum

275 4385 466 4439 iisdem
496 4386 811 4440 auctoritate
842 4385 1051 4438 illorum
1078 4383 1165 4452 qni
1199 4383 1372 4436 divina
1417 4384 1664 4452 mysteria
1708 4383 1866 4436 tradi-

272 4475 492 4539 derunt,
527 4486 652 4545 puta
669 4517 683 4542 ,
710 4475 1092 4544 Prophetarum
1116 4483 1167 4527 et
1190 4475 1561 4542 Apostolorum
1590 4474 1691 4540 (De
1709 4473 1866 4527 Beata

282 4564 422 4631 Vita,
454 4585 511 4620 rt.
539 4568 619 4638 4).
648 4566 848 4621 Deinde
876 4566 1119 4635 quamvis
1159 4566 1210 4618 in
1237 4564 1674 4635 philosophorum
1719 4565 1866 4619 libris

271 4657 527 4712 sublimia
557 4657 797 4725 quaedam
825 4656 1270 4725 deprehendisset
1294 4696 1306 4720 ,
1356 4672 1419 4708 ex
1450 4655 1533 4708 his
1566 4665 1738 4708 tamen
1775 4670 1864 4708 so-

272 4747 556 4803 lummodo
581 4748 782 4817 garrire
811 4747 1085 4812 didicerat,
1124 4747 1273 4816 quasi
1298 4746 1405 4816 jam
1439 4747 1634 4814 peritus
1669 4747 1866 4800 evasis-

270 4850 353 4893 set
378 4856 394 4903 ;
436 4839 530 4909 qui
555 4839 899 4893 nihilominus
921 4839 1023 4893 nisi
1052 4841 1104 4892 in
1135 4839 1350 4893 Christo
1374 4839 1646 4892 Salvatore
1682 4848 1865 4891 nostro

272 4933 416 4984 viam
447 4933 541 4984 Dei
566 4941 859 5000 quzcreret,
891 4947 996 4984 non
1024 4931 1224 4999 peritus
1246 4971 1259 4996 ,
1291 4940 1346 4983 ut
1370 4929 1620 4998 loquitur,
1655 4928 1746 4982 sed
1772 4944 1864 4996 pc-

273 5024 480 5076 rilurus
525 5032 667 5077 esset
710 5023 886 5095 (Conf.
923 5024 1011 5078 lib.
1037 5025 1091 5090 7,
1117 5040 1238 5093 cap.
1265 5023 1354 5088 90,
1380 5041 1430 5076 η.
1456 5023 1569 5091 26).
1599 5022 1714 5077 Jant
1744 5022 1864 5077 inde

269 5115 419 5168 enim
449 5119 720 5182 coeperat,
764 5115 890 5168 licet
929 5125 1262 5184 peccatorum
1296 5113 1466 5183 [lienis
1498 5128 1560 5167 ac
1594 5113 1734 5168 mole
1763 5129 1861 5182 op-

270 5219 520 5272 pressus,
539 5206 852 5260 eruditionis
877 5205 1067 5263 famam
1095 5205 1365 5275 aucupari,
1388 5212 1445 5260 et
1467 5205 1722 5260 doctrinae
1747 5205 1862 5274 opi-

272 5295 441 5348 nione
473 5294 684 5349 inflatus
715 5296 879 5365 magis
899 5296 1096 5361 efferri,
1124 5295 1191 5350 de
1217 5294 1482 5350 diluendis
1508 5295 1710 5350 interea
1734 5311 1863 5364 pec-

272 5387 417 5439 catis
459 5385 679 5440 minime
715 5388 972 5457 cogitans.
1007 5386 1136 5441 Erat
1161 5401 1290 5457 ergo
1319 5386 1370 5440 id
1401 5387 1652 5456 temporis
1679 5402 1743 5440 ex
1773 5402 1863 5441 eo-

272 5492 401 5531 rum
422 5491 668 5541 numero,
691 5478 781 5546 qui
803 5489 1183 5548 cognoscentes
1206 5479 1394 5546 Deum,
1416 5493 1522 5534 non
1542 5480 1678 5534 sicut
1696 5479 1860 5534 Deum

273 5567 718 5637 gloriﬁcaverunt
755 5568 942 5635 (Rom.
982 5586 1033 5635 ι,
1068 5570 1181 5640 21).
1223 5571 1290 5633 ls,
1336 5579 1389 5624 ut
1432 5571 1662 5636 videtur,
1694 5583 1863 5626 status

275 5667 367 5712 est
397 5659 465 5712 ab
493 5672 558 5712 eo
583 5673 870 5728 expressus
890 5660 939 5714 in
969 5660 1106 5715 libro
1131 5661 1196 5714 de
1227 5661 1388 5715 Beata
1419 5660 1553 5728 Vita,
1585 5677 1743 5731 quem
1764 5673 1864 5718 sta-

281 5752 386 5806 tim
409 5767 440 5804 a
468 5759 565 5805 sua
590 5753 938 5808 conversione
963 5756 1301 5823 composuit,
1333 5754 1387 5808 in
1417 5771 1522 5825 quo
1549 5756 1634 5811 ubi
1666 5767 1863 5812 morta-

281 5841 372 5900 hs
400 5855 592 5901 omnes
620 5845 763 5901 velut
789 5845 840 5901 in
870 5848 1168 5917 procelloso
1196 5850 1363 5918 mari,
1402 5864 1466 5906 ex
1495 5865 1599 5920 quo
1634 5851 1703 5908 ad
1739 5850 1861 5923 phi-
1908 5920 1910 5922 _

1582 411 1785 471 LIBER
1821 407 2198 472 SECUNDUS.

3436 413 3542 480 N0

1965 531 2219 601 losophiae
2246 538 2456 601 portum
2479 531 2744 602 appellere
2771 531 3021 598 debeant,
3053 531 3366 588 fluctuantes
3386 533 3538 589 exhi-

1965 622 2105 689 buit,
2142 624 2392 694 praeclare
2419 624 2694 691 admonet,
2750 624 3064 695 quibusdam
3091 625 3178 696 qui
3208 641 3539 698 quocumque

1967 715 2126 770 modo
2152 716 2216 769 ad
2249 715 2417 769 beatae
2455 716 2576 769 vitae
2616 714 2885 786 regionem
2933 716 3208 783 feruntur,
3241 705 3535 784 unumliui-

1967 806 2330 860 manissimum
2353 815 2609 874 montem,
2633 805 2720 876 qui
2750 816 2873 862 ante
2903 807 3073 879 ipsum
3103 816 3310 877 portum
3337 801 3539 864 consti-

1968 906 2112 954 tutus
2139 899 2243 965 sit,
2267 900 2460 969 quique
2479 901 2635 968 etiam
2668 916 2886 973 magnas
2911 889 3325 974 ingredientibus
3364 903 3542 972 gignat

1967 991 2254 1058 angustias,
2277 990 2742 1048 vehementissime
2763 991 3151 1048 formidandum
3172 1036 3188 1061 ,
3211 993 3544 1052 cautissime-

1967 1096 2069 1150 que
2096 1082 2361 1136 vitandum
2389 1098 2526 1144 esse.
2554 1083 2734 1154 Neque
2769 1084 2908 1140 hunc
2937 1094 3151 1140 montem
3177 1087 3330 1139 alium
3356 1075 3546 1140 vultin-

1969 1171 2125 1242 telligi
2166 1173 2293 1225 ratio
2314 1215 2328 1237 ,
2376 1175 2825 1246 propinquantibus
2851 1177 2917 1228 ad
2944 1176 3319 1248 philosophiam
3343 1179 3541 1250 ingres-

1967 1263 2093 1316 sisve
2119 1265 2439 1318 metuendum
2459 1307 2474 1331 ,
2516 1267 2614 1320 nisi
2658 1266 2924 1337 superbum
2963 1267 3185 1322 studiunt
3215 1270 3399 1337 (verba
3421 1280 3546 1324 sunt

1967 1354 2271 1425 Augustini)
2300 1355 2608 1411 inanissima:
2631 1356 2805 1427 gloriae
2828 1360 2998 1430 :quod
3026 1361 3095 1414 ita
3124 1361 3252 1414 nihil
3276 1363 3410 1434 intus
3433 1363 3543 1432 ple-

1968 1460 2087 1496 uunt
2113 1455 2259 1514 atque
2286 1445 2506 1499 solidum
2547 1446 2725 1512 habet,
2774 1457 2826 1501 ut
2855 1449 3057 1519 inflatos
3086 1451 3180 1504 sibi
3208 1451 3542 1521 superambtt-

1971 1533 2131 1587 lantes
2165 1546 2492 1607 succrepaute
2515 1537 2686 1608 fragili
2709 1538 2815 1590 solo
2840 1538 3091 1610 demergat
3117 1557 3176 1594 ac
3201 1542 3414 1610 sorbeat,
3447 1542 3548 1598 eis-

1970 1643 2065 1696 que
2091 1628 2144 1682 in
2170 1629 2400 1682 tenebras
2446 1629 2680 1684 revolutis
2704 1671 2717 1695 ,
2757 1632 2938 1700 eripiat
2983 1634 3425 1704 lucttlcntissimam
3452 1636 3547 1690 d0-

1970 1733 2127 1784 rnnnt,
2151 1735 2301 1788 quant
2329 1737 2453 1789 perte
2474 1721 2586 1791 jam
2611 1720 2834 1774 viderant
2859 1722 2958 1794 (De
2977 1722 3132 1778 Beata
3168 1725 3300 1791 Vita,
3322 1743 3373 1778 n.
3399 1727 3474 1794 ὅ).

2042 1809 2092 1861 7.
2133 1807 2190 1862 In
2223 1810 2361 1864 hunc
2381 1827 2438 1888 se
2463 1821 2696 1867 montem
2727 1813 3048 1888 Augustinus
3069 1815 3458 1869 Platonicorum
3489 1801 3550 1870 li-

1969 1899 2080 1956 bris
2110 1902 2263 1956 evehi
2292 1903 2534 1970 videbat,
2564 1905 2654 1974 qui
2681 1887 2949 1974 nunquam
2978 1923 3096 1960 eum
3129 1907 3437 1963 charitatem
3484 1910 3548 1964 il-

1970 1991 2075 2045 lam
2105 1992 2297 2054 docere
2325 1996 2637 2060 potuissent,
2668 2011 2786 2065 qum
2817 2005 3010 2050 nostrae
3044 1998 3230 2052 salutis
3267 1999 3548 2055 mdiﬁcium

1971 2083 2038 2138 ab
2067 2083 2374 2138 humilitatis
2409 2085 2771 2154 fundamento,
2802 2085 2942 2156 quod
2973 2098 3054 2142 est
3082 2088 3325 2142 Christus
3349 2089 3504 2145 Jesus
3529 2131 3547 2158 ,

1971 2174 2240 2259 constituit
2268 2174 2588 2244 stabilitque.
2628 2174 2758 2228 Cum
2786 2175 2944 2250 igitur
2972 2177 3038 2231 ad
3069 2192 3129 2232 se
3154 2181 3546 2254 quamprimum

1972 2265 2148 2320 redire
2198 2266 2486 2335 cogitaret,
2543 2268 2734 2322 mentis
2777 2269 2960 2321 oculos
2990 2269 3217 2339 conjecit
3245 2272 3294 2324 in
3324 2271 3548 2326 catholi-

1971 2370 2084 2409 cam
2116 2355 2425 2430 religionem
2449 2398 2463 2422 ,
2511 2372 2824 2430 quaepuero
2849 2357 2947 2411 sibi
2987 2360 3140 2413 insita
3180 2371 3325 2428 erat,
3359 2347 3412 2416 et
3435 2343 3550 2430 mee

1971 2444 2213 2510 dullitns,
2240 2455 2299 2500 ut
2323 2447 2450 2500 dicit
2475 2488 2490 2514 ,
2526 2429 2788 2522 implicata
2811 2491 2824 2512 ,
2849 2465 3049 2527 quaeve
3081 2451 3250 2527 ipsum
3277 2447 3341 2526 ad
3373 2469 3429 2506 sc
3461 2429 3546 2522 vel

1973 2538 2292 2590 nescientem
2342 2539 2624 2612 revocabat
2655 2537 2824 2612 (Cant.
2851 2523 3032 2616 Acad_.,
3056 2523 3140 2595 lib.
3166 2544 3219 2606 2,
3252 2562 3301 2596 η.
3332 2523 3404 2615 5).
3451 2545 3548 2600 Ve-

1971 2649 2082 2684 rum
2108 2633 2156 2685 in
2185 2633 2275 2688 hos
2307 2633 2476 2701 libros,
2509 2635 2581 2688 ait
2609 2636 2949 2705 Augustinus,
2974 2621 3049 2690 me
3072 2648 3357 2706 propterea,
3386 2640 3547 2709 prius-

1971 2742 2117 2794 quam
2151 2725 2444 2796 Scriptnras
2473 2738 2583 2780 tuas
2622 2719 3012 2795 considera-rem,
3063 2731 3210 2783 credo
3239 2731 3438 2785 voluisti
3467 2733 3542 2786 in-

1972 2834 2196 2882 currere,
2220 2827 2273 2870 ut
2299 2818 2665 2886 intprimeretnr
2694 2822 2947 2874 memoria:
2972 2837 3110 2888 mea},
3133 2825 3380 2892 quomodo
3404 2842 3462 2879 ea:
3481 2825 3552 2880 eis

1971 2905 2178 2973 affectus
2208 2924 2363 2960 essent
2388 2925 2404 2960 :
2423 2918 2469 2962 el
2491 2926 2600 2961 cum
2624 2921 2794 2980 postea
2817 2912 2867 2963 in
2895 2910 3032 2966 libris
3055 2915 3151 2966 tuis
3175 2917 3546 2984 nmnsnefacltts

1973 3015 2147 3063 essent,
2177 3009 2221 3051 et
2249 2999 2534 3054 curantibus
2561 3002 2730 3072 digitis
2762 3003 2856 3056 tuis
2886 3016 3308 3060 contrectarentur
3346 3008 3551 3064 vulnera

1971 3109 2119 3156 mea,
2173 3092 2504 3146 discernerent
2551 3105 2700 3166 atque
2749 3096 3102 3168 distinguerent
3141 3099 3260 3169 quid
3295 3101 3552 3156 interesset

1972 3184 2102 3235 inter
2131 3185 2598 3253 prwsnntptionent,
2649 3196 2694 3239 et
2735 3191 3132 3258 confessionem;
3175 3192 3304 3244 inter
3332 3191 3551 3249 videntes

1971 3291 2066 3343 quo
2094 3276 2312 3327 eundum
2337 3275 2424 3339 sit,
2457 3293 2545 3329 nec
2571 3277 2790 3330 ridentes
2820 3295 2934 3348 qua,
2971 3290 3016 3331 et
3042 3281 3171 3332 vium
3197 3281 3456 3336 ducentem
3481 3285 3551 3337 ad

1974 3366 2250 3432 beati/iram
2294 3367 2542 3434 patriam,
2571 3383 2670 3419 non
2700 3376 2891 3420 tantum
2919 3371 3240 3434 cernendant,
3272 3373 3359 3424 sed
3384 3382 3430 3425 et
3457 3373 3553 3428 ha-

1971 3456 2246 3508 bitandam.
2289 3455 2427 3509 Nam
2457 3457 2497 3510 si
2520 3459 2683 3527 primo
2711 3460 2896 3512 sanctis
2922 3460 3021 3512 tuis
3049 3461 3223 3514 litteris
3246 3463 3548 3530 informatus

1971 3565 2157 3610 essent,
2198 3560 2242 3604 et
2263 3551 2312 3603 in
2333 3567 2503 3604 carunt
2539 3552 2884 3620 familiaritate
2924 3552 3264 3608 obdulcuisses
3295 3557 3450 3622 mihi,
3492 3567 3540 3611 et

1971 3651 2139 3710 postea
2170 3643 2218 3694 in
2249 3643 2339 3696 illa
2367 3643 2622 3696 uolumina
2649 3643 2971 3709 incidissem;
3019 3649 3235 3716 fortasse
3279 3655 3366 3699 aut
3413 3649 3546 3702 abri-

1971 3733 2194 3800 puissent
2230 3748 2309 3786 me
2347 3749 2378 3785 a
2415 3733 2744 3787 solidamento
2795 3734 3024 3804 pietatis,
3062 3745 3150 3788 aut
3178 3737 3222 3789 si
3247 3737 3299 3790 in
3328 3737 3546 3805 affatu,

1969 3839 2112 3889 quem
2142 3823 2391 3876 salubrem
2417 3823 2725 3889 imbiberam,
2756 3825 3108 3892 perstitissem,
3140 3835 3365 3895 putarent
3395 3829 3548 3883 etiam

1969 3914 2152 3974 catillis
2182 3915 2317 3967 libris
2356 3931 2470 3967 eum
2507 3931 2650 3984 posse
2675 3915 2890 3985 concipi,
2921 3917 2963 3968 si
2987 3933 3069 3970 eos
3100 3917 3236 3970 solos
3277 3919 3540 3988 quisquam

1969 4003 2224 4056 didicisset
2256 4003 2452 4074 (Conf.
2477 4004 2562 4057 lib.
2594 4004 2645 4069 7,
2671 4021 2787 4073 cap.
2819 4005 2908 4072 20,
2935 4023 2985 4058 n.
3018 4005 3128 4078 26).
3162 4008 3340 4077 Itaque
3365 4023 3548 4064 sacros

1970 4094 2182 4148 codices
2224 4094 2528 4148 avidissime
2572 4081 2844 4164 arripere,
2897 4105 2950 4151 et
2990 4097 3166 4152 divina
3205 4099 3292 4151 illa
3323 4098 3550 4168 Spiritus

1972 4185 2137 4237 sancti
2161 4185 2371 4238 oracula
2408 4188 2639 4239 revereri
2669 4203 2680 4237 :
2712 4202 2893 4240 verum
2925 4202 3029 4241 non
3060 4188 3163 4256 alia
3190 4189 3360 4258 magis
3389 4205 3548 4258 quam

1970 4276 2325 4344 Epistolarum
2365 4276 2513 4330 Pauli
2556 4279 2777 4346 apostoli
2824 4279 3048 4334 lectione
3086 4280 3416 4335 afficiebatur
3445 4297 3458 4334 :
3490 4289 3548 4337 et

1975 4367 2152 4420 statim
2194 4377 2521 4422 enumerant
2563 4384 2639 4422 eae
2681 4367 3051 4438 difﬁcultates,
3094 4373 3285 4443 quibus
3316 4374 3368 4426 in
3407 4372 3549 4430 hanc

1972 4459 2274 4526 opinionem
2304 4466 2424 4511 ante
2455 4457 2634 4524 fuerat
2668 4459 2955 4525 adductus,
2987 4471 3063 4534 ιιι⁵
3083 4477 3204 4517 eum
3229 4462 3547 4532 quibusdam

1971 4551 2021 4604 in
2052 4550 2182 4604 locis
2214 4551 2495 4619 pugnantia
2526 4550 2689 4621 loqui,
2717 4560 2770 4605 et
2796 4552 2933 4605 illius
2957 4553 3117 4609 verba
3148 4553 3302 4624 Legis
3325 4569 3389 4610 ac
3415 4556 3547 4610 Pro-

1971 4643 2243 4710 phetarum
2273 4629 2585 4697 testimoniis
2611 4660 2714 4696 non
2737 4659 3028 4714 congruere
3054 4655 3285 4715 putaret.
3315 4647 3544 4717 Agnovit

1968 4746 2109 4789 casta
2151 4737 2236 4790 illa
2276 4737 2596 4805 minimeque
2627 4736 2796 4790 fucata
2832 4737 3036 4807 eloquia
3069 4755 3174 4794 uno
3202 4740 3398 4810 Spiritu
3430 4741 3546 4794 ani-

1973 4826 2101 4878 mari
2123 4866 2137 4889 ,
2167 4825 2350 4880 eadem
2380 4841 2573 4879 arcana
2601 4827 2917 4896 complecti;
2947 4828 3075 4884 etin
3101 4829 3170 4884 iis
3193 4830 3546 4898 suspiciendis

1969 4921 2234 4974 exsultare
2261 4935 2378 4974 eum
2410 4929 2640 4986 tremore
2675 4919 2876 4976 didicit.
2908 4921 3086 4976 Primo
3119 4923 3278 4977 etiam
3321 4931 3544 4991 aspectu

1967 5011 2229 5081 cognovit,
2254 5012 2506 5082 quidquid
2528 5012 2578 5065 in
2603 5011 2838 5082 profanis
2859 5012 3006 5068 libris
3031 5029 3209 5068 verum
3233 5013 3452 5082 legerat,
3483 5013 3541 5070 in

1970 5105 2052 5160 his
2090 5104 2348 5159 inveniri:
2374 5105 2468 5162 sed
2497 5105 2593 5161 hos
2623 5091 2693 5160 ita
2725 5121 2907 5160 verum
2939 5104 3168 5171 tradere,
3194 5114 3251 5158 ut
3275 5115 3328 5158 et
3355 5105 3540 5174 gratia:

1967 5201 2073 5254 vim
2115 5199 2518 5264 commendent,
2564 5207 2628 5260 et
2652 5198 2814 5262 variis
2842 5212 2939 5252 nos
2963 5198 3228 5268 mysteriis
3257 5197 3492 5252 imbuant
3520 5215 3536 5252 :

1967 5292 2105 5363 quod
2135 5292 2238 5346 ilhc
2269 5291 2470 5362 paginre
2492 5307 2593 5344 non
2617 5289 2832 5356 habent,
2861 5297 3040 5343 utnec
3070 5288 3169 5358 piae
3199 5287 3340 5343 illius
3371 5287 3540 5344 humi-

1965 5385 2157 5452 litatis,
2185 5400 2302 5454 qtnc
2326 5384 2378 5437 in
2410 5383 2518 5437 sola
2545 5381 2830 5436 christiana
2859 5380 3112 5451 religione
3138 5381 3417 5451 reperitur,
3440 5397 3539 5437 no-

1968 5478 2133 5533 titiam
2179 5477 2508 5548 ingencrant.
2553 5475 2835 5530 Enimvero
2874 5473 3016 5529 aliud
3053 5482 3135 5530 est
3160 5490 3190 5530 c
3216 5490 3422 5530 summo
3449 5475 3544 5530 sil-

1963 5572 2155 5626 vestris
2182 5578 2236 5625 et
2265 5569 2444 5624 inculti
2475 5567 2668 5621 montis
2689 5568 2964 5623 cacumine
2989 5566 3210 5636 patriam
3241 5571 3384 5636 pacis
3407 5567 3541 5635 aspi-

1967 5678 2090 5719 cere
2109 5705 2124 5730 ,
2158 5664 2257 5717 iter
2281 5662 2346 5717 ad
2375 5677 2490 5716 eam
2519 5677 2626 5716 non
2655 5662 2910 5731 reperire,
2941 5676 3005 5715 ac
3026 5659 3218 5717 frustra
3243 5660 3421 5714 conari
3448 5675 3543 5729 per

1967 5756 2110 5810 invia
2154 5755 2731 5809 circumobsistentibus
2777 5754 3136 5814 desertoribus
3181 5753 3384 5821 angelis
3425 5769 3440 5806 :
3478 5762 3536 5808 et

1967 5847 2114 5906 aliud
2131 5862 2272 5916 eam,
2303 5863 2419 5918 qua:
2446 5847 2510 5903 ad
2532 5847 2740 5902 beatam
2775 5847 2915 5902 illam
2946 5846 3170 5917 patriam
3195 5844 3363 5915 ducit,

1921 5995 2048 6031 .W:
