3994 6352
419 440 509 503 111

416 565 673 622 bonorum
701 555 1020 626 Angelorum
1047 547 1290 621 praesidio
1332 543 1589 599 munitam
1628 549 1828 594 tenere.
1860 535 1986 589 Haec

416 656 566 715 miris
587 663 637 709 et
663 649 878 706 arcanis
905 645 1078 702 modis
1104 643 1155 696 in
1178 641 1318 695 illius
1337 639 1591 696 animum,
1620 646 1741 686 cum
1773 629 1994 697 Aposto-

423 749 532 803 lum
571 746 805 814 legeret,
859 739 964 793 alte
1007 732 1436 792 descendehant;
1478 736 1532 780 et
1567 721 1872 814 admiranda
1901 717 1995 814 Dei

423 853 582 909 opera
597 811 940 890 considerans
958 837 1173 898 stupore
1191 821 1572 893 percellchatur
1587 814 1638 885 (1
1644 811 1963 909 bid._,cap.2-I
1978 849 1991 873 ,

428 903 480 983 ii.
510 927 622 996 27).
651 927 778 979 Cum
810 921 932 976 alibi
961 919 1341 973 Romanianum
1372 909 1654 978 alloquitur
1679 925 1692 960 :
1722 903 1995 996 Titubans,

426 1020 530 1085 ait,
571 994 876 1089 properans,
923 1011 1190 1069 Inesitans,
1221 1005 1410 1072 arripio
1440 999 1722 1073 apostolum
1751 994 1995 1049 Paulum.

429 1085 635 1180 Perlegi
668 1085 826 1161 totum
861 1101 1185 1157 intentissime
1208 1109 1352 1166 atque
1380 1093 1680 1148 cautissime.
1715 1085 1853 1141 Tunc
1887 1099 2001 1180 vero

426 1173 878 1270 quantulocumque
894 1196 1008 1266 jam
1030 1190 1217 1245 lumine
1244 1201 1469 1256 asperso,
1502 1190 1639 1235 tanta
1667 1194 1720 1232 se
1748 1175 1872 1229 mihi
1898 1173 2003 1242 piti-

427 1266 670 1362 losophite
694 1289 846 1359 facies
866 1285 1079 1356 aperuit,
1113 1289 1187 1346 ut,
1221 1294 1321 1331 non
1352 1276 1515 1328 dicam
1542 1271 1647 1333 tibi,
1676 1269 1759 1339 qui
1785 1268 1892 1336 ejus
1917 1266 2000 1316 in-

427 1357 642 1454 cognita:
671 1357 803 1449 fatue
828 1390 1019 1444 semper
1047 1369 1244 1435 arsisti,
1276 1367 1363 1421 sed
1398 1367 1440 1418 si
1477 1362 1576 1432 ipsi
1605 1357 1889 1412 adversario
1917 1365 2001 1408 tuo

427 1493 458 1528 ιι
499 1490 595 1543 quo
636 1448 800 1524 nescio
828 1476 994 1520 utrum
1023 1462 1135 1532 plus
1179 1457 1451 1514 exercearis
1491 1469 1638 1521 quam
1678 1448 2000 1520 impediaris,

428 1583 539 1619 eam
565 1565 906 1617 demonstrare
935 1557 1203 1628 potuissem
1228 1568 1245 1615 ;
1272 1566 1352 1604 me
1372 1549 1458 1602 ille
1478 1556 1521 1600 et
1545 1546 1718 1607 Baias,
1743 1551 1789 1596 et
1811 1555 2007 1593 amama

431 1657 689 1728 pommria,
713 1662 761 1722 et
802 1651 1015 1704 delicata
1053 1645 1308 1711 nitidaque
1355 1639 1608 1702 convivia,
1640 1646 1685 1690 et
1715 1636 2006 1687 domesticos

435 1748 698 1802 histriones
724 1786 736 1808 ,
770 1753 1017 1815 postremo
1046 1735 1287 1809 quidquid
1313 1749 1424 1787 eum
1451 1730 1632 1783 acriter
1657 1732 1924 1779 commovet
1954 1723 2006 1775 in

429 1854 767 1910 quascumque
804 1833 1008 1887 delicias
1029 1873 1042 1893 ,
1085 1828 1322 1898 abjiciens
1349 1834 1393 1877 et
1423 1822 1732 1890 relinquens,
1761 1816 1829 1868 ad
1858 1814 2008 1883 hujus

436 1909 858 2003 pulchritudinem
889 1923 1102 1978 blandus
1132 1927 1326 1972 amator
1348 1925 1396 1970 et
1423 1922 1643 1974 sanctus,
1672 1909 1883 1972 mirans,
1912 1922 2010 1958 an-

433 1995 627 2085 belans,
659 2029 898 2081 wstuans,
933 2013 1184 2065 advolaret
1213 2007 1387 2078 (Cant.
1419 2003 1600 2066 Acad,
1631 2000 1718 2054 lib.
1741 1997 1796 2063 2,
1832 2015 1918 2049 nn.
1952 1995 2006 2062 5,

436 2114 514 2185 6).
550 2114 673 2166 Hzec
704 2108 920 2176 insignis
948 2119 1154 2158 morum
1180 2099 1417 2159 mutatio,
1444 2109 1599 2164 quam
1625 2103 1895 2144 sacrorum
1921 2102 2012 2140 co-

433 2180 607 2260 dicum
640 2203 796 2257 lectio
827 2201 876 2252 in
907 2193 1186 2265 Augustini
1208 2193 1382 2245 animo
1410 2187 1640 2258 peperit,
1668 2199 1774 2236 non
1808 2180 2014 2234 videtur

436 2294 721 2362 contigisse
758 2299 878 2343 ante
923 2285 1222 2356 paschalem
1267 2274 1758 2334 festivitatcmanui
1785 2285 2012 2325 conver-

437 2385 602 2439 sionis
622 2383 759 2451 ejus,
784 2393 939 2449 quam
959 2391 1097 2430 anno
1124 2370 1498 2427 trecentesimo
1518 2365 1841 2434 octogesimo
1862 2370 2014 2417 sexto

439 2476 777 2548 reponimus;
830 2472 936 2525 imo
981 2483 1081 2523 nec
1124 2463 1400 2534 antejunii
1438 2463 1654 2517 exitum.
1700 2458 1831 2511 Cum
1872 2455 2012 2509 enim

438 2569 775 2626 Ambrosium
805 2565 1013 2620 Justina
1038 2561 1179 2615 circa
1211 2560 1398 2612 festum
1430 2555 1646 2610 Pascha:
1674 2562 2019 2621 persequere-

436 2672 545 2726 tur,
580 2660 813 2715 nondum
847 2658 986 2710 Deus
1017 2653 1238 2724 glaciem
1279 2647 1454 2703 cordis
1479 2646 1591 2714 ejus
1617 2642 1758 2696 vitali
1790 2639 2017 2708 Spiritus

449 2753 526 2807 sui
554 2753 729 2806 calore
751 2749 1099 2809 dissolverat;
1143 2745 1266 2798 licet
1295 2743 1404 2810 ipse
1434 2737 1655 2792 turbata:
1679 2733 1902 2788 civitatis
1932 2738 2013 2783 tu-

446 2845 612 2898 multu
664 2844 1007 2895 vehementer
1049 2837 1367 2891 excitaretur
1403 2830 1578 2902 (Conf.
1611 2827 1698 2880 lib.
1723 2826 1777 2891 9,
1807 2841 1919 2893 cap.
1948 2822 2014 2888 7,

453 2953 494 2989 ι.
526 2935 617 3005 15)
646 2952 657 2986 :
693 2948 790 2988 nec
815 2932 985 2986 adhuc
1017 2938 1135 3000 post
1162 2929 1324 2982 Deum
1348 2922 1624 2984 currebat,
1649 2935 1767 2974 cum
1795 2917 2019 2971 Ambro-

447 3027 559 3081 sius
603 3035 895 3095 nutrtyrum
941 3019 1164 3076 Protasii
1211 3027 1263 3070 et
1306 3015 1540 3071 Gervasii
1571 3011 1767 3065 detexit
1796 3021 2018 3076 corpora

453 3117 641 3191 (Ibid.,
665 3135 716 3171 η.
750 3116 864 3185 16),
895 3115 981 3169 die
1005 3113 1158 3184 juuii,
1188 3120 1243 3164 ut
1269 3110 1496 3172 videtur,
1521 3105 1724 3161 decimo
1741 3112 1945 3157 octavo.

1071 3242 1295 3298 CAPUT
1341 3241 1402 3294 V.

445 3365 472 3421 1
501 3363 665 3419 Rebus
693 3361 918 3415 omnibus
955 3358 1050 3411 Dei
1079 3374 1230 3410 musa
1269 3354 1555 3408 renuntiare
1577 3350 1713 3416 vult,
1759 3365 1846 3402 nec
1870 3347 2018 3400 valet.

515 3454 550 3507 2
581 3453 967 3521 Simplicianum
1003 3449 1234 3501 consulit.
1280 3447 1314 3500 3
1351 3444 1554 3497 Antonii
1593 3443 1741 3495 vitam
1785 3447 2023 3491 narrante

518 3545 810 3599 Pontiliane
830 3542 995 3606 discit,
1023 3541 1266 3608 simulque
1284 3537 1559 3590 aulicorum
1580 3533 1795 3586 duorum
1819 3545 2023 3583 conver-

516 3638 723 3692 sionem.
757 3637 790 3690 4
817 3636 1084 3704 Conﬂictus
1115 3634 1167 3685 in
1209 3629 1474 3698 Augustini
1500 3636 1658 3679 mente
1685 3641 1745 3676 ac
1774 3623 2024 3676 voluntate

518 3729 690 3781 audito
721 3727 1030 3780 Pontitiano.
1054 3725 1088 3778 5
1121 3721 1271 3774 Pauli
1286 3721 1504 3773 codicem
1529 3717 1744 3770 insolitte
1763 3714 1896 3768 vocis
1916 3729 2022 3766 mo-

519 3821 628 3872 nitu
646 3819 834 3884 aperit,
868 3817 1091 3884 lectoque
1121 3814 1228 3865 loco
1248 3819 1447 3881 repente
1473 3809 1786 3862 convertitur.

525 3933 574 3985 1.
603 3930 734 3985 Cum
766 3944 913 3982 sacra
943 3928 1033 3981 Dei
1076 3925 1279 3995 eloquia
1307 3966 1320 3989 ,
1360 3932 1417 3977 ut
1442 3923 1701 3983 diximus,
1745 3919 2023 3989 Augustini

449 4025 631 4078 animo
652 4022 859 4090 penitus
889 4018 1198 4082 insiderent,
1230 4031 1333 4069 non
1359 4015 1467 4085 jam
1493 4015 1556 4067 de
1582 4013 1669 4066 illo
1695 4011 1908 4076 certior,
1930 4009 2023 4064 sed

453 4117 507 4170 in
537 4115 624 4168 illo
643 4113 880 4166 stabilior
895 4125 1014 4164 esse
1040 4109 1302 4176 cupiebat.
1329 4106 1501 4159 Animi
1534 4115 1705 4157 tamen
1739 4101 2020 4170 pendebat,

455 4204 660 4275 etquid
709 4203 774 4258 de
816 4202 938 4254 vita:
970 4217 1077 4252 sum
1108 4199 1345 4251 instituto
1387 4205 1672 4261 statueret,
1727 4191 2021 4262 ignorabat.

453 4299 559 4354 Cor
579 4299 737 4367 ejusa
758 4295 924 4350 veteri
948 4294 1228 4356 fermento,
1258 4306 1360 4360 quo
1383 4288 1631 4342 infectum
1658 4287 1846 4350 fuerat,
1873 4300 2026 4337 mun-

451 4390 680 4443 dandum
698 4395 831 4442 erat.
861 4386 924 4439 Et
941 4383 1325 4453 licetgauderet
1349 4383 1514 4448 ipsum
1533 4379 1854 4432 Salvatorem
1885 4376 2023 4428 viam

451 4496 591 4542 esse,
616 4495 733 4548 quae
760 4493 855 4532 nos
875 4476 940 4530 ad
971 4477 1190 4530 salutem
1219 4474 1456 4538 duceret,
1487 4469 1826 4524 nihilominus
1847 4475 2022 4520 tamen

451 4588 546 4641 per
571 4571 725 4640 hujus
739 4571 838 4624 viae
857 4569 1125 4638 angustias
1149 4568 1224 4620 ire
1250 4564 1420 4618 adhuc
1440 4562 1662 4630 pigebat.
1686 4558 2024 4614 Turbulentis

451 4664 631 4717 smeuli
663 4663 885 4731 negotiis
914 4659 1086 4712 adhuc
1125 4672 1184 4712 se
1227 4665 1334 4710 tum
1368 4654 1622 4722 implicari
1653 4667 1790 4720 aegre
1833 4664 2018 4718 grava-

453 4764 610 4823 leqtte
637 4753 855 4807 ferebat.
883 4751 1062 4819 Neque
1089 4751 1226 4803 enim
1245 4790 1257 4812 ,
1292 4755 1346 4799 ut.
1379 4755 1682 4829 ante,|spes
1709 4750 1943 4812 qumstus
1972 4749 2025 4794 et

455 4845 675 4898 honoris
694 4841 1032 4912 Comparandi
1059 4839 1328 4908 erigebant
1352 4838 1582 4890 animum
1613 4835 1676 4887 ad
1701 4835 1833 4886 hanc
1861 4833 2023 4887 mole-

449 4938 736 4990 stissimam
783 4935 1086 4988 servitutem
1139 4930 1426 4985 ferendam.
1479 4928 1592 4982 Jam
1623 4943 1743 4982 eum
1791 4927 1875 4980 illa
1919 4943 2021 4980 non

451 5026 784 5081 oblectabant
803 5041 911 5094 prae
936 5023 1246 5088 dulcedine,
1274 5034 1431 5090 quam
1463 5033 1530 5074 ex
1565 5017 1741 5071 divino
1766 5015 1911 5070 fonte
1947 5019 2022 5072 si—

458 5119 645 5172 tienter
673 5117 965 5172 hauriebat.
998 5116 1104 5172 Sed
1145 5114 1194 5169 ei
1222 5127 1425 5168 moram
1467 5111 1718 5167 afferebat
1747 5126 1869 5165 cura
1910 5120 2024 5165 stu-

453 5211 705 5280 diumque
734 5209 932 5264 vitandi
951 5209 1296 5264 offensionem
1321 5205 1691 5260 nonnullorum
1715 5203 1984 5258 hominum
2007 5244 2020 5269 ,

451 5319 635 5359 eorum
671 5303 838 5370 forte,
865 5318 1086 5373 quorum
1116 5301 1309 5355 liberos
1338 5299 1605 5353 imbuebat
1631 5297 1868 5366 ingenuis
1895 5297 2022 5350 arti-

451 5395 568 5450 bus.
601 5393 843 5465 Coujugii
873 5405 1126 5464 przcterea
1147 5392 1412 5447 desiderio
1436 5390 1779 5445 vehementer
1805 5389 2023 5444 teneba-
2067 5461 2070 5464 ι
2105 5431 2109 5442 έ.

451 5495 574 5552 tur;
607 5498 662 5542 et
687 5489 756 5541 ob
787 5487 835 5540 id
864 5502 1024 5540 unum
1066 5486 1116 5538 in
1147 5483 1354 5538 caeteris
1391 5483 1663 5552 languidus
1683 5525 1697 5547 ,
1740 5482 1880 5536 curis
1907 5481 2025 5534 aui-

451 5596 596 5636 mum
628 5579 1027 5635 corrodentibus
1073 5575 1403 5640 tabescebat;
1443 5576 1583 5646 quod
1630 5577 1876 5630 nimirum
1919 5576 2024 5630 vita

452 5671 776 5742 coniugalis,
831 5671 897 5724 ad
937 5684 1093 5739 quam
1147 5677 1287 5722 tanta
1333 5671 1684 5738 propensioue
1731 5669 2020 5733 ferebatur,
2072 5731 2078 5737 _

457 5764 603 5816 varia
634 5777 812 5817 secum
866 5759 1100 5813 traheret
1144 5759 1470 5813 incommoda
1496 5802 1508 5826 ,
1541 5776 1658 5830 qua:
1688 5765 1788 5830 pati
1816 5762 2026 5816 uolebat

453 5853 615 5937 (Conf
664 5854 747 5907 lib.
780 5853 848 5922 8,
875 5868 988 5926 cap.
1021 5852 1080 5918 1,
1109 5868 1194 5905 ηη.
1229 5853 1288 5920 1,
1310 5851 1395 5925 2).

1539 423 1696 478 VlTA
1735 419 1793 475 S.
1835 408 2199 473 AUGUSTINI
2237 411 2558 468 EPISCOPI.

3573 409 3684 466 H2

2166 532 2220 585 2.
2243 531 2330 586 Sic
2344 531 2532 585 atl'ecto
2549 539 2778 584 mentem
2801 530 2940 584 Deus
2964 529 3163 598 injecit,
3191 536 3249 582 ut
3274 527 3676 596 Simplicianum

2098 624 2288 690 adiret,
2316 632 2440 677 tunc
2469 622 2795 691 spiritualem
2815 621 3078 675 Ambrosii
3098 629 3320 689 patrem,
3349 620 3464 689 ejus
3485 620 3678 676 deinde

2101 729 2480 769 successorem.
2508 713 2762 767 Elucebat
2783 711 2835 766 in
2862 726 2927 766 eo
2954 711 3119 780 gratia
3151 711 3274 777 Dei,
3303 711 3452 778 cujus
3477 725 3538 765 se
3559 709 3677 764 culv-

2104 807 2174 860 tui
2202 822 2230 859 a
2263 804 2540 876 juventute
2570 803 2860 858 dediderat.
2907 804 2963 857 In
2990 818 3196 858 summa
3236 817 3448 872 semper
3485 804 3683 872 pietate

2101 895 2262 950 vitam
2285 896 2509 949 (luxerat
2533 936 2546 958 ,
2578 902 2686 948 tum
2723 903 2878 948 astate
2905 891 3198 947 confectus.
3243 891 3396 960 Quod
3433 892 3684 962 Augusti-

2105 1004 2228 1040 num
2253 987 2502 1049 adduxit,
2534 994 2591 1039 ut
2610 985 2848 1039 crederet
2875 985 2963 1055 (et
2988 985 3058 1037 ita
3084 999 3141 1038 se
3161 999 3247 1038 res
3278 982 3536 1054 habebat)
3562 999 3685 1039 eum

2105 1088 2226 1150 post
2268 1087 2347 1132 tot
2376 1093 2542 1132 annos
2581 1078 2633 1131 in
2682 1077 2896 1131 virtutis
2926 1076 3304 1131 exercitatione
3353 1084 3682 1142 transactos,

2106 1171 2394 1242 spiritualis
2435 1172 2556 1224 vitae
2597 1169 2869 1223 scientiam
2901 1167 3150 1222 diuturno
3190 1183 3285 1222 usu
3335 1167 3433 1222 sibi
3471 1182 3688 1237 compa-

2108 1277 2274 1316 rasse.
2331 1262 2462 1315 Huic
2501 1261 2657 1330 igitur
2700 1259 2936 1314 decrevit
2978 1274 3165 1314 omnes
3207 1260 3287 1314 sui
3317 1259 3477 1312 animi
3526 1270 3686 1313 aastus

2109 1356 2402 1424 ﬂuctusque
2426 1354 2674 1422 detegere
2699 1369 2711 1404 :
2747 1351 2917 1406 utsibi
2943 1351 3022 1404 sic
3044 1360 3218 1426 mente
3234 1351 3520 1405 constituto
3550 1349 3688 1404 Sim-

2109 1444 2367 1514 plicianus
2393 1443 2608 1498 modum
2631 1485 2646 1509 ,
2678 1459 2836 1513 quem
2867 1443 3127 1512 aptiorem
3159 1441 3377 1496 duceret
3396 1484 3410 1508 ,
3451 1441 3516 1496 ad
3547 1443 3686 1495 viam

2110 1537 2201 1590 Dei
2227 1536 2505 1591 tenendam
2534 1535 2945 1590 demonstraret.
2978 1535 3112 1588 Eum
3139 1535 3314 1603 itaque
3337 1533 3495 1600 adiit,
3529 1543 3580 1588 et
3606 1550 3689 1588 cr-

2109 1643 2293 1682 rerum
2325 1642 2540 1681 suorum
2572 1626 2840 1680 anfractus
2869 1625 3040 1680 eidem
3087 1625 3311 1693 aperuit.
3353 1623 3451 1680 Ubi
3491 1625 3692 1677 audivit

2112 1719 2511 1788 Simplicianus,
2541 1732 2662 1770 eum
2696 1717 3085 1770 Platonicorum
3107 1715 3271 1770 libros
3291 1730 3319 1769 a
3347 1715 3617 1769 Victorino
3637 1715 3689 1769 in

2113 1812 2332 1866 latinum
2380 1824 2664 1863 conversos
2711 1808 2930 1878 legisse,
2963 1808 3252 1878 gratulatus
3299 1814 3412 1872 est;
3462 1814 3516 1861 et
3567 1805 3691 1862 inde

2113 1912 2320 1972 arrepta
2349 1903 2629 1957 occasione
2653 1943 2668 1968 ,
2713 1900 2950 1972 ejusdem
2978 1899 3262 1964 Victorini,
3308 1915 3464 1969 quem
3507 1899 3691 1954 Romae

2115 1995 2520 2050 familiarissime
2545 2003 2786 2058 noverat,
2809 1995 3209 2048 conversionem
3241 1992 3314 2047 illi
3344 1992 3543 2046 retulit.
3567 1992 3694 2048 Haec

2116 2087 2190 2141 illi
2217 2087 2496 2153 narrabat,
2520 2095 2576 2140 ut
2596 2102 2716 2142 eum
2746 2085 2812 2140 ad
2843 2086 3153 2140 humilitatis
3177 2085 3301 2140 Jesu
3327 2085 3544 2151 Christi,
3572 2101 3692 2155 quas

2117 2179 2456 2234 absconditur
2477 2179 2804 2247 sapientibus
2823 2187 2876 2234 et
2892 2178 3162 2232 revelatur
3184 2178 3428 2247 parvulis,
3459 2177 3694 2232 studium

2121 2273 2455 2337 hortaretur,
2489 2281 2540 2326 et
2570 2273 2656 2326 ille
2695 2285 2753 2325 se
2781 2271 2847 2325 ad
2891 2271 3018 2324 tanti
3052 2269 3188 2336 viri,
3233 2270 3417 2325 eadem
3461 2270 3516 2323 in
3543 2280 3694 2337 arte,

2119 2379 2278 2432 quam
2307 2365 2418 2433 ipse
2446 2363 2792 2433 proﬁtebatur
2812 2402 2826 2427 ,
2856 2361 2991 2416 adeo
3035 2360 3258 2415 illustris
3281 2401 3296 2425 ,
3347 2360 3696 2414 imitationem

2119 2454 2432 2509 accenderet
2464 2471 2475 2505 :
2509 2469 2570 2507 ac
2607 2469 2665 2508 re
2708 2453 2919 2522 quidem
2970 2453 3081 2522 ipsa
3125 2451 3192 2506 ad
3217 2467 3337 2506 eum
3386 2451 3696 2505 imitandum

2120 2547 2317 2602 exarsit
2340 2547 2682 2616 Augustinus.
2706 2545 2944 2615 Cumque
2969 2544 3281 2614 subjecisset
3302 2541 3696 2612 Simplicianus,

2124 2640 2296 2694 edicto
2337 2638 2530 2693 Juliani
2577 2636 2868 2707 prohibitos
2895 2635 3057 2690 fuisse
3082 2633 3408 2688 Christianos
3433 2633 3701 2688 litteratu-

2122 2747 2233 2785 ram
2261 2739 2315 2784 et
2338 2730 2621 2784 oratoriam
2663 2737 2830 2782 artem
2856 2728 3047 2782 docere
3071 2769 3085 2793 ,
3114 2727 3546 2796 Victorinumque
3578 2727 3701 2781 huic

2123 2823 2220 2889 legi
2244 2822 2621 2891 obsequentem
2643 2820 2838 2873 schola:
2860 2834 2967 2872 suae
2994 2818 3230 2872 nuntiqu
3254 2817 3553 2872 remisisse:
3579 2816 3702 2870 Non

2122 2913 2274 2977 mihi,
2303 2915 2373 2966 ait
2400 2913 2723 2982 Augustinus
2743 2951 2756 2975 ,
2798 2911 2975 2980 fortior
2999 2926 3149 2980 quam
3194 2909 3388 2980 felicior
3411 2909 3543 2962 visus
3589 2917 3661 2962 est
3683 2947 3700 2975 ,

2123 3006 2240 3076 quia
2269 3005 2453 3058 invenit
2483 3005 2790 3057 occasionem
2815 3003 3022 3056 vacandi
3051 3003 3156 3055 tibi.
3189 3001 3306 3056 Mox
3327 3001 3377 3055 in
3407 3000 3521 3056 hcce
3545 3001 3704 3056 \crba

2124 3096 2326 3166 erupit:
2346 3096 2439 3149 Cui
2459 3096 2530 3148 rei
2552 3111 2640 3166 ego
2663 3094 2979 3164 suspirabam
3001 3094 3201 3164 ligatus,
3233 3086 3332 3146 non
3353 3093 3488 3161 ferro
3513 3093 3702 3157 alieno,

2124 3187 2211 3240 sed
2239 3203 2345 3239 mea
2373 3190 2534 3256 ferrea
2562 3186 2833 3240 voluntate.
2875 3184 3012 3238 Velle
3037 3201 3199 3237 meum
3227 3183 3416 3238 tenebat
3444 3183 3700 3249 inimicus,

2125 3289 2171 3332 et
2191 3281 2306 3332 inde
2330 3279 2451 3331 mihi
2471 3288 2695 3331 catenam
2711 3282 2910 3349 fecerat,
2937 3285 2984 3331 et
3003 3277 3365 3342 constrinxerat
3385 3291 3480 3329 me.
3508 3275 3704 3345 Quippe

2126 3387 2187 3424 ex
2225 3371 2473 3423 voluntate
2502 3387 2730 3440 perversa
2765 3369 2901 3437 facta
2943 3379 3013 3422 est
3039 3369 3192 3423 libido
3222 3385 3239 3422 .'
3264 3377 3308 3421 et
3333 3369 3454 3422 dum
3491 3369 3705 3422 servitur

2126 3461 2349 3527 libidini,
2383 3461 2516 3530 facta
2545 3471 2615 3514 est
2637 3462 2977 3527 consuetudo;
3020 3472 3066 3514 et
3090 3461 3208 3514 dum
3229 3463 3576 3516 consuetudini
3603 3480 3703 3517 non

2124 3554 2397 3618 resistitur,
2427 3558 2559 3623 facta
2580 3562 2652 3607 est
2676 3555 2956 3607 necessitas.
2987 3553 3176 3618 Quibus
3203 3555 3346 3623 quasi
3372 3556 3562 3609 ansulis
3587 3555 3706 3608 sibi-

2127 3657 2224 3698 met
2264 3647 2488 3711 innexis,
2535 3646 2668 3699 unde
2691 3655 2916 3699 catenam
2945 3648 3194 3717 appellavi
3216 3687 3232 3712 ,
3265 3647 3456 3700 tenebat
3497 3664 3576 3700 me
3617 3648 3706 3700 ob-

2126 3739 2349 3791 strictum
2375 3736 2500 3790 dura
2528 3738 2752 3790 servitus.
2794 3735 3035 3790 Voluntas
3063 3749 3225 3790 (uitem
3254 3755 3406 3802 nova,
3438 3753 3550 3808 qua!
3576 3737 3703 3790 mihi

2127 3847 2232 3886 esse
2247 3838 2463 3900 eruperat
2487 3840 2540 3882 ut
2559 3838 2606 3882 te
2628 3829 2782 3898 gratis
2808 3829 3038 3893 colerem,
3067 3829 3262 3898 fruique
3278 3839 3323 3881 te
3344 3829 3534 3894 vellem,
3565 3827 3705 3883 Deus

2127 3922 2236 3975 sola
2265 3929 2399 3974 certa
2419 3920 2714 3991 jucunditas
2733 3961 2748 3982 ,
2795 3920 3017 3973 nondum
3043 3930 3147 3972 erat
3167 3919 3346 3972 idonea
3365 3919 3432 3971 ad
3457 3936 3705 3990 superan-

2133 4013 2250 4064 dam
2277 4013 2494 4079 priorem
2522 4019 2763 4065 vetustate
2792 4013 3093 4063 roboratam.
3146 4007 3228 4062 Ita
3271 4009 3384 4063 dua:
3424 4010 3704 4063 voluntates

2127 4118 2278 4164 mete,
2308 4119 2408 4154 una
2431 4112 2583 4168 vetus,
2611 4102 2713 4154 alia
2741 4118 2886 4164 nova,
2910 4101 3000 4154 illa
3029 4101 3267 4162 carnalis,
3291 4102 3380 4155 illa
3405 4103 3700 4172 spiritualis,

2127 4193 2461 4262 conﬂigebant
2511 4193 2639 4245 inter
2682 4209 2768 4256 se,
2822 4201 2970 4260 atque
3011 4192 3345 4244 discordando
3392 4191 3705 4262 dissipabant

2127 4285 2347 4337 animum
2369 4299 2547 4336 meam.
2574 4282 2661 4337 Sic
2689 4281 3039 4352 intelligebam,
3062 4282 3112 4334 in
3136 4283 3330 4351 meipso
3347 4282 3701 4351 experimento,

2127 4375 2181 4428 id
2209 4375 2342 4445 quod
2370 4377 2584 4445 legeram
2611 4415 2625 4440 ,
2653 4373 2901 4444 quomodo
2930 4390 3048 4427 caro
3076 4375 3440 4442 concupisceret
3467 4375 3705 4428 adversus

2127 4468 2386 4538 spiritum,
2411 4476 2456 4520 et
2484 4467 2686 4536 spiritus
2712 4465 2953 4519 adversus
2977 4482 3265 4518 carnem...
3299 4463 3494 4536 (Galat.
3511 4481 3566 4530 v,
3585 4465 3702 4535 17).

2129 4558 2195 4611 Et
2217 4575 2314 4611 non
2340 4569 2445 4611 erat
2454 4560 2566 4629 jam
2597 4559 2686 4611 illa
2714 4559 2987 4620 excusatio,
3011 4574 3108 4621 qua
3138 4557 3293 4610 videri
3317 4557 3437 4609 mihi
3461 4557 3702 4621 solebam,

2129 4660 2391 4719 propterea
2433 4649 2655 4703 nondum
2695 4665 2775 4703 me
2815 4658 3096 4718 contempto
3131 4647 3313 4701 saeculo
3351 4647 3534 4702 servire
3579 4647 3703 4714 tibi,

2129 4744 2246 4811 quia
2273 4745 2460 4796 incerta
2491 4744 2613 4796 milii
2641 4752 2763 4797 esset
2795 4743 3042 4813 perceptio
3085 4742 3302 4795 veritatis
3331 4756 3349 4794 :
3363 4743 3477 4812 jam
3504 4742 3634 4795 enim
3659 4752 3708 4795 et

2126 4833 2236 4902 ipsa
2264 4843 2398 4886 certa
2445 4845 2549 4886 erat
2568 4875 2582 4900 ,
2613 4850 2701 4904 ego
2730 4844 2895 4886 autem
2923 4833 3086 4885 adhuc
3113 4843 3245 4886 terra
3282 4832 3560 4903 obligatus,
3605 4834 3705 4886 mi-

2128 4925 2273 4978 litare
2295 4925 2382 4978 tibi
2409 4926 2718 4989 recusabant,
2747 4933 2791 4977 et
2818 4924 3182 4993 impedimentis
3202 4922 3430 4976 omnibus
3455 4923 3527 4976 sic
3557 4924 3706 4977 time-

2127 5017 2242 5070 bam
2276 5017 2530 5088 expediri,
2561 5016 2980 5085 quemadmodum
3038 5016 3271 5086 impediri
3313 5015 3583 5068 timendum
3634 5026 3707 5069 est

2130 5109 2547 5180 (Confessionum
2589 5107 2677 5161 lib.
2715 5108 2778 5173 8,
2821 5125 2932 5178 cap.
2973 5107 3007 5162 5
3031 5147 3045 5172 ,
3077 5124 3164 5160 nn.
3199 5108 3296 5168 10.
3352 5106 3480 5176 11).
3528 5105 3709 5175 Pergit

2129 5203 2305 5257 adhuc
2333 5204 2436 5253 vim
2458 5198 2768 5268 tyrannidis,
2791 5214 2948 5268 quam
2979 5199 3266 5252 inveterata
3292 5195 3543 5266 peccandi
3574 5212 3707 5250 con-

2129 5293 2352 5352 suetudo
2376 5292 2429 5346 in
2455 5291 2626 5360 ipsum
2657 5291 2971 5358 exercebat,
2998 5288 3246 5360 graphice
3273 5287 3596 5343 describere.

2201 5392 2252 5444 3.
2285 5387 2390 5442 Sed
2422 5384 2634 5440 tandem
2668 5384 2844 5438 omnia
2892 5383 3006 5452 ejus
3033 5382 3241 5435 vincula
3270 5381 3497 5450 disrupit
3527 5381 3705 5449 Deus,

2130 5479 2321 5534 visibili
2345 5477 2501 5531 simul
2531 5483 2586 5530 et
2614 5475 2861 5530 invisibili
2887 5471 3369 5528 miraculo.'Solitae
3398 5471 3539 5527 illius
3564 5487 3708 5527 cura!

2128 5580 2183 5628 et
2225 5569 2606 5626 sollicitudines
2639 5568 2807 5636 magis
2843 5580 2906 5620 ac
2942 5564 3106 5634 magis
3137 5564 3189 5617 in
3216 5563 3327 5618 dies
3361 5562 3708 5618 recrudesce-

2131 5665 2252 5717 hant
2276 5680 2286 5715 :
2314 5663 2420 5716 Deo
2449 5660 2779 5714 continenter
2799 5656 3128 5726 suspirabat:
3151 5655 3426 5709 ecclesiam
3455 5654 3706 5723 frequen-

2130 5757 2307 5822 tabat,
2342 5763 2594 5824 quantum
2626 5752 2720 5820 ipsi
2754 5749 2940 5803 licebat
2970 5763 3061 5817 per
3091 5748 3322 5817 negotia,
3355 5749 3453 5802 sub
3479 5762 3705 5816 quorum

2135 5857 2362 5928 [uindere
2387 5847 2649 5924 gemebat.
2685 5843 2916 5912 Quodam
2942 5844 3022 5897 die
3041 5885 3053 5909 ,
3081 5842 3274 5915 inquit,
3307 5841 3433 5896 venit
3460 5837 3528 5893 ad
3553 5852 3635 5894 me
3655 5850 3708 5906 es
