3994 6352
283 337 387 400 ιη

286 459 528 530 Alypium
572 453 895 511 Pontilianus
931 459 1141 528 quidam
1186 455 1306 510 civis
1353 465 1518 510 noster
1549 455 1603 510 in
1631 465 1870 527 quantum

283 551 438 621 Afer.
471 548 717 620 praclare
734 550 789 602 in
817 547 1011 618 palatio
1051 547 1270 600 militans
1293 565 1309 595 :
1339 547 1503 600 nescio
1527 546 1651 616 quid
1671 563 1701 598 a
1729 544 1869 598 nobis

284 639 497 694 volebat.
523 637 594 692 Et
617 638 938 694 consedimus
965 648 1020 692 ut
1037 639 1432 707 colloqueremur
1449 677 1464 701 ,
1489 646 1536 690 et
1561 640 1689 708 forte
1716 652 1872 704 supra

284 749 508 786 nmisans
519 733 763 788 lusoriam
781 750 897 804 qua:
909 745 1023 788 ante
1039 752 1127 787 nos
1153 742 1280 797 erat,
1303 731 1510 786 attendit
1537 732 1774 795 codicem,
1799 741 1870 784 tu-

282 827 355 884 lit,
384 825 603 892 aperuit,
633 825 822 879 invenit
849 824 1132 894 apostolum
1161 824 1404 889 Paulum,
1432 825 1688 895 inOpinate
1711 839 1832 876 sane
1853 837 1872 876 :

284 924 549 981 putaverat
581 915 714 968 enim
744 914 938 984 aliquid
967 914 1028 967 de
1071 915 1238 980 libris,
1283 931 1496 984 quorum
1524 913 1768 985 professio
1795 929 1873 966 me

279 1005 585 1058 conterebat.
627 1004 758 1058 Tum
787 1022 905 1059 vero
932 1006 1162 1064 arridens
1186 1022 1362 1076 meque
1385 1006 1586 1060 intuens
1607 1047 1622 1070 ,
1651 1004 1872 1076 gratula-

281 1097 404 1147 toric
430 1097 648 1149 miratus
673 1107 743 1150 est
771 1097 906 1165 quod
925 1115 1009 1151 eas
1032 1107 1078 1151 et
1101 1097 1237 1152 solas
1272 1113 1380 1169 prta
1408 1098 1569 1153 oculis
1598 1097 1717 1150 meis
1745 1096 1876 1148 litte'

284 1204 369 1240 ras
389 1197 597 1257 repente
613 1189 950 1256 comperisset.
977 1186 1292 1244 Christianus
1307 1191 1490 1261 quippe
1505 1199 1550 1243 et
1567 1188 1727 1256 ﬁdelis
1743 1195 1868 1250 erat,

279 1291 321 1329 et
350 1294 487 1343 stepe
513 1277 603 1330 tibi
631 1277 738 1331 Deo
768 1288 936 1332 nostro
968 1281 1368 1348 prosternebatur
1387 1282 1436 1332 in
1457 1279 1662 1333 ecclesia
1683 1279 1868 1332 crebris

276 1379 320 1420 et
341 1369 599 1421 diuturnis
630 1369 957 1422 orationibus.
987 1369 1078 1422 Cui
1105 1386 1195 1439 ego
1211 1387 1323 1421 cum
1344 1370 1643 1422 iudicassem
1666 1369 1768 1422 illis
1797 1385 1874 1422 me

285 1461 574 1528 Scripturis
604 1476 779 1513 curam
799 1461 1072 1514 maximam
1094 1461 1378 1529 impendere
1399 1503 1412 1522 ,
1444 1470 1583 1513 ortus
1613 1469 1683 1513 est
1709 1476 1873 1513 sermo

280 1553 389 1621 ipso
420 1563 666 1606 narrante
685 1552 746 1605 de
775 1553 994 1606 Antonio
1020 1552 1270 1622 Egyptio
1298 1552 1542 1606 monacho
1562 1593 1576 1616 ,
1609 1553 1754 1623 cujus
1783 1569 1873 1606 no-

283 1658 395 1693 men
435 1640 737 1694 excellenter
777 1641 998 1695 clarebat
1024 1641 1160 1711 apud
1192 1657 1358 1696 servos
1391 1650 1538 1705 tuos;
1579 1658 1668 1696 nos
1707 1650 1874 1695 autem

285 1749 440 1803 usque
465 1733 520 1784 in
555 1731 702 1785 illam
742 1733 917 1786 horam
945 1733 1147 1786 latebat.
1194 1732 1341 1799 Quod
1364 1733 1450 1786 ille
1477 1731 1565 1786 ubi
1593 1733 1872 1803 comperit,

288 1823 590 1876 immoratus
619 1833 691 1878 est
731 1825 783 1877 in
829 1840 884 1877 eo
910 1840 1164 1890 sermone,
1191 1824 1455 1876 insinuans
1484 1833 1675 1876 tantum
1715 1823 1875 1876 virum

289 1917 668 1987 ignorantibus,
715 1925 762 1968 et
801 1916 1060 1969 admirans
1098 1915 1322 1968 eamdem
1368 1924 1589 1969 nostram
1639 1917 1877 1985 ignoran-

295 2010 440 2062 tiam.
468 2010 802 2080 Stupebamus
819 2020 982 2063 autem
1013 2011 1267 2064 audientes
1290 2019 1391 2063 tam
1407 2009 1592 2063 recenti
1615 2008 1872 2071 memoria,

303 2110 352 2153 et
381 2119 537 2171 prope
561 2101 742 2155 nostris
769 2101 1073 2171 temporibus
1101 2102 1420 2155 lestatissima
1443 2099 1690 2153 mirabilia
1720 2109 1804 2151 tua
1823 2099 1877 2152 in

298 2192 402 2260 ﬁde
429 2203 561 2244 recta
588 2201 636 2245 et
663 2192 912 2246 catholica
951 2192 1197 2246 Ecclesia.
1235 2191 1419 2245 Omnes
1447 2190 1754 2244 mirabamur
1785 2205 1802 2242 :
1831 2199 1877 2243 et

291 2297 412 2344 nos,
443 2284 563 2351 quia
589 2292 694 2335 tam
721 2300 905 2354 magna
929 2292 1107 2346 erant;
1131 2293 1175 2336 et
1195 2283 1312 2346 ille,
1343 2283 1460 2352 quia
1485 2281 1713 2335 inaudita
1737 2281 1878 2335 nobis

291 2382 450 2426 eram.
481 2372 614 2426 Inde
655 2390 816 2427 sermo
839 2375 946 2446 ejus
980 2375 1238 2428 devolutus
1264 2382 1337 2428 est
1371 2373 1436 2426 ad
1464 2373 1878 2426 monasteriorum

287 2479 478 2533 greges,
497 2474 546 2516 et
565 2480 730 2517 mores
745 2464 1096 2518 suaveolentia:
1115 2475 1232 2530 tute,
1257 2472 1303 2517 et
1321 2463 1470 2516 ubera
1491 2463 1682 2516 deserta
1696 2457 1875 2526 eremi,

287 2569 503 2621 quorum
529 2570 622 2607 nos
653 2555 780 2608 nihil
816 2555 1113 2608 sciebamus.
1145 2554 1212 2607 Et
1238 2562 1346 2608 erat
1374 2555 1724 2608 monasterium
1765 2552 1879 2606 Me-

290 2644 480 2697 diolani
511 2647 721 2714 plenum
753 2647 894 2698 bonis
925 2646 1193 2716 fratribus,
1223 2655 1366 2700 extra
1403 2646 1543 2699 urbis
1584 2647 1765 2698 mania
1791 2645 1880 2698 sub

292 2733 553 2788 Ambrosio
579 2737 862 2800 nutritore;
892 2746 938 2789 et
967 2753 1066 2790 non
1097 2752 1412 2791 noveramus.
1442 2735 1770 2790 Pertendebat
1797 2736 1882 2788 ille

292 2835 338 2879 et
384 2827 680 2895 loquebatur
721 2827 918 2892 adhuc,
961 2836 1008 2881 et
1035 2844 1126 2881 nos
1168 2829 1345 2882 intenti
1377 2827 1677 2880 tacebamus.
1737 2825 1883 2880 Unde

295 2918 466 2971 incidit
493 2928 548 2972 ut
577 2919 798 2986 diceret,
844 2920 1010 2973 nescio
1037 2921 1241 2991 quando
1266 2936 1318 2973 se
1342 2928 1387 2972 et
1421 2928 1517 2974 tres
1554 2917 1681 2972 alios
1707 2928 1882 2972 contu-

306 3011 519 3063 bernales
545 3027 696 3075 suos,
733 3011 970 3064 nimirum
995 3010 1132 3081 apud
1157 3009 1428 3076 Treveros,
1457 3026 1570 3063 cum
1604 3008 1884 3079 Imperator

304 3103 648 3171 pomeridiano
701 3101 1010 3157 Circensium
1055 3103 1340 3166 spectaculo
1390 3111 1639 3154 teneretur
1659 3140 1676 3166 ,
1725 3101 1885 3153 exisse

301 3194 680 3247 deambulatum
707 3192 762 3246 in
806 3194 977 3247 hortos
1017 3194 1173 3246 muris
1201 3193 1494 3262 contiguos;
1535 3201 1681 3258 atque
1704 3189 1807 3243 illic
1833 3199 1884 3242 ut

300 3289 421 3355 forte
445 3287 723 3340 combinati
743 3287 1120 3356 spatiabantur,
1153 3302 1312 3338 unum
1349 3301 1517 3338 secum
1539 3300 1794 3350 seorsum,
1837 3293 1885 3337 et

299 3379 421 3432 alios
447 3380 580 3432 duos
598 3379 777 3432 itidem
793 3395 1016 3432 seorsum
1041 3378 1320 3448 pariterque
1348 3377 1594 3446 digressos
1618 3389 1636 3428 :
1660 3374 1745 3428 sed
1771 3375 1886 3429 illos

299 3471 626 3539 uagabundus
651 3471 860 3524 irruisse
883 3471 934 3523 in
971 3470 1244 3541 quamdam
1265 3485 1432 3522 casam
1448 3509 1462 3533 ,
1489 3467 1573 3520 ubi
1597 3467 1886 3519 habitabant

299 3562 506 3632 quidam
529 3563 664 3616 servi
685 3563 756 3615 tui
779 3603 794 3628 ,
821 3562 1004 3632 spiritu
1026 3576 1271 3632 pauperes
1291 3601 1306 3625 ,
1339 3558 1564 3629 qualium
1584 3567 1655 3612 est
1680 3573 1886 3627 regnum

302 3654 543 3708 azlorum
573 3652 788 3725 (Matth.
818 3669 874 3719 γ,
902 3653 972 3724 5)
993 3693 1007 3717 ,
1038 3662 1086 3706 et
1108 3651 1349 3704 invenisse
1373 3650 1440 3702 ibi
1465 3649 1683 3702 codicem
1709 3648 1761 3700 in
1788 3664 1886 3718 quo

301 3746 487 3814 scripta
507 3753 618 3799 erat
645 3745 746 3797 vita
762 3744 985 3797 Antonii.
1013 3741 1176 3808 Quum
1195 3743 1354 3812 legere
1377 3741 1523 3807 carpit
1550 3756 1677 3792 unus
1694 3755 1883 3804 eorum,

305 3839 539 3892 etmirari
556 3879 570 3903 ,
620 3847 667 3890 et
692 3837 932 3899 accendi,
961 3845 1008 3890 et
1034 3836 1165 3888 inter
1190 3834 1451 3904 legendum
1495 3832 1724 3886 meditari
1752 3831 1885 3882 arri-

303 3946 419 3994 pere
440 3929 594 3982 talem
615 3929 766 3982 vitam
787 3968 803 3993 ,
833 3937 878 3981 et
892 3927 1067 3980 relicta
1094 3925 1274 3978 militia
1301 3925 1530 3978 saeculari
1556 3923 1739 3977 servire
1766 3921 1889 3974 tibi:

303 4031 444 4073 erant
470 4031 645 4073 autem
682 4035 746 4073 ea:
772 4019 841 4072 eis
865 4035 990 4088 quos
1019 4018 1192 4070 dicunt
1220 4017 1431 4085 Agentes
1460 4016 1514 4067 in
1548 4015 1712 4067 rebus.
1742 4011 1887 4066 Tunc

307 4111 468 4164 subito
513 4109 734 4179 repletus
761 4126 931 4162 amore
968 4118 1140 4162 sancto
1170 4117 1214 4162 et
1262 4107 1427 4161 sobrio
1468 4107 1692 4176 pudore,
1731 4105 1889 4159 iratus

310 4201 408 4253 sibi
431 4201 641 4271 conjecit
662 4201 831 4253 oculos
856 4200 910 4252 in
950 4199 1172 4252 amicum
1196 4238 1212 4265 ,
1241 4207 1289 4251 et
1314 4197 1382 4249 ait
1405 4197 1479 4249 illi
1509 4212 1526 4249 :
1557 4195 1650 4248 Dic
1670 4237 1684 4262 ,
1722 4211 1887 4264 quasso

305 4300 388 4358 te,
417 4292 649 4346 omnibus
673 4293 778 4346 istis
819 4290 1070 4344 laboribus
1097 4290 1280 4343 nostris
1304 4304 1402 4358 quo
1442 4287 1684 4341 ambinms
1721 4303 1891 4354 perve-

303 4383 448 4436 nire?
469 4383 593 4453 quid
614 4383 919 4453 quaerimus?
947 4384 1092 4450 cujus
1120 4381 1193 4434 rei
1217 4397 1371 4433 causa
1409 4379 1726 4432 militamus?
1770 4377 1887 4444 Ma-

297 4473 451 4546 jorne
471 4491 578 4528 esse
599 4476 777 4543 poterit
803 4491 916 4544 spes
951 4482 1120 4528 nostra
1145 4474 1198 4526 in
1232 4471 1453 4543 palatio,
1490 4488 1639 4541 quam
1661 4481 1713 4524 ut
1742 4473 1890 4524 amici

302 4563 646 4634 Imperatoris
670 4565 861 4617 simus?
889 4563 952 4617 Et
984 4563 1052 4616 ibi
1077 4563 1198 4632 quid
1227 4579 1326 4616 non
1353 4562 1533 4633 fragile
1552 4603 1566 4627 ,
1595 4561 1892 4632 plenumque

303 4660 551 4731 periculis
570 4661 596 4714 2
641 4659 705 4711 Et
733 4677 820 4728 per
843 4668 960 4729 quot
987 4658 1209 4728 pericula
1236 4657 1517 4727 pervenitur
1549 4657 1615 4708 ad
1653 4656 1891 4725 grandius

304 4753 597 4822 periculum
611 4752 638 4806 ?
656 4750 721 4803 Et
747 4754 947 4821 quando
970 4750 1098 4803 istuc
1119 4749 1253 4802 erit?
1271 4748 1474 4800 Amicus
1500 4756 1664 4799 autent
1688 4746 1779 4800 Dei
1800 4788 1814 4812 ,
1847 4747 1892 4800 si

304 4844 512 4896 voluero
534 4885 549 4908 ,
576 4858 688 4897 ecce
731 4857 863 4894 nunc
888 4841 975 4910 ﬁo.
1017 4839 1158 4894 Dixit
1183 4839 1276 4892 hoc
1295 4881 1309 4900 ,
1339 4846 1382 4892 et
1411 4838 1635 4892 turbidus
1670 4840 1891 4908 parturi-

307 4940 450 4987 tt‘one
473 4948 617 4987 novat
644 4934 758 4987 vita:
775 4974 790 4999 ,
818 4932 1036 4985 reddidit
1059 4931 1228 4985 oculos
1257 4930 1455 5001 paginis
1477 4971 1492 4995 ,
1533 4939 1578 4982 et
1604 4928 1819 4998 legebat,
1845 4938 1893 4983 et

304 5027 602 5080 mutabatur
627 5027 762 5079 intus
812 5024 894 5078 ubi
938 5035 992 5078 tu
1039 5023 1269 5089 videbas,
1314 5031 1362 5076 et
1407 5022 1675 5075 exurebatur
1708 5022 1892 5074 mundo

302 5135 450 5172 mens
470 5118 606 5188 ejus,
629 5125 685 5170 ut
712 5132 829 5170 mox
852 5115 1107 5186 apparuit.
1139 5113 1371 5183 Namque
1395 5114 1514 5166 dum
1543 5112 1662 5183 legit
1686 5120 1731 5164 et
1745 5111 1893 5165 volvit

299 5211 500 5277 ﬂuctus
547 5209 714 5262 cordis
750 5209 870 5274 sui,
904 5207 1160 5280 infremuit
1200 5205 1471 5276 aliquando
1495 5247 1510 5272 ,
1561 5213 1606 5258 et
1632 5204 1888 5270 discrevit,

305 5300 630 5370 decrevitque
657 5299 870 5355 meliora
891 5315 911 5365 ;
931 5300 1140 5371 jamque
1160 5307 1272 5351 tuus
1289 5337 1304 5364 ,
1340 5298 1410 5350 ait
1429 5297 1590 5350 amico
1616 5314 1706 5351 suo
1734 5311 1754 5351 :
1783 5296 1892 5368 Ego

291 5393 421 5466 jam
441 5392 619 5463 abrupi
649 5409 728 5446 me
749 5391 810 5445 ab
828 5393 919 5446 illa
942 5408 1032 5461 spe
1053 5400 1224 5445 nostra
1245 5431 1262 5457 ,
1292 5401 1337 5444 et
1364 5389 1473 5444 Deo
1495 5391 1678 5444 servire
1704 5391 1892 5455 statui;

301 5494 358 5536 et
377 5485 475 5536 hoc
489 5499 553 5536 ea
569 5484 696 5536 hora
725 5483 837 5544 hac.
851 5483 904 5536 in
931 5483 1023 5536 hoc
1047 5482 1156 5536 loco
1176 5481 1460 5553 aggredior.
1479 5479 1546 5533 Te
1569 5482 1612 5535 si
1628 5482 1760 5551 piget
1779 5481 1892 5534 imi-

300 5574 448 5639 tari,
476 5573 583 5627 noli
609 5574 884 5627 adversari.
911 5573 1191 5644 Respondit
1210 5573 1316 5640 ille,
1347 5572 1604 5626 adhazrere
1627 5589 1679 5626 se
1705 5574 1895 5626 socium

299 5675 472 5719 tanta:
501 5668 746 5719 mercedis
761 5673 1004 5735 tantceque
1031 5665 1240 5718 militiae.
1275 5663 1340 5717 Et
1360 5665 1506 5717 ambo
1525 5665 1640 5735 jam
1668 5664 1738 5718 tui
1766 5664 1893 5718 tedi-

303 5759 548 5830 Μαῖα
571 5761 753 5813 turrim
793 5767 996 5830 sumptu
1022 5758 1201 5814 idoneo
1237 5756 1551 5830 relinquendi
1573 5757 1742 5813 omnia
1764 5773 1888 5826 sua,

1621 338 1820 397 LIBER
1856 335 2232 397 SECUNDUS.

3431 333 3537 399 114

1973 465 2018 510 et
2062 455 2299 525 sequendi
2330 463 2376 510 te
2403 454 2565 526 (Luc.
2597 470 2718 523 xxv,
2751 454 2977 529 26-55).
3009 451 3140 512 Tum
3179 455 3535 523 Pontitianus,

1976 557 2022 600 et
2040 548 2126 616 qui
2149 564 2261 601 cum
2289 564 2345 602 eo
2371 565 2458 620 per
2483 550 2610 604 alias
2630 550 2760 603 horti
2785 561 2949 620 partes
2975 550 3378 618 deambulabam,
3398 566 3541 622 quat-

1976 647 2137 691 rentes
2160 654 2240 691 eos
2271 638 2568 692 devenerunt
2594 639 2647 693 in
2672 640 2899 694 eumdem
2929 641 3093 694 locum
3111 680 3128 708 ,
3159 650 3205 694 et
3241 642 3545 694 invenientes

1975 728 2338 782 admonuerunt
2366 740 2418 782 ut
2444 731 2694 796 redirent,
2736 731 2869 801 quod
2897 732 3191 786 dcclinasset
3218 733 3338 785 dies.
3371 734 3436 784 At
3464 731 3544 785 illi

1976 829 2182 872 narrato
2213 817 2396 888 placito
2422 829 2469 875 et
2498 822 2753 891 proposito
2799 839 2888 875 suo
2909 864 2923 889 ,
2956 838 3149 892 quoque
3190 822 3338 876 modo
3378 823 3432 876 in
3474 823 3544 876 eis

1977 908 2091 963 talis
2117 911 2343 964 voluntas
2368 920 2476 964 orta
2496 921 2617 965 esset
2646 922 2794 984 atque
2814 913 3036 981 ﬁrmata,
3069 914 3344 983 petiverunt
3371 931 3431 967 ne
3451 915 3547 967 sibi

1978 998 2171 1052 molesti
2193 1010 2348 1053 essent
2368 1043 2382 1066 ,
2410 1002 2454 1053 si
2478 1001 2688 1072 adjungi
2724 1013 3030 1056 recusarent.
3077 1001 3175 1058 Isti
3197 1014 3362 1057 autent
3389 1005 3548 1057 nihilo

1979 1092 2153 1143 mutati
2181 1107 2211 1142 a
2237 1092 2459 1161 pristinis
2477 1133 2490 1156 ,
2518 1093 2756 1162 ﬂeverunt
2785 1111 2838 1146 se
2855 1104 3050 1160 tamen,
3077 1104 3130 1147 ut
3155 1094 3376 1160 dicebat,
3404 1107 3550 1164 atque

1978 1182 2078 1235 illis
2120 1182 2199 1250 pie
2237 1183 2568 1253 congratulati
2595 1195 2740 1248 sunt,
2787 1195 2832 1239 et
2859 1187 3324 1241 commendaverunt
3349 1205 3402 1242 se
3430 1206 3547 1240 ora-

1980 1273 2194 1326 tionibus
2221 1289 2389 1326 eorum
2407 1289 2427 1337 ;
2448 1284 2494 1326 et
2522 1275 2772 1329 trahentes
2797 1294 2882 1330 cor
2900 1277 2952 1330 in
2974 1286 3104 1330 terra
3130 1277 3356 1330 abierunt
3381 1277 3432 1330 in
3460 1295 3551 1348 pa-

1981 1364 2191 1428 latium;
2233 1365 2309 1420 illi
2349 1378 2515 1420 autem
2553 1369 2802 1437 aﬁigentes
2837 1386 2922 1422 cor
2965 1369 3119 1435 caelo,
3163 1378 3456 1424 manserunt
3496 1369 3548 1422 in

1977 1475 2106 1513 casa.
2145 1459 2212 1512 Et
2245 1459 2389 1513 ambo
2415 1461 2656 1513 habebant
2685 1478 2892 1531 sponsas
2912 1479 2929 1514 :
2956 1479 3068 1532 qtae
3096 1475 3415 1533 posteaquam
3456 1462 3550 1515 hoc

1979 1557 2261 1621 audierunt,
2280 1559 2565 1614 dicaverunt
2593 1563 2740 1614 etiam
2759 1562 2881 1630 ipsa:
2901 1562 3232 1632 virginitatem
3251 1561 3339 1615 tibi
3371 1558 3544 1633 (Conf.

1979 1646 2064 1699 lib.
2091 1647 2152 1711 8,
2179 1665 2291 1718 cap.
2321 1651 2371 1715 6,
2399 1669 2486 1705 nn.
2515 1653 2582 1706 M
2603 1694 2616 1716 ,
2648 1653 2759 1721 15).

2047 1739 2100 1792 4.
2133 1739 2387 1795 Nat-mute
2421 1742 2536 1796 hzec
2564 1743 2882 1808 Pontiliano,
2921 1743 3255 1813 prosequitur
3294 1736 3550 1811 Augusti-

1979 1845 2097 1883 nus.
2121 1829 2199 1882 Tu
2224 1842 2404 1896 autem,
2431 1831 2664 1897 Domine,
2686 1835 2816 1888 inter
2839 1835 2981 1887 verba
3001 1836 3111 1903 ejus
3131 1834 3448 1905 retorquebas
3471 1848 3548 1886 me

1978 1921 2046 1973 ad
2067 1939 2144 1974 me
2157 1923 2323 1990 ipsum
2336 1941 2354 1989 ;
2375 1929 2609 1995 auferens
2630 1941 2707 1978 me
2723 1942 2752 1977 a
2773 1925 2920 1979 dorso
2942 1941 3047 1976 meo
3065 1923 3145 1976 ubi
3165 1941 3242 1978 me
3263 1939 3546 1993 posueram,

1980 2011 2100 2065 dum
2133 2013 2317 2068 nollem
2344 2032 2422 2068 me
2453 2017 2740 2082 attendere;
2769 2026 2814 2070 et
2851 2016 3182 2069 constituebas
3218 2031 3294 2068 me
3321 2024 3436 2068 ante
3473 2017 3552 2082 fa—

1979 2103 2105 2155 ciem
2123 2120 2302 2166 meam,
2327 2115 2381 2157 ut
2401 2105 2614 2159 viderem
2641 2123 2790 2174 quam
2815 2105 2971 2175 turpis
2993 2122 3165 2166 essem,
3189 2121 3336 2169 quam
3367 2103 3552 2155 distor-

1983 2201 2060 2246 tus
2088 2203 2132 2247 et
2161 2195 2394 2249 sordidus
2416 2239 2428 2257 ,
2467 2198 2751 2251 maculosus
2775 2208 2819 2250 et
2843 2198 3116 2251 ulcerosus.
3148 2196 3211 2249 Et
3239 2196 3481 2258 videbam,
3505 2203 3554 2247 et

1982 2285 2278 2350 horrebant;
2301 2298 2348 2342 et
2376 2305 2474 2360 quo
2501 2306 2533 2341 a
2559 2305 2637 2342 me
2662 2290 2882 2359 fugerem
2907 2305 3004 2342 non
3030 2298 3151 2342 erat.
3183 2287 3246 2340 Et
3275 2288 3316 2339 si
3337 2285 3555 2340 conabar

1981 2393 2012 2429 a
2035 2395 2110 2431 me
2131 2391 2347 2433 avertere
2382 2391 2656 2451 aspectum,
2682 2381 2915 2434 narrabat
2940 2381 3026 2434 ille
3059 2380 3192 2452 quod
3220 2379 3473 2441 narrabat,
3507 2387 3553 2430 et
3595 2432 3600 2437 _

1984 2477 2035 2520 tu
2057 2485 2134 2521 me
2153 2486 2327 2521 rursus
2348 2470 2632 2538 opponebas
2654 2470 2795 2533 mihi,
2821 2481 2864 2522 et
2885 2470 3193 2539 impingebas
3214 2485 3290 2521 me
3313 2470 3362 2520 in
3385 2467 3555 2520 oculos

1983 2575 2136 2622 meos,
2165 2569 2218 2611 ut
2239 2561 2505 2614 invenirem
2531 2561 2841 2632 iniquitatem
2862 2578 3022 2613 meam
3048 2571 3092 2614 et
3118 2561 3349 2614 odissem.
3382 2558 3554 2612 Nove—

1983 2667 2091 2702 ram
2120 2666 2256 2714 eam,
2285 2652 2372 2704 sed
2400 2652 2773 2706 dissimulabam
2796 2669 2815 2715 ;
2852 2663 2898 2706 et
2927 2651 3245 2705 connivebam
3293 2661 3336 2703 et
3375 2651 3553 2705 oblivi-

1986 2744 2174 2797 scebar.
2211 2743 2354 2798 Tunc
2383 2762 2495 2798 vero
2535 2755 2719 2813 quanto
2746 2746 3002 2809 ardentius
3039 2745 3267 2796 amabam
3309 2743 3451 2808 illos,
3497 2745 3557 2795 de

1987 2833 2164 2903 quibus
2189 2835 2451 2888 audiebam
2473 2835 2696 2889 salubres
2725 2835 2950 2901 affectus,
2979 2840 3108 2901 quod
3131 2851 3183 2888 se
3207 2845 3333 2887 totos
3362 2834 3448 2886 tibi
3472 2850 3559 2884 sa-

1987 2923 2178 2976 nandos
2217 2924 2489 2989 dederant,
2531 2935 2666 2978 tanto
2710 2925 3060 2978 exsecrabilius
3104 2942 3180 2979 me
3215 2934 3558 2993 comparatum

1986 3014 2055 3067 eis
2076 3015 2296 3067 oderam.
2324 3015 2574 3079 Quoniam
2595 3016 2738 3068 multi
2761 3017 2857 3070 mei
2886 3017 3006 3070 anni
3028 3033 3217 3069 mecum
3248 3017 3556 3086 eﬂluxerant,

1988 3108 2115 3174 forte
2137 3105 2396 3158 duodecim
2415 3106 2554 3169 anni,
2580 3122 2641 3159 eo;
2659 3123 2757 3178 quo
2782 3107 2844 3159 ab
2865 3107 3229 3160 undevicesimo
3249 3123 3380 3159 anno
3400 3107 3562 3160 artatis

1987 3213 2130 3261 meae,
2162 3197 2285 3272 lecto
2326 3196 2576 3252 Ciceronis
2619 3197 2910 3264 Hortensio,
2944 3200 3184 3252 excitatus
3222 3216 3357 3251 eram
3396 3199 3561 3252 studio

1988 3289 2282 3356 sapientiae;
2311 3297 2355 3340 et
2389 3288 2678 3355 differebam
2708 3299 2986 3360 contempta
3023 3290 3254 3360 felicitate
3280 3299 3473 3342 terrena
3497 3289 3562 3341 ad

1989 3395 2098 3432 eant
2116 3380 2507 3450 investigandum
2525 3398 2739 3434 vacare..
2751 3420 2763 3432 .
2781 3379 2864 3433 Ita
2881 3381 3090 3433 rodebar
3111 3383 3263 3442 intus,
3278 3391 3324 3434 et
3344 3398 3434 3434 con
3441 3383 3562 3450 fun-

1989 3471 2142 3524 debar
2183 3472 2372 3541 pudore
2417 3471 2644 3526 horribili
2691 3474 3033 3538 vehementer,
3084 3489 3198 3525 cum
3243 3470 3564 3525 Pontitianus

1991 3561 2111 3613 talia
2137 3561 2436 3631 loqueretur.
2461 3560 2749 3616 Terminato
2774 3573 2936 3614 autem
2963 3578 3186 3614 sermone
3208 3571 3255 3614 et
3284 3577 3433 3613 causa
3457 3577 3558 3631 qua

1988 3661 2205 3716 venerat,
2229 3653 2348 3704 abiit
2382 3653 2485 3705 ille.
2510 3651 2577 3704 Et
2609 3669 2697 3722 ego
2726 3652 2793 3704 ad
2823 3668 2900 3704 me
2919 3693 2933 3715 ,
2969 3667 3079 3720 quae
3106 3667 3203 3703 non
3233 3651 3283 3703 in
3311 3667 3388 3703 me
3410 3650 3562 3704 dixi?

1994 3739 2182 3804 Quibus
2216 3744 2570 3795 sententiarum
2608 3742 2887 3796 verberibus
2924 3759 3023 3794 non
3063 3742 3314 3811 flagellavi
3343 3741 3562 3793 animam

1991 3850 2172 3900 meam,
2195 3843 2247 3888 ut
2271 3845 2554 3904 sequeretur
2579 3852 2655 3888 me
2678 3844 2936 3888 conantem
2962 3845 3070 3903 post
3091 3842 3136 3887 te
3160 3833 3232 3886 ire
3248 3833 3274 3886 ?
3295 3831 3358 3885 Et
3384 3831 3563 3885 renite-

1992 3924 2137 3978 batur
2152 3943 2172 3991 ;
2204 3927 2481 3992 recusabat,
2511 3937 2556 3980 et
2587 3944 2685 3980 non
2710 3943 2762 3981 se
2784 3926 3067 3980 excusabat.
3092 3924 3398 3992 Consumpta
3424 3931 3565 3977 erant

1992 4027 2038 4070 et
2062 4019 2282 4070 convicta
2307 4028 2596 4088 argumenta
2620 4020 2786 4073 omnia
2809 4062 2823 4084 ,
2856 4027 3160 4072 remanserat
3186 4026 3322 4070 muta
3347 4017 3566 4087 trepida-

1994 4111 2098 4176 tio;
2125 4119 2170 4164 et
2196 4112 2341 4181 quasi
2361 4122 2567 4164 mortem
2591 4112 2948 4180 reformidabat
2975 4110 3206 4180 restringi
3223 4127 3254 4161 a
3278 4110 3421 4177 ﬂuxu
3450 4125 3568 4160 con-

1992 4201 2270 4255 suetudinis
2291 4219 2388 4271 quv
2415 4202 2688 4256 tabescebat
2711 4204 2761 4254 in
2787 4211 3017 4254 mortem.
3046 4199 3172 4252 Tum
3194 4200 3247 4252 in
3269 4199 3360 4252 illa
3387 4198 3567 4268 grandi

1992 4293 2105 4344 rixa
2148 4292 2400 4345 interioris
2440 4292 2616 4344 domus
2648 4307 2798 4358 ntere,
2826 4308 2975 4360 quam
3022 4290 3213 4360 fortiter
3244 4288 3569 4342 excitaverant

1992 4401 2106 4439 cum
2133 4386 2300 4438 anima
2331 4401 2440 4438 mea
2462 4385 2513 4437 in
2536 4383 2764 4438 cubiculo
2789 4392 2956 4436 nostro
2977 4383 3126 4435 corde
3151 4397 3280 4446 meo,
3309 4391 3408 4432 tam
3432 4378 3571 4431 vultu

1994 4494 2142 4548 quam
2166 4486 2328 4529 mente
2348 4475 2591 4539 turbatus,
2614 4475 2796 4528 invado
2818 4475 3057 4544 Alypium
3082 4484 3127 4527 et
3148 4473 3372 4527 exclamo
3393 4488 3410 4525 :
3434 4470 3569 4534 Quid

1995 4571 2254 4640 patimur?
2274 4569 2394 4638 quid
2424 4579 2493 4623 est
2525 4569 2658 4622 hoc?
2683 4567 2803 4637 quid
2833 4568 3064 4621 audisti?
3096 4566 3326 4636 Surgunt
3358 4567 3567 4630 indocti,

1995 4671 2039 4716 et
2083 4662 2258 4715 caelum
2304 4663 2541 4730 rapiunt;
2585 4669 2632 4715 et
2670 4677 2761 4714 nos
2803 4677 2915 4713 cum
2958 4660 3196 4713 doctrinis
3240 4661 3422 4714 nostris
3463 4661 3571 4711 sine

1995 4753 2162 4818 corde,
2187 4768 2295 4805 ecce
2322 4751 2408 4805 ubi
2432 4751 2713 4805 volutamur
2735 4752 2786 4803 in
2808 4767 2958 4803 carne
2986 4759 3031 4804 et
3056 4751 3333 4820 sanguine?
3354 4750 3429 4802 An
3454 4750 3571 4818 quia

1996 4852 2373 4915 prcecesserunt,
2403 4843 2552 4912 pudet
2575 4843 2732 4912 sequi,
2765 4853 2811 4894 et
2849 4858 2947 4894 non
2981 4840 3130 4910 pudet
3160 4856 3248 4893 nec
3279 4840 3453 4892 saltem
3492 4853 3571 4890 se-

1994 4937 2080 5006 qui
2096 4938 2121 4990 .9
2148 4935 2267 4988 Dixi
2295 4935 2458 4988 nescio
2483 4949 2596 5004 quin
2625 4934 2766 5000 talia,
2793 4942 2838 4986 et
2867 4933 3084 5002 abripuit
3113 4947 3192 4984 me
3213 4928 3275 4983 ab
3305 4929 3393 4982 illo
3419 4939 3572 4984 cestus

1995 5043 2163 5094 meus,
2199 5044 2312 5080 cum
2355 5036 2536 5080 taceret
2578 5027 2816 5079 attonitus
2858 5027 3054 5078 intuens
3094 5039 3191 5079 me.
3222 5019 3400 5092 Neque
3437 5022 3570 5076 enim

1995 5122 2143 5174 solita
2188 5119 2463 5180 sonabam,
2507 5119 2716 5188 plusque
2765 5114 3086 5182 loquebantur
3130 5113 3355 5166 animum
3405 5129 3570 5166 meum

1996 5210 2159 5280 frons,
2181 5224 2337 5280 genae,
2361 5209 2512 5272 oculi,
2543 5207 2700 5272 color,
2724 5204 2901 5258 modus
2928 5204 3078 5268 vocis,
3103 5219 3254 5272 quam
3286 5202 3432 5255 verba
3457 5216 3570 5272 quas

1999 5301 2304 5374 promebam.
2348 5299 2594 5353 Ilortulus
2629 5299 2833 5366 quidam
2871 5303 2975 5348 erat
3019 5294 3221 5366 hospitii
3259 5294 3432 5356 nostri,
3472 5306 3571 5360 quo

1996 5409 2086 5446 nos
2124 5395 2404 5457 utebamur,
2440 5391 2566 5444 sicut
2610 5397 2712 5441 tota
2751 5387 2919 5439 domo.
2966 5384 3104 5438 Nam
3146 5386 3326 5455 hospes
3361 5384 3430 5437 ibi
3467 5401 3570 5438 non

1996 5477 2248 5531 habitabat
2273 5476 2506 5531 dominus
2533 5473 2728 5526 domus.
2757 5469 2892 5524 Illuc
2921 5487 2999 5523 me
3031 5470 3302 5523 abstulerat
3327 5469 3570 5522 tumultus

1997 5575 2227 5642 pectoris,
2251 5568 2334 5620 ubi
2363 5583 2505 5621 nemo
2532 5565 2792 5636 impediret
2827 5565 3086 5619 ardentem
3111 5565 3262 5627 litem,
3287 5579 3438 5632 quam
3465 5578 3570 5615 me-

1995 5677 2111 5715 cum
2144 5675 2405 5731 aggressus
2433 5674 2590 5725 eram,
2625 5659 2781 5712 donec
2821 5659 2976 5712 exiret
3011 5673 3112 5725 qua
3145 5666 3197 5709 tu
3223 5656 3444 5718 sciebas;
3477 5668 3569 5723 ego

1997 5764 2167 5811 autem
2206 5769 2306 5808 non
2330 5768 2350 5808 :
2388 5753 2474 5810 sed
2503 5763 2695 5808 tantum
2723 5751 3028 5808 insaniebam
3053 5749 3336 5817 salubriter,
3371 5757 3420 5802 et
3457 5760 3570 5801 mo-
