3994 6352
446 323 546 384 115

444 440 607 520 riebar
633 436 866 518 vitaliter,
890 451 1076 512 gnarus
1103 432 1224 504 quid
1250 432 1370 511 mali
1399 447 1573 494 essem,
1599 440 1643 483 et
1667 431 1872 502 ignarus
1895 428 2017 498 quid

442 533 557 601 boni
588 541 695 601 post
724 529 985 599 paululum
1014 527 1209 598 futurus
1230 541 1401 578 essem.
1428 524 1652 577 Aoscesst
1679 538 1793 593 ergo
1814 521 1864 572 in
1893 521 2013 574 hor-

445 592 566 685 tum:
588 592 642 676 iet
672 592 884 691 Alypius
916 592 1039 690 pede
1070 626 1172 686 post
1198 617 1392 688 pedem.
1419 614 1593 683 Neque
1615 592 1747 667 enim
1775 622 2016 666 secretum

443 732 610 768 nteant
647 731 749 767 non
789 722 915 775 erat,
957 711 1038 764 ubi
1082 711 1166 763 ille
1210 710 1379 762 aderat
1404 724 1422 761 :
1467 718 1551 761 aut
1588 707 1787 772 quando
1828 722 1906 760 me
1945 705 2016 758 sic

442 806 675 878 affectum
713 804 996 858 desereret?
1028 801 1262 856 Sedimus
1296 810 1537 870 quantum
1566 799 1817 870 potuimus;
1841 798 2015 851 remoti

441 897 503 952 ab
531 877 737 951 sedibus.
781 895 889 966 Ego
917 894 1183 964 fremebam
1209 894 1421 963 spiritu,
1458 892 1728 964 indignans
1757 890 2015 946 turbulen-

443 989 632 1044 tissima
659 987 1033 1058 indignatione,
1059 984 1193 1056 quod
1219 1001 1319 1038 non
1349 987 1471 1038 irem
1501 984 1554 1037 in
1584 984 1821 1054 placitum
1844 991 1890 1036 et
1917 999 2016 1051 pa-

440 1091 572 1136 ctum
601 1090 761 1136 tecum
781 1119 796 1145 ,
825 1078 962 1148 Deus
990 1095 1127 1131 meus
1150 1120 1163 1143 ,
1194 1079 1246 1131 in
1283 1077 1418 1148 quod
1450 1076 1666 1130 eundum
1700 1079 1806 1129 esse
1847 1076 2015 1129 omnia

443 1189 554 1226 ossa
581 1187 690 1224 mea
711 1171 1010 1234 clamabant,
1027 1177 1070 1222 et
1095 1169 1146 1222 in
1164 1169 1339 1222 ctelum
1368 1166 1599 1234 tollebant
1617 1166 1935 1220 laudibus....
1954 1165 2016 1220 Si

442 1264 570 1318 vulsi
605 1262 866 1334 capillum,
898 1263 942 1316 si
978 1261 1195 1333 percussi
1233 1261 1462 1329 frontem,
1501 1259 1545 1313 si
1570 1259 1806 1312 consertis
1846 1259 2015 1329 digitis

440 1355 753 1427 amplexatus
793 1370 905 1407 sum
943 1369 1111 1426 genu;
1151 1352 1267 1423 quia
1312 1350 1446 1404 volui
1490 1351 1606 1420 feci.
1653 1349 1804 1416 Potui
1849 1359 2013 1404 autem

439 1446 565 1502 velle
586 1455 634 1502 et
670 1463 769 1501 non
798 1447 963 1518 facere
981 1485 993 1508 ,
1036 1445 1080 1498 si
1106 1443 1353 1498 mobilitas
1382 1441 1713 1497 membrorum
1748 1459 1847 1496 non
1875 1445 2015 1497 obse-

438 1546 690 1608 queretur.
720 1537 843 1606 Tam
875 1535 1033 1590 multa
1069 1551 1185 1607 ergo
1213 1535 1328 1604 feci,
1365 1534 1447 1588 ubi
1486 1551 1586 1588 non
1621 1535 1714 1588 hoc
1741 1543 1849 1588 erat
1891 1536 2014 1589 velle

438 1613 572 1702 quod
618 1647 762 1701 posse
784 1611 809 1684 :1
841 1638 887 1682 et
929 1645 1029 1682 non
1077 1627 1321 1697 faciebam
1367 1627 1500 1696 quod
1538 1635 1584 1680 et
1627 1627 2013 1695 incomparabili

438 1720 620 1789 affectu
645 1721 863 1790 amplius
887 1720 1009 1774 mihi
1035 1717 1279 1790 placebat,
1306 1727 1352 1770 et
1372 1734 1488 1771 mox
1508 1727 1560 1769 ut
1581 1719 1754 1771 vellem
1781 1733 2012 1786 possem;

437 1816 554 1884 quia
575 1830 693 1868 mox
720 1823 773 1867 ut
802 1812 994 1878 vellem,
1018 1811 1184 1882 utique
1212 1811 1406 1866 vellem.
1436 1810 1463 1863 I
1470 1813 1515 1865 bi
1541 1812 1672 1865 enim
1702 1813 1915 1883 facultas
1952 1830 2012 1868 ea

438 1923 550 1978 qua:
602 1907 863 1970 voluntas,
891 1915 938 1958 et
981 1905 1146 1976 ipsum
1173 1904 1296 1957 velle
1334 1905 1446 1973 jam
1480 1908 1643 1973 facere
1675 1915 1779 1958 erat
1811 1904 2007 1975 (Ibid,

438 2017 552 2069 cap.
593 2001 645 2067 7,
687 2016 740 2053 η.
787 2000 885 2063 18;
926 2015 1040 2067 cap.
1085 1996 1138 2063 8,
1170 2014 1256 2050 nn.
1301 1996 1387 2062 19,
1418 1996 1488 2051 20
1506 1995 1546 2067 ).
1602 1998 1776 2052 Multis
1820 1999 2012 2055 deinde

438 2091 593 2146 docet
628 2105 855 2160 pugnam
902 2089 954 2143 in
993 2087 1220 2142 hominis
1259 2086 1325 2140 ad
1371 2088 1533 2142 Deum
1573 2088 1767 2152 redire,
1795 2089 2012 2158 cupien-

440 2181 506 2236 tis
549 2182 814 2236 voluntate
863 2180 983 2235 inde
1029 2179 1176 2245 oriri,
1199 2177 1338 2249 quod
1365 2179 1606 2232 voluntas
1636 2192 1666 2231 a
1699 2193 1756 2232 se
1777 2179 1888 2248 ipsa
1914 2180 2013 2236 dis~

437 2271 638 2339 sidens,
664 2272 813 2342 plena
869 2285 973 2324 non
1000 2269 1069 2324 sit
1117 2269 1168 2322 in
1213 2283 1278 2322 eo
1323 2266 1463 2338 quod
1506 2268 1759 2338 imperat;
1788 2283 1891 2322 non
1917 2285 2013 2322 au-

438 2372 546 2419 tem
592 2364 731 2434 quod
783 2362 1004 2418 duarum
1041 2361 1293 2415 mentium
1332 2358 1450 2414 dum
1500 2360 1605 2413 sint
1644 2369 1844 2414 natura:
1873 2361 2009 2416 invi-

436 2469 554 2510 cem
581 2447 898 2520 contrariae,
919 2461 975 2506 ut
1003 2451 1137 2507 falso
1166 2450 1474 2505 asserebant
1507 2450 1799 2514 ManiChil'j.
1833 2452 2012 2506 Refert

437 2552 620 2614 postea
643 2543 908 2614 quomodo
934 2542 1055 2596 hinc
1084 2542 1378 2610 voluptates
1405 2541 1627 2609 turpiter
1652 2540 2011 2596 lenocinantes

436 2643 774 2689 cunctantem
811 2633 1184 2695 retardabant;
1218 2633 1359 2686 illinc
1397 2639 1573 2686 autem
1599 2640 1743 2686 casta
1783 2631 2011 2702 dignitas

435 2724 776 2780 continentiae
817 2723 1039 2779 honeste
1066 2723 1338 2776 blandiens
1365 2722 1689 2787 attraheret;
1719 2738 1838 2777 cum
1870 2723 2008 2778 inte-

435 2817 537 2871 rim
582 2816 802 2885 Alypius
847 2814 960 2885 ejus
998 2815 1148 2870 lateri
1195 2814 1404 2880 affixus,
1446 2823 1554 2868 tam
1599 2814 1794 2869 insoliti
1835 2823 2010 2870 motus

437 2909 635 2964 exitum
665 2909 855 2962 tacitus
875 2908 1226 2978 Opperiretur.

506 3002 560 3058 5.
603 3002 707 3057 Sed
757 3001 966 3055 tandem
1013 3000 1374 3056 conversionis
1414 3015 1524 3055 suae
1565 3000 1875 3055 miraculum
1928 3000 2009 3054 his

435 3092 611 3148 verbis
635 3092 849 3163 exponit
874 3109 889 3146 :
919 3089 1018 3160 Ubi
1045 3107 1157 3146 vero
1179 3107 1211 3144 a
1239 3091 1397 3160 fundo
1424 3107 1609 3145 arcano
1636 3091 1741 3145 alta
1775 3091 2008 3146 conside-

435 3186 566 3239 ratio
599 3184 868 3250 contraxit,
903 3192 947 3238 et
984 3183 1231 3254 congessit
1269 3191 1423 3236 totam
1463 3183 1714 3236 miseriam
1757 3199 1917 3236 meam
1955 3184 2007 3236 in

436 3284 751 3346 conspectum
776 3275 940 3329 cordis
965 3274 1061 3327 mei
1081 3315 1094 3337 ,
1134 3274 1306 3342 oborta
1335 3281 1404 3327 est
1434 3273 1652 3342 procella
1691 3273 1865 3342 ingens
1883 3314 1896 3336 ,
1927 3278 2006 3344 fe-

434 3380 550 3418 rens
576 3366 823 3437 ingentem
852 3365 1055 3419 imbrem
1085 3364 1441 3435 lacrymarum.
1473 3363 1536 3418 Et
1565 3374 1616 3416 ut
1655 3372 1811 3416 totum
1839 3364 2006 3429 e/I'un-

437 3455 606 3528 derem
642 3470 757 3509 cum
793 3453 990 3531 vocibus
1027 3455 1150 3520 suis,
1193 3454 1386 3507 surrexi
1427 3452 1489 3507 ab
1527 3453 1731 3525 Alypio.
1773 3454 2006 3522 Solitudo

436 3547 562 3602 mihi
589 3546 657 3600 ad
683 3547 935 3618 negotium
963 3547 1118 3617 flendi
1145 3548 1310 3616 aptior
1331 3545 1722 3616 suggerebatur;
1756 3557 1801 3600 et
1829 3549 2008 3602 secessi
2053 3554 2056 3570 ⁵

433 3638 691 3712 remotius,
717 3654 868 3709 quam
904 3647 958 3691 ut
985 3646 1148 3705 posset
1182 3637 1305 3691 mihi
1342 3653 1550 3690 onerosa
1583 3654 1686 3692 esse
1725 3639 1872 3691 etiam
1899 3641 2007 3708 ejus

435 3732 721 3801 praesentia.
752 3730 842 3785 Sic
860 3737 976 3784 tunc
995 3746 1152 3794 nam,
1177 3739 1221 3783 et
1243 3730 1327 3782 ille
1345 3729 1494 3784 sensit
1515 3745 1534 3783 :
1554 3731 1716 3784 nescio
1735 3730 1855 3800 quid
1873 3731 2008 3785 enim

437 3831 559 3892 puto
585 3821 841 3888 dixeram,
869 3821 921 3874 in
958 3837 1054 3890 quo
1083 3819 1353 3890 apparebat
1391 3836 1542 3874 sonus
1580 3822 1713 3876 vocis
1741 3837 1862 3876 mea:
1892 3823 2007 3892 jam

434 3913 557 3984 fietu
583 3912 838 3983 gravidus,
867 3919 913 3964 et
942 3911 1013 3964 sic
1050 3927 1386 3965 surrexeram.
1424 3909 1614 3966 Mansit
1659 3929 1774 3981 ergo
1802 3913 1887 3965 ille
1922 3912 2008 3966 ubi

429 4002 749 4074 sedebamus,
780 4003 932 4072 nimie
955 4011 1179 4072 stupens.
1217 4002 1327 4073 Ego
1352 4003 1441 4058 sub
1475 4003 1692 4072 quadam
1718 4004 1803 4072 fici
1830 4003 2008 4058 arbore

429 4094 586 4148 stravi
610 4110 708 4160 me,
734 4094 899 4174 nescio
923 4092 1193 4164 quomodo,
1221 4103 1269 4146 et
1300 4093 1466 4147 dimisi
1502 4093 1718 4147 habenas
1745 4093 2000 4164 lacrymis,

431 4196 477 4258 et_
508 4195 843 4256 proruperunt
871 4187 1082 4257 flumina
1118 4186 1376 4240 oculorum
1409 4202 1666 4252 meorum,
1705 4187 2006 4254 acceptabile

431 4278 741 4346 sacri/icium
773 4286 930 4342 tuum.
955 4276 1020 4331 Et
1049 4295 1150 4332 non
1177 4278 1375 4346 quidem
1400 4279 1479 4334 his
1505 4279 1682 4344 verbis,
1713 4279 1799 4333 sed
1825 4281 1876 4332 in
1911 4281 2005 4334 hac

428 4372 702 4436 sententia,
737 4370 896 4437 multa
918 4371 1025 4426 dixi
1056 4371 1142 4430 tibi
1170 4387 1188 4425 .‘
1217 4371 1282 4426 Et
1312 4381 1364 4425 tu
1383 4412 1398 4434 ,
1443 4370 1675 4437 Domine,
1709 4373 2006 4442 usquequo?

428 4477 700 4531 usquequo,
725 4459 960 4528 Domine,
983 4461 1213 4514 irasceris
1242 4462 1293 4514 in
1320 4462 1516 4528 ﬁnem?
1541 4478 1602 4515 ne
1632 4478 1820 4516 memor
1849 4462 2004 4530 fueris

427 4552 749 4628 iniquitatum
777 4561 1059 4624 nostrarum
1084 4551 1424 4620 antiquarum.
1459 4552 1746 4608 Sentiebam
1779 4555 1912 4608 enim
1933 4556 2005 4611 eis

428 4662 507 4699 me
529 4646 703 4710 teneri,
715 4643 972 4717 jactabam
998 4661 1138 4698 voces
1162 4644 1465 4712 miserabiles
1487 4659 1506 4698 :
1532 4644 1804 4712 Quamdiu,
1829 4663 2004 4715 quam-

427 4736 514 4789 diu
542 4753 654 4790 cras
681 4743 730 4790 et
755 4735 908 4790 cras?
934 4733 1102 4802 Quare
1131 4751 1229 4788 non
1255 4735 1425 4799 modo,
1447 4751 1603 4804 quare
1634 4752 1732 4789 non
1760 4737 1853 4789 hac
1879 4737 2004 4790 hora

433 4828 550 4892 finis
565 4827 890 4898 turpitudinis
906 4826 1071 4880 mete?
1098 4824 1335 4880 Dicebam
1360 4826 1485 4890 haec,
1505 4835 1549 4879 et
1576 4827 1756 4896 flebam
1791 4827 2005 4881 amaris-

427 4919 555 4973 sima
567 4917 864 4990 contritione
876 4901 1040 4970 cordis
1057 4917 1172 4970 mei.
1195 4915 1258 4968 Et
1278 4931 1386 4969 ecce
1406 4916 1557 4969 audio
1573 4932 1735 4970 vocem
1757 4916 1818 4968 de
1843 4917 2002 4969 vicina

429 5009 578 5084 domo
620 5026 737 5084 cum
780 5019 931 5063 cantu
977 5008 1202 5073 dicentis,
1242 5019 1289 5062 et
1337 5008 1506 5061 crebro
1548 5009 1832 5076 repetentis,
1860 5009 2004 5078 quasi

428 5079 572 5173 pueri
600 5079 684 5156 an'
704 5102 918 5173 puellm,
945 5102 1109 5156 nescio
1132 5115 1152 5156 :
1182 5100 1323 5155 Tolle
1341 5143 1356 5166 ,
1387 5101 1526 5172 lege;
1555 5101 1690 5163 tolle,
1721 5101 1846 5171 lege.
1875 5100 2000 5155 Sta-

431 5196 616 5266 timque
638 5205 828 5249 mutato
852 5195 1011 5262 vultu,
1031 5195 1388 5249 intentissimus
1408 5194 1626 5265 cogitare
1643 5194 1788 5264 coepi,
1811 5203 2004 5248 utrum-

430 5302 548 5358 nam
587 5285 800 5348 solerent
828 5285 971 5355 pueri
1004 5286 1059 5339 in
1091 5285 1260 5354 aliquo
1298 5301 1475 5356 genere
1518 5284 1719 5338 ludendi
1761 5287 2004 5341 cantitare

430 5374 531 5434 tale
550 5374 776 5445 aliquid;
794 5391 884 5429 nec
903 5374 1190 5431 occurrebat
1207 5377 1407 5436 omnino
1421 5375 1668 5430 audivisse
1685 5392 1761 5428 me
1781 5377 1996 5445 uspiam.

430 5468 776 5540 Repressoth
795 5469 984 5541 impetu
1003 5470 1364 5541 lacrymarum,
1385 5469 1599 5535 surrexi,
1621 5468 1748 5522 nihil
1765 5467 1906 5522 aliud
1923 5469 2003 5522 in-

432 5573 730 5633 terpretans,
760 5564 858 5620 nisi
884 5563 1122 5619 divinitus
1144 5564 1268 5618 mihi
1282 5563 1471 5635 iuberi,
1500 5572 1555 5617 ut
1579 5565 1825 5632 aperirem
1858 5563 2004 5617 codi-

431 5669 562 5721 cem,
601 5663 650 5710 et
688 5657 900 5728 legerem
939 5656 1074 5725 quod
1108 5654 1326 5726 primum
1361 5664 1510 5726 caput
1545 5655 1856 5712 invenissem.
1891 5654 2002 5710 Au-
2037 5726 2042 5732 ,

1580 309 1736 365 VITA
1774 305 1832 362 s.
1875 302 2234 386 AUGUSTINI
2273 306 2586 388 EPISCOPI.

3599 323 3699 382 116

2124 423 2204 474 cui
2244 426 2370 496 forte
2408 436 2792 500 supervenerat,
2823 429 3108 487 admonitus
3151 433 3300 503 fuerit
3339 441 3574 505 tanquam
3600 438 3674 493 sib

2125 514 2366 586 diceretur
2385 518 2518 587 quod
2535 517 2808 591 legebatur,
2829 540 2848 572 ι
2870 520 3026 588 Vade,
3039 523 3193 600 vende
3203 526 3372 584 omnia
3391 542 3502 594 quq:
3521 527 3694 596 habes,

2123 616 2167 659 et
2192 608 2257 660 da
2279 610 2579 690 pauperibus
2601 627 2621 676 ;
2642 621 2689 668 et
2711 612 2908 678 habebis
2937 615 3222 674 thesaurum
3243 617 3296 672 iu
3325 619 3549 675 cmlismt
3567 622 3696 686 veni,

2125 717 2328 770 sequere
2357 719 2432 757 me
2456 723 2472 756 ι
2499 703 2727 776 (Matth.
2754 722 2866 772 xu,
2905 708 2968 764 21
2995 707 3052 778 );
3080 719 3125 763 et
3163 711 3252 764 tali
3281 712 3483 769 oraculo
3523 718 3697 784 confe-

2125 796 2239 856 stim
2267 795 2334 848 ad
2359 805 2404 866 te
2426 813 2532 870 esse
2557 814 2869 862 conversum.
2895 798 2922 854 1
2930 809 3075 870 taque
3100 801 3321 856 concitus
3345 804 3471 858 redii
3495 806 3562 858 ad
3586 822 3697 858 eum

2125 884 2306 951 locum,
2332 886 2412 940 ubi
2441 887 2638 956 sedebat
2666 889 2878 961 Alypius
2901 907 2920 945 :
2938 892 3007 946 ibi
3031 893 3162 946 enim
3191 911 3453 962 posueram
3477 898 3696 951 codicem

2124 979 2369 1050 Apostoli,
2399 998 2513 1034 cum
2548 981 2664 1036 inde
2687 1000 3022 1038 surrexeram.
3057 986 3280 1056 Arripui,
3309 989 3504 1056 aperui,
3531 999 3575 1042 et
3601 991 3695 1060 legi

2121 1070 2174 1122 in
2209 1071 2404 1125 silentio
2440 1073 2742 1152 capitulum,
2770 1091 2868 1141 quo
2905 1076 3118 1144 printum
3154 1078 3366 1146 conjecti
3404 1090 3520 1133 sunt
3563 1084 3696 1134 oculi

2121 1162 2260 1214 mei:
2284 1179 2304 1212 ι
2339 1161 2460 1222 Non
2502 1164 2552 1242 in
2591 1165 3028 1220 comessationibus
3071 1175 3117 1220 et
3158 1169 3490 1235 ebrietatibus,
3520 1188 3618 1224 non
3647 1173 3695 1224 in

2121 1252 2364 1307 cubilibus
2391 1263 2436 1308 et
2477 1256 2830 1325 impudicitiis,
2863 1275 2962 1312 non
3004 1260 3056 1312 in
3097 1262 3409 1314 contentione
3449 1272 3496 1316 et
3538 1280 3694 1317 a'mu-

2122 1343 2305 1400 latione
2334 1347 2462 1408 ,‘scd
2516 1348 2710 1403 induite
2768 1347 3041 1404 Dominum
3089 1351 3264 1405 Iesum
3317 1351 3607 1423 Christum.
3648 1367 3695 1412 et

2119 1439 2285 1492 carnis
2337 1441 2697 1508 providentiam
2742 1459 2804 1497 ne
2849 1445 3062 1516 feceritis
3107 1447 3160 1500 in
3205 1447 3616 1516 concupiscentiis
3669 1469 3688 1502 ι

2121 1529 2306 1600 (Rom.
2339 1548 2452 1594 xm,
2480 1534 2564 1595 15,
2602 1536 2724 1606 ii).
2759 1536 2864 1590 Nec
2894 1537 3030 1592 ultra
3057 1541 3190 1594 volui
3230 1540 3389 1612 legere
3410 1583 3422 1600 ,
3455 1559 3542 1596 nec
3568 1561 3694 1613 opus

2118 1629 2244 1672 erat.
2289 1622 2472 1676 Statim
2499 1625 2684 1694 quippe
2719 1642 2833 1680 cum
2869 1628 2968 1695 fine
2997 1628 3205 1699 hujusce
3240 1633 3523 1694 sententiae,
3550 1636 3694 1703 quasi

2117 1710 2227 1764 luce
2269 1713 2545 1767 securitatis
2586 1715 2757 1786 infusa
2802 1717 2944 1772 cordi
2984 1735 3112 1784 meo,
3152 1736 3322 1776 omnes
3365 1721 3690 1778 dubitationis

2117 1806 2328 1860 tenebrat
2347 1805 2671 1877 diffugerunt.
2687 1807 2816 1862 Tum
2841 1810 3097 1878 interjecto
3116 1827 3200 1865 aut
3224 1813 3400 1883 digito,
3425 1823 3509 1866 aut
3529 1817 3692 1869 nescio

2116 1912 2214 1965 quo
2244 1896 2344 1950 alio
2370 1899 2514 1967 signo
2533 1940 2544 1962 ,
2574 1901 2792 1952 codicem
2821 1901 3014 1967 clausi,
3045 1911 3088 1956 et
3115 1905 3385 1972 tranquillo
3409 1905 3521 1976 jam
3553 1903 3691 1960 vultu

2115 1989 2334 2049 iudicavi
2361 1990 2562 2060 Alypio.
2590 1990 2654 2046 At
2695 1993 2779 2054 ille
2812 1993 2933 2061 quid
2968 1995 3020 2046 in
3056 2011 3110 2048 se
3148 2006 3396 2066 ageretur,
3429 1997 3563 2065 quod
3599 2016 3691 2068 ego

2117 2081 2412 2144 nesciebam,
2454 2081 2526 2134 sic
2563 2081 2844 2136 indicavit:
2886 2082 3021 2140 Petit
3062 2084 3226 2139 videre
3264 2086 3386 2154 quid
3427 2087 3695 2157 legissent:

2117 2170 2344 2235 ostendi;
2385 2181 2430 2225 et
2465 2173 2674 2225 attendit
2713 2174 2861 2226 etiam
2897 2175 3030 2230 ultra
3068 2192 3218 2244 quant
3251 2193 3342 2246 ego
3379 2177 3612 2246 legeram,
3646 2189 3692 2231 et

2115 2261 2406 2332 ignorabam
2429 2263 2549 2330 quid
2575 2273 2876 2330 sequeretur.
2902 2264 3211 2336 Sequebatur
3234 2284 3346 2321 vero
3363 2267 3690 2337 uin/irinum

2117 2363 2280 2406 autem
2299 2355 2349 2407 in
2371 2354 2471 2423 ﬁde
2497 2356 2698 2426 recipite
2727 2375 2744 2408 ι
2773 2355 2958 2426 (Rom.
2981 2372 3091 2423 xw,
3121 2359 3146 2413 1
3171 2356 3211 2429 ).
3260 2358 3408 2424 Quod
3433 2358 3523 2413 ille
3545 2359 3612 2412 ad
3641 2376 3693 2414 se

2115 2446 2303 2511 retulit,
2333 2447 2549 2515 mihique
2582 2448 2796 2517 aperuit.
2852 2449 2956 2502 Sed
2981 2449 3072 2503 tali
3097 2451 3431 2504 admonitione
3463 2451 3691 2520 firmatus

2115 2548 2206 2602 est,
2257 2537 2537 2607 placitoque
2581 2556 2642 2592 ac
2685 2541 2938 2610 proposito
2984 2541 3112 2595 bono
3157 2549 3204 2594 et
3250 2544 3690 2612 congruentissima

2114 2633 2220 2686 suis
2242 2631 2478 2694 moribus,
2509 2631 2684 2702 quibus
2704 2650 2733 2685 a
2759 2651 2836 2687 me
2853 2635 2907 2687 in
2931 2635 3108 2688 melius
3126 2636 3240 2704 jam
3263 2636 3383 2688 olim
3410 2637 3555 2690 valde
3579 2637 3692 2690 lon-

2115 2732 2269 2796 geque
2305 2726 2538 2790 distabat,
2588 2728 2696 2779 sine
2732 2727 2840 2780 ulla
2885 2727 3167 2781 turbulenta
3207 2729 3522 2782 cunctatione
3563 2745 3687 2783 con-

2108 2818 2314 2886 junctus
2353 2827 2440 2870 est.
2484 2814 2614 2869 Inde
2641 2816 2707 2869 ad
2745 2826 2953 2870 matrem
2990 2819 3338 2888 ingredimur:
3366 2816 3692 2884 indicamus;

2115 2907 2318 2977 gaudet.
2361 2907 2646 2963 Narrantus
2685 2909 3102 2977 quemadmodum
3132 2919 3324 2980 gestum
3351 2911 3440 2974 sit,
3472 2912 3690 2964 exsultat

2114 3007 2163 3050 et
2203 2999 2515 3068 triumphat;
2551 3009 2598 3054 et
2633 3000 2945 3053 benedicebat
2986 3001 3092 3066 tibi,
3123 3001 3208 3071 qui
3255 3011 3428 3071 potens
3465 3017 3516 3056 es
3553 3003 3690 3055 ultra

2113 3105 2263 3158 quam
2299 3090 2511 3158 petimus
2549 3099 2633 3144 aut
2669 3091 2992 3161 intelligimus
3030 3094 3192 3163 facere
3209 3073 3228 3154 ,⁸
3251 3089 3368 3161 quia
3406 3101 3545 3145 tanto
3574 3108 3690 3145 ant-

2116 3181 2246 3250 plius
2274 3181 2370 3235 sibi
2412 3198 2444 3234 a
2479 3191 2526 3234 te
2561 3198 2846 3236 concessum
2875 3183 2937 3235 de
2961 3197 3041 3234 me
3078 3181 3289 3245 videbat,
3328 3198 3479 3254 quam
3525 3181 3691 3250 petere

2113 3273 2306 3328 solebat
2323 3271 2687 3327 miserabilibus
2713 3272 3056 3343 ﬂebilibusque
3089 3272 3368 3343 gemitibus.
3393 3272 3686 3327 Convertistt

2113 3366 2246 3418 enim
2273 3380 2352 3416 me
2383 3365 2449 3417 ad
2489 3375 2552 3428 te,
2583 3374 2635 3416 ut
2661 3379 2748 3417 nec
2786 3379 2993 3417 uxorem
3023 3379 3312 3432 quwrerem,
3345 3379 3432 3416 nec
3467 3364 3690 3435 aliquam

2116 3473 2256 3526 spem
2281 3456 2453 3510 saeculi
2475 3455 2691 3526 hujus...
2725 3451 2972 3527 (Confess.
2991 3455 3078 3524 lib.
3094 3454 3265 3526 8,cap.
3285 3455 3374 3518 12,
3392 3472 3424 3508 n
3468 3453 3682 3528 28-30).

2117 3549 2280 3613 Quam
2305 3564 2459 3602 suave
2493 3548 2616 3600 mihi
2642 3547 2802 3601 subito
2840 3551 3030 3619 factum
3062 3558 3135 3601 est
3163 3563 3333 3601 carere
3359 3547 3686 3602 suavitatibus

2111 3639 2404 3710 nugarum!
2431 3648 2478 3692 et
2506 3655 2627 3706 quas
2653 3639 2876 3692 amittere
2898 3644 3070 3692 metus
3085 3643 3246 3710 fuerat
3267 3681 3280 3701 ,
3296 3640 3410 3710 jam
3442 3640 3690 3694 dimittere

2111 3733 2352 3805 gaudium
2373 3739 2498 3785 erat.
2525 3731 2775 3801 Ejiciebas
2793 3731 2928 3784 enim
2947 3746 3031 3786 eas
3049 3747 3080 3783 a
3104 3748 3200 3798 me,
3224 3748 3338 3784 vera
3359 3741 3412 3784 tu
3431 3739 3475 3784 et
3492 3747 3688 3784 summa

2112 3829 2368 3891 suavitas;
2395 3823 2648 3895 ejiciebus,
2674 3834 2717 3878 et
2759 3824 2981 3878 intrabas
3022 3840 3112 3893 pro
3151 3825 3222 3878 eis
3264 3825 3396 3878 omni
3434 3824 3686 3893 voluptate

2113 3919 2309 3973 dulcior
2333 3917 2514 3988 una,
2541 3916 2626 3970 lib.
2656 3915 2709 3979 9,
2737 3931 2852 3985 cap.
2881 3916 2935 3980 ι,
2962 3932 3013 3968 n.
3039 3914 3114 3986 1).

2735 4044 2960 4126 CAPUT
3002 4043 3086 4097 v1.

2113 4168 2138 4236 1
2173 4166 2340 4236 Quare
2363 4165 2633 4236 magisterii
2665 4163 2742 4218 sui
2779 4178 2902 4216 onus
2925 4178 3025 4236 non
3046 4169 3160 4232 ante
3185 4159 3503 4236 vindemiales
3533 4157 3687 4232 ferias
3761 4181 3775 4193 ο

2181 4274 2338 4330 prope
2375 4258 2611 4310 instantes
2637 4254 2860 4324 abjiciat.
2890 4252 2926 4305 2
2957 4250 3024 4305 In
3060 4250 3333 4326 l’erecuntli
3362 4249 3531 4322 villam
3570 4265 3685 4328 cum

2179 4350 2354 4406 amicis
2381 4348 2582 4404 secedit.

2184 4465 2234 4518 1.
2261 4462 2363 4519 Uni
2400 4463 2511 4531 jam
2537 4461 2647 4524 Deo
2677 4458 2854 4513 vivere
2877 4457 3111 4527 gestiens
3140 4455 3458 4525 Augustinus
3482 4454 3684 4522 faciens

2116 4557 2241 4610 dum
2269 4555 2368 4608 sibi
2393 4554 2592 4624 putavit
2617 4569 2771 4622 quam
2797 4553 3044 4619 primum,
3075 4560 3128 4601 ut
3149 4548 3373 4618 publica:
3394 4546 3685 4615 professio-

2110 4648 2194 4702 nis
2222 4660 2358 4700 onus
2400 4652 2640 4715 poneret.
2689 4642 2884 4697 Verum
2930 4640 2996 4696 ad
3039 4640 3091 4695 id
3134 4637 3478 4693 vindemiales
3504 4638 3680 4700 ferias,

2109 4754 2227 4808 qua:
2253 4743 2550 4806 Opportune
2576 4733 2940 4798 imminebant,
2962 4731 3198 4800 opperiri
3215 4730 3382 4783 visum
3411 4738 3511 4792 est,
3542 4727 3683 4800 quod

2114 4844 2219 4882 non
2249 4829 2426 4897 plures
2453 4841 2610 4895 quam
2633 4825 2815 4894 viginti
2836 4823 3045 4877 circiter
3071 4822 3186 4876 dies
3201 4821 3265 4875 ad
3289 4835 3382 4873 eas
3413 4835 3577 4888 usque
3604 4836 3685 4871 su-

2111 4926 2407 4989 peressent,
2432 4918 2623 4986 quibus
2641 4915 2834 4984 elapsis
2855 4914 2961 4982 jam
2981 4913 3203 4968 solemni
3219 4927 3365 4965 more
3389 4909 3686 4968 abscedens

2110 5012 2348 5064 nuntium
2366 5009 2644 5064 rhetoricie
2658 5005 2965 5075 magisterio
2989 5005 3102 5058 sine
3119 5003 3340 5071 strepitu
3368 5002 3678 5059 remitteret.

2114 5101 2249 5167 Quin
2290 5103 2460 5165 etiam,
2500 5099 2668 5168 inquit
2714 5098 2847 5167 ipse,
2897 5096 3030 5166 quod
3076 5095 3188 5167 ipsa
3228 5103 3400 5149 testate
3441 5093 3685 5162 litterario

2111 5192 2268 5248 labori
2291 5193 2444 5246 nimio
2477 5191 2650 5262 pulmo
2676 5203 2816 5243 meus
2859 5189 3032 5243 cedere
3075 5196 3320 5256 coeperat,
3347 5196 3394 5240 et
3423 5185 3680 5255 difficulter

2109 5283 2306 5340 trahere
2322 5282 2560 5353 suspiria,
2583 5281 2932 5350 doloribusque
2941 5280 3152 5350 pectoris
3165 5279 3336 5332 testari
3358 5295 3412 5331 se
3429 5277 3681 5342 saucium.

2107 5390 2369 5446 vocemque
2385 5373 2647 5430 clariorem
2673 5372 3097 5444 productioremve
3113 5387 3362 5438 recusare,
3387 5368 3548 5440 primo
3570 5383 3682 5440 per

2112 5468 2393 5523 turbaverat
2416 5485 2514 5532 me,
2537 5470 2654 5538 quia
2680 5467 2951 5538 magisterii
2969 5466 3106 5519 illius
3133 5469 3382 5520 sarcinam
3413 5483 3536 5534 pene
3569 5469 3686 5536 jam

2110 5560 2399 5616 necessitate
2430 5559 2677 5630 deponere
2704 5558 2940 5628 cogebat;
2969 5564 3056 5609 aut
3085 5558 3128 5610 si
3157 5558 3323 5610 curari
3364 5567 3410 5609 et
3445 5556 3682 5609 convale-

2109 5667 2246 5706 scere
2270 5650 2562 5722 potuissem,
2587 5660 2719 5704 certe
2735 5649 3076 5703 intermittere.
3109 5648 3212 5702 Sed
3228 5648 3309 5702 ubi
3332 5648 3480 5718 plena
3497 5649 3682 5700 volun-

433 5743 626 5802 ὅσση
665 5747 798 5802 enim
835 5745 899 5802 de
932 5745 1170 5814 Antonio,
1197 5744 1332 5817 quod
1363 5761 1426 5801 ea:
1461 5747 1744 5816 evangelica
1773 5746 2002 5816 lectione,
2111 5754 2190 5810 tus
2210 5743 2423 5801 vocandi
2451 5753 2498 5800 et
2533 5743 2731 5800 videndi
2755 5743 2990 5813 quoniam
3030 5751 3086 5796 tu
3109 5758 3163 5797 es
3205 5741 3475 5809 Dominus,
3508 5737 3688 5800 obarta
