3994 6352
293 341 395 404 H7

293 455 416 512 mihi
443 466 518 511 est
532 461 683 523 atque
695 453 938 522 ﬁtnnata,’
962 451 1112 517 nosti,
1141 449 1281 512 Deus
1305 466 1460 514 meus,
1479 447 1630 510 etiam
1651 445 1869 518 gaudere

297 547 439 616 coepi,
465 545 603 614 quod
627 546 734 598 [nec
767 559 964 614 quoque
988 542 1185 600 suberat
1215 559 1314 596 non
1342 540 1560 614 mendax
1589 541 1864 606 excusatio,

294 654 403 708 gnte
419 637 748 704 oﬂ'ensionent
772 636 1030 696 hominum
1041 644 1354 704 temperaret,
1377 633 1461 705 qui
1475 642 1676 704 propter
1691 634 1870 688 liberos

295 748 412 790 suos
438 747 515 793 me
537 729 746 788 liberum
771 745 879 790 esse
906 745 1163 796 nunquam
1179 727 1406 785 volebant
1431 724 1675 798 (Confess.
1701 726 1788 781 lib.
1812 725 1864 791 9,

294 840 408 892 cari.
440 823 497 888 2,
528 841 582 880 u.
611 823 756 890 3-4).
775 821 830 878 In
852 823 989 882 hunc
1011 822 1239 891 pectoris
1256 821 1498 876 morbum
1526 821 1604 875 sui
1627 833 1868 874 secessus

295 931 507 970 causam
529 914 761 990 refundit
777 915 827 972 in
853 914 1116 984 prioribus
1137 913 1408 973 libristum
1431 927 1460 966 a
1486 926 1544 968 se
1561 910 1870 980 scriptis,ea

293 1023 407 1077 qua?
434 1007 535 1066 sibi
584 1007 634 1062 in
674 1007 827 1064 horto
877 1014 1183 1071 evenerant,
1215 1004 1423 1065 silentio
1463 1004 1870 1073 prartermittens

297 1101 503 1168 (Contra
523 1099 862 1162 Academicos,
887 1099 972 1153 lib.
1013 1100 1063 1160 l,
1093 1115 1143 1154 η.
1172 1099 1235 1163 5;
1266 1097 1327 1152 de
1351 1097 1508 1152 Beata
1548 1095 1680 1162 Vita,
1715 1114 1766 1150 η.
1794 1097 1828 1150 4
1853 1113 1868 1162 ;

293 1193 352 1245 de
375 1192 589 1256 Ordine,
615 1193 701 1250 lib.
736 1193 788 1257 1,
819 1209 871 1246 η.
899 1189 988 1262 5),
1021 1205 1085 1246 ex
1111 1189 1295 1245 eadem
1337 1189 1477 1244 haud
1515 1189 1673 1254 dubie
1708 1190 1869 1244 animi

293 1285 574 1349 modestia,
608 1301 706 1354 qua
735 1300 887 1339 suum
917 1284 1242 1355 propositum
1270 1283 1478 1337 nonnisi
1523 1283 1870 1338 familiarissi-

292 1377 390 1429 inis
417 1377 836 1440 communicare,
867 1384 1026 1446 atque
1048 1376 1255 1430 czeteris
1275 1375 1510 1428 clausum
1538 1385 1719 1428 tenere
1741 1388 1869 1428 con-

293 1468 454 1522 stituit
471 1467 640 1536 (Cant.
663 1468 750 1524 lib.
769 1467 822 1531 9,
835 1483 950 1536 cap.
965 1466 1019 1531 2,
1039 1483 1090 1520 η.
1108 1464 1186 1535 2).
1211 1465 1312 1519 Cor
1330 1464 1444 1534 ejus
1456 1474 1537 1518 sat
1559 1466 1661 1518 alte
1678 1465 1872 1518 amoris

297 1560 368 1611 dii
387 1560 454 1625 iiii
479 1559 685 1627 sagittis
709 1559 974 1612 confixum
1004 1567 1134 1622 erat,
1165 1566 1218 1611 et
1246 1557 1422 1626 ignitis
1449 1557 1765 1610 carbonibus
1791 1563 1874 1610 sat

297 1651 462 1703 valide
501 1649 905 1718 cbmtnnnitum,
937 1657 996 1702 ut
1031 1649 1279 1702 subdolus
1308 1664 1489 1710 eorum
1522 1648 1724 1715 linguas
1765 1661 1869 1700 non

295 1743 522 1804 linu‘t‘el,
552 1739 642 1808 qpi
671 1740 844 1806 pravis
859 1755 978 1794 cum
1001 1739 1335 1794 sermonibus
1355 1754 1382 1792 a
1404 1739 1672 1808 preposito
1698 1737 1871 1791 deter-

294 1848 410 1900 rere
457 1832 771 1885 voluissent.
825 1831 982 1897 Quid,
1036 1830 1175 1901 quod
1227 1840 1528 1884 sanctorum
1599 1830 1869 1883 hominum

292 1922 560 1990 exempla,
585 1922 778 1990 quibus
806 1921 874 1976 ad
915 1921 1250 1976 serviendum
1295 1921 1404 1974 Deo
1441 1922 1703 1976 excitatus
1733 1927 1869 1985 erat,

297 2021 406 2070 tam
437 2013 677 2068 ardentes
706 2013 753 2067 ei
788 2013 930 2070 faces
970 2013 1333 2083 subjiciebant,
1368 2022 1422 2066 ut
1447 2013 1742 2067 contrarius
1779 2012 1876 2066 ob-

303 2104 621 2160 trectationis
660 2105 816 2160 ﬂatus
860 2119 1140 2160 accensum
1192 2106 1242 2158 in
1305 2104 1419 2174 ejus
1469 2106 1649 2159 animo
1698 2105 1872 2175 ignem

293 2195 468 2250 acrius
494 2193 827 2252 inﬂammare
850 2205 1046 2264 posset,
1080 2211 1182 2250 non
1223 2195 1560 2264 extinguere?
1591 2195 1786 2250 Verum
1817 2203 1876 2249 ut

289 2287 523 2346 defuturi
555 2302 660 2342 non
683 2299 836 2344 erant
861 2288 1005 2355 boni,
1024 2288 1114 2358 qui
1130 2288 1244 2357 ejus
1267 2287 1547 2352 consilium
1569 2288 1872 2342 laudarent:

291 2383 366 2435 sic
385 2382 658 2450 jactantiaa
676 2382 848 2437 simile
870 2383 944 2436 illi
970 2381 1264 2443 videbatur,
1279 2382 1323 2434 si
1341 2389 1462 2434 ante
1488 2381 1766 2435 litterarias
1794 2381 1873 2444 Ie-

292 2474 418 2537 rias,
446 2491 569 2542 qua:
620 2474 962 2543 appetebant,
991 2474 1372 2544 professionem
1398 2474 1714 2528 rhetoricam
1743 2475 1876 2544 abji-

290 2574 474 2629 ceret;
502 2567 682 2619 omnia
711 2567 760 2619 in
784 2581 841 2619 se
869 2581 962 2620 ora
988 2579 1358 2631 conversurus,
1387 2564 1475 2634 qui
1506 2563 1642 2618 hanc
1685 2565 1875 2618 imma-

293 2664 462 2709 turam
493 2657 786 2726 magisterii
817 2657 1198 2722 abdicationem
1223 2657 1562 2710 ostentationi
1587 2656 1756 2725 palam
1778 2656 1875 2710 tri-

295 2747 452 2802 buere
482 2750 802 2818 potuissent.
837 2749 938 2803 Tot
961 2764 1089 2804 vero
1109 2748 1402 2803 temerariis
1422 2746 1634 2818 judiciis
1654 2755 1707 2802 et
1733 2746 1877 2802 falsis

291 2841 630 2898 sermonibus
655 2857 837 2895 ansam
863 2841 1012 2909 dare,
1053 2856 1332 2896 causamve
1376 2851 1479 2894 tam
1510 2842 1674 2895 sancti
1702 2842 1875 2910 operis

297 2931 550 2999 arguendi
601 2933 860 3002 praabere,
905 2939 962 2988 et
1015 2931 1314 3001 inquirendi
1359 2947 1587 3002 quonam
1616 2932 1669 2986 id
1701 2933 1879 2986 animo

306 3020 515 3089 faceret,
541 3039 569 3084 a
612 3022 892 3092 prudentia
929 3023 1207 3077 videbatur
1250 3023 1482 3079 alienum
1510 3023 1693 3095 (Ibid.,
1721 3040 1776 3084 η,
1799 3025 1876 3095 ὅ).

303 3110 563 3167 Toleravit
593 3115 755 3185 igitur
782 3114 908 3169 illud
937 3115 1188 3184 temporis
1205 3115 1560 3180 intervallum,
1588 3115 1758 3170 donec
1784 3116 1879 3171 de-

296 3215 561 3271 curreret;
594 3206 739 3275 quod
759 3208 1004 3277 exiguum
1047 3207 1190 3272 licet,
1231 3222 1370 3277 aegre
1398 3216 1572 3262 tamen
1617 3209 1878 3262 toleravit.

296 3293 410 3350 lam
460 3297 608 3350 enim
659 3306 952 3352 recesserat
991 3297 1077 3352 illa
1107 3297 1289 3367 gloriw
1333 3297 1614 3367 cupiditas,
1663 3313 1781 3368 quae
1828 3299 1880 3353 in

296 3399 504 3456 mrtem
529 3391 712 3448 oneris
738 3406 856 3445 cum
907 3404 975 3446 eo
1014 3391 1193 3446 venire
1239 3401 1589 3446 consueverat
1620 3409 1634 3446 :
1661 3399 1714 3446 et
1739 3393 1883 3447 solus

296 3478 422 3532 illud
454 3481 726 3536 sustinuere
751 3489 987 3547 coactus,
1015 3481 1379 3536 succubuisset
1411 3481 1654 3551 ponderi,
1701 3483 1801 3537 nisi
1829 3483 1883 3537 in

298 3567 541 3634 pristinae
570 3569 874 3624 ambitionis
899 3571 1072 3624 locum
1093 3571 1344 3640 patientia
1368 3571 1602 3626 subsidio
1632 3573 1880 3628 venisset.

299 3661 662 3729 Quantumvis
706 3663 998 3732 prudenter
1035 3662 1088 3716 in
1131 3662 1230 3715 hoc
1285 3677 1343 3715 se
1383 3663 1593 3732 negotio
1638 3664 1882 3733 gesserit,

302 3770 405 3807 non
433 3753 595 3807 audet
630 3764 803 3807 tamen
835 3754 900 3807 ab
929 3753 1074 3806 omni
1104 3769 1161 3807 se
1189 3753 1340 3822 culpa
1371 3768 1594 3806 vacuum
1620 3768 1880 3820 asserere,

303 3845 444 3915 quod
502 3845 713 3899 firmum
760 3845 870 3899 Deo
919 3845 1182 3900 serviendi
1227 3840 1553 3914 propositum
1591 3846 1884 3913 amplexus,

305 3936 479 3990 adhuc
505 3937 556 3988 in
585 3935 836 3989 cathedra
868 3935 1128 3990 mendacii
1158 3937 1240 3989 vel
1270 3935 1432 3991 breve
1467 3930 1889 4006 tempus'sedere

307 4044 365 4080 se
390 4042 576 4095 passus
599 4026 759 4079 fuerit
779 4025 963 4096 (lbid.,
989 4043 1041 4079 η.
1069 4028 1151 4096 4).

381 4119 438 4171 2.
462 4120 532 4172 De
559 4118 834 4188 Augustini
869 4118 1136 4186 pr0posito
1157 4118 1297 4172 bono
1321 4121 1686 4175 macerabatur
1711 4121 1892 4176 anxie-

318 4210 495 4263 tudine
511 4209 850 4264 Verecundus
877 4209 1060 4278 (Ibid,
1085 4227 1198 4282 cap.
1225 4212 1277 4275 5,
1304 4229 1354 4264 η.
1374 4212 1447 4282 5),
1468 4215 1736 4270 familiaris
1753 4216 1886 4283 ejus,

311 4303 440 4356 civis
457 4312 512 4356 et
531 4301 910 4372 grammaticus
927 4302 1331 4357 Mediolanensis
1351 4302 1534 4376 (Ibid,
1553 4303 1698 4371 lib.8,
1715 4307 1888 4375 cap.6,

309 4409 361 4446 η.
399 4393 488 4462 15)
510 4407 529 4459 ;
552 4393 704 4462 cujus
729 4408 845 4446 cum
875 4394 924 4446 in
946 4408 1151 4459 omnes,
1173 4402 1280 4448 tum
1309 4409 1435 4449 vero
1463 4395 1511 4448 in
1544 4397 1889 4466 Augustinum

306 4496 425 4543 erat
441 4486 806 4540 benevolentia
839 4485 1236 4558 singularis(De
1263 4486 1469 4550 Ordine,
1502 4486 1590 4541 lib.
1631 4490 1682 4555 1,
1712 4506 1763 4542 η.
1800 4487 1889 4560 5):

309 4578 520 4633 scilicet
567 4593 711 4647 :rgre
736 4578 1021 4632 admodum
1072 4577 1291 4641 ferebat,
1322 4579 1461 4648 quod
1508 4581 1687 4634 multis
1715 4582 1892 4634 smculi

307 4670 516 4740 laqueis
556 4671 810 4734 irretitus,
833 4685 890 4724 se
917 4680 1020 4723 tam
1044 4670 1274 4739 jucunda
1303 4671 1554 4725 societate
1577 4672 1892 4742 propediem

307 4763 612 4818 orbandum
636 4763 856 4816 videret.
879 4762 1124 4817 Nondum
1154 4764 1474 4817 christianos
1500 4772 1616 4818 erat
1649 4783 1660 4816 :
1695 4774 1746 4818 et
1771 4765 1895 4819 licet

309 4871 536 4911 uxorem
559 4855 767 4909 fidelem
789 4855 1044 4920 duxisset,
1063 4871 1122 4911 ea
1136 4865 1308 4910 tamen
1327 4857 1619 4913 arctissima
1641 4861 1895 4926 compede

306 4950 379 5001 ab
406 4950 624 5012 itinere,
649 4948 788 5017 quod
819 4948 1218 5012 inibantamici,
1245 4947 1632 5002 retardabatur.
1665 4948 1793 5003 Illud
1825 4950 1896 5002 si-

303 5038 531 5107 quidem
563 5039 668 5092 alia
689 5037 801 5107 lege
823 5037 1038 5096 nolebat
1059 5037 1294 5107 aggredi,
1325 5052 1481 5107 quam
1505 5055 1588 5104 ea,
1618 5055 1718 5109 qua
1744 5041 1896 5093 mini-

308 5142 403 5182 me
429 5137 672 5198 poterat;
715 5142 907 5198 nempe
952 5137 1011 5182 ut
1033 5143 1090 5182 se
1131 5129 1198 5182 ab
1225 5144 1388 5184 uxore
1416 5145 1510 5184 sua
1551 5130 1895 5200 disjungeret,

306 5235 424 5291 quo
460 5220 688 5274 terrenis
717 5220 966 5275 omnibus
987 5219 1221 5276 dimissis
1247 5229 1412 5274 totum
1447 5235 1507 5277 se
1551 5222 1660 5276 Deo
1697 5223 1898 5276 manci-

308 5322 492 5384 paret.
525 5312 858 5382 Quapropter
881 5327 1003 5368 eum
1051 5313 1373 5382 Augustinus
1400 5322 1454 5368 et
1495 5314 1716 5384 Alypius
1757 5316 1898 5370 sola-

308 5407 536 5473 bantur,
566 5416 622 5461 et
640 5415 697 5461 ut
728 5407 780 5460 in
809 5407 914 5461 vita
950 5406 1231 5477 conjugali,
1272 5421 1376 5476 qua
1421 5407 1717 5477 implicatus
1763 5419 1896 5476 erat,

307 5497 433 5553 Deo
459 5497 708 5563 serviret,
739 5497 1100 5552 hortabantur.
1149 5495 1292 5550 Nihil
1329 5496 1395 5552 de
1433 5497 1728 5553 Verecundi
1777 5514 1900 5569 erga

306 5603 415 5646 eas
429 5590 800 5646 benevolentia
829 5605 1028 5646 mceror
1055 5589 1217 5644 animi
1261 5589 1504 5644 detraxit.
1533 5590 1721 5644 Villam
1752 5606 1901 5646 suam

305 5684 670 5741 Cassiciacum
698 5685 776 5738 eis
803 5683 1027 5753 benigne
1055 5683 1268 5749 obtulit,
1295 5693 1352 5738 ut
1378 5683 1626 5755 quamdiu
1668 5683 1740 5738 ibi
1782 5700 1901 5739 mo-

306 5781 586 5841 nrentur,
637 5773 691 5828 in
732 5788 798 5830 ea
843 5772 1117 5844 degerent.
1147 5772 1392 5830 Oblatam
1434 5775 1513 5832 illi
1546 5779 1725 5831 sedem
1752 5785 1904 5846 grato

1595 319 1794 378 tnBER
1832 316 2208 392 secunous.

3447 335 3549 395 “8

1974 441 2152 506 animo
2173 455 2536 513 ευεοοιιριυυηι.
2571 447 2703 509 Hinc
2737 447 3059 519 Augustinus
3088 450 3140 507 in
3167 466 3229 508 ea
3267 449 3389 508 villa
3412 453 3550 510 resi-

1976 533 2128 598 dens,
2158 536 2436 604 perjocinu
2463 537 2614 604 dixit,
2634 555 2693 597 se
2720 541 2981 602 incuriose
2999 543 3070 598 uti
3084 553 3545 614 grammaticorum

1974 625 2169 692 verbis,
2197 627 2284 696 qui
2321 643 2408 684 res
2447 643 2570 690 suas
2619 630 2715 700 ipsi
2763 631 2828 686 ad
2872 633 3122 688 utendum
3154 634 3420 690 dedissent
3447 635 3552 707 (De

1975 715 2131 770 Beata
2160 717 2293 786 Vita,
2322 736 2374 774 n.
2406 721 2518 790 5i).
2548 721 2809 788 Retribues
2832 725 2925 786 illi,
2952 725 3183 792 Domine,
3203 727 3276 782 ait
3296 729 3517 798 Augusti
3547 763 3552 770 -

1976 825 2096 877 nus,
2119 810 2171 864 in
2212 814 2569 869 resurrectione
2594 817 2868 884 justorum,
2891 819 3009 889 quia
3019 821 3132 890 jam
3169 821 3332 892 ipsam
3367 833 3548 878 sortem

1974 903 2243 958 retribuisti
2263 906 2325 960 ei.
2359 906 2594 972 Quanwis
2624 911 2755 966 enim
2781 912 3062 968 absentibus
3092 913 3254 982 nobis,
3286 931 3399 969 cum
3439 917 3549 972 liae

1976 1009 2072 1046 nne
2090 995 2201 1063 jam
2232 1013 2466 1064 essemus,
2497 1001 2750 1070 corporali
2787 1004 3084 1074 wgritudiue
3117 1016 3397 1075 correptus,
3422 1017 3468 1060 et
3499 1009 3550 1062 in

1977 1100 2033 1137 ea
2055 1083 2354 1158 Christianus
2377 1097 2422 1144 et
2448 1089 2612 1158 ﬁdelis
2633 1095 2814 1163 factus,
2844 1111 2906 1148 ea:
2925 1095 3019 1150 hac
3038 1095 3137 1150 vita
3167 1098 3460 1168 emigravit:
3479 1099 3551 1152 ita

1979 1177 2210 1248 misertus
2241 1197 2292 1234 es
2322 1197 2422 1234 non
2443 1183 2604 1243 solum
2626 1185 2754 1255 ejus,
2781 1187 2870 1241 scd
2917 1188 3065 1240 etiam
3104 1189 3282 1252 nostri,
3317 1207 3378 1244 ne
3413 1191 3550 1262 cogi-

1978 1279 2138 1334 tantes
2169 1271 2428 1340 egregiam
2461 1289 2580 1344 erga
2613 1289 2703 1330 nos
2727 1277 2876 1330 amici
2901 1278 3276 1344 humanitatem,
3307 1296 3397 1333 nec
3437 1296 3550 1334 eum

1977 1358 2027 1411 in
2048 1374 2194 1428 grege
2217 1368 2301 1422 tuo
2331 1372 2664 1440 numerantes,
2683 1365 2856 1420 dolore
2879 1368 3179 1424 intolerabili
3189 1369 3547 1424 cruciarentur.

1979 1446 2178 1504 Gratias
2204 1449 2309 1516 tibi,
2356 1451 2490 1516 Deus
2521 1464 2706 1522 noster,
2735 1458 2807 1512 tui
2830 1475 3034 1524 sumus;
3059 1460 3282 1514 indicant
3305 1462 3551 1515 hortatio—

1977 1557 2062 1618 nes
2085 1551 2128 1594 et
2154 1543 2513 1616 consolationes
2540 1556 2675 1602 tute:
2701 1548 2862 1616 ﬁdelis
2881 1552 3172 1621 promissor,
3192 1551 3369 1606 reddes
3403 1552 3550 1607 Vere-

1977 1632 2159 1693 cundo,
2199 1650 2288 1704 pro
2309 1651 2423 1688 rure
2451 1636 2540 1691 illo
2568 1638 2677 1707 ejus
2702 1637 3002 1707 Cassiciaco,
3024 1640 3107 1694 ubi
3133 1643 3195 1696 ab
3223 1651 3349 1696 cestu
3377 1644 3554 1696 saeculi

1976 1725 2302 1788 requievimus
2325 1727 2378 1780 in
2407 1738 2472 1792 te,
2496 1731 2828 1784 anitenitatem
2851 1735 3143 1804 sempiterna
3167 1736 3370 1788 virentis
3398 1753 3553 1804 para-

1979 1815 2076 1882 disi
2103 1817 2211 1880 tui;
2243 1819 2480 1881 quoniam
2519 1820 2750 1878 dimisisti
2777 1824 2822 1878 ei
2857 1834 3059 1894 peccata
3084 1842 3235 1896 super
3259 1837 3464 1887 terrant,
3499 1828 3552 1879 in

1978 1910 2420 1973 monteincaseato,
2437 1923 2602 1967 monte
2614 1924 2719 1977 tuo,
2740 1926 2903 1970 monte
2922 1917 3057 1970 uberi
3072 1916 3240 1988 (Conf.
3263 1919 3349 1971 lib.
3365 1918 3418 1984 9,
3434 1935 3480 1975 c.
3495 1919 3552 1983 '5,

1977 2014 2030 2052 η.
2063 2000 2138 2069 5).
2171 2001 2293 2056 "ille
2324 2001 2498 2072 itaque
2551 2004 2843 2064 Verecuudi
2886 2007 3006 2062 villa
3038 2008 3176 2062 inter
3216 2020 3424 2062 montes
3450 2009 3553 2063 sita

1979 2090 2140 2146 fuisse
2176 2093 2401 2163 videtur.
2449 2095 2777 2154 Effluxerunt
2821 2100 3032 2154 tandem
3073 2101 3188 2156 dies
3216 2103 3310 2164 illi,
3357 2103 3446 2171 qui
3486 2103 3550 2156 ad

1977 2180 2262 2239 litterarias
2313 2184 2472 2242 ferias
2516 2200 2852 2256 supererant;
2890 2191 2962 2246 illi
3005 2192 3253 2246 nimirum
3284 2192 3417 2255 dies,
3463 2193 3550 2263 qui

1979 2287 2089 2344 prie
2118 2290 2298 2344 amore
2324 2277 2580 2334 libertatis
2619 2280 2802 2338 otiosa:
2844 2281 2908 2340 ad
2954 2283 3326 2351 requirendum
3353 2285 3551 2336 vultum

1979 2364 2092 2429 Dei,
2126 2375 2178 2419 et
2208 2367 2344 2436 longi
2391 2377 2442 2422 et
2471 2370 2618 2428 multi
2659 2370 2949 2441 Augustino
2987 2372 3319 2428 videbantur.
3377 2374 3551 2427 Illuxit

1981 2455 2139 2526 igitur
2160 2457 2296 2524 dies,
2332 2476 2436 2529 quo
2463 2461 2740 2524 rhetoricae
2785 2464 3166 2532 professionem
3195 2466 3366 2534 rcipsa
3397 2466 3552 2519 dese-

1979 2548 2103 2608 ruit.
2133 2557 2185 2604 et
2225 2565 2329 2619 quo
2355 2550 2580 2620 linguam
2621 2553 2736 2621 ejus
2769 2556 2903 2608 eruit
2936 2556 3091 2617 Deus,
3125 2556 3262 2609 unde
3286 2571 3378 2612 cor
3409 2557 3548 2610 illius

1981 2637 2126 2706 prius
2155 2649 2364 2708 eruerat
2398 2640 2712 2712 (lbid.,cap.
2744 2645 2797 2707 4,
2828 2662 2876 2698 n.
2928 2645 3001 2716 7).
3041 2646 3130 2700 Sic
3167 2646 3317 2700 hctus
3345 2657 3394 2700 et
3444 2648 3555 2702 Deo

1981 2731 2176 2799 gratias
2193 2731 2390 2794 habens
2409 2735 2582 2800 statim
2606 2751 2723 2794 cum
2739 2737 2986 2797 omnibus
3005 2738 3135 2803 suis,
3166 2737 3265 2791 hoc
3289 2746 3386 2800 est,
3411 2739 3558 2794 Mon-

1984 2818 2099 2884 nica
2131 2829 2316 2894 matre,
2345 2822 2560 2892 Navigio
2589 2825 2767 2890 fratre,
2788 2825 3034 2896 Trygetio
3061 2835 3114 2882 et
3141 2827 3374 2881 Licentio
3399 2828 3559 2882 disci-

1983 2909 2142 2980 pulis,
2191 2911 2494 2972 Lastidiano
2537 2924 2587 2970 et
2630 2915 2843 2972 Rustico
2887 2917 3237 2982 consobrinis,
3289 2917 3560 2973 Adeodato

1985 2999 2095 3054 filio
2129 3009 2182 3074 et
2221 3002 2431 3074 Alypio,
2463 3021 2520 3059 se
2557 3006 2620 3068 ad
2651 3007 2830 3062 villam
2868 3007 3163 3064 Yerecundi
3207 3009 3426 3068 contulit
3455 3008 3559 3078 (Ds

1985 3089 2142 3169 Beata
2177 3091 2309 3158 Vita,
2336 3112 2386 3148 η.
2411 3094 2485 3164 6).

2620 3185 2844 3245 CAPUT
2885 3187 2994 3246 VII.

1989 3294 2010 3347 i
2048 3291 2126 3346 De
2159 3311 2291 3348 anno
2319 3296 2491 3366 inquo
2527 3300 2779 3352 conversio
2809 3299 3076 3370 Augustini
3101 3301 3324 3372 contigit,
3354 3311 3560 3355 contro-

2057 3387 2217 3438 versia
2242 3387 2373 3439 unde
2396 3388 2705 3457 potissimum
2724 3401 2917 3442 ωτυνια.
2947 3390 2981 3443 2
3010 3391 3154 3445 Anno
3176 3392 3276 3447 387
3307 3391 3448 3446 illuni
3468 3393 3562 3445 ad-

2058 3475 2276 3529 scribunt
2294 3477 2553 3546 opiniones
2576 3479 2708 3544 duaz,
2734 3481 2911 3550 quibus
2947 3482 3048 3534 alio
3089 3491 3235 3553 atque
3263 3483 3364 3535 alio
3391 3481 3560 3536 detor-

2058 3577 2271 3637 quentur
2315 3569 2534 3623 Possidii
2579 3572 2938 3643 Augustinique
2984 3573 3112 3626 hanc
3165 3575 3217 3626 in
3263 3589 3366 3626 rem
3407 3574 3559 3628 dicta.

2061 3661 2096 3717 5
2114 3661 2256 3715 Nihil
2281 3661 2474 3715 obstare
2487 3665 2750 3733 quominus
2772 3665 2904 3718 hisce
2921 3666 3065 3718 dictis
3088 3666 3139 3718 in
3161 3681 3395 3735 germano
3411 3682 3564 3719 sensu

2061 3752 2275 3822 acceptis
2292 3753 2433 3805 illum
2453 3770 2584 3806 anno
2612 3755 2714 3808 586
2742 3771 3060 3819 conversum,
3089 3755 3410 3824 eamdemque
3429 3771 3562 3809 anno

2062 3844 2163 3898 587
2185 3844 2489 3915 baptizatum
2504 3863 2801 3900 asseramus.
2829 3849 2862 3900 4
2889 3846 3287 3902 Huicsententite
3302 3848 3455 3901 robur
3470 3865 3560 3902 ac-

2062 3937 2189 3989 cedit
2211 3953 2273 3990 ea:
2300 3939 2519 4007 quodam
2545 3939 2808 4008 Augustini
2833 3939 2962 4004 loco,
2987 3951 3274 4011 comparato
3294 3955 3407 3993 cum
3437 3950 3564 3994 tem-

2064 4043 2185 4098 pore
2208 4044 2306 4096 quo
2338 4028 2640 4083 Ambrosius
2668 4030 3014 4100 exagitabatur
3056 4029 3117 4085 ab
3141 4029 3365 4084 Justina.
3408 4031 3440 4085 5
3472 4029 3565 4084 Dic

2065 4121 2221 4174 luitur
2246 4123 2497 4175 contraria
2524 4124 2890 4194 argumentatio
2934 4124 3085 4194 petita
3132 4123 3192 4178 ab
3232 4105 3566 4178 observatione

2066 4215 2322 4285 temporis,
2351 4233 2449 4286 quo
2487 4214 2793 4285 Imperatori
2822 4216 2997 4271 laudes
3037 4217 3280 4272 recitavit.
3315 4218 3347 4272 6
3379 4211 3564 4284 Opinio

2067 4306 2297 4376 quaedam
2339 4309 2710 4362 conversionem
2752 4304 3019 4379 Augustini
3056 4325 3244 4381 ponens
3291 4323 3424 4360 anno
3465 4303 3569 4362 585

2067 4399 2272 4452 minime
2289 4398 2581 4470 probabilis.

2069 4492 2119 4544 l.
2150 4492 2352 4546 Paucos
2385 4491 2556 4547 adhuc
2584 4492 2635 4546 in
2673 4507 2736 4548 ea
2766 4492 2884 4547 villa
2914 4493 3028 4547 dies
3065 4500 3413 4562 transegerat,
3446 4508 3567 4547 cum

1997 4582 2162 4637 libros
2187 4598 2312 4638 suos
2325 4582 2390 4638 de
2409 4583 2737 4639 Academicis
2758 4599 2978 4638 exorsus
2997 4580 3203 4654 (Contra
3223 4581 3567 4647 Academicos,

2000 4671 2084 4726 lib.
2120 4675 2172 4739 l,
2195 4690 2247 4726 η.
2275 4671 2352 4744 4),
2385 4688 2479 4728 eos
2521 4674 2816 4740 intermisit,
2849 4681 2907 4728 ut
2933 4673 3125 4728 librum
3163 4672 3228 4727 de
3267 4672 3424 4726 Beata
3455 4672 3572 4727 Vita

1999 4767 2252 4821 scriberet
2281 4765 2733 4838 (Retractationum
2772 4765 2855 4820 lib.
2885 4768 2938 4832 l,
2967 4782 3081 4834 cap.
3109 4763 3189 4835 2),
3223 4764 3378 4846 tridui
3406 4779 3570 4833 opus,

2000 4861 2114 4929 ipso
2141 4861 2377 4912 natalitio
2389 4859 2530 4913 illius
2545 4859 2630 4914 die
2652 4860 2935 4928 inemptum
2959 4851 3061 4930 (De
3076 4857 3232 4911 Beata
3253 4855 3389 4922 Vita,
3411 4874 3462 4908 η.
3489 4855 3546 4926 6)
3559 4898 3573 4919 ,

1999 4951 2086 5020 qui
2106 4952 2155 5004 in
2185 4951 2300 5005 idus
2321 4953 2621 5006 novembris
2647 4951 2930 5006 incidebat.
2956 4949 3135 5019 itaque
3176 4962 3417 5002 secessus
3458 4946 3574 5015 ejus

2002 5043 2054 5097 in
2087 5043 2258 5097 villam
2299 5042 2648 5098 Cassiciacum
2680 5041 2888 5096 nonnisi
2910 5054 3091 5094 mense
3112 5036 3318 5092 octobri
3351 5035 3576 5107 ejusque

2002 5135 2277 5190 conversio
2307 5135 2612 5202 septembri,
2654 5143 2742 5186 aut
2770 5133 2957 5187 saltem
2993 5137 3222 5186 exeunte
3248 5138 3473 5198 auguSto
3495 5129 3578 5183 vi-

2003 5231 2158 5286 detur
2182 5230 2465 5296 contigisse
2495 5247 2506 5282 :
2537 5226 2812 5281 Mediolani
2831 5224 2993 5292 enim,
3021 5223 3448 5295 prtelectionibus
3468 5223 3576 5278 suis

2003 5323 2276 5386 absolutis,
2309 5322 2506 5390 aliquot
2533 5319 2704 5372 adhuc
2724 5317 2838 5372 dies
2858 5319 3028 5388 potuit
3055 5316 3391 5372 commorari.
3433 5313 3579 5370 Tunc

2003 5428 2130 5468 vero
2166 5412 2416 5481 temporis
2455 5409 2779 5480 trigesimum
2819 5416 2874 5464 et
2913 5409 3122 5463 tertium
3170 5407 3340 5462 anatis
3381 5419 3579 5460 annum

2005 5506 2208 5576 agebat,
2246 5513 2302 5558 ut
2323 5504 2546 5573 ipsemet
2576 5511 2798 5557 testatur
2825 5503 2922 5556 sub
2941 5499 3105 5557 linem
3138 5499 3412 5562 librorum,
3443 5511 3577 5568 quos

2006 5595 2072 5650 de
2101 5594 2429 5649 Academicis
2457 5591 2666 5662 scripsit
2694 5590 2904 5664 (Contra
2943 5590 3126 5656 Acad,
3168 5591 3257 5644 lib.
3291 5589 3344 5654 5,
3378 5605 3431 5642 η.
3458 5583 3575 5655 45),

2006 5693 2058 5740 et
2085 5693 2204 5753 post
2229 5683 2347 5738 idus
2383 5681 2696 5738 uovembres
2731 5683 2977 5737 absolvit.
3005 5680 3061 5735 Id
3094 5682 3265 5750 ipsum
3295 5676 3488 5732 asserit
3523 5675 3580 5730 in

2005 5773 2414 5847 Soliloquiorum
2444 5774 2590 5831 libris
2612 5773 3130 5849 (Soliloquiorumlib.
3162 5773 3281 5839 l,n.
3305 5768 3418 5841 i7),
3445 5777 3581 5839 quos
