3994 6352
493 366 598 427 "9

490 484 590 542 sub
615 482 753 540 idem
777 491 984 553 tempus
1004 481 1185 538 edidit.
1216 480 1421 537 Etcum
1450 480 1689 536 Monnica
1714 488 1885 533 mater
1903 476 2061 547 paulo

488 588 607 647 post
626 579 740 647 ejus
768 577 1094 646 Baptismum
1132 591 1195 630 ex
1233 575 1332 629 hac
1378 575 1481 628 vita
1524 574 1783 644 migravit,
1825 570 2060 626 nondum

490 670 811 738 trigesimum
836 678 887 721 et
919 668 1130 721 tertium
1170 667 1342 722 aetatis
1377 683 1576 721 annum
1603 673 1851 735 exegerat
1885 662 2056 733 (Conf.

485 760 574 812 tib.
605 759 658 824 9,
689 775 801 827 cap.
828 761 914 823 li,
959 775 1011 811 η.
1042 758 1155 829 28).
1187 758 1278 813 His
1308 760 1377 813 ita
1421 759 1721 812 constitutis
1762 756 2053 824 conﬁcitur,

484 866 605 905 eum
638 852 907 921 trigesimo
927 850 1161 905 secundo
1181 852 1350 906 aetatis
1370 866 1480 906 suae
1496 864 1636 904 anno
1652 860 1875 905 exeunte
1898 848 2059 906 fuisse

483 956 836 1005 conversum;
868 956 1007 995 anno
1031 951 1205 997 autem
1234 942 1504 1012 trigesimo
1530 943 1683 996 tertio
1712 941 2054 1011 baptizatum,

483 1042 603 1087 octo
652 1043 742 1086 aut
793 1048 981 1087 novem
1022 1043 1143 1104 post
1189 1036 1590 1088 conversionem
1621 1037 1909 1099 mensibus,
1936 1052 2054 1091 cum

484 1123 746 1192 Baptisma
780 1125 829 1178 in
860 1124 1100 1179 Paschali
1129 1126 1463 1181 solemnitate
1489 1127 1797 1197 susceperit.
1828 1127 1940 1181 Jam
1959 1142 2054 1180 au-

488 1224 588 1267 tem
628 1214 895 1269 Possidius
928 1230 1097 1270 annos
1130 1231 1250 1271 eum
1294 1230 1389 1270 sex
1427 1225 1481 1270 et
1508 1217 1833 1285 septuaginta
1876 1227 2054 1271 natum

481 1305 675 1357 obiisse
729 1305 886 1359 tradit
941 1303 1261 1373 (Possidius,
1294 1306 1347 1359 in
1380 1305 1495 1360 Vita
1514 1308 1798 1377 Augustini,
1832 1326 1879 1362 c.
1908 1310 1969 1363 5i
1998 1308 2051 1379 ):

491 1396 767 1465 militisque
798 1398 849 1451 in
877 1398 1091 1452 dubium
1114 1409 1327 1454 revocat
1356 1400 1473 1469 ejus
1501 1401 1702 1455 obitum
1734 1403 1787 1456 in
1815 1404 2054 1472 quintum

480 1486 727 1541 kalendas
754 1490 1067 1558 septembris
1087 1492 1210 1544 anni
1239 1492 1740 1561 quadringentesimi
1774 1496 2048 1563 trigesimi,

476 1577 621 1643 juxta
653 1580 897 1647 Prosperi
919 1581 1205 1636 chronicon
1235 1584 1499 1639 incidisse.
1520 1584 1666 1639 Illum
1700 1587 1855 1656 igitur
1872 1598 2052 1642 natum

480 1665 638 1721 fuisse
659 1680 864 1737 oportet
886 1672 1058 1727 idibus
1077 1675 1378 1729 novembris
1392 1677 1513 1728 anni
1533 1678 1884 1733 trecentesimi
1901 1680 2054 1748 quin-

479 1760 766 1827 quagesimi
790 1763 992 1830 quarti;
1034 1777 1346 1817 conversum
1361 1780 1541 1820 mense
1558 1777 1781 1836 augusto
1800 1771 1921 1822 anni
1956 1781 2052 1824 tre-

478 1853 749 1905 centesimi
776 1856 1080 1923 octogesimi
1108 1856 1271 1920 sexti;
1310 1858 1625 1924 baptizatum
1657 1875 1780 1915 vero
1796 1861 2051 1916 Paschate

475 1942 599 1994 anni
619 1945 976 1999 trecentesimi
1003 1947 1307 2015 octogesimi
1327 1949 1557 2016 septimi,
1590 1960 1773 2004 octavo
1799 1950 2050 2007 kalendas

480 2033 623 2085 niaii.
642 2034 715 2086 Eo
727 2035 867 2088 enim
887 2052 1024 2089 anno
1037 2037 1233 2091 Pascha
1254 2038 1481 2106 septimo
1502 2037 1753 2093 kalendas
1773 2042 1894 2093 maii
1913 2043 2051 2096 cele-

479 2120 737 2178 brandum
764 2141 881 2180 esse
899 2127 1148 2181 docuerat
1164 2130 1471 2183 Ambrosius
1494 2130 1765 2201 (Ambros,
1789 2134 1949 2203 Epist.
1984 2137 2051 2188 ad

483 2214 800 2288 dﬂmilium).
826 2218 1030 2273 Nullam
1058 2220 1234 2275 haecce
1267 2222 1607 2292 cbronologia
1635 2228 2048 2281 controversiam

474 2308 796 2371 admitteret,
822 2310 920 2364 nisi
941 2312 1265 2380 Augustinus
1285 2322 1507 2367 matrem
1531 2330 1678 2368 suam
1720 2324 1827 2369 tum
1854 2333 1918 2370 ex
1949 2318 2050 2371 hac

473 2398 577 2451 vita
606 2401 858 2469 migrasse
874 2403 1091 2467 diceret,
1116 2418 1234 2457 cum
1280 2405 1391 2473 ipse
1426 2407 1656 2460 Africam
1694 2418 1956 2477 repetens,
1989 2427 2049 2465 se

470 2488 538 2541 ad
565 2489 708 2543 Ostia
732 2491 972 2545 Tiberina
1003 2494 1317 2562 navigationi
1346 2495 1661 2551 instauraret
1687 2498 1855 2570 (Conf.
1889 2500 1972 2553 lib.
1991 2503 2044 2567 9,

469 2594 584 2648 cap.
609 2581 663 2647 8,
712 2599 764 2634 η.
814 2584 905 2648 17;
937 2600 1049 2653 cap.
1098 2586 1183 2650 10,
1232 2587 1426 2656 13.25).
1459 2589 1677 2643 Constat
1719 2592 1889 2657 enim,
1924 2592 2049 2649 hinc

469 2672 705 2742 quidem,
735 2674 927 2729 obiisse
960 2676 1121 2741 illam,
1155 2686 1211 2731 ut
1235 2677 1484 2745 diximus,
1512 2681 1835 2751 trigesimum
1854 2693 1905 2737 et
1936 2694 2044 2738 ter-

470 2762 601 2817 tium
631 2764 800 2818 aetatis
828 2781 1021 2819 annum
1057 2775 1245 2836 agente
1282 2768 1605 2839 Augustino;
1641 2772 1739 2825 hoc
1766 2784 1867 2837 est,
1898 2774 2045 2842 juxta

468 2853 727 2908 calculum
760 2864 1017 2922 nostrum,
1043 2868 1163 2912 ante
1202 2858 1320 2912 idus
1344 2862 1658 2916 novembres
1684 2865 1805 2917 anni
1838 2875 2046 2919 trecen-

472 2942 646 2997 tesimi
667 2946 973 3014 octogesimi
1000 2948 1229 3016 septimi.
1262 2948 1407 3003 Illinc
1442 2961 1614 3006 autem
1643 2964 1846 3007 certum
1882 2955 2045 3010 habe-

475 3048 615 3100 mus,
660 3036 1012 3105 Augustinum
1056 3056 1158 3093 non
1212 3042 1486 3110 repetiisse
1536 3043 1770 3099 Africam
1800 3047 1898 3100 nisi
1929 3058 2047 3115 post

477 3139 661 3180 necem
679 3126 884 3180 Maximi
903 3131 1106 3199 tyranni
1123 3129 1330 3200 (Contra
1348 3131 1561 3186 Litteras
1580 3132 1837 3202 Petitiani,
1854 3154 1907 3190 ιι.
1927 3137 2040 3208 50),

472 3215 560 3284 qui
588 3217 914 3285 mensejulio
936 3229 1180 3285 exeunte,
1206 3222 1285 3275 vel
1314 3233 1532 3291 augusto
1545 3224 1667 3277 anni
1686 3228 2042 3282 trecentesimi

476 3307 783 3375 octogesimi
808 3309 979 3362 octavi
1013 3310 1317 3365 interfectus
1343 3322 1441 3366 est.

542 3396 593 3448 2.
629 3398 913 3453 Difﬁcultas
933 3399 1038 3453 duo
1068 3401 1164 3456 ista
1191 3404 1505 3457 conciliandi
1530 3404 1865 3461 doctissimos
1884 3424 2044 3477 quos-

471 3501 573 3555 quc
595 3488 646 3540 in
661 3488 897 3544 diversas
923 3493 1200 3559 opiniones
1226 3493 1490 3548 distrahit.
1524 3496 1745 3562 Quidam
1777 3500 1917 3553 enim
1948 3516 2046 3554 no—

467 3577 585 3631 lunt
611 3595 637 3630 a
674 3579 911 3634 Possidio
933 3622 947 3644 ,
987 3598 1107 3635 cum
1144 3586 1488 3653 Augustinum
1520 3603 1686 3641 annos
1710 3591 2042 3660 septuaginta

470 3684 564 3724 sex
592 3671 787 3726 vixisse
824 3674 1038 3739 scribit,
1068 3675 1231 3743 ipsius
1259 3692 1425 3730 annos
1460 3693 1554 3745 per
1599 3681 1901 3733 consulatus
1944 3698 2043 3735 nu-

471 3761 698 3824 merari;
746 3770 798 3815 et
836 3778 929 3830 pro
968 3764 1137 3831 primo
1176 3780 1315 3817 anno
1348 3766 1482 3819 sumi
1523 3769 1772 3836 temporis
1815 3770 2042 3839 spatium

469 3851 610 3920 quod
639 3853 704 3907 ab
734 3853 902 3906 idibus
929 3855 1228 3908 novembris
1254 3856 1319 3909 ad
1362 3855 1615 3912 kalendas
1647 3859 1916 3927 januarias
1936 3903 1949 3925 ,
1982 3878 2043 3917 ac

468 3958 565 4011 pro
614 3944 796 3996 ultimo
842 3960 1012 4007 anno,
1050 3946 1109 3998 'id
1155 3946 1294 4014 quod
1336 3963 1366 4001 a
1408 3946 1647 4003 kalendis
1686 3952 1939 4019 januariis
1976 3956 2043 4008 ad

469 4033 707 4101 quintum
733 4032 982 4089 kalendas
1008 4038 1211 4105 augusti
1238 4038 1553 4093 extenditur.
1577 4039 1663 4095 Sic
1692 4045 2043 4111 Augustinum

468 4132 649 4177 natum
672 4138 788 4177 esse
816 4126 1139 4181 contendunt
1168 4126 1338 4182 idibus
1362 4132 1663 4185 novembris
1692 4133 1815 4186 anni
1841 4144 2045 4188 trecen-

470 4218 641 4272 tesimi
667 4219 1080 4289 quinquagesimi
1102 4221 1302 4289 quinti;
1330 4236 1639 4278 conversum
1670 4240 1809 4279 anno
1837 4236 2043 4282 trecen-

468 4311 659 4362 tesimo
694 4310 1018 4379 octogesimo
1036 4312 1261 4381 septimo
1280 4353 1294 4377 ,
1325 4313 1639 4382 baptizatum
1667 4332 1805 4370 anno
1833 4328 2039 4372 trecen-

471 4400 659 4454 tesimo
703 4402 1025 4471 octogesimo
1054 4412 1275 4468 octavo;
1306 4415 1359 4459 et
1393 4422 1452 4459 re
1479 4407 1588 4476 ipsa
1620 4408 1813 4463 vixisse
1837 4426 2036 4477 annos,

471 4506 574 4543 non
604 4493 930 4563 septuaginta
961 4509 1052 4548 sex
1072 4535 1086 4558 ,
1130 4496 1223 4550 sed
1258 4498 1585 4565 septuaginta
1623 4510 1859 4567 quatuor,
1890 4502 2037 4569 adje-

468 4581 568 4633 ctis
598 4596 755 4649 super
780 4598 967 4637 novem
993 4593 1081 4637 aut
1105 4585 1286 4639 decem
1315 4588 1600 4641 mensibus.
1618 4588 1809 4643 Volunt
1827 4591 1915 4645 alii
1936 4594 2042 4647 Au-

465 4674 732 4743 gustinum
767 4675 817 4728 in
846 4676 979 4730 libro
1007 4677 1117 4730 sive
1139 4688 1322 4731 contra
1342 4679 1686 4734 Academicos
1709 4683 1863 4736 tertio
1882 4725 1895 4747 ,
1925 4685 2041 4741 sive

474 4764 882 4835 Soliloquiorum
910 4768 1077 4835 primo
1095 4807 1110 4833 ,
1135 4762 1305 4821 annos
1329 4783 1453 4823 suos
1495 4779 1693 4823 tantum
1735 4773 2003 4830 absolutos
2021 4818 2035 4841 ,

468 4872 574 4911 non
606 4865 782 4910 autem
818 4856 1090 4913 inchoatos
1124 4874 1424 4914 numerare.
1453 4859 1540 4915 Sic
1565 4876 1685 4916 eum
1716 4873 1893 4917 natum
1921 4881 2040 4922 esse

465 4964 605 5004 anno
633 4951 998 5005 trecentesimo
1021 4952 1453 5023 quinquagesimo
1474 4964 1661 5023 quarto
1681 4995 1694 5019 ,
1725 4970 2037 5012 conversum

469 5057 627 5112 porro
666 5059 768 5097 non
801 5042 965 5098 fuisse
1011 5044 1109 5097 nisi
1153 5059 1291 5097 anno
1318 5047 1687 5099 trecentesimo
1716 5050 2039 5119 octogesimo

468 5134 725 5203 septimo,
748 5150 848 5189 nec
869 5134 1186 5203 baptizatum
1214 5134 1312 5188 nisi
1340 5150 1478 5189 anno
1504 5138 1873 5192 trecentesimo
1894 5150 2039 5194 octo-

467 5224 668 5294 gesimo
694 5234 879 5280 octavo
896 5267 910 5291 ,
962 5226 1232 5295 trigesimo
1258 5227 1415 5280 tertio
1457 5228 1627 5281 artatis
1652 5231 1862 5298 expleto
1882 5271 1895 5295 ,
1937 5233 2037 5287 hoc

468 5326 582 5380 est,
618 5315 885 5386 trigesimo
921 5327 1108 5386 quarto
1148 5317 1409 5372 inchoato.
1454 5317 1683 5387 Utraque
1724 5320 1837 5376 haec
1861 5323 2037 5391 opinio

468 5407 706 5478 profecto
737 5410 841 5463 vim
888 5409 1044 5463 infert
1080 5410 1253 5464 verbis
1278 5411 1553 5479 Augustini
1588 5420 1678 5464 aut
1702 5411 1950 5477 Possidii;
1982 5422 2039 5467 ut

467 5499 644 5554 dicere
679 5516 929 5569 cogamur
966 5500 1287 5565 P0ssidium,
1318 5503 1405 5570 qui
1446 5517 1545 5555 una
1584 5516 1702 5555 cum
1747 5505 2037 5573 Augustino

468 5594 809 5663 quadraginta
839 5608 1093 5645 annorum
1124 5602 1330 5660 tempus
1370 5594 1624 5657 traduxit,
1656 5596 1845 5663 quique
1874 5597 2035 5663 ipsius

470 5691 676 5735 aetatem
723 5683 788 5736 ab
825 5696 890 5736 eo
928 5682 1041 5735 solo
1070 5692 1377 5750 acceperat,
1406 5683 1547 5737 illam
1586 5694 1759 5738 tamen
1800 5687 1951 5739 aliter
1976 5703 2036 5742 ac

469 5774 641 5847 ipsum
680 5776 1029 5847 Augustinum
1057 5776 1458 5846 computavisse.
1486 5778 1593 5833 Nec
1620 5780 1761 5833 enim
1785 5781 2033 5850 Augusti-

1647 364 1807 421 VITA
1845 364 1902 421 S.
1944 361 2308 420 AUGUSTINI
2349 363 2665 421 EPISCOPI.

3635 362 3740 419 120

2170 494 2299 543 nus,
2342 479 2384 533 si
2424 495 2592 534 annos
2632 494 2727 549 per
2752 479 2998 535 consules
3038 487 3279 547 notaret,
3318 478 3480 534 libros
3516 494 3641 536 suos
3668 482 3738 536 de

2167 571 2530 639 Academicis,
2564 587 2745 627 mense
2792 572 3063 627 novembri
3102 574 3464 643 conscriptos,
3508 587 3734 642 repone-

2167 672 2245 717 ret
2291 679 2429 717 anno
2477 666 2645 718 aetatis
2690 679 2798 719 sum
2851 666 3120 734 trigesimo
3162 666 3349 729 tertio;
3397 680 3496 719 nec
3534 666 3735 735 pariter

2165 753 2334 807 eidem
2362 770 2499 807 anno
2528 754 2849 809 adscriberet
2869 755 3033 823 ipsam
3059 765 3283 809 mortem
3307 755 3589 817 Monnicae,
3617 772 3735 824 quze

2164 853 2268 899 tam
2293 846 2447 915 longo
2470 854 2587 914 post
2610 855 2842 915 tempore
2862 846 3182 915 contigisset.
3208 846 3274 900 Et
3296 845 3341 900 si
3368 846 3593 901 absoluti
3621 856 3736 901 tan-

2164 945 2272 991 tum
2301 937 2440 992 illius
2463 936 2587 991 anni
2621 938 2879 991 numerati
2917 943 3069 1001 sunt,
3102 937 3149 991 ei
3175 938 3406 1006 quinque
3433 945 3488 992 et
3515 946 3731 1007 septua-

2161 1028 2301 1098 ginta
2334 1027 2453 1081 vita:
2495 1028 2648 1090 anni,
2692 1043 2795 1082 non
2836 1028 3044 1097 plures,
3076 1026 3232 1081 tribui
3259 1026 3575 1081 debuerunt.
3621 1027 3730 1081 0b-

2162 1133 2374 1174 servare
2402 1120 2575 1175 adhuc
2602 1120 2723 1175 licet
2759 1128 2942 1173 contra
2969 1119 3195 1187 priorem
3220 1120 3534 1173 sententiam
3555 1162 3567 1182 ,
3592 1119 3731 1175 haud

2160 1210 2321 1266 fuisse
2349 1213 2557 1281 quidem
2583 1212 2798 1266 omnino
2826 1211 3087 1277 insolens,
3118 1211 3483 1279 episcoporum
3512 1211 3657 1264 urbis
3684 1224 3734 1265 et

2110 1336 2113 1337 ν
2161 1304 2535 1372 imperatorum
2566 1318 2731 1356 annos
2777 1316 2869 1370 per
2897 1302 3202 1356 consulatus
3245 1316 3525 1355 numerare
3570 1300 3709 1367 (lice

2159 1392 2259 1446 hoc
2285 1391 2455 1461 ipsum
2474 1391 2833 1461 infrequenter
2851 1390 3137 1461 evenerit);
3161 1390 3298 1461 quod
3320 1391 3521 1445 scilicet
3545 1406 3729 1444 eorum

2158 1487 2355 1537 creatio
2400 1492 2453 1537 et
2496 1482 2669 1537 obitus
2715 1482 2765 1534 in
2804 1483 2934 1535 actis
2964 1481 3219 1553 publicis,
3261 1482 3449 1551 quibus
3484 1482 3729 1536 consules

2157 1582 2309 1627 erant
2336 1573 2583 1643 adscripti
2607 1614 2622 1638 ,
2650 1582 2977 1639 notarentur,
3001 1581 3054 1626 et
3083 1587 3280 1625 annum
3312 1572 3488 1625 nullus
3516 1572 3727 1640 ignora-

2157 1672 2254 1717 ret.
2278 1663 2390 1717 Non
2434 1664 2508 1717 sie
2538 1679 2696 1733 porro
2721 1663 2788 1717 de
2814 1673 2933 1716 ortu
2964 1662 3057 1715 ﬁlii
3086 1662 3363 1732 municipis
3391 1661 3728 1731 Tagastensis

2155 1753 2438 1807 admodum
2469 1754 2640 1807 tenuis
2668 1754 2969 1807 existimare
2998 1752 3139 1806 licet.
3159 1749 3310 1818 Quod
3336 1760 3539 1821 spectat
3564 1752 3633 1806 ad
3658 1753 3732 1805 al-

2156 1853 2321 1898 teram
2352 1845 2665 1898 sententiam
2687 1884 2701 1907 ,
2731 1844 2935 1897 tametsi
2966 1843 3229 1897 fatendum
3266 1852 3381 1910 est,
3421 1858 3542 1898 cum
3583 1844 3730 1913 quis-

2156 1939 2294 2006 piam
2338 1938 2530 1991 dicitur
2557 1953 2725 1992 annos
2767 1938 2976 2007 triginta
3009 1946 3115 1992 tres
3144 1946 3327 2003 natus,
3359 1938 3424 1991 de
3467 1937 3729 1993 inchoatis

2153 2036 2245 2081 aut
2272 2028 2523 2082 absolutis
2566 2028 2618 2081 id
2661 2043 2814 2098 posse
2858 2028 3108 2097 intelligi;
3136 2026 3579 2097 quemadmodum
3603 2043 3728 2081 cum

2154 2134 2305 2187 reges
2333 2134 2473 2173 anno
2499 2120 2670 2173 aetatis
2707 2118 2913 2173 decimo
2933 2128 3150 2188 quarto,
3185 2128 3407 2173 caeteros
3444 2128 3619 2173 autem
3648 2118 3729 2172 vi-

2112 2232 2115 2233 ν
2153 2210 2355 2277 gesimo
2396 2209 2582 2279 quinto
2621 2210 2701 2263 sui
2743 2209 2878 2279 juris
2922 2224 3041 2264 esse
3086 2208 3337 2275 dicimus,
3382 2210 3621 2277 quamvis
3649 2209 3729 2263 illi

2153 2320 2293 2358 anno
2341 2304 2548 2359 decimo
2590 2313 2781 2374 quarto
2830 2303 3105 2367 inchoato,
3137 2302 3220 2355 isti
3258 2309 3433 2357 autem
3477 2302 3731 2371 vigesimo

2152 2396 2337 2464 quinto
2381 2406 2567 2451 exacto
2614 2396 2666 2449 in
2710 2410 2858 2450 suam
2902 2394 3114 2448 tutelam
3145 2394 3397 2447 veniant:
3430 2402 3660 2447 attamen
3699 2409 3733 2448 δ

2153 2502 2278 2540 vero
2308 2502 2520 2556 prorsus
2533 2487 2761 2539 alienum
2784 2486 3009 2548 videtur,
3027 2484 3160 2538 hanc
3183 2483 3410 2537 nominis
3422 2484 3734 2553 ambiguita-

2155 2588 2257 2631 tem
2283 2578 2349 2631 ad
2375 2578 2550 2633 omnia
2576 2579 2689 2632 loca
2714 2619 2727 2642 ,
2756 2579 2808 2631 in
2833 2577 3021 2647 quibus
3045 2577 3214 2630 aetatis
3234 2592 3340 2630 suae
3364 2577 3604 2631 meminit
3622 2580 3734 2630 Au-

2150 2670 2391 2737 gustinus
2411 2709 2424 2731 ,
2457 2668 2777 2733 extendere;
2807 2677 2859 2723 et
2882 2667 2945 2721 ad
2968 2683 3089 2721 eum
3117 2668 3378 2736 praecipue
3404 2668 3575 2722 locum
3597 2709 3609 2731 ,
3638 2671 3731 2737 qui

2152 2759 2303 2811 nobis
2331 2759 2526 2827 regulae
2556 2759 2719 2812 instar
2744 2773 2861 2812 esse
2886 2758 3041 2812 debet
3061 2757 3127 2811 ad
3158 2757 3294 2811 illius
3323 2758 3569 2825 Baptismi
3595 2768 3731 2812 tem—

2153 2864 2251 2916 pus
2280 2848 2613 2903 statuendum
2645 2866 2657 2900 :
2688 2847 2783 2901 Die
2810 2865 2940 2901 nono
2959 2890 2973 2913 ,
3006 2849 3171 2916 inquit
3198 2847 3264 2901 de
3290 2858 3459 2901 matre
3480 2889 3493 2911 ,
3521 2849 3733 2918 aegritu-

2152 2938 2281 2991 dinis
2311 2954 2445 3003 aute,
2476 2940 2881 3009 quinquagesimo
2906 2948 2951 2991 et
2976 2949 3111 2992 sexto
3136 2955 3269 2991 anno
3294 2940 3456 2992 atatis
3474 2955 3580 2992 sum
3598 2981 3612 3005 ,
3637 2940 3733 2991 tri-

2150 3028 2335 3098 gesimo
2364 3038 2408 3081 et
2438 3029 2580 3082 tertio
2620 3030 2777 3082 (etatis
2807 3044 2960 3093 mete,
2990 3029 3159 3080 anima
3187 3028 3277 3093 illa
3314 3028 3548 3098 religiosa
3571 3037 3617 3081 et
3643 3031 3732 3098 pia

2150 3134 2356 3187 corpore
2382 3118 2544 3172 soluta
2564 3127 2634 3172 est
2660 3117 2831 3189 (Conf.
2861 3118 2949 3171 lib.
2990 3117 3045 3184 9,
3078 3134 3192 3188 cap.
3228 3119 3314 3185 H,
3342 3135 3394 3171 η.
3421 3118 3536 3189 28).
3558 3118 3732 3173 Nullze

2150 3209 2237 3265 hic
2258 3210 2540 3265 verborum
2564 3210 2829 3279 ambages.
2854 3209 3017 3263 Nemo
3043 3224 3154 3263 rem
3183 3226 3411 3281 unquam
3436 3210 3500 3264 ad
3524 3226 3727 3265 annum

2110 3358 2111 3361 η
2150 3302 2322 3355 aetatis
2342 3317 2450 3356 sua:
2476 3301 2800 3371 trigesimum
2830 3301 3041 3355 tertium
3066 3302 3263 3365 retulit,
3286 3311 3341 3354 ut
3361 3301 3734 3371 progrediente

2150 3394 2419 3464 trigesimo
2447 3405 2664 3464 quarto,
2698 3408 2864 3463 eoque
2904 3394 3019 3462 plus
3054 3392 3267 3447 dimidia
3300 3402 3449 3462 parte
3470 3394 3581 3463 jam
3607 3394 3727 3449 ela-

2150 3502 2245 3556 pso
2264 3528 2279 3552 ,
2310 3486 2549 3541 evenisse
2573 3500 2689 3538 eam
2720 3485 3057 3553 signiﬁcaret.
3087 3484 3214 3550 Quis
3248 3486 3407 3539 etiam
3443 3494 3591 3554 putet
3616 3488 3729 3538 Au-

2147 3578 2446 3647 gustinum,
2477 3592 2595 3629 cum
2625 3591 2684 3630 se
2712 3577 2834 3630 anni
2863 3576 3032 3629 aetatis
3072 3590 3181 3629 sum
3227 3574 3620 3643 undetrigesimi
3648 3573 3733 3627 hi-

2149 3670 2365 3723 storiam
2400 3683 2768 3737 aggressurum
2812 3668 2889 3722 sic
2928 3667 3162 3733 diceret,
3212 3666 3494 3735 Proloquar
3525 3667 3577 3718 in
3603 3682 3731 3718 cou-

2148 3771 2317 3830 spectu
2337 3760 2431 3814 Dei
2448 3762 2543 3814 mei
2569 3777 2755 3813 annum
2778 3760 2924 3813 illum
2956 3760 3393 3829 undetrigesimum
3417 3758 3575 3811 artatis
3605 3772 3733 3810 mete

2151 3851 2444 3923 (Ibid.,lib.
2477 3853 2539 3917 5,
2571 3869 2685 3921 cap.
2718 3852 2779 3917 5,
2811 3868 2862 3904 η.
2902 3852 2988 3915 5);
3022 3852 3347 3919 persuasisse
3376 3849 3510 3914 sibi,
3556 3848 3655 3901 hoc
3696 3862 3732 3900 δ

2148 3943 2258 3997 suis
2291 3943 2577 3996 lectoribus
2612 3942 2678 3995 de
2712 3943 2834 3995 anni
2865 3943 2945 3995 sui
2976 3941 3234 4010 trigesimi
3274 3940 3492 3993 historia
3535 3940 3734 3993 intelli-

2146 4035 2414 4104 gendum?
2451 4034 2601 4101 Quod
2628 4043 2804 4088 autem
2824 4034 3041 4100 scribit,
3072 4049 3129 4087 se
3153 4033 3359 4087 decimo
3381 4042 3531 4087 sexto
3554 4032 3733 4086 zelatis

2146 4143 2285 4181 anno
2320 4127 2734 4196 pubescentem,
2783 4125 2982 4180 libidini
3025 4125 3349 4193 luxuriaeque
3387 4139 3571 4193 parere
3608 4138 3733 4178 ca:-

2147 4221 2288 4289 pisse
2319 4217 2501 4291 (lbid.,
2526 4218 2611 4271 tib.
2642 4217 2678 4270 2
2698 4259 2712 4283 ,
2742 4234 2854 4287 cap.
2889 4217 2923 4270 2
2945 4257 2961 4281 ,
2993 4234 3046 4270 η.
3088 4215 3182 4286 2);
3215 4215 3349 4269 haud
3387 4216 3581 4270 scimus
3601 4256 3615 4281 ,
3652 4228 3729 4268 an

2146 4326 2426 4379 operosum
2479 4311 2546 4364 sit
2602 4310 2851 4376 credere,
2901 4308 3089 4363 Afrum
3131 4308 3519 4362 adolescentem
3566 4309 3731 4377 igneo

2144 4402 2305 4455 animi
2330 4402 2528 4472 vigore,
2559 4401 2622 4454 ad
2653 4401 2704 4454 id
2724 4401 2832 4469 jam
2858 4400 2984 4453 satis
3014 4399 3172 4453 fuisse
3200 4407 3353 4453 aetate
3376 4410 3681 4467 provectum
3710 4418 3725 4453 :

2145 4507 2443 4561 quanquam
2469 4492 2723 4556 videatur,
2753 4505 2855 4544 non
2882 4490 3143 4545 corruisse
3183 4490 3391 4559 penitus
3420 4491 3470 4543 in
3503 4491 3685 4544 vitium
3709 4533 3725 4555 ,

2146 4583 2245 4636 nisi
2286 4583 2599 4652 Carthagine
2628 4582 2812 4651 (lbid.,
2832 4582 2918 4637 lib.
2947 4583 2999 4648 5,
3028 4598 3140 4652 cap.
3170 4583 3242 4652 1),
3287 4582 3387 4637 hoc
3423 4590 3533 4648 est,
3578 4598 3731 4637 anno

2144 4674 2313 4728 anatis
2334 4690 2443 4728 sua:
2470 4674 2675 4728 decimo
2704 4676 2948 4744 septimo.

2215 4770 2267 4823 5.
2309 4769 2439 4823 Cum
2464 4769 2582 4823 duae
2623 4770 2779 4839 igitur
2803 4769 3077 4823 sententia:
3102 4770 3154 4823 in
3182 4777 3352 4824 tantas
3379 4768 3726 4824 difﬁcultates

2144 4846 2430 4928 incuirant,
2455 4872 2509 4915 ut
2532 4862 2619 4931 qui
2648 4877 2803 4915 unam
2830 4870 3140 4931 sequuntur,
3159 4862 3376 4916 alteram
3390 4864 3440 4915 vi
3458 4862 3729 4918 detortam

2143 4962 2197 5006 et
2224 4953 2440 5005 omnino
2468 4952 2865 5020 improbabilem
2891 4952 3221 5015 existiment;
3247 4952 3373 5005 nihil
3401 4953 3608 5007 obstare
3642 4957 3729 5007 vi-

2143 5042 2314 5106 detur,
2343 5043 2620 5111 quominus
2644 5050 2841 5095 stemus
2868 5042 3142 5110 Augustini
3170 5042 3342 5096 verbis
3360 5084 3375 5107 ,
3406 5053 3459 5097 et
3486 5043 3601 5111 ipso
3628 5060 3727 5097 as-

2143 5143 2351 5188 serente
2378 5148 2721 5203 agnoscamus
2748 5132 3043 5187 Monnicam
3071 5134 3211 5189 diem
3250 5135 3443 5190 obiisse
3460 5174 3477 5200 ,
3504 5136 3729 5205 quando

2143 5228 2255 5294 ipse
2282 5226 2332 5279 in
2365 5226 2591 5278 Atticam
2620 5225 2861 5290 rediens,
2893 5227 3217 5281 instaurabat
3256 5242 3315 5281 se
3359 5229 3677 5296 navigationi
3707 5246 3722 5294 ;

2143 5332 2241 5371 nec
2266 5317 2389 5370 inde
2414 5314 2703 5371 inferamus
2732 5318 2876 5371 illum
2903 5316 3081 5371 statim
3108 5318 3175 5371 ab
3203 5318 3349 5371 obitu
3378 5319 3560 5371 matris
3590 5333 3725 5386 per-

2143 5410 2331 5464 fecisse
2359 5410 2477 5477 iter,
2508 5411 2788 5479 navimque
2814 5410 3214 5475 conscendisse;
3244 5426 3365 5465 cum
3407 5410 3459 5464 id
3498 5411 3725 5467 minime

2141 5511 2361 5557 asserat.
2392 5502 2571 5572 Neque
2597 5519 2721 5559 vero
2748 5503 2933 5557 aliena:
2971 5512 3094 5556 sunt
3124 5517 3152 5555 a
3198 5501 3584 5556 narrationibus
3612 5503 3725 5555 hu-

2138 5595 2429 5663 juscemodi
2461 5596 2707 5665 loquendi
2734 5595 2970 5649 formula:
3009 5611 3021 5647 :
3069 5595 3556 5657 Proliciscebamur,
3587 5612 3716 5649 cum

2143 5688 2241 5742 iste
2261 5688 2502 5751 advenit;
2533 5690 2840 5757 parabamus
2870 5703 2965 5741 nos
2990 5688 3184 5741 itineri.
3212 5692 3383 5757 Atque
3414 5689 3464 5742 id
3494 5690 3715 5757 quidem

2145 5781 2357 5837 videtur
2386 5782 2452 5837 ad
2489 5796 2677 5839 munus
2713 5781 3140 5852 diligentiamque
3171 5781 3404 5837 historici
3429 5793 3673 5853 Spectari:
3699 5823 3718 5852 ,
