3994 6352
277 299 375 357 121

279 429 335 472 ut
375 425 670 471 memorata
695 430 787 481 re,
814 431 934 486 qua:
957 425 1116 486 capto
1152 413 1374 470 consilio
1412 428 1612 468 moram
1644 415 1849 480 attulit,

275 512 469 565 doceat
505 524 717 578 quoque
760 508 982 562 subinde
1020 507 1309 561 dilatumue
1343 507 1737 571 tantummodo,
1787 524 1851 562 an

273 607 491 662 omnino
530 604 843 658 dissolutum
873 603 1148 656 consilium
1176 601 1348 655 fuerit.
1379 602 1481 655 Sed
1520 603 1850 670 perspicuum

272 707 354 752 est
392 694 676 765 Augustini
721 693 1045 762 propositum
1085 709 1186 745 non
1227 692 1416 759 fuisse,
1447 707 1512 746 eo
1539 707 1704 760 usque
1731 692 1851 745 vitae

269 805 377 844 sua:
408 787 687 840 historiam
716 785 765 838 in
795 785 963 855 prima
1006 781 1405 837 Confessionum
1449 797 1660 836 suarum
1703 792 1850 852 parte

271 882 565 952 perducere
597 898 610 933 :
643 878 744 933 hoc
774 878 906 932 forte
936 877 1104 930 solum
1134 875 1317 930 eratin
1344 877 1541 940 animo,
1563 884 1618 929 ut
1642 875 1708 929 ad
1731 875 1848 928 lau-

268 974 384 1027 dem
414 972 604 1040 gloria:
634 971 815 1039 gratia:
864 969 955 1022 Dei
997 969 1046 1022 in
1077 968 1310 1020 omnium
1342 977 1608 1036 aspectum
1641 966 1846 1036 profer-

267 1075 344 1117 ret
387 1078 518 1116 suos
551 1061 716 1130 ipsius
765 1074 940 1113 mores
973 1058 1039 1111 ab
1073 1057 1286 1111 infantia
1340 1056 1407 1111 ad
1445 1058 1844 1112 conversionem

266 1170 411 1208 suam
442 1164 495 1207 et
518 1152 846 1222 Baptismum
873 1168 884 1202 :
910 1166 1012 1219 quo
1039 1150 1094 1203 fit
1115 1158 1174 1203 ut
1202 1158 1409 1203 narrata
1437 1149 1621 1203 matris
1651 1158 1841 1216 morte,

265 1263 327 1300 ne
357 1245 589 1300 verbum
612 1243 823 1313 quidem
850 1241 917 1295 de
945 1256 1040 1295 suo
1067 1240 1288 1294 Romam
1315 1239 1485 1293 reditu
1510 1233 1692 1303 faciat;
1723 1240 1845 1294 licet

262 1353 378 1390 eum
420 1333 732 1404 aliquandiu
781 1335 966 1387 Romae
1015 1330 1339 1392 substitisse,
1385 1339 1438 1384 et
1489 1331 1688 1399 aliquot
1736 1330 1844 1384 illic

261 1431 540 1497 scripsisse
569 1429 734 1482 libros
764 1427 814 1480 in
842 1425 1086 1480 confesso
1125 1426 1193 1478 sit
1234 1422 1481 1493 (Retract.
1519 1424 1605 1477 lib.
1641 1425 1690 1487 1,
1723 1441 1838 1494 cap.

263 1521 387 1588 7-9).
422 1507 596 1586 Quid',
626 1518 766 1588 quod
798 1533 894 1570 nos
926 1517 1035 1584 ipse
1056 1515 1338 1581 admonet,
1369 1529 1426 1568 se
1453 1515 1670 1567 multum
1695 1513 1840 1568 festi-

261 1623 472 1664 nantem
502 1610 671 1663 multa
701 1608 915 1661 silentio
936 1609 1207 1674 praeterire
1233 1604 1406 1674 (Conf.
1433 1603 1519 1657 lib.
1548 1604 1599 1664 9.
1625 1621 1736 1674 cap.
1769 1604 1802 1658 8
1821 1647 1835 1670 ,

259 1721 309 1758 η.
336 1703 463 1771 l7)?
491 1703 620 1772 Ejus
648 1702 807 1770 igitur
826 1700 1000 1754 verbis
1023 1699 1318 1751 nullatenus
1340 1696 1696 1757 adversamur,
1717 1712 1836 1750 cum

259 1811 376 1849 eum
404 1803 615 1848 mortua
638 1803 809 1846 matre
832 1790 1105 1845 consilium
1134 1791 1184 1842 in
1203 1787 1431 1843 Africani
1451 1788 1718 1842 remeandi
1736 1788 1839 1842 dis-

259 1887 476 1949 tulisse,
505 1897 561 1940 et
611 1893 824 1952 postero
862 1882 1032 1935 solum
1088 1896 1225 1933 anno
1266 1879 1548 1948 perfecisse
1591 1879 1833 1934 dicimus.

255 1977 466 2043 Quibus
482 1990 635 2044 porro
656 1973 723 2027 de
743 1972 917 2027 causis
941 1971 1200 2024 distulerit
1227 1970 1367 2039 (quze
1397 1970 1575 2023 inultae
1601 1984 1719 2024 esse
1745 1985 1836 2038 po-

257 2065 500 2134 tuerunt)
521 2107 536 2128 ,
579 2079 675 2118 nos
721 2063 879 2127 latet;
911 2062 1061 2115 nobis
1085 2077 1204 2114 eum
1237 2061 1468 2130 potuisse
1491 2059 1700 2114 diﬂ‘erre
1729 2060 1836 2112 suf-

254 2157 361 2210 ficit
393 2175 406 2209 :
437 2170 738 2225 quanquam
779 2152 1084 2207 dilationem
1131 2160 1185 2205 et
1229 2167 1432 2204 moram
1483 2151 1581 2220 ipsi
1619 2151 1830 2204 allatam

251 2267 366 2304 esse
387 2251 579 2304 suadet
603 2250 739 2303 ratio
764 2263 868 2302 non
895 2248 1044 2302 levis.
1075 2245 1267 2300 Scribit
1294 2245 1434 2298 enim
1465 2258 1550 2308 se,
1578 2259 1696 2320 cum
1722 2258 1832 2296 ma-

251 2354 329 2398 ter
358 2345 409 2396 in
440 2344 690 2396 morbum
735 2340 951 2404 incidit,
997 2340 1158 2394 Ostiae
1202 2337 1392 2404 fuisse,
1422 2337 1512 2392 ubi
1544 2347 1658 2405 post
1691 2337 1829 2406 longi

249 2435 450 2488 itineris
488 2433 729 2487 laborem
758 2433 897 2486 vires
929 2431 1196 2486 reficiebat
1227 2431 1530 2498 priusquam
1562 2429 1613 2481 in
1643 2443 1828 2482 navem

247 2524 634 2578 conscenderet
676 2541 687 2574 :
731 2521 1144 2576 Instaurabamus
1182 2537 1300 2584 nos,
1371 2520 1474 2583 ait,
1529 2520 1830 2588 navigationi

246 2612 443 2683 (Ibid.,
466 2630 586 2681 cap.
622 2613 710 2677 10,
737 2631 789 2666 η.
812 2613 923 2682 25).
952 2612 1110 2680 Igitur
1146 2611 1209 2664 ad
1241 2610 1385 2664 Ostia
1426 2610 1669 2664 Tiberina
1695 2625 1826 2664 eon-

246 2705 523 2772 quiescens
547 2746 562 2768 ,
608 2703 815 2757 itineris
844 2703 1050 2764 labore,
1097 2715 1254 2770 quem
1295 2700 1587 2753 Mediolano
1617 2701 1827 2754 rediens

251 2795 585 2860 toleraverat,
605 2792 1003 2863 supersedebat.
1027 2793 1104 2846 Ac
1131 2795 1208 2846 sic
1244 2791 1477 2861 profecto
1504 2793 1683 2846 Roma:
1721 2806 1824 2845 non

251 2894 448 2938 tantum
477 2885 735 2953 temporis
767 2891 1124 2938 commoratus
1149 2891 1290 2946 erat,
1317 2892 1566 2952 quantum
1597 2891 1678 2936 sat
1708 2897 1826 2936 esse

256 2986 432 3046 posset
468 2976 532 3029 ad
570 2976 671 3029 ttia
719 2975 832 3030 sive
861 2986 1084 3045 quatuor
1125 2976 1372 3042 opuscula
1395 3017 1409 3040 ,
1439 2990 1556 3044 qum
1597 2975 1667 3028 ibi
1709 2982 1826 3043 post

254 3066 572 3136 Baptismum
595 3067 780 3130 edidit,
815 3066 1192 3120 eonscribenda
1216 3065 1459 3136 (lietract.
1489 3065 1576 3118 lib.
1612 3067 1634 3119 1
1661 3107 1675 3130 ,
1707 3081 1820 3136 cap.

251 3155 378 3229 7-9).
411 3155 752 3225 Quapropter
779 3159 892 3225 ejus
920 3157 971 3209 iu
1009 3155 1145 3210 Urbe
1173 3157 1518 3210 commoratio
1543 3171 1647 3210 non
1675 3167 1818 3223 ante,

245 3246 329 3300 sed
360 3256 482 3314 post
513 3246 720 3300 obitum
756 3247 940 3300 matris
965 3245 1267 3317 reponenda
1307 3254 1420 3309 est;
1461 3254 1512 3300 et
1555 3245 1820 3300 fatendum

243 3337 507 3406 quidpiam
556 3337 604 3390 ei
653 3335 816 3390 fuisse
861 3336 1262 3404 impedimento,
1292 3335 1571 3404 quominus
1597 3336 1648 3388 in
1677 3335 1819 3390 Afri-

241 3443 350 3482 cam
378 3439 490 3482 tam
539 3429 650 3482 cito
676 3438 958 3482 remearet.
993 3427 1059 3480 Et
1093 3441 1218 3480 vero
1256 3441 1358 3480 non
1405 3425 1820 3495 improbabiliter

237 3517 333 3572 dici
363 3528 583 3587 posset,
618 3519 913 3572 Mounicam
949 3519 1049 3571 sub
1074 3517 1276 3570 initium
1305 3516 1610 3569 novembris
1645 3531 1676 3570 e
1713 3518 1817 3572 vita

238 3611 492 3679 migrasse
511 3651 528 3674 ,
552 3626 653 3680 per
671 3610 786 3678 ejus
816 3609 1015 3663 obitum
1040 3609 1356 3662 destinatam
1378 3607 1716 3677 profectionis
1735 3624 1817 3665 oc-

238 3704 506 3758 casionem
540 3703 834 3772 Augustino
863 3701 1154 3766 excidisse,
1184 3701 1380 3754 nullam
1401 3702 1592 3757 deinde
1616 3718 1814 3772 oppor-

238 3803 410 3847 tunam
442 3795 658 3862 reliquo
683 3808 823 3846 anno
869 3809 927 3846 se
972 3793 1258 3856 obtulisse;
1301 3802 1391 3846 aut
1428 3808 1548 3847 eum
1580 3794 1688 3863 jam
1717 3794 1814 3848 ad-

234 3898 382 3937 verso
409 3893 658 3952 tempore
681 3897 744 3936 ac
767 3881 958 3936 infesto
982 3882 1114 3936 mari
1141 3883 1383 3953 navigare
1404 3884 1670 3949 noluisse;
1700 3893 1814 3938 tan-

234 3977 350 4030 dem
373 3992 520 4030 anno
555 3976 796 4045 sequenti
835 3975 1146 4044 quibusdam
1187 3975 1253 4028 de
1290 3975 1461 4028 causis
1489 3991 1609 4030 eum
1637 3975 1813 4032 adhuc

233 4066 301 4121 ad
327 4082 562 4121 mensem
599 4077 880 4136 augustum
923 4066 1102 4119 Romae
1132 4064 1291 4120 fuisse
1328 4065 1613 4120 detentum.
1646 4066 1810 4121 Porro

230 4158 622 4226 navigationem
672 4173 702 4210 a
759 4157 913 4211 tertio
965 4157 1080 4210 idus
1121 4157 1423 4211 novembris
1470 4158 1808 4213 interclusam

225 4246 393 4302 fuisse
419 4248 648 4317 legimus
673 4265 685 4300 :
712 4256 767 4301 et
803 4246 914 4316 ipse
939 4246 1218 4301 Gratianus
1244 4247 1405 4300 edixit
1429 4262 1570 4301 anno
1598 4257 1808 4304 trecen-

225 4341 418 4393 tesimo
437 4339 790 4409 octogesimo,
817 4348 870 4392 ut
893 4353 1069 4402 naves,
1099 4353 1217 4408 qum
1238 4337 1553 4391 frumentum
1584 4338 1806 4393 Romam

223 4434 567 4489 advehebant
590 4474 604 4496 ,
637 4449 740 4486 non
765 4433 900 4485 ultra
922 4431 1040 4485 idus
1067 4430 1300 4486 octobris
1323 4430 1570 4501 deinceps
1595 4446 1625 4485 e
1657 4443 1808 4500 portu

223 4525 566 4576 solverentur
581 4520 728 4593 (Cod.
755 4520 944 4575 Tlieod.
971 4520 1106 4590 Gotf.
1125 4530 1244 4574 (om.
1262 4521 1316 4586 5,
1340 4537 1486 4591 pagg.
1512 4521 1633 4586 107,
1660 4521 1802 4594 108).

226 4615 340 4686 Ipsa
368 4615 538 4668 etiam
571 4614 822 4682 temporis
865 4613 1082 4667 historia
1108 4612 1440 4667 commodam
1465 4613 1595 4669 satis
1621 4614 1804 4683 conje-

222 4717 428 4759 cturam
457 4705 618 4759 nobis
643 4703 968 4773 suppeditat,
993 4719 1055 4758 ex
1081 4719 1180 4772 qua
1205 4703 1452 4773 colligere
1473 4705 1654 4770 liceat,
1678 4705 1802 4775 quid

224 4799 582 4869 Augustinum
612 4799 792 4852 Romae
818 4797 884 4851 ad
912 4811 1091 4851 necem
1125 4811 1288 4866 usque
1313 4796 1521 4851 Maximi
1550 4797 1803 4853 distinere

222 4892 471 4957 potuerit.
505 4890 619 4944 Hoc
639 4891 753 4958 ipso
772 4889 912 4943 enim
933 4903 1071 4942 anno
1093 4888 1461 4943 trecentesimo
1480 4889 1800 4958 octogesimo

223 4985 450 5051 septimo
484 4993 739 5052 tyrannus
765 4982 852 5035 ille
873 4981 1012 5034 circa
1041 4995 1278 5034 mensem
1307 4989 1582 5049 augustum
1614 4979 1802 5048 irrupit

223 5072 271 5124 in
299 5073 507 5126 italiam
527 5113 540 5136 ,
569 5080 626 5127 et
661 5073 812 5141 pulso
833 5087 898 5125 ex
917 5086 979 5124 ea
1005 5070 1369 5124 Valentiniano
1389 5110 1403 5134 ,
1445 5069 1672 5124 Africam
1703 5085 1798 5138 pa-

224 5165 350 5217 riter
377 5163 692 5231 occupavit,
723 5171 856 5216 teste
882 5161 1089 5214 Pacato.
1118 5161 1259 5215 Fieri
1284 5175 1409 5230 ergo
1429 5159 1580 5215 facile
1608 5161 1793 5228 potuit,

226 5259 277 5304 ut
308 5253 635 5322 Augustinus
655 5251 723 5306 de
749 5251 830 5304 his
857 5251 1050 5306 certior
1075 5249 1267 5314 factus,
1295 5264 1413 5304 cum
1443 5252 1507 5303 ad
1534 5250 1678 5304 Ostia
1704 5249 1795 5303 Ti-

225 5345 405 5397 berina
438 5354 654 5414 propter
682 5343 884 5398 obitum
914 5343 1094 5396 matris
1119 5342 1460 5402 detineretur,
1489 5352 1688 5397 mutato
1707 5358 1796 5397 su-

223 5435 377 5490 binde
401 5437 651 5502 consilio,
679 5437 836 5505 hujus
865 5435 1116 5489 tumultus
1147 5435 1342 5488 exitum
1365 5435 1590 5502 opperiri
1612 5435 1793 5489 Roma:

223 5527 492 5589 statuerit,
522 5527 606 5580 ubi
634 5542 663 5579 a
693 5526 862 5580 civilis
889 5527 1010 5580 belli
1040 5524 1276 5578 cladibus
1304 5526 1480 5591 tutior,
1511 5539 1666 5594 quam
1695 5525 1793 5579 Ta-

223 5630 406 5686 gastae,
435 5619 626 5690 degere
669 5627 894 5688 poterat.
919 5618 1050 5672 Hinc
1078 5618 1235 5683 satis,
1265 5617 1562 5686 opinamur,
1591 5619 1792 5689 perspi-

220 5723 374 5765 cuum
402 5720 489 5766 est
511 5713 710 5767 nullam
739 5711 956 5766 subesse
985 5725 1194 5766 causam
1212 5751 1226 5778 ,
1253 5724 1371 5780 quae
1393 5709 1566 5779 exigat
1592 5708 1648 5762 iit
1675 5711 1787 5764 Au-

1610 296 1811 352 LIBER
1851 300 2224 359 SECUNDUS.

3434 319 3538 375 122

1961 415 2154 484 gustiui
2198 425 2250 472 et
2301 417 2525 474 Possidii
2565 422 2724 478 verba
2770 424 3175 498 detorqueamus
3216 444 3246 484 a
3281 447 3534 503 germano

1959 517 2117 558 sensu
2148 524 2161 560 :
2192 508 2316 576 quin
2361 510 2516 564 etiam
2559 512 2762 582 aliquot
2788 531 2891 569 non
2916 517 3102 573 deesse
3127 521 3356 576 rationes
3375 563 3392 591 ,
3417 541 3531 594 qua:

1960 608 2056 648 nos
2081 610 2109 648 a
2139 607 2457 666 praepostera
2499 601 2586 655 illa
2630 601 3065 673 interpretatione
3106 623 3370 667 revocent.
3399 615 3528 670 Nam

1955 684 2001 740 si
2045 689 2439 743 conversionem
2489 694 2762 760 Augustini
2803 695 3078 753 referimus
3106 699 3156 753 in
3184 717 3378 756 annum
3427 716 3528 758 tre-

1955 780 2300 834 centesimum
2340 785 2718 852 octogesimum
2746 789 3026 856 septimum
3050 833 3064 855 ,
3087 792 3262 848 dicere
3283 811 3527 866 cogemur

1955 883 2075 922 eum
2107 885 2200 924 suo
2225 872 2276 926 in
2302 888 2512 929 secessu
2543 877 2649 930 ruri
2683 894 2846 947 prope
2870 879 3220 938 Mediolanum
3262 885 3525 943 habitasse

1953 958 2043 1012 illo
2072 960 2186 1029 ipso
2229 971 2462 1032 tempore
2483 1006 2497 1029 ,
2526 981 2631 1034 quo
2656 968 2948 1037 Maximus,
2978 983 3032 1026 ut
3073 986 3278 1028 constat
3301 994 3366 1032 ex
3395 989 3520 1032 tem-

1950 1051 2093 1120 poris
2121 1052 2256 1108 illius
2286 1054 2501 1111 historia
2519 1098 2534 1124 ,
2557 1069 2795 1114 cunctam
2819 1062 3017 1116 Italiam
3040 1065 3347 1132 iuvadebat,
3373 1079 3422 1122 et
3459 1088 3519 1125 cx

1949 1156 2009 1196 ea
2025 1141 2444 1200 Valentinianum
2459 1162 2520 1201 ex
2528 1150 2768 1216 pellebat,
2789 1152 2888 1206 hoc
2903 1164 2982 1206 est
3005 1154 3058 1209 in
3073 1157 3244 1209 medio
3264 1158 3383 1212 belli
3410 1170 3519 1214 tur-

1947 1231 2098 1297 bine,
2125 1234 2214 1302 qui
2245 1249 2348 1288 non
2381 1237 2658 1292 immanius
2687 1241 2805 1294 alibi
2827 1283 2840 1306 ,
2871 1258 3027 1312 quam
3065 1246 3115 1298 in
3146 1246 3517 1304 Mcdiolanrnsi

1948 1329 2112 1376 tractu
2144 1324 2398 1379 fremebat
2425 1344 2436 1378 :
2467 1329 2659 1396 quippe
2699 1345 2819 1385 cum
2855 1332 3161 1402 Imperatori
3192 1336 3514 1392 domicilium

1945 1426 2008 1466 ac
2033 1413 2210 1467 sedem
2233 1417 2468 1485 praebere
2488 1418 2836 1475 Mediolanum
2858 1425 3077 1479 soleret.
3108 1427 3222 1494 Quo
3250 1428 3307 1481 fit
3327 1471 3339 1490 ,
3369 1440 3425 1482 ut
3453 1448 3517 1486 ex

1944 1501 2208 1558 Ambrosii
2237 1508 2409 1562 verbis
2437 1509 2608 1578 colligi
2641 1511 2894 1567 Baronius
2933 1515 3236 1583 arbitretur,
3263 1520 3510 1574 Mediola-

1945 1608 2136 1648 nenses
2159 1596 2302 1650 cives
2334 1607 2458 1654 tunc
2479 1599 2544 1654 de
2568 1600 2688 1672 fuga
2711 1605 2971 1672 cogitasse
2993 1605 3293 1678 (Baronius,
3330 1611 3398 1664 ad
3423 1628 3511 1665 an-

1941 1701 2076 1738 num.
2103 1687 2224 1751 587,
2249 1706 2299 1742 η.
2329 1689 2441 1761 62).

2013 1779 2066 1832 Δ.
2107 1778 2240 1835 Cum
2277 1783 2599 1853 Augustinus
2654 1784 2977 1856 Baptismum
3021 1792 3287 1860 suscepit,
3333 1807 3502 1848 annus

1939 1869 2312 1928 intercesserat
2341 1884 2433 1929 aut
2458 1877 2705 1946 amplius,
2733 1895 2797 1933 ex
2833 1896 2937 1954 quo
2964 1883 3295 1940 Psalmorum
3326 1887 3378 1940 in
3415 1903 3504 1942 ec-

1937 1961 2096 2014 clesia
2122 1962 2496 2020 Mcdiolanensi
2527 1968 2814 2022 modulatio
2842 1982 3108 2040 cmperat;
3155 1990 3275 2029 eum
3318 1977 3503 2032 videli-

1937 2058 2021 2103 cet
2044 2049 2249 2106 Justina
2273 2052 2623 2111 Valentiniani
2654 2060 2792 2128 regis
2835 2062 2980 2128 pueri
3003 2073 3170 2118 mater
3188 2065 3255 2119 ab
3293 2066 3504 2124 Arianis

1937 2141 2153 2196 seducta
2228 2159 2632 2216 persequeretur
2693 2151 3030 2206 Ambrosium
3082 2153 3101 2225 (
3126 2155 3504 2225 Confessiouum

1935 2231 2025 2284 lib.
2055 2233 2110 2298 9,
2140 2249 2252 2298 cap.
2289 2236 2340 2288 7.
2371 2253 2423 2289 η.
2459 2238 2577 2308 15).
2606 2239 2754 2294 Unde
2779 2241 3213 2299 Baroniusiufert
3240 2247 3383 2302 illum
3407 2251 3502 2303 ba-

1934 2322 2180 2390 ptizatum
2209 2323 2369 2380 fuisse
2397 2341 2535 2386 anno
2567 2339 2686 2396 post
2729 2330 2967 2387 sedatam
2996 2333 3133 2388 hanc
3161 2340 3494 2405 persecutio-

1932 2427 2053 2466 nem
2081 2414 2321 2482 proximo
2351 2415 2633 2486 (Duronius
2657 2461 2671 2486 ,
2700 2421 2767 2473 ad
2804 2438 2991 2476 annuat
3029 2425 3162 2490 588,
3189 2443 3242 2479 η.
3275 2427 3342 2482 74
3431 2431 3497 2482 Et

1933 2513 2076 2559 recte
2119 2506 2349 2575 quidem,
2401 2519 2456 2563 ut
2502 2510 2824 2580 Baptismum
2863 2515 3137 2584 Augustini
3183 2534 3500 2588 reponamus

1929 2611 2069 2651 anno
2091 2601 2457 2656 trecentesimo
2471 2605 2792 2674 octogesimo
2807 2608 3052 2674 septimo,
3071 2610 3115 2662 si
3133 2611 3289 2665 modo
3314 2611 3500 2668 Sermo

1930 2689 2203 2746 Ambrosii
2249 2693 2316 2748 de
2363 2694 2600 2751 Basilicis
2640 2712 2743 2751 non
2793 2699 3060 2754 tradendis
3100 2703 3305 2757 habitus
3342 2704 3500 2762 fuerit

1929 2782 2198 2840 Dominica
2227 2787 2545 2853 Palinurum,
2577 2805 2692 2859 quae
2720 2806 2860 2844 anno
2889 2795 3260 2849 trecentesimo
3289 2807 3496 2870 octoge-

1927 2873 2065 2928 simo
2097 2884 2246 2930 sexto
2289 2879 2549 2934 incidebat
2581 2881 2633 2934 in
2680 2881 2921 2936 ultimum
2964 2884 3102 2939 diem
3146 2888 3337 2941 n'iartii.
3363 2889 3496 2944 Nam

1927 2967 2023 3020 sub
2049 2968 2100 3021 id
2130 2979 2354 3038 tempus,
2384 2988 2488 3039 quo
2516 2988 2692 3026 sermo
2719 2973 2804 3028 hic
2831 2975 3042 3031 habitus
3067 2991 3168 3044 εει,
3196 2989 3286 3034 aut
3317 2983 3496 3049 paucis

1926 3067 2050 3114 ante
2101 3061 2308 3128 diebus,
2361 3065 2587 3133 populus
2627 3066 3032 3122 Mediolanensis
3071 3071 3298 3138 psalmos
3336 3074 3496 3142 cmpit

1925 3151 2226 3206 concinere.
2258 3151 2347 3207 Sic
2385 3169 2511 3224 ergo
2552 3155 2679 3210 dum
2724 3158 3048 3226 Augustinus
3081 3159 3370 3230 baptizatus
3413 3171 3495 3218 est

1923 3249 2111 3296 octavo
2136 3241 2386 3297 kalendas
2417 3245 2540 3298 maii
2582 3260 2726 3300 anno
2758 3251 3125 3306 trecentesimo
3169 3254 3492 3323 octogesimo

1931 3332 2178 3399 septimo,
2206 3347 2374 3386 annus
2409 3342 2464 3388 et
2503 3337 2701 3389 mensis
2727 3338 2939 3393 circiter
2967 3339 3356 3397 intercesserat.
3389 3345 3491 3399 lst-

1921 3419 2035 3475 lnec
2068 3423 2444 3491 persecutionis
2473 3424 2526 3478 in
2554 3426 2891 3482 Ambrosium
2934 3431 3209 3486 concitatae
3248 3433 3482 3489 chrono-

1919 3513 2055 3581 logia
2091 3515 2392 3568 confirmari
2420 3525 2594 3586 potest
2623 3533 2687 3572 ex
2717 3517 2850 3589 lege,
2888 3535 3044 3588 quam
3071 3520 3276 3576 Justiua
3298 3533 3481 3579 contra

1920 3605 2245 3660 ortliodoxos
2261 3606 2534 3661 ferendam
2556 3611 2758 3663 curavit
2784 3625 2878 3679 pro
2895 3610 3109 3681 Synodo
3136 3614 3482 3681 Ariminensi,

1917 3693 2042 3748 data
2087 3695 2401 3751 duodecimo
2440 3697 2690 3752 kalendas
2727 3697 2998 3767 februarii,
3041 3717 3180 3757 anno
3223 3711 3484 3760 trecente-

1915 3784 2052 3838 simo
2105 3788 2428 3856 octogesimo
2477 3797 2648 3842 sexto.
2707 3788 2840 3844 Nam
2897 3791 2948 3844 in
3010 3792 3232 3860 epistola
3279 3794 3486 3851 decima

1914 3886 2103 3947 quarta
2127 3876 2414 3944 Ambrosii,
2464 3877 2531 3932 ad
2573 3878 2928 3934 Mareellinam
2971 3896 3230 3948 sororem,
3272 3899 3388 3952 qua:
3416 3885 3483 3939 ad

1915 3969 2142 4037 primum
2171 3971 2551 4038 persecutionis
2576 3985 2772 4025 annum
2803 3971 3051 4041 (biennio
3094 3973 3234 4027 enim
3261 3974 3349 4028 illa
3378 3975 3477 4031 de-

1913 4060 2114 4129 SiBViil)
2145 4061 2351 4116 videtur
2391 4070 2632 4130 Spectarc
2654 4103 2668 4126 ,
2699 4079 2768 4117 ne
2796 4065 3012 4118 verbum
3053 4065 3266 4134 quidem
3312 4078 3484 4123 exstat

1914 4152 2054 4206 illius
2091 4153 2245 4222 legis.
2290 4153 2486 4207 Contra
2511 4169 2637 4208 vero
2665 4152 2913 4224 frequens
2941 4157 3054 4225 ejus
3085 4157 3308 4212 habetur
3331 4175 3481 4214 mett-

1917 4244 1990 4296 tio
2021 4244 2072 4297 in
2105 4243 2364 4298 Sermone
2386 4244 2452 4298 de
2480 4244 2715 4299 Basilicis
2743 4261 2849 4299 non
2893 4246 3189 4311 tradendis,
3219 4249 3309 4317 qui
3338 4249 3478 4303 haud

1910 4333 2069 4389 dubie
2109 4334 2176 4388 ad
2226 4335 2451 4389 alterum
2498 4351 2694 4389 annum
2746 4337 2993 4405 pertinet.
3062 4337 3357 4394 Verisimile
3396 4351 3479 4396 est

1912 4425 2070 4494 igitur
2090 4425 2228 4480 hanc
2257 4427 2430 4496 legem
2449 4428 2624 4481 adulta
2647 4429 3014 4497 persecutione
3029 4431 3302 4486 sancitum.
3326 4433 3476 4500 Quod

1909 4517 1954 4570 si
1981 4517 2052 4570 ita
2089 4517 2174 4582 sit,
2204 4516 2498 4572 inchoanda
2523 4527 2606 4572 est
2645 4519 2730 4574 illa
2760 4522 3060 4574 necessario
3103 4537 3242 4577 anno
3271 4533 3477 4581 trecen-

1913 4607 2098 4660 tesimo
2124 4609 2446 4676 octogesimo
2465 4609 2671 4678 quinto,
2690 4619 2746 4665 et
2770 4613 3097 4666 terminanda
3117 4628 3258 4669 anno
3277 4625 3474 4672 trecen-

1910 4698 2099 4753 tesimo
2127 4701 2454 4770 octogesimo
2481 4710 2649 4757 sexto.
2678 4704 2850 4772 Atque
2877 4705 3010 4759 adeo
3036 4706 3338 4776 Baptismus
3366 4714 3474 4764 Au-

1913 4791 2108 4859 gustini
2138 4791 2470 4860 reponendus
2493 4810 2631 4848 anno
2651 4796 3024 4850 trecentesimo
3046 4800 3367 4868 octogesimo
3393 4817 3474 4857 se-

1905 4884 2088 4950 ptimo.
2117 4883 2303 4953 Opera:
2333 4887 2557 4954 pretium
2583 4897 2665 4942 est
2693 4889 2889 4958 pariter
2917 4890 3222 4959 observare,
3254 4893 3474 4948 Justiuae

1906 4977 2328 5043 persecutionem
2356 4977 2528 5032 adhuc
2574 4979 2820 5050 viguisse,
2863 4980 2987 5035 dum
3019 4993 3310 5054 martyrum
3341 4983 3460 5038 Pro-

1903 5067 2020 5121 tasii
2073 5075 2127 5122 et
2166 5067 2405 5123 Gervasii
2455 5083 2676 5139 corpora
2727 5071 2940 5125 inventa
2985 5081 3146 5135 sunt,
3199 5071 3302 5127 hoc
3351 5083 3468 5141 est,

1900 5169 2126 5236 exeunte
2139 5160 2308 5230 junio.
2329 5159 2460 5216 Cum
2478 5163 2618 5217 enim
2637 5173 2841 5218 constet
2863 5179 2928 5217 ex
2944 5163 3239 5235 Augustino
3262 5166 3279 5235 (
3299 5167 3470 5221 Serm.

1897 5251 2022 5317 286,
2052 5269 2104 5304 η.
2132 5253 2188 5322 4)
2217 5252 2373 5322 hujus
2395 5254 2748 5307 translationis
2770 5256 3155 5311 solemnitatem
3181 5297 3194 5321 ,
3225 5274 3344 5329 qua:
3371 5259 3470 5315 hac

1899 5341 2010 5410 ipsa
2033 5342 2118 5398 die
2146 5343 2197 5397 in
2218 5344 2380 5398 veteri
2419 5343 2846 5413 Carthaginiensis
2876 5345 3128 5403 Ecclesiae
3153 5348 3468 5406 Kalendario

1898 5445 2218 5490 memoratur
2235 5439 2256 5506 (
2273 5435 2616 5501 Mabillonius,
2633 5437 2900 5491 Annalium
2917 5448 3047 5493 tomo
3066 5440 3118 5500 5,
3142 5458 3260 5511 pag.
3285 5441 3420 5514 598)
3449 5485 3466 5509 ,

1900 5527 1953 5580 in
1984 5527 2162 5580 Africa
2195 5526 2354 5580 fuisse
2383 5527 2724 5592 celebratam,
2753 5543 2852 5583 nec
2875 5529 3085 5585 aliunde
3111 5543 3324 5587 sanctos
3351 5535 3466 5588 illos

1896 5628 2153 5688 martyres
2195 5628 2316 5673 tunc
2356 5620 2608 5690 temporis
2650 5621 2978 5688 innotuisse;
3023 5625 3309 5680 verisimile
3351 5641 3465 5679 om-

1904 5711 2152 5782 niuo‘est,
2175 5709 2439 5766 decimum
2467 5727 2662 5767 nonum
2698 5712 2832 5783 juuii
2860 5712 3020 5782 diem,
3069 5715 3159 5784 qui
3182 5729 3328 5771 sacer
3358 5715 3462 5773 illis
