3994 6352
537 315 640 372 125

534 444 635 499 est,
667 432 810 488 diem
851 445 970 488 esse
999 427 1358 486 translationis
1391 422 1720 482 eorumdem.
1757 418 1940 487 itaque
1985 413 2108 474 hinc

532 527 905 597 consequitur,
952 525 1172 580 Justinre
1219 517 1639 591 persecutionem
1671 531 1776 570 non
1820 511 2106 584 quievisse,

531 621 630 676 nisi
654 615 751 674 sub
781 619 935 673 linem
962 616 1096 686 junii
1127 613 1265 670 illius
1290 613 1412 668 anui
1438 653 1450 674 ,
1483 609 1572 680 qui
1605 607 1882 678 Augustini
1925 603 2104 672 Bapti-

529 729 698 768 smum
717 710 1003 780 prtecessit.
1023 709 1144 762 llaec
1159 706 1334 761 omnia
1355 703 1551 774 optime
1575 703 1712 756 inter
1733 714 1792 754 se
1817 697 2104 761 cohaerent,

528 805 570 858 si
623 803 735 872 ejus
773 801 1094 870 Baptismum
1144 813 1282 854 anno
1346 794 1722 850 trecentesimo
1779 791 2104 860 octogesimo

529 873 1274 965 septimo,'et"conversionem
1306 903 1443 942 anno
1483 884 1860 941 trecentesimo
1891 891 2106 950 octnge-

527 987 661 1039 simo
687 994 838 1038 sexto
863 983 1168 1054 reponimus
1202 999 1215 1036 :
1249 981 1340 1035 sed
1363 969 1418 1034 in
1451 977 1720 1033 difﬁcilem
1744 975 1940 1030 nodum
1972 972 2103 1027 inci-

525 1075 730 1138 demus,
765 1057 818 1130 si,
835 1075 948 1146 ejus
977 1075 1382 1130 conversionem
1418 1087 1558 1125 anno
1597 1070 1966 1124 trecentesimo
2011 1081 2100 1120 oe-

525 1167 782 1235 togcsimo
820 1167 1044 1234 septimo
1079 1174 1393 1218 statuamus.
1445 1163 1522 1216 Eo
1563 1161 1702 1214 enim
1753 1175 1892 1213 anno
1931 1158 2096 1212 Maxi-

523 1271 666 1310 mum
699 1257 747 1309 in
777 1255 976 1310 Italiam
1005 1257 1254 1324 irrupisse
1284 1264 1485 1310 certum
1535 1263 1634 1319 est,
1660 1260 1712 1306 et
1752 1251 2016 1306 netuiuem
2045 1251 2095 1304 in

523 1348 736 1402 dubium
767 1366 1014 1405 revocare
1044 1349 1409 1404 existimamus
1433 1388 1447 1412 ,
1479 1348 1602 1416 quin
1653 1345 1961 1399 Ambrosius
2004 1343 2098 1396 da-

522 1451 627 1497 tatn
655 1444 752 1498 sibi
781 1460 809 1498 a
843 1443 1206 1498 Valentiniano
1229 1441 1543 1511 legationem
1586 1439 1650 1493 ad
1695 1439 1979 1492 Maximum
2007 1451 2094 1490 se-

525 1535 751 1590 cundam
799 1535 951 1604 paulo
994 1543 1114 1588 ante
1141 1519 1380 1588 obivet‘it.
1417 1531 1488 1584 Ex
1525 1531 1688 1600 ipsius
1719 1528 1980 1582 Ambrosii
2014 1541 2096 1580 re-

529 1626 725 1679 latione
753 1635 916 1695 patet,
949 1627 1228 1679 Maximum
1275 1621 1509 1679 Treviris
1549 1631 1675 1675 tunc
1719 1620 1994 1688 degentem
2037 1633 2096 1672 se

521 1717 588 1769 ad
622 1717 812 1770 bellum
843 1732 1178 1783 comparasse
1204 1733 1216 1768 :
1252 1715 1470 1794 etjttxta
1492 1711 1784 1775 Zosimnm,
1807 1710 2096 1763 Domniuus

521 1817 638 1879 post
671 1805 1003 1863 Ambrosium
1027 1825 1053 1862 a
1085 1803 1454 1864 Valentiniano
1484 1805 1548 1860 ad
1591 1805 1870 1858 Maximum
1895 1803 2095 1871 legatus

519 1908 599 1952 est
622 1891 905 1970 (lusimus,
938 1899 1022 1953 lib.
1042 1895 1130 1970 4).
1163 1899 1469 1952 llmeautem
1500 1897 1677 1950 omnia
1710 1905 1826 1964 post
1857 1907 2092 1946 mensem

518 1991 718 2060 jnnium
749 2007 1008 2060 reponere
1028 2034 1041 2054 ,
1061 1981 1177 2044 ‘non
1208 1999 1288 2045 est
1323 1989 1455 2043 adeo
1485 1989 1636 2042 facile
1667 1995 1723 2044 et
1767 1986 2090 2055 expeditum.

519 2073 734 2134 Accedit
766 2075 912 2146 nam,
941 2081 1078 2151 quod
1102 2082 1249 2151 juxta
1281 2082 1418 2135 hunc
1440 2079 1721 2142 calculum,
1752 2079 2040 2145 Augustam
2064 2091 2090 2128 a

519 2165 757 2224 vexando
787 2171 1064 2224 Ambrosio
1096 2185 1196 2223 non
1227 2179 1348 2224 ante
1375 2169 1645 2246 destitisse
1676 2175 1908 2238 Oportet,
1933 2181 2090 2234 quam

519 2278 636 2314 cum
661 2261 802 2314 illum
826 2262 890 2314 de
919 2277 1044 2330 pace
1074 2270 1310 2315 acturum
1339 2261 1402 2316 ad
1437 2261 1716 2314 Maximum
1749 2259 1893 2312 misit
1927 2277 1939 2312 :
1971 2257 2096 2312 licet

519 2351 602 2403 vix
648 2349 792 2405 credi
835 2351 1016 2420 possit,
1056 2349 1312 2405 Justinam
1339 2351 1605 2419 extemplo
1645 2359 1844 2404 tantum
1877 2349 1992 2418 spei
2033 2363 2096 2402 ac

521 2439 726 2508 ﬁduciae
755 2442 804 2494 iu
828 2456 891 2494 eo
921 2441 1132 2495 homine
1161 2443 1420 2510 posuisse,
1442 2441 1506 2494 ad
1535 2425 1692 2510 quem
1722 2441 2088 2510 expellendum

519 2539 596 2584 tot
617 2533 774 2606 modo
795 2531 1065 2587 machinas
1092 2533 1438 2598 adhibuisset,
1467 2535 1662 2603 quique
1701 2533 1766 2587 ad
1795 2529 1894 2588 hoc
1923 2549 2088 2602 uego-

520 2621 649 2676 tium
678 2623 976 2678 obeundnm
1001 2619 1106 2678 non
1132 2625 1263 2678 adeo
1295 2617 1516 2679 idoneu's
1545 2621 1851 2690 videbatur;
1883 2640 2000 2679 cum
2029 2639 2096 2680 ex

519 2709 757 2781 ejusdem
804 2715 1060 2768 relatione
1103 2724 1328 2780 constet,
1379 2724 1726 2786 conquestum
1764 2730 1883 2769 esse
1933 2713 2095 2768 Maxi-

522 2819 686 2867 mum,
711 2803 850 2874 quod
872 2805 936 2858 ab
961 2819 1026 2858 eo
1047 2803 1232 2859 luisset
1256 2805 1305 2858 in
1333 2806 1502 2875 prima
1525 2806 1789 2876 legatione
1815 2805 2092 2874 deceptus.

593 2889 646 2948 5.
673 2891 774 2960 Qui
796 2895 1143 2963 Augustinum
1174 2909 1312 2949 auuo
1343 2895 1513 2950 solum
1539 2899 1911 2952 trecentesimo
1941 2898 2096 2966 quin-

523 2985 830 3056 quagesimo
859 2987 1045 3056 quinto
1073 2997 1254 3043 natum
1285 3003 1422 3054 esse,
1470 2999 1560 3043 aut
1587 2990 1754 3058 ipsum
1786 3005 1950 3044 annos
1972 3005 2097 3044 suos

521 3075 759 3144 expletos
785 3093 1064 3132 numerare
1089 3078 1434 3146 contendunt,
1457 3079 1634 3134 locum
1659 3081 1816 3134 alium
1839 3081 2086 3149 alterum,

523 3161 576 3217 in
600 3181 704 3236 quo
728 3181 803 3230 se,
819 3175 876 3221 ut
895 3168 1106 3238 quidem
1137 3177 1338 3239 putant,
1359 3185 1478 3224 cum
1503 3171 1840 3242 Imperatoris
1865 3187 2101 3244 panegy-

526 3256 697 3311 ricum
725 3259 999 3323 reeitav‘it,
1033 3261 1366 3315 tricenariam
1413 3269 1620 3315 aetatem
1666 3263 1838 3332 egisse
1879 3273 2100 3318 testatur

524 3345 942 3419 (Confessionum
967 3349 1053 3404 lib.
1085 3349 1138 3416 6,
1173 3367 1285 3421 cap.
1316 3350 1369 3418 6,
1397 3367 1448 3406 η.
1479 3351 1533 3417 9,
1577 3361 1622 3405 et
1649 3369 1762 3419 cap.
1789 3353 1876 3419 ll,
1901 3370 1953 3408 η.
1975 3353 2098 3425 l8).

525 3437 724 3508 Nempe
753 3456 846 3510 pro
874 3449 1021 3495 certo
1048 3449 1253 3511 ponunt
1295 3443 1432 3496 hanc
1461 3443 1766 3514 panegyrim
1794 3459 1912 3498 eam
1957 3459 2097 3511 esse,

527 3533 681 3602 quam
713 3533 932 3608 Bautoni
954 3535 1280 3588 consulatum
1305 3536 1504 3589 ineunti
1531 3535 1664 3590 dixit
1698 3538 1717 3607 (
1739 3537 1928 3590 Contra
1954 3539 2106 3593 Litte-

525 3637 612 3676 ras
641 3617 898 3692 Petiliam,
928 3625 1014 3678 lib.
1045 3625 1098 3688 3,
1131 3643 1182 3679 η.
1209 3625 1308 3696 ’50)
1333 3625 1575 3680 kalendis
1591 3627 1813 3695 januarii
1841 3629 1966 3681 anni
1997 3635 2105 3684 tre-

530 3717 806 3786 centesimi
825 3717 1132 3786 octogesimi
1159 3717 1346 3786 quinti.
1371 3717 1516 3772 Unde
1535 3717 1787 3786 colligunt
1805 3735 1947 3785 eum,
1980 3735 2102 3774 cum

527 3785 856 3874 trigesimum
906 3808 1078 3861 aetatis
1119 3805 1228 3862 sua:
1271 3823 1463 3861 annum
1519 3819 1760 3862 numeret.
1812 3825 1952 3864 anno
1999 3821 2104 3866 tre-

529 3897 825 3950 centesimo
871 3897 1193 3966 octogesimo
1222 3898 1404 3966 quinto
1429 3939 1442 3964 ,
1472 3908 1561 3952 aut
1597 3909 1776 3954 natum
1803 3915 1922 3954 esse
1963 3916 2104 3956 anno

531 3983 1346 4056 trecentesimoquinquagesimo
1364 3987 1567 4057 quinto,
1592 3997 1795 4043 autnon
1825 4006 2104 4047 numerare

535 4073 740 4128 initium
766 4077 886 4130 anni
917 4079 995 4130 sui
1019 4077 1269 4144 trigesimi
1289 4077 1461 4156 primi.
1481 4069 1892 4135 Observavimus
1909 4096 2100 4151 supra,

530 4165 581 4219 in
615 4165 761 4221 hisce
810 4167 1122 4221 utnnerandi
1153 4169 1322 4223 modis
1370 4171 1623 4238 quosdam
1669 4185 1789 4225 esse
1835 4172 2024 4227 dubios
2049 4183 2104 4229 et

527 4255 808 4326 ancipites,
841 4257 1094 4325 quosdam
1122 4259 1276 4313 unico
1299 4275 1456 4314 sensu
1481 4259 1744 4316 delinitos.
1767 4262 2106 4319 Arbitramur

531 4339 671 4420 hunc.
691 4345 936 4416 loquendi
963 4349 1200 4414 modum,
1221 4350 1330 4419 Ago
1349 4349 1670 4420 trigesimum
1691 4351 1862 4406 aetatis
1881 4368 2098 4420 annum,

528 4436 594 4490 ad
626 4445 954 4506 postremum
983 4455 1146 4508 genus
1177 4443 1464 4508 pertinere,
1505 4457 1602 4496 nec
1626 4443 1770 4498 aliud
1808 4445 2103 4514 signiﬁcare

529 4525 962 4598 quain,Nondum
981 4533 1302 4602 trigesimum
1333 4535 1502 4588 anatis
1531 4550 1726 4588 annum
1753 4536 1976 4590 absolvi.
2009 4537 2103 4592 Sin

529 4619 694 4684 dicas,
733 4622 914 4676 Annos
941 4623 1146 4692 triginta
1170 4635 1324 4678 natus
1357 4640 1471 4678 smn
1493 4645 1508 4690 ;
1531 4625 1758 4682 fatemur
1779 4628 1830 4682 id
1856 4644 1922 4682 ex
1951 4643 2104 4700 aequo

529 4715 830 4786 signiﬁcare
859 4733 1035 4786 posse,
1069 4726 1119 4772 te
1146 4733 1313 4774 annos
1355 4721 1564 4790 triginta
1593 4729 1774 4775 natum
1815 4737 1957 4790 esse,
1991 4723 2104 4780 sive

531 4805 827 4872 inchoatos,
853 4809 962 4862 sive
991 4809 1276 4864 absolutos.
1309 4811 1416 4864 Hac
1433 4825 1561 4882 ergo
1587 4815 1796 4868 ratione
1820 4813 1956 4868 haud
1979 4814 2104 4868 inli-

527 4899 636 4953 cias
665 4901 874 4964 ibimus,
907 4901 1210 4973 panegyrim
1241 4902 1382 4955 illam
1403 4943 1418 4964 ,
1447 4903 1598 4970 cujus
1626 4905 1952 4974 Augustinus
1979 4921 2096 4960 me-

527 4991 696 5054 minit,
724 4991 985 5060 siquidem
1009 5007 1124 5046 eam
1155 4993 1268 5060 ipse
1311 5007 1476 5047 annos
1509 4993 1798 5063 triginta'et
1823 5011 1982 5050 unum
2005 5011 2104 5054 utt-

529 5075 612 5135 tns
639 5082 899 5146 habuerit,
920 5085 1180 5152 pertinere
1196 5084 1263 5139 ad
1279 5101 1474 5139 annum
1497 5087 1925 5142 trecentesimum
1951 5095 2106 5144 octo-

535 5173 795 5241 gesimum
821 5174 1082 5244 quintum.
1105 5175 1169 5230 Et
1195 5191 1252 5231 re
1269 5177 1481 5246 quidem
1509 5179 1621 5247 ipsa
1647 5193 1766 5232 cum
1791 5180 1920 5233 varii
1943 5189 2103 5236 testas

533 5263 714 5327 animi,
745 5264 935 5338 quibus
961 5273 1086 5319 tunc
1111 5265 1422 5333 jactabatur,
1453 5266 1520 5320 ab
1545 5261 1810 5322 AmbrOsii
1833 5269 2108 5324 concioni—

534 5351 636 5407 bus
680 5353 928 5407 concitati
968 5369 1085 5410 esse
1123 5345 1403 5411 videantur
1440 5355 1863 5429 (Confessionum
1909 5358 1996 5413 tib.
2029 5357 2103 5428 6,

532 5459 647 5514 cap.
679 5445 729 5508 4,
755 5462 808 5498 η.
836 5445 935 5516 6);
976 5447 1162 5517 conjici
1191 5457 1502 5520 potesteum
1529 5449 1639 5518 jam
1669 5449 1874 5518 pridem
1903 5445 2104 5506 Medio-

530 5533 712 5590 Ianum
743 5538 976 5605 venisse,
999 5553 1099 5594 nec
1130 5547 1302 5593 tamen
1335 5548 1457 5614 ante
1485 5539 1600 5594 idus
1629 5541 1942 5596 norembres
1978 5541 2106 5598 anni

533 5629 892 5684 trecentesimi
921 5631 1228 5700 octogesimi
1249 5632 1440 5700 quarti,
1473 5631 1516 5686 si
1555 5631 1712 5686 modo
1742 5633 1807 5686 ad
1834 5632 1972 5688 hanc
2017 5649 2107 5688 ur-

531 5719 656 5778 hem
683 5737 788 5778 non
817 5723 985 5790 venit,
1007 5721 1108 5779 nisi
1137 5730 1196 5779 ut
1223 5736 1450 5794 peracuit
1475 5723 1714 5794 ejusdem
1757 5725 1882 5780 anni
1915 5723 2105 5780 vinde-

1661 301 1819 359 VITA
1855 299 1912 358 S.
1953 293 2318 354 AUGUSTINI
2349 297 2658 366 EPlSCOPl.

2215 412 2460 482 mialibus
2475 415 2618 484 feriis
2635 416 2872 488 publicas
2897 417 3103 504 schglas
3125 418 3443 504 instauraret
3466 439 3478 476 τ
3508 424 3648 508 ςῃξρςξ
3668 430 3787 499 qui-

2213 503 2332 574 dem
2383 523 2485 576 pou
2537 511 2750 564 omnino
2813 499 3146 594 perspec'ttnn
3185 499 3264 594 est
3309 499 3372 570 ac
3415 499 3786 604 exploratum;

2214 597 2326 670 ljeri
2358 601 2496 682 enim
2527 603 2696 674 potuit
2717 644 2730 666 ,
2763 611 2818 658 ut
2858 593 3206 684 Mediolanum
3235 593 3376 662 anno
3415 593 3786 690 trecentesimo

2211 693 2535 761 octogesimo
2557 703 2746 768 quarto
2773 696 2986 752 ineunte
3005 700 3224 776 venerit.
3259 700 3392 774 Quin
3417 703 3574 774 etiam
3608 706 3786 765 Rivius

2212 782 2264 836 in
2294 799 2386 838 sua
2410 783 2748 856 chronologia
2769 803 2888 864 cum
2911 805 3050 866 anno
3071 793 3442 874 trecentesimo
3463 799 3786 866 octogesimo

2209 877 2366 942 tertio
2410 879 2616 944 venisse
2645 880 2858 952 statuit;
2905 896 3000 958 nec
3044 892 3126 948 est
3169 871 3307 964 quod
3354 885 3406 938 in
3433 871 3778 962 contrariam

2207 978 2411 1038 partem
2452 969 2753 1026 allcramus.
2786 971 3012 1044 Faustus
3039 973 3178 1026 enim
3205 972 3576 1048 Carthaginem
3606 979 3786 1034 venire

2205 1061 2374 1129 potuit
2417 1069 2538 1114 ante
2582 1075 2778 1114 annum
2819 1043 3094 1138 Augustini
3127 1043 3622 1138 undetrigesimtnn;
3655 1079 3705 1123 et
3737 1071 3784 1124 lll

2207 1150 2424 1224 indicari
2471 1150 2673 1224 videtur
2705 1151 2784 1216 bis
2825 1153 3000 1226 verbis
3032 1172 3042 1206 :
3077 1153 3364 1224 Proloquar
3412 1145 3478 1228 in.
3511 1141 3780 1228 conspectu

2203 1239 2300 1298 Dei
2331 1240 2422 1292 mei
2450 1257 2638 1294 annum
2667 1241 2810 1294 illum
2838 1243 3277 1314 undetrigcsimum
3303 1231 3463 1299 (etatis
3490 1265 3632 1302 mcw.
3659 1233 3778 1320 lant

2201 1342 2399 1386 venerat
2443 1331 2793 1404 Carthaginem
2841 1335 3043 1408 quidam
3086 1335 3482 1414 Manio/tremum
3521 1342 3782 1410 cpiscopus

2202 1420 2426 1490 Faustus
2475 1425 2674 1476 nomine
2722 1423 2918 1497 (llud,
2949 1426 3036 1480 lib.
3081 1427 3133 1494 5,
3178 1445 3291 1498 cap.
3316 1431 3367 1496 5,
3408 1448 3460 1484 η.
3493 1432 3572 1500 5).
3608 1433 3782 1508 Potuit

2206 1515 2365 1584 igitur
2393 1515 2572 1582 videre
2602 1515 2872 1590 Faustum,
2903 1530 2955 1590 et
2975 1519 3041 1594 ab
3071 1535 3134 1574 eo
3161 1520 3472 1600 abalienari,
3499 1497 3620 1592 jam“
3656 1523 3779 1594 inde

2199 1607 2266 1662 ab
2303 1622 2439 1662 anno
2483 1609 2850 1672 trecentesimo
2891 1613 3216 1690 octogesimo
3247 1615 3481 1668 secundo
3516 1627 3774 1692 exeunte;

2199 1699 2296 1752 sub
2319 1699 2554 1766 ejusdem
2573 1701 2694 1754 anni
2719 1701 2935 1772 exitum,
2964 1712 3054 1757 aut
3073 1687 3212 1778 anno
3237 1687 3608 1774 trecentesimo
3633 1687 3780 1764 octo-

2198 1789 2400 1856 gesimo
2441 1791 2597 1856 tertio
2625 1791 2836 1846 ineunte
2875 1791 3098 1848 Romam
3143 1797 3380 1870 venisse;
3413 1807 3464 1852 et
3489 1781 3780 1872 Iantelper-

2198 1891 2343 1934 actas
2390 1881 2732 1944 Vindemiales
2761 1884 2884 1958 anni
2915 1888 3268 1970 trecentesimi
3291 1891 3598 1964 octogesimi
3632 1895 3773 1948 tertii

2203 1973 2362 2028 lerias
2403 1973 2537 2034 mitti
2580 1975 2951 2050 Mediolanum.
2986 1977 3120 2038 Nam
3151 1981 3194 2060 si
3221 1979 3413 2060 desunt
3435 1997 3768 2062 argumenta,

2199 2064 2392 2132 quibus
2419 2065 2670 2134 probetur
2696 2067 3044 2138 Symmachus
3068 2070 3223 2140 Urbis
3251 2073 3616 2142 prreiecturam
3647 2093 3772 2148 ges-

2200 2157 2338 2210 sisse
2392 2172 2530 2212 anno
2575 2160 2950 2226 trecentesimo
2995 2163 3315 2240 octogesimo
3370 2165 3552 2242 tertio;
3584 2167 3777 2222 desunt

2199 2249 2396 2317 pariter
2421 2249 2571 2304 nobis
2599 2251 2648 2304 in
2680 2253 2994 2328 contrariam
3025 2265 3247 2334 partem.
3281 2256 3436 2334 luxta
3479 2273 3635 2330 quem
3662 2261 3772 2314 cal-

2199 2342 2378 2404 culum
2421 2345 2813 2416 panegyricum,
2845 2361 3002 2420 quem
3051 2347 3257 2402 videtur
3281 2348 3500 2408 iunuet‘e
3527 2366 3556 2403 a
3584 2365 3641 2405 se
3675 2351 3774 2406 tri-

2198 2434 2402 2504 gesimo
2451 2436 2624 2490 a‘tatis
2675 2451 2816 2490 anno
2861 2436 3133 2512 habitum,
3195 2439 3419 2514 recitare
3469 2441 3636 2508 potuit
3685 2425 3776 2496 aut

2201 2525 2417 2582 ineunte
2446 2541 2586 2580 anno
2631 2528 3005 2582 trecentesimo
3059 2532 3386 2600 octogesimo
3426 2542 3613 2602 quarto
3637 2575 3650 2597 ,
3678 2546 3772 2606 aut

2201 2619 2306 2674 alio
2363 2619 2600 2688 ejusdem
2651 2620 2776 2676 anui
2827 2629 3086 2694 tempore.
3150 2622 3314 2700 Nullis
3350 2625 3492 2680 enim
3559 2625 3774 2694 probari

2201 2717 2378 2780 potest
2435 2711 2757 2780 argumentis
2813 2712 3054 2766 eumdem
3106 2727 3262 2780 esse,
3323 2730 3478 2786 quem
3555 2705 3778 2784 Bautoni

2201 2802 2404 2860 consuli
2431 2801 2591 2868 dixit;
2617 2809 2672 2858 et
2699 2803 2852 2874 longe
2895 2804 3119 2858 similius
3145 2819 3272 2876 vero
3310 2814 3391 2876 est
3426 2806 3582 2886 aliattt
3617 2808 3782 2876 fuisse

2202 2895 2526 2966 pauegyrim,
2576 2910 2695 2974 cum
2744 2911 2862 2950 eam
2909 2897 3244 2968 Imperatoris
3291 2898 3472 2974 laudes
3513 2910 3784 2974 nuncupat

2205 2985 2400 3058 (Ibid.,
2428 2986 2587 3052 lib.6,
2624 3003 2737 3056 cap.
2773 2989 2824 3052 6,
2873 3005 2926 3042 η.
2958 2987 3050 3060 9).
3096 2987 3203 3060 βυτ
3241 2999 3415 3056 autem
3455 2979 3784 3066 Augustinus

2205 3077 2352 3150 (quae
2387 3080 2546 3134 etiam
2573 3080 2838 3140 nonnullis
2886 3081 3098 3136 errandi
3147 3075 3302 3158 causa
3337 3083 3549 3156 extitit)
3594 3075 3782 3158 osten-

2204 3185 2363 3224 surus
2415 3184 2474 3224 se
2511 3170 2580 3230 ab
2628 3171 2822 3236 Africa,
2877 3187 2998 3238 cum
3054 3171 3126 3236 ibi
3169 3157 3402 3234 dantnati
3449 3182 3570 3248 sunt
3612 3157 3786 3229 Mani-

2203 3259 2358 3322 chrei,
2399 3275 2539 3320 anno
2575 3261 2943 3322 trecentesimo
2987 3263 3316 3332 octogesimo
3339 3273 3488 3336 sexto
3517 3251 3776 3332 abfuisse,

2207 3352 2434 3420 priorem
2461 3352 2602 3408 illam
2633 3353 2938 3426 panegyrim
2963 3351 3304 3422 Imperatoris
3333 3355 3520 3424 tacitus
3545 3358 3785 3426 praeterit

2207 3439 2432 3514 (Contra
2477 3442 2690 3500 Litteras
2718 3443 2978 3511 Pctiliani,
3022 3445 3108 3502 tib.
3139 3445 3193 3506 5.
3223 3463 3276 3500 η.
3305 3446 3428 3520 50),
3477 3457 3790 3524 tantumque

2205 3547 2264 3589 se
2287 3534 2637 3590 Mediolanum
2667 3537 2878 3592 venisse
2908 3545 3129 3600 testatur
3149 3549 3270 3606 ante
3286 3539 3622 3622 consulatum
3647 3540 3792 3614 Batt-

2208 3628 2345 3682 tonis
2373 3627 2607 3698 (llud),
2639 3629 2722 3682 cui
2753 3629 3117 3698 magistratum
3167 3630 3366 3710 ineunti
3407 3633 3788 3716 panegyricum

2205 3715 2450 3782 dixerat;
2503 3717 2618 3786 ejus
2645 3719 2720 3774 rei
2749 3717 2916 3774 facilis
2967 3727 3022 3780 et
3050 3730 3296 3790 prompta
3343 3715 3618 3798 responsio
3659 3731 3744 3798 est
3769 3741 3787 3776 :

2205 3810 2328 3878 quia
2355 3825 2475 3866 cum
2507 3810 2754 3880 frequens
2781 3826 2839 3866 se
2883 3811 3124 3880 praebere
3166 3813 3392 3886 potuerit
3427 3813 3634 3890 occasio
3671 3814 3796 3892 lau-

2207 3899 2367 3954 dandi
2393 3900 2747 3970 lmperatoris,
2777 3903 2927 3960 novis
2956 3904 3280 3973 oportuisset
3303 3920 3424 3976 cum
3447 3906 3784 3980 argumentis

2207 4003 2648 4060 commonstrare,
2697 3996 3006 4065 panegyrim
3053 3995 3196 4074 illam
3240 3993 3548 4074 lmperatori
3588 3996 3794 4074 dictaui

2209 4082 2372 4138 fuisse
2401 4099 2542 4138 anno
2571 4085 2946 4140 trecentesimo
2973 4086 3298 4166 octogesimo
3322 4093 3528 4160 quarto,
3559 4101 3660 4156 non
3691 4102 3800 4164 au-

2209 4183 2314 4228 tem
2339 4189 2477 4230 anno
2499 4175 2867 4230 trecentesimo
2895 4175 3218 4246 octogesimo
3236 4174 3482 4252 septimo.
3509 4175 3600 4252 βίῃ
3627 4176 3802 4254 ig'ttnr

2209 4264 2392 4320 habuit
2415 4264 2606 4320 allerre
2635 4265 2882 4324 idoneam
2911 4265 3279 4340 probationem
3307 4266 3522 4346 minime
3545 4265 3798 4346 dubjatn,

2207 4369 2260 4412 et
2283 4373 2350 4411 eo
2373 4357 2536 4424 magis
2551 4357 2906 4426 perSplcuam,
2929 4356 3070 4426 quod
3087 4355 3496 4434 Manichaeorum
3513 4356 3800 4434 damnatio

2207 4447 2416 4501 videtur
2443 4446 2524 4520 his
2554 4445 2728 4502 verbis
2751 4445 2916 4504 fuisse
2944 4447 3237 4516 subscripta
3259 4465 3270 4498 :
3292 4447 3436 4510 Anno
3458 4455 3567 4520 post
3597 4461 3805 4498 consu-

2209 4540 2368 4594 latum
2393 4537 2659 4602 Bautonis,
2705 4547 2810 4592 etc.
2841 4538 2909 4592 Et
2933 4539 3003 4598 ob
3027 4537 3268 4606 eamdem
3297 4537 3436 4608 haud
3473 4537 3629 4600 dubie
3653 4551 3804 4590 cau-

2208 4645 2320 4684 sam
2357 4638 2515 4695 tacet,
2537 4644 2596 4686 se
2637 4629 2821 4688 Romae
2845 4627 3008 4684 fuisse
3031 4637 3417 4700 commoratum
3438 4632 3596 4682 etiam
3621 4628 3810 4696 prius-

2207 4737 2366 4792 quam
2407 4721 2760 4778 Mediolanum
2797 4721 3238 4790 proficisceretur.
3285 4717 3564 4788 Maluimus
3608 4727 3808 4796 tamen

2208 4812 2492 4867 adventum
2519 4812 2792 4882 Augustini
2833 4811 3184 4884 Mediolanum
3214 4824 3356 4888 anno
3391 4809 3644 4888 duntaxat
3675 4821 3806 4888 tre-

2207 4903 2499 4958 centesimo
2519 4901 2842 4970 octogesimo
2868 4910 3057 4970 quarto
3077 4901 3412 4978 consignare,
3438 4915 3558 4956 cum
3581 4915 3641 4954 ea
3665 4914 3810 4954 sen-

2210 4993 2370 5050 tentia
2393 4993 2560 5062 magis
2579 4999 2788 5060 recepta
2811 4991 2898 5056 sit,
2927 4998 2982 5044 et
3002 4989 3281 5070 Augustini
3319 4990 3496 5068 verbis
3539 4989 3798 5064 apprime

2207 5093 2598 5147 consentanea;
2639 5097 2862 5150 quaeque
2893 5095 2998 5136 non
3043 5087 3205 5158 ponat
3236 5079 3616 5160 Symmachum
3649 5093 3808 5146 prm-

2207 5175 2464 5232 l’ecturam
2507 5171 2666 5230 Urbis
2693 5173 2922 5242 gessisse
2945 5153 3204 5246 jamiude.
3242 5153 3310 5224 ali
3337 5153 3479 5224 anno
3519 5179 3804 5224 trecente-

2209 5267 2346 5319 simo
2365 5263 2688 5332 octogesimo
2714 5271 2926 5331 quarto,
2948 5261 3186 5330 quamvis
3209 5259 3363 5329 hujus
3393 5261 3468 5332 rei
3497 5259 3636 5312 nulla
3665 5275 3802 5314 cer-

2211 5365 2407 5412 nantur
2431 5353 2669 5424 veStigia.
2705 5352 2857 5420 Quod
2903 5353 2950 5420 si
2989 5365 3129 5406 anno
3161 5351 3536 5406 trecentesimo
3564 5356 3802 5420 octoge-

2209 5451 2346 5505 simo
2371 5455 2562 5520 quarto
2590 5446 2806 5502 ineunte
2827 5443 3071 5516 advenit;
3095 5442 3254 5496 statui
3282 5451 3477 5526 potest,
3509 5457 3629 5495 enm
3657 5453 3802 5497 ante

2209 5541 2536 5614 trigesimum
2564 5537 2734 5592 aetatis
2759 5551 2869 5592 suae
2893 5549 3088 5588 annum
3130 5533 3426 5610 absolutum
3470 5533 3798 5604 panegyrim

2211 5637 2412 5705 Impera
2421 5633 2518 5688 tori
2547 5632 2762 5688 dixisse.

2281 5725 2336 5782 6.
2353 5725 2472 5782 Alio
2487 5735 2698 5793 quoque
2717 5735 2785 5778 ex
2808 5719 2926 5778 loco
2951 5731 3237 5794 exsurgere
3261 5715 3542 5804 scruputus
3565 5723 3744 5804 potest
3781 5733 3802 5776 :
