3994 6352
205 444 457 504 nimirum
487 455 612 498 cum
639 439 706 498 ad
724 437 996 495 Christum
1022 447 1311 492 conversus
1334 441 1434 494 est.
1467 427 1620 490 multi
1647 429 1778 499 jam,

206 545 258 592 ut
307 536 363 592 in
411 532 819 592 Conlessionum
845 530 992 585 libris
1042 529 1221 593 tradit,
1265 526 1577 581 efﬂuxerant
1630 523 1778 586 anni,

209 634 336 700 forte
352 625 643 688 duodecim,
673 639 737 680 ex
767 636 870 692 quo
899 619 1168 690 Ciceronis
1199 619 1532 672 Hortensium
1557 615 1779 670 undevi-

204 721 406 776 cesimo
432 718 610 771 aetatis
629 731 739 770 suae
763 729 903 768 anno
927 714 1123 783 legerat
1163 709 1574 781 (Confessionum
1616 706 1700 761 lib.
1727 709 1776 770 8,

205 829 314 882 cap.
347 811 401 872 7,
434 827 491 862 η.
523 809 587 864 17
607 809 645 878 ).
691 807 858 876 Hujus
903 820 1060 874 porro
1090 803 1317 872 scrupuli
1344 800 1620 856 amovendi
1649 799 1780 864 ratio

205 901 342 956 nulla
375 910 464 956 est
492 900 692 969 potior,
724 913 879 967 quam
908 912 1022 964 qua:
1049 897 1116 949 ab
1142 895 1254 963 ipso
1287 893 1575 962 Augustino
1595 906 1781 959 sugge-

206 995 352 1057 ritur,
390 992 485 1061 qui
511 1006 642 1046 voce
679 989 923 1058 adjuncta
949 987 1094 1054 forte,
1124 986 1251 1040 satis
1277 983 1475 1037 indicat
1501 999 1564 1036 eo
1592 982 1691 1044 loci
1724 996 1780 1034 se

204 1092 449 1136 accurate
481 1089 538 1134 ct
562 1081 628 1134 ad
654 1078 904 1133 amussim
931 1092 1032 1146 non
1059 1075 1229 1145 loqui;
1257 1083 1310 1138 ut
1335 1090 1431 1127 nec
1455 1072 1642 1126 eodem
1669 1071 1780 1126 fere

204 1177 348 1238 loco,
395 1191 522 1229 cum
573 1173 699 1232 illud
731 1174 903 1242 ipsum
954 1180 1159 1240 tempus
1210 1169 1446 1222 decennio
1483 1178 1527 1220 et
1565 1167 1782 1234 amplius

203 1267 448 1337 exprimit
473 1266 894 1336 (Confessionum
919 1263 1004 1325 lib.
1041 1261 1093 1321 8.
1121 1278 1232 1330 cap.
1263 1261 1311 1321 7,
1337 1277 1388 1312 η.
1432 1258 1553 1328 18).
1580 1257 1637 1312 In
1672 1257 1782 1310 suis

203 1372 376 1414 autem
402 1359 736 1428 Soliloqniis,
767 1372 905 1426 qum,
935 1355 1252 1417 utdiximns,
1281 1352 1436 1420 paulo
1468 1359 1583 1420 post
1630 1366 1778 1404 suam

201 1456 610 1506 conversionem
674 1449 932 1522 scripsit,
985 1445 1380 1515 quatuordecim
1446 1444 1555 1498 fere
1612 1456 1780 1496 annos

203 1543 468 1597 efﬂuxiSse
489 1551 715 1596 testatur
739 1539 976 1610 (Soliloq.
999 1537 1085 1590 lib.
1108 1537 1158 1599 1.
1187 1553 1238 1589 n.
1271 1535 1379 1603 17).
1404 1535 1649 1590 Attamen
1681 1534 1781 1586 Ba-

203 1637 381 1689 ronius
414 1634 521 1686 hoc
560 1647 665 1686 uno
693 1630 1093 1696 Confessionum
1132 1627 1251 1682 loco
1304 1627 1543 1694 innixus,
1596 1627 1778 1694 Augu-

203 1726 318 1779 stini
345 1723 758 1798 conversionem
809 1735 950 1774 anno
993 1719 1163 1774 aetatis
1203 1717 1316 1787 ejus
1363 1719 1530 1786 primo
1573 1727 1627 1773 et
1679 1719 1776 1772 tri-

200 1818 402 1886 gesimo
434 1857 449 1879 ,
516 1813 712 1872 Christi
791 1811 1167 1870 trecentesimo
1233 1808 1558 1877 octogesimo
1595 1809 1778 1878 quinto

202 1905 465 1973 reposuit.
495 1902 649 1970 Unde
687 1901 958 1960 biennium
1003 1907 1058 1954 et
1099 1899 1297 1968 aliquot
1323 1898 1533 1968 insuper
1567 1914 1778 1956 menses

201 1999 340 2052 inter
373 1995 773 2052 conversionem
824 1995 939 2061 ejus
983 2001 1038 2051 et
1073 1991 1396 2060 Baptismum
1443 1991 1780 2060 interponere

199 2096 425 2144 coactus
456 2096 553 2141 est.
588 2085 776 2138 Verum
795 2097 857 2139 ex
889 2081 1045 2136 dictis
1071 2082 1403 2151 pchpicuum
1441 2081 1771 2150 relinquitur,

198 2177 249 2230 id
280 2190 613 2244 nequaquam
641 2190 796 2243 posse
819 2173 1169 2242 propugnari;
1201 2172 1338 2226 sicut
1365 2186 1464 2225 nec
1506 2170 1635 2226 illud
1665 2186 1774 2239 quo

199 2264 386 2324 asserit
410 2264 712 2342 Monnicam
739 2279 842 2318 non
869 2265 1065 2326 abiisse
1085 2263 1185 2318 nisi
1212 2271 1401 2332 quarto
1426 2276 1594 2316 nonas
1628 2261 1772 2332 maii,

195 2358 313 2412 anni
366 2357 732 2414 trecentesimi
769 2356 1079 2427 octogesimi
1129 2354 1274 2420 noni,
1326 2353 1376 2424 id
1417 2362 1518 2418 est,
1555 2369 1695 2410 anno
1723 2363 1776 2410 et

199 2448 414 2516 amplius
475 2457 601 2518 post
649 2449 926 2518 Augustini
993 2448 1394 2504 conversionem
1441 2449 1655 2516 elapso;
1723 2458 1776 2503 et

197 2541 548 2608 Augustinum
611 2557 718 2594 non
763 2554 1028 2595 remeasse
1065 2541 1115 2594 in
1172 2537 1402 2594 Africam
1447 2539 1548 2598 nisi
1587 2539 1772 2598 eodem

196 2646 328 2685 anno
359 2632 742 2690 trecentesimo
779 2631 1106 2700 octogesimo
1131 2645 1292 2684 nono.
1327 2629 1443 2697 Quo
1468 2646 1532 2684 ex
1570 2631 1775 2686 calculo

198 2732 528 2793 sequeretur,
579 2733 638 2790 ut
683 2740 786 2780 non
815 2725 936 2795 plus
972 2738 1128 2791 quam
1175 2721 1442 2777 biennium
1477 2722 1614 2776 inter
1659 2723 1775 2790 ejus

196 2815 418 2870 reditum
453 2824 511 2870 et
537 2817 957 2886 presbyteratum
983 2813 1406 2878 intercessisset;
1435 2827 1554 2868 cum
1593 2821 1772 2872 tamen

201 2908 472 2966 Possidius
497 2909 786 2968 triennium
818 2910 1134 2976 interponat.

831 2999 1054 3056 CAPUT
1090 2997 1225 3054 VIII.

206 3092 235 3150 i
268 3092 458 3157 Quibus
484 3091 737 3150 exercitiis
759 3091 870 3146 ruri
895 3089 1083 3144 vacarit
1109 3088 1432 3160 Augustinus.
1472 3087 1508 3145 2
1546 3087 1658 3152 Qua
1683 3103 1770 3140 ra-

273 3185 401 3236 tione
423 3184 553 3238 duos
589 3183 662 3238 ibi
699 3182 1032 3236 adolescentes
1077 3181 1361 3234 instituerit.
1389 3180 1423 3234 ὅ
1449 3178 1651 3244 Librum
1679 3179 1771 3232 ad-

264 3290 430 3330 versus
479 3273 808 3328 Academicos
851 3272 1068 3341 primum
1095 3269 1378 3324 conscribit.
1429 3271 1463 3324 4
1492 3268 1626 3326 Hinc
1659 3269 1773 3326 aliis

262 3364 568 3432 quibusdam
596 3363 852 3433 apusculis
904 3377 1105 3414 manum
1151 3359 1394 3414 admovet.
1427 3359 1461 3415 5
1510 3359 1656 3414 Redit
1705 3359 1773 3411 ad

262 3455 592 3512 Academicos
607 3494 622 3518 ,
651 3463 697 3507 et
719 3453 900 3508 librum
917 3451 978 3508 de
1003 3451 1183 3506 iisdem
1203 3450 1473 3504 secundum
1492 3466 1550 3502 ac
1575 3449 1771 3512 tertium

262 3547 474 3615 perﬁcit.
505 3546 540 3598 6
558 3545 638 3606 De
653 3544 968 3602 Romaniano
991 3543 1076 3600 cui
1095 3543 1185 3597 hos
1209 3543 1268 3596 de
1289 3542 1596 3596 Academicis
1618 3540 1772 3595 libros

260 3636 527 3690 dedicat-it.
557 3637 588 3690 7
623 3635 768 3688 Liber
791 3635 853 3688 de
879 3633 1034 3692 Beata
1067 3632 1181 3688 Vita
1211 3634 1424 3702 scriptus
1443 3633 1510 3686 ad
1532 3631 1768 3686 Theodo-

259 3745 385 3780 rum.
414 3727 450 3786 8
469 3725 617 3780 Libri
654 3727 717 3779 de
763 3725 953 3780 Ordine
981 3726 1102 3779 duo.
1132 3724 1165 3779 9
1195 3722 1558 3776 zEmulationis
1583 3732 1630 3776 et
1655 3723 1769 3775 ina-

260 3825 334 3875 nis
369 3822 643 3891 jactantia:
685 3819 922 3881 motusin
953 3818 1216 3886 discipulis
1240 3818 1342 3871 suis
1379 3816 1678 3885 comprimit.
1704 3815 1770 3877 10

263 3911 401 3980 Opus
430 3911 497 3964 de
531 3910 724 3964 Ordine
749 3926 839 3962 cur
867 3908 1084 3964 Zenobio
1109 3907 1413 3962 dedicatum.

261 4003 310 4058 i.
339 4001 409 4058 Ut
434 4003 634 4074 serient
665 4001 898 4056 historiae
912 3999 1186 4068 Augustini
1211 4007 1538 4067 repetamus:
1562 3997 1766 4052 Renun-

194 4091 346 4155 tiavi,
399 4091 604 4159 inquit,
639 4090 852 4160 peractis
900 4088 1311 4155 vindentialibus,
1368 4099 1421 4142 ut
1457 4087 1770 4145 scholasticis

192 4181 302 4233 suis
335 4179 736 4236 Mediolan'enses
779 4180 1085 4234 venditorem
1110 4179 1372 4234 verborum
1423 4181 1578 4233 alium
1609 4180 1772 4248 provi-

195 4274 372 4326 derent
394 4313 407 4332 ,
445 4271 584 4341 quod
613 4281 658 4324 et
687 4272 774 4326 tibi
816 4287 906 4341 ego
933 4272 1117 4326 servire
1139 4270 1450 4340 delegissent,
1481 4280 1524 4324 et
1560 4271 1636 4324 illi
1655 4288 1772 4340 pro-

194 4364 401 4430 fessioni
441 4379 551 4433 prce
577 4363 864 4440 diﬁcultctte
891 4363 1116 4432 spirandi
1143 4377 1200 4414 ac
1233 4361 1405 4416 dolore
1435 4363 1646 4430 pectoris
1672 4378 1768 4416 non

191 4456 496 4523 “ficerent.
530 4453 598 4507 Et
649 4454 898 4508 insinuatn'
933 4470 1021 4522 per
1047 4452 1232 4506 litteras
1282 4453 1494 4506 antistiti
1545 4463 1628 4506 tuo
1667 4455 1769 4507 viro

190 4557 362 4598 sancto
391 4545 665 4612 Ambrosio
691 4545 926 4614 pristinos
954 4561 1144 4600 errores
1170 4560 1336 4609 meos,
1364 4554 1410 4597 et
1440 4561 1658 4612 pra‘sens
1680 4559 1770 4598 uo-

191 4646 286 4688 tum
320 4652 497 4689 nicum
518 4675 533 4699 ,
561 4644 616 4688 ut
646 4644 865 4688 moneret
897 4635 1018 4705 quid
1045 4617 1354 4702 potissimum
1376 4635 1499 4688 mihi
1522 4636 1584 4688 de
1606 4633 1770 4690 Libris

189 4727 279 4778 tuis
324 4726 604 4796 legendum
633 4734 775 4788 esset,
799 4741 896 4794 quo
928 4725 1259 4793 percipienda.-
1288 4734 1440 4778 tanta:
1477 4726 1652 4796 gratia:
1679 4743 1766 4795 pa-

188 4819 340 4870 ratior
364 4817 640 4884 aptiorque
657 4816 847 4884 ﬁerem.
871 4817 935 4870 At
960 4815 1044 4868 ille
1058 4815 1212 4886 jussit
1231 4814 1419 4870 Isaiam
1440 4815 1768 4884 praphetam;

189 4891 332 4960 credo
355 4907 501 4978 quod
517 4921 628 4977 prce
647 4906 839 4962 ceteris
865 4904 1124 4976 Evangelii
1147 4907 1509 4978 ooeationisque
1535 4904 1767 4962 Gentium

187 4999 244 5049 sit
269 4998 652 5067 prcnuntiator
665 4997 902 5066 apertior.
925 4994 1277 5052 Verumtamen
1312 5013 1402 5066 ego
1423 4996 1638 5068 primani
1665 4997 1765 5050 Itu-

182 5091 261 5158 ius
283 5091 557 5145 lectionem
588 5106 689 5144 non
716 5089 1018 5160 intelligens,
1044 5098 1292 5158 totamque
1321 5090 1472 5143 talem
1493 5090 1764 5155 arbitrans,

188 5185 356 5237 distuli
385 5184 715 5253 repetendum
728 5184 1043 5238 exercitatior
1059 5184 1111 5238 in
1129 5183 1376 5238 dominico
1391 5184 1586 5252 eloquio
1606 5183 1766 5255 (Con-

187 5267 470 5343 lessionum
515 5274 601 5332 tib.
625 5275 680 5341 9,
703 5292 817 5346 cap.
845 5277 898 5340 5,
920 5293 973 5330 η.
996 5275 1106 5346 15).
1124 5276 1365 5331 Monnica
1392 5291 1575 5331 eorum
1597 5318 1610 5342 ,
1642 5277 1766 5332 dum

190 5369 236 5422 in
264 5369 395 5424 villa
443 5369 744 5424 Cassiciaeo
785 5370 1070 5439 degerent,
1103 5383 1282 5423 curam
1329 5378 1385 5422 ut
1422 5385 1517 5438 par
1541 5378 1622 5424 est
1647 5385 1765 5423 cre-

192 5459 315 5514 dere
345 5468 703 5529 susceperat,
733 5461 915 5530 eisque
947 5461 1163 5530 parabat
1189 5459 1382 5515 cibaria
1406 5459 1612 5530 (Contra
1630 5461 1764 5518 Aca-

193 5549 424 5614 demicos,
471 5551 562 5622 lib.
611 5549 665 5615 2,
699 5568 752 5627 n.
785 5551 888 5615 ης
919 5550 1300 5621 Confessionum
1339 5550 1425 5604 lib.
1469 5551 1523 5611 9.
1555 5567 1671 5622 cap.
1708 5553 1760 5618 4,

193 5658 244 5695 ι.
263 5643 317 5708 8,
341 5653 388 5696 et
411 5659 528 5713 cap.
563 5643 619 5708 9,
651 5660 707 5698 η.
736 5642 851 5712 22)
881 5660 892 5696 :
924 5640 1244 5712 Augustinus
1269 5641 1503 5698 laborem
1554 5644 1764 5698 rusticis

195 5735 542 5804 Mebatur,
567 5745 625 5794 et
646 5751 830 5794 eorum
851 5737 1100 5805 operibus
1139 5745 1364 5806 praierat
1387 5734 1596 5807 (Contra
1625 5737 1759 5790 Aca-

1544 309 1748 384 unatt
1785 306 2158 378 secusous.

3351 322 3452 380 126

1887 427 2102 496 demicos
2131 427 2217 505 lib.
2251 431 2302 502 ς,
2330 447 2380 502 n.
2410 432 2494 508 15.
2527 440 2573 488 et
2601 434 2685 504 lib.
2718 435 2772 502 9,,
2803 452 2858 490 η.
2906 434 3014 510 1ο).
3065 436 3140 516 Itt’
3161 436 3305 516 hisce
3348 439 3445 510 do-

1886 523 2118 576 mesticis
2143 523 2314 596 euris,
2348 525 2742 597 seribcndisque
2782 530 3017 602 epistolis
3065 546 3302 607 magnam
3347 533 3451 588 diei

1886 623 2086 682 partem
2141 617 2223 670 vel
2262 617 2536 688 illubenter
2583 621 2864 692 aliquando
2918 624 3210 694 insumebat
3243 626 3261 696 (
3289 626 3445 702 tam"

1885 708 1970 760 lib.
1996 708 2050 774 2,
2079 726 2131 761 η.
2162 709 2231 764 25
2251 751 2263 773 ,
2297 719 2341 762 et
2369 711 2454 764 lib.
2480 713 2531 775 5,
2560 729 2610 767 n.
2642 713 2720 782 ἃ).
2755 714 2977 770 Tantum
3007 717 3239 780 alimenti
3276 733 3452 780 sunte-

1884 800 2004 863 bat,
2037 811 2287 871 quantum
2330 805 2725 872 compcscendm
2773 804 2894 860 fami
2940 807 3066 862 satis
3090 787 3443 881 esset(llbid.,

1885 892 1970 945 lib.
1997 892 2047 954 2,
2084 910 2134 944 η.
2163 894 2280 963 ll);
2311 902 2364 950 et
2396 894 2594 960 prandii
2632 896 2747 963 ejus
2777 897 2917 952 idem
2963 898 3166 953 initium
3218 898 3308 976 qui
3335 898 3453 974 ﬁnis

1885 993 1997 1036 erat
2021 979 2180 1054 (Ibid.
2222 984 2304 1038 lib.
2330 985 2362 1040 5
2385 1026 2398 1048 ,
2433 1002 2483 1036 u.
2518 985 2589 1056 7).
2631 987 2741 1040 Non
2766 999 2886 1042 ante
2913 990 3207 1059 surgebata
3237 991 3446 1065 lectulo,

1885 1088 2040 1142 quam
2086 1073 2302 1128 luceret.
2336 1075 2439 1130 Sed
2466 1092 2584 1129 cum
2615 1077 2664 1130 in
2699 1079 2932 1133 tenebris
2961 1079 3012 1134 id
3044 1082 3296 1152 temporis
3321 1097 3444 1152 age-

1885 1174 1997 1226 rel,
2028 1165 2166 1234 quod
2200 1166 2249 1219 in
2281 1166 2422 1220 Italia
2463 1169 2620 1222 etiam
2664 1171 2962 1239 pecuniosis
2999 1188 3160 1243 prope
3205 1189 3450 1230 necessa-

1887 1259 2022 1311 rium
2055 1258 2218 1313 fuisse
2250 1264 2633 1332 testatur;jam
2683 1265 2884 1335 pridem
2929 1277 3312 1342 consueverat,
3338 1272 3448 1341 veri

1884 1352 2218 1419 perquirendi
2241 1354 2418 1412 studio
2441 1397 2454 1420 ,
2488 1367 2577 1410 aut
2612 1359 2867 1425 primam,
2896 1370 2985 1412 aut
3015 1360 3272 1428 ultimam,
3304 1369 3450 1416 certe

1883 1443 2149 1498 dimidiam
2182 1444 2291 1499 fere
2316 1448 2483 1500 noctis
2511 1457 2708 1517 partem
2739 1465 2915 1505 secum
2941 1452 3242 1508 meditando
3277 1455 3450 1522 pervi-

1881 1534 2038 1605 gilem
2077 1533 2288 1592 ducere.
2319 1536 2371 1592 ld
2395 1553 2601 1607 quoque
2641 1541 3446 1610 prmeipiebatadolescentibus,

1883 1633 1938 1675 ut
1955 1640 2049 1677 suo
2065 1625 2306 1698 exemplo
2328 1626 2523 1698 aliquid
2550 1642 2727 1681 secum
2753 1640 2988 1698 agerent,
3008 1639 3063 1685 et
3097 1646 3273 1687 secum
3301 1634 3450 1688 habi-

1883 1723 1995 1768 tare
2022 1703 2454 1770 consuefacereut
2481 1717 2712 1770 animum
2741 1716 2837 1792 (De
2867 1719 3074 1784 Ordine,
3098 1722 3183 1775 lib.
3222 1724 3270 1787 l,
3289 1741 3342 1776 η.
3366 1725 3443 1793 6).

1882 1805 1924 1872 Ε
1952 1806 2142 1868 lectulo
2190 1822 2409 1874 surgens
2459 1809 2760 1877 quotidiana
2812 1810 2918 1864 Deo
2962 1824 3079 1866 vota
3118 1815 3444 1881 persolvebat

1881 1895 2266 1968 (lbid.,n.25),
2296 1909 2347 1951 et
2371 1899 2596 1955 humiles
2626 1901 2929 1969 ignorantia:
2950 1919 3057 1957 suae
3085 1913 3138 1958 et
3167 1907 3441 1961 vulnerum

1881 2003 2096 2042 suorum
2115 1990 2354 2057 querelas
2368 1991 2647 2045 exhibebat
2663 1991 2842 2064 (Ibid.,
2863 1993 3319 2064 n.15).Indecutn
3333 1999 3440 2051 suis

1880 2077 1947 2132 de
1972 2093 2028 2130 re
2057 2079 2168 2131 utili
2195 2093 2439 2134 sermone
2466 2082 2760 2146 Conferens,
2788 2083 2927 2152 quod
2955 2084 3069 2152 ejus
3086 2087 3253 2140 oculis
3271 2102 3448 2141 occur-

1879 2167 2046 2229 rebat,
2072 2168 2341 2223 materiem
2372 2170 2468 2240 ipsi
2492 2170 2558 2224 de
2583 2172 2848 2226 altissimis
2860 2174 3445 2230 rebusdisserendiali-

1878 2259 2088 2330 quando
2108 2261 2435 2332 ministrabat
2468 2261 2675 2330 (Contra
2696 2264 2833 2318 Acad
2862 2307 2876 2330 ,
2906 2266 2992 2319 lib.
3010 2268 3062 2332 5,
3087 2285 3172 2320 nn.
3211 2269 3301 2333 55,
3329 2268 3442 2340 54).

1948 2351 2001 2404 2.
2027 2352 2217 2406 Secum
2265 2357 2400 2408 inter
2434 2355 2566 2408 alios
2613 2355 2900 2408 adduxerat
2942 2356 3243 2427 Trygetiutn
3271 2369 3324 2412 et
3358 2360 3444 2414 Li-

1878 2443 2140 2508 centium,
2185 2444 2368 2498 ambos
2396 2443 2746 2514 Tagastenses
2785 2444 2886 2516 (De
2921 2445 3078 2500 Beata
3118 2447 3250 2512 Vita,
3283 2467 3332 2502 η.
3367 2451 3442 2520 6).

1879 2534 2148 2590 Licentius
2190 2535 2500 2590 Romaniani
2556 2536 2692 2588 lilius
2719 2578 2731 2600 ,
2757 2537 2862 2606 jam
2895 2549 3002 2590 tum
3030 2539 3235 2592 auditor
3269 2542 3445 2611 Augu-

1879 2626 2002 2682 stini
2025 2635 2139 2679 erat
2161 2668 2174 2689 ,
2203 2640 2322 2680 cum
2354 2626 2443 2680 ille
2473 2624 2790 2695 Carthagine
2830 2628 3042 2696 doceret
3071 2629 3278 2698 (Contra
3308 2635 3440 2684 Aca-

1877 2715 2111 2780 demicos,
2138 2715 2223 2768 lib.
2270 2715 2306 2778 2
2334 2755 2348 2776 ,
2394 2732 2445 2769 n.
2491 2717 2565 2785 5).
2609 2717 2715 2770 Hos
2779 2717 3142 2773 adolescentes
3193 2721 3443 2791 singulari

1877 2805 2240 2862 benevolentia
2290 2808 2779 2880 complectebatur,
2824 2820 2875 2863 et
2930 2812 2979 2864 in
3031 2827 3211 2866 eorum
3270 2830 3446 2869 mores

1878 2897 2236 2970 informandus
2282 2901 2423 2972 omni
2481 2901 2797 2970 Cogitatione
2843 2918 3078 2975 curaque
3115 2906 3448 2961 incumbebat

1878 2989 1979 3063 (De
2029 2990 2232 3055 Ordine,
2262 2992 2346 3046 lib.
2380 2993 2429 3064 1,
2462 3009 2514 3046 η.
2541 2992 2678 3064 29):
2708 3009 2925 3064 operam
2965 3012 3173 3067 quoque
3208 2999 3449 3054 confere-

1877 3082 1968 3136 bat
1992 3084 2054 3136 ad
2083 3098 2174 3137 eos
2207 3084 2446 3153 ingenuis
2475 3099 2535 3138 ac
2565 3085 2962 3156 humanioribus
2991 3087 3176 3142 litteris
3205 3089 3446 3143 imbuen-

1876 3175 2000 3248 dos;
2033 3177 2152 3245 quia
2179 3191 2271 3232 eos
2298 3175 2490 3244 idcirco
2525 3192 2702 3233 secum
2738 3179 2982 3248 habebat.
3035 3179 3172 3240 Nam
3209 3182 3445 3248 eruditio,

1877 3267 2044 3336 inquit
2072 3309 2087 3333 ,
2136 3268 2517 3336 disciplinarum
2553 3268 2853 3334 liberalium,
2886 3269 3106 3323 modesta
3149 3287 3269 3326 sane
3299 3283 3450 3342 atque

1875 3361 2148 3422 succincta,
2169 3369 2215 3413 et
2243 3359 2513 3413 alacriores
2533 3367 2576 3412 et
2610 3361 3058 3430 perseverantiores
3073 3372 3119 3415 et
3145 3364 3443 3434 comptiores

1875 3453 2068 3505 exhibet
2093 3459 2338 3504 amatores
2359 3450 2718 3519 amplectenda:
2740 3451 2969 3516 veritati,
3008 3462 3061 3506 ut
3101 3461 3148 3506 et
3187 3454 3444 3510 ardentius

1875 3551 2142 3612 appetant,
2194 3550 2242 3596 et
2300 3543 2608 3596 constantius
2658 3543 3002 3612 insequantur,
3055 3550 3100 3596 et
3161 3544 3441 3599 inhaereant

1875 3646 2123 3705 postremo
2177 3634 2372 3687 dulcius
2400 3675 2416 3699 ,
2470 3649 2582 3702 qua
2626 3642 2848 3699 vocatur,
2893 3632 3114 3697 Licenti,
3163 3634 3304 3687 beata
3345 3636 3443 3689 vita

1877 3725 2062 3794 (lbid.,
2091 3742 2144 3778 η.
2174 3724 2245 3782 24
2266 3725 2303 3796 ).
2329 3725 2514 3788 Postea
2559 3732 2750 3782 tamen
2785 3724 2835 3778 in
2887 3723 2989 3778 hoc
3017 3724 3307 3782 liberalium
3337 3725 3447 3778 dis-

1873 3817 2184 3886 ciplinarum
2233 3817 2475 3872 encomio
2517 3832 2575 3871 se
2609 3816 2824 3876 modum
2871 3816 3161 3871 excessisse
3209 3816 3445 3870 animad-

1873 3910 2054 3963 vertit.
2078 3908 2193 3963 Jam
2227 3917 2335 3963 tum
2356 3911 2514 3963 etiam
2541 3907 2750 3963 nonnisi
2771 3907 2952 3964 timide
2971 3921 3033 3960 ac
3053 3906 3352 3962 dubitanter
3375 3906 3444 3962 ad

1873 4014 1964 4055 eas
2007 4000 2272 4056 excitabat
2321 3999 2650 4072 Licentium,
2697 4014 2856 4069 quem
2888 3999 3010 4052 licet
3047 3999 3220 4053 adhuc
3259 3998 3443 4054 adole-

1873 4092 2190 4153 scentulum,
2217 4091 2283 4145 ad
2318 4104 2551 4146 amorem
2576 4091 2743 4160 ipsius
2784 4090 3020 4144 veritatis
3046 4099 3101 4144 et
3138 4091 3438 4159 sapientiae,

1877 4182 2024 4252 quod
2051 4190 2336 4251 utrumque
2363 4197 2486 4237 vere
2514 4170 2754 4237 Christus
2781 4190 2901 4246 est,
2933 4179 3260 4236 inﬂammare
3279 4181 3444 4249 magis

1874 4275 2118 4330 studebat
2145 4273 2368 4346 (Contra
2399 4273 2736 4336 Academicos.
2772 4273 2858 4330 lib.
2887 4274 2941 4339 '5,
2964 4289 3015 4344 η.
3051 4274 3116 4337 7;
3158 4272 3439 4339 Paulinus,

1870 4367 2000 4420 inter
2024 4366 2235 4435 August.
2272 4363 2435 4435 Epist.
2460 4363 2619 4428 ὅλη.
2660 4364 2738 4434 5).
2765 4364 2897 4422 Cum
2941 4380 3007 4421 eo
3035 4366 3283 4435 socioque
3329 4365 3443 4432 ejus

1873 4455 2122 4524 Trygetio
2146 4469 2287 4524 saepe
2312 4455 2423 4524 ipse
2448 4453 2742 4508 disserebat
2785 4453 2852 4508 de
2896 4455 3144 4530 gravibus
3185 4454 3440 4523 seriisque

1873 4544 2156 4599 admodum
2187 4544 2342 4598 rebus
2365 4584 2379 4608 ,
2420 4556 2528 4612 quo
2559 4552 2614 4598 et
2656 4557 2838 4597 eorum
2881 4543 3232 4600 eruditionem
3255 4545 3438 4612 explo-

1871 4645 2047 4699 raret,
2072 4647 2136 4687 ac
2174 4632 2422 4688 meditata
2467 4631 2819 4700 disputatione
2862 4633 3127 4688 excitatos
3166 4635 3443 4690 roboraret

1871 4727 2290 4795 proveheretque
2313 4724 2380 4780 ad
2399 4725 2606 4780 altiora.
2628 4723 2764 4778 Nam
2789 4734 2834 4778 et
2861 4725 3096 4780 maxima:
3114 4743 3212 4789 res,
3243 4726 3438 4791 aiebat,

1872 4837 1987 4875 cum
2029 4837 2062 4872 a
2106 4820 2271 4890 paruis
2315 4827 2640 4888 quieruntur,
2685 4834 2892 4889 magnos
2942 4834 3026 4874 eos
3055 4818 3215 4876 solent
3256 4817 3442 4894 eﬂ'icere

1873 4909 2080 4980 (Contra
2103 4910 2442 4973 Academicos,
2463 4908 2547 4976 lib.
2578 4909 2630 4973 1,
2655 4926 2707 4963 n.
2729 4907 2806 4980 6).
2832 4908 3188 4974 Quamobrem
3217 4922 3337 4960 cum
3367 4907 3440 4970 illi

1869 5017 2004 5072 quos
2027 5001 2094 5057 ad
2137 5001 2509 5070 disputandum
2540 5014 2644 5054 non
2677 4999 2977 5055 inveniendi
3010 4999 3120 5054 veri
3144 4998 3438 5065 cupiditas,

1870 5093 1963 5156 sed
1998 5092 2218 5163 puerilis
2246 5092 2438 5161 ingenii
2472 5091 2721 5160 iactantia
2747 5091 3005 5159 impellit,
3037 5090 3122 5144 vix
3145 5088 3210 5143 ad
3237 5103 3298 5150 ea
3322 5103 3440 5157 quae

1872 5192 2074 5240 temere
2089 5183 2158 5238 ab
2182 5181 2484 5238 adversario
2503 5183 2610 5237 sint
2632 5195 2886 5236 concessa
2905 5221 2920 5246 ,
2947 5178 3122 5232 redire
3142 5178 3436 5248 patiantur;

1869 5277 2188 5332 contrariam
2220 5275 2346 5346 ipsis
2373 5275 2544 5344 legem
2591 5271 2998 5340 praescribebat,
3027 5281 3084 5326 ut
3111 5287 3172 5326 ea
3207 5287 3323 5340 qua:
3353 5271 3433 5324 in-

1871 5368 2074 5422 cautius
2102 5366 2237 5422 forte
2271 5365 2409 5420 dicta
2439 5372 2654 5430 essent,
2703 5363 2771 5418 de
2795 5363 2998 5432 integro
3021 5362 3428 5419 discuterentur.

1868 5462 1955 5518 Sic
1980 5461 2177 5515 inducti
2210 5469 2351 5525 sunt,
2381 5469 2437 5513 ut
2466 5473 2568 5514 non
2617 5471 2832 5525 parvum
2862 5457 2912 5512 in
2960 5455 3288 5526 pltil050phia
3315 5470 3437 5524 pro-

1868 5557 2060 5612 iectum
2097 5561 2375 5622 putarent,
2405 5566 2525 5607 cum
2553 5551 2604 5604 in
2631 5551 3027 5619 comparatione
3054 5551 3183 5606 recti
3215 5550 3431 5619 verique

1869 5644 2168 5700 inveniendi
2212 5643 2564 5697 contemnitur
2604 5657 2633 5696 a
2669 5641 2970 5712 disputante
2996 5641 3211 5696 victoria
3241 5638 3436 5711 (lbid.,

1870 5753 1924 5790 ιι.
1952 5733 2027 5806 8).
2059 5734 2242 5792 Hiram
2271 5749 2430 5805 super
2465 5732 2565 5789 hac
2601 5748 2660 5790 re
2705 5747 2885 5794 coram
2912 5732 2991 5788 eis
3017 5731 3313 5810 orationem
3347 5730 3442 5802 ha:
