3994 6352
574 349 674 406 12⁵1

573 460 720 527 buit,
760 474 916 532 quam
946 455 1296 513 adscribimus
1331 451 1550 508 inferius
1577 451 1782 525 (Infra,
1807 468 1860 506 η.
1880 448 1956 520 9).
1979 449 2143 503 Porro

577 553 695 611 hznc
725 551 1030 608 instituendi
1055 550 1210 615 ratio,
1239 563 1395 618 quam
1419 546 1741 616 Augustinus
1777 543 1910 608 iniit,
1942 550 2139 595 tantum

577 645 829 715 Trygetio
854 652 906 697 et
945 641 1183 695 Licentia
1214 637 1435 708 profuit,
1480 647 1534 691 ut
1576 637 1662 704 qui
1694 636 1840 704 prius
1862 647 1956 688 eos
1979 648 2141 686 nove-

573 744 731 801 rant,
763 734 848 787 vix
885 731 1162 786 crederent
1199 730 1276 784 sic
1319 729 1437 782 illos
1475 727 1541 782 ad
1577 743 1659 781 res
1687 741 1903 796 magnas
1925 724 2141 779 investi~

573 826 774 897 gandas
817 823 1078 880 exarsisse
1101 865 1114 885 ,
1150 830 1203 876 et
1242 821 1290 875 id
1328 821 1498 875 :etatis
1549 819 1910 874 adolescentes
1948 817 2141 871 bellum

578 918 833 973 indixisse
868 915 1220 984 voluptatibus
1252 913 1350 984 (De
1377 912 1589 975 Ordine,
1621 911 1706 965 lib.
1732 911 1856 977 2,η.
1887 909 1996 982 29).
2025 909 2141 964 Non

573 1007 838 1064 im'merito
859 1009 1031 1078 itaque
1063 1007 1325 1062 Licentius
1355 1005 1685 1060 felicissimos
1705 1005 1823 1059 illos
1849 1004 1983 1068 dies,
2011 1019 2142 1069 quos

574 1117 694 1156 cum
720 1111 902 1156 sancto
941 1101 1165 1154 Doctore
1190 1100 1240 1152 in
1271 1098 1430 1152 ltalim
1457 1096 1632 1151 medio
1661 1097 1798 1150 inter
1816 1087 2139 1165 iucundissi-

581 1211 662 1249 ma
693 1195 797 1247 otia
831 1201 1174 1262 transegerat,
1206 1191 1304 1246 sibi
1333 1199 1511 1259 postea
1551 1189 1786 1244 revocari
1835 1187 2142 1257 peroptabat

569 1284 850 1356 (Carmine
902 1286 969 1338 ad
1019 1287 1231 1356 August.
1277 1292 1630 1353 praeceptorem
1662 1324 1676 1344 ,
1726 1299 1852 1336 vers.
1903 1281 1972 1334 52
2028 1297 2135 1351 sqq.

568 1375 622 1428 in
664 1385 795 1429 tomo
830 1376 903 1441 2,
951 1375 1118 1444 Epist.
1150 1373 1278 1445 26).
1327 1372 1589 1442 Quidquid
1643 1372 1694 1425 in
1749 1371 1828 1425 his
1869 1371 2140 1425 dicebatur

575 1468 854 1535 colloquiis
873 1509 887 1533 ,
919 1467 1153 1521 adhibito
1179 1467 1385 1521 notario
1415 1466 1589 1520 statim
1632 1465 1753 1518 stilo
1783 1464 2140 1532 excipiebatur

573 1556 700 1627 (De
724 1557 928 1621 Ordine,
955 1557 1040 1611 lib.
1089 1559 1141 1622 1,
1177 1574 1228 1610 η.
1268 1553 1352 1627 5).
1399 1555 1547 1624 Quod
1592 1571 1806 1624 semper
1856 1555 2141 1623 usurpabat

571 1653 931 1720 Augustinus,
970 1661 1078 1704 tum
1118 1666 1184 1704 ne
1231 1649 1353 1719 quid
1397 1649 1519 1704 boni
1571 1649 1743 1716 perire
1771 1647 2134 1716 permitteret,

571 1748 680 1793 tum
712 1742 849 1809 quod
881 1741 929 1794 id
957 1740 1242 1794 valetudini
1293 1754 1402 1792 sua:
1450 1738 1746 1791 conducere
1776 1737 2014 1792 videret:
2045 1737 2139 1790 ali-

569 1845 674 1900 qua
725 1831 864 1886 enim
916 1829 1163 1899 loquendi
1215 1828 1522 1883 difficultate
1564 1827 1869 1892 laborabat,
1923 1835 1976 1881 et
2016 1842 2136 1881 eum

569 1930 694 1974 tunc
722 1921 934 1973 tenebat
968 1918 1294 1973 incommoda
1324 1918 1570 1971 valetudo
1589 1959 1603 1982 ,
1633 1932 1752 1986 quae
1781 1931 1877 1970 nec
1903 1931 2021 1970 eum
2043 1931 2136 1970 sua

567 2026 725 2064 manu
757 2011 985 2065 scribere
1001 2010 1296 2080 patiebatur
1316 2008 1736 2078 (Soli/nquiorum
1758 2007 1845 2060 lib.
1873 2008 1921 2071 l,
1951 2024 2005 2060 η.
2027 2007 2134 2078 16).

639 2103 688 2155 5.
725 2102 799 2154 Ex
835 2102 914 2155 his
960 2099 1234 2169 colloquiis
1267 2100 1408 2152 varia
1460 2098 1703 2167 prodiere
1752 2099 2002 2166 Opnscula
2035 2101 2140 2151 Au-

567 2191 760 2259 gustini
803 2193 852 2244 in
882 2191 1094 2244 modum
1122 2191 1446 2260 dialogorum
1477 2189 1649 2254 edita,
1680 2189 1729 2241 in
1771 2188 1958 2258 quibus
1983 2188 2137 2242 fami-

571 2281 729 2336 liares
784 2281 1076 2350 cruditique
1121 2281 1192 2334 illi
1234 2295 1551 2349 congressus
1576 2321 1588 2342 ,
1621 2280 1794 2333 nativo
1842 2295 2055 2348 prorsus
2085 2289 2138 2335 et

564 2372 799 2441 jncuudo
838 2387 1084 2426 sermone
1126 2380 1478 2442 exponuntur.
1517 2369 1697 2426 Refert
1725 2371 1986 2441 ipsissima
2015 2388 2136 2426 ver-

569 2465 632 2518 ba
661 2505 674 2529 ,
727 2465 916 2532 quibus
952 2464 1002 2517 in
1029 2464 1213 2518 iisdem
1255 2464 1531 2532 colloquiis
1551 2472 1658 2516 tum
1700 2464 1842 2532 ipse,
1875 2472 1985 2518 tum
2007 2464 2137 2534 Aly-

572 2557 689 2624 pius
716 2556 798 2610 usi
839 2557 1042 2610 fuerant
1069 2574 1082 2623 ;
1111 2557 1331 2610 aliorum
1363 2565 1536 2610 autem
1564 2557 1894 2610 solummodo
1920 2566 2135 2612 senten-

571 2647 670 2699 tias
691 2646 918 2701 reddidit
949 2646 1156 2717 (Conlra
1178 2647 1518 2711 Academicos,
1554 2647 1640 2700 lib.
1670 2649 1722 2714 1,
1752 2665 1803 2701 n.
1831 2647 1908 2717 4).
1941 2647 2136 2703 Eorum

571 2737 804 2790 omnium
848 2753 965 2806 qua:
1009 2753 1104 2806 per
1132 2737 1182 2790 id
1223 2738 1507 2804 temporis,
1538 2752 1657 2791 cum
1683 2753 1740 2792 se
1769 2738 2013 2792 omnibus
2040 2738 2136 2793 ab—

570 2827 756 2881 dicatis
783 2826 848 2880 ad
879 2826 1180 2881 christiana:
1206 2827 1326 2881 vitae
1348 2827 1513 2881 otium
1540 2828 1878 2894 contulisset,
1905 2829 2137 2883 nondum

570 2920 864 2989 baptizatus
901 2921 1222 2984 elaboravit,
1255 2924 1481 2990 primum
1527 2931 1608 2975 est
1631 2935 1760 2990 opus
1789 2930 1972 2975 contra
1999 2922 2136 2975 Aca-

569 3011 824 3077 demicos,
852 3012 1025 3070 vel.de
1053 3011 1379 3068 Academicis
1411 3012 1661 3080 scriptum
1691 3011 2138 3082 (Retractatiomtm

567 3101 654 3154 lib.
691 3103 739 3165 l,
766 3118 879 3171 cap.
908 3102 980 3172 1).
1013 3102 1068 3155 1η
1093 3102 1322 3166 illorum,
1346 3110 1402 3155 nt
1422 3101 1668 3168 diximus,
1706 3102 2136 3172 philosophorum

570 3207 777 3246 errores
821 3192 1106 3258 inciderat,
1157 3193 1245 3262 qui
1307 3193 1595 3258 sapientem
1647 3193 1888 3263 cuiquam
1934 3194 2047 3260 rei,
2080 3203 2138 3249 ut

569 3293 728 3336 certa:
754 3291 807 3336 et
849 3282 1137 3337 manifesta:
1161 3325 1175 3348 ,
1223 3283 1466 3336 assentiri
1512 3282 1901 3352 prohibebant,
1928 3292 1981 3338 et
2017 3299 2134 3338 om-

570 3373 654 3426 nia
700 3374 851 3426 nobis
876 3375 1098 3427 obscura
1126 3381 1180 3426 et
1215 3372 1371 3426 dubia
1409 3373 1656 3427 volebant
1698 3373 1863 3427 videri
1901 3393 1914 3428 :
1943 3375 2136 3444 quique

571 3460 672 3515 hoc
701 3471 852 3530 pacto
882 3462 991 3516 veri
1013 3461 1312 3516 inveniendi
1341 3461 1764 3530 desperationem
1787 3462 1964 3517 multis
1990 3464 2137 3533 inge-

568 3552 772 3605 rebant.
802 3551 992 3620 Opinio
1031 3552 1136 3616 illa,
1179 3566 1336 3621 quam
1366 3550 1494 3604 falsa
1528 3565 1713 3605 eorum
1739 3546 2042 3620 argumenta
2082 3554 2134 3607 in

566 3641 710 3694 illius
749 3641 925 3695 animo
967 3642 1379 3710 impresserant,
1416 3639 1640 3695 necdum
1668 3643 1877 3711 penitus
1921 3642 2133 3697 oblitte-

565 3743 675 3788 rata
718 3734 905 3788 fuerat.
953 3734 1056 3788 Sed
1100 3743 1272 3787 tamen
1328 3733 1467 3802 quod
1494 3733 1670 3801 operis
1712 3733 1868 3801 hujus
1908 3733 2133 3802 quodam

565 3822 683 3877 loco
707 3824 812 3889 ait,
853 3840 911 3878 se
957 3823 1084 3876 nihil
1131 3823 1257 3876 certi
1289 3820 1459 3876 adlmc
1499 3821 1693 3876 habere
1730 3822 1869 3890 quod
1896 3823 2129 3889 sentiat,

567 3913 664 3964 nisi
688 3913 824 3981 quod
860 3913 961 3965 illis
987 3910 1255 3980 probabile
1278 3912 1446 3964 visum
1473 3920 1555 3965 est
1591 3927 1694 3965 non
1731 3927 1885 3981 posse
1911 3914 2132 3967 inveniri

570 4010 843 4057 veritatem
870 4044 885 4068 ,
917 4003 1016 4055 sibi
1065 4011 1238 4056 autem
1278 4002 1500 4055 inveniri
1553 4015 1709 4070 posse
1755 4001 2024 4070 probabile
2052 4012 2133 4057 est

567 4093 780 4163 (Contra
805 4093 1146 4158 Academicos,
1177 4091 1336 4156 lib.2,
1367 4109 1416 4146 η.
1438 4092 1530 4161 25)
1558 4109 1573 4157 ;
1601 4092 1718 4161 quis
1746 4107 1851 4145 non
1877 4090 2133 4161 intelligat

563 4185 628 4239 ab
658 4185 772 4253 ipso
799 4183 997 4238 dictum
1031 4183 1195 4252 figura
1243 4181 1466 4251 quadam
1490 4223 1505 4247 ,
1539 4181 1761 4235 solemni
1801 4181 2130 4250 dialogorum

562 4293 752 4332 more:
783 4275 1209 4345 quandoquidem
1254 4274 1363 4344 jam
1429 4274 1564 4343 ipsi,
1634 4282 1693 4327 ut
1741 4273 1866 4327 alibi
1917 4272 2130 4328 disertis

560 4367 736 4421 verbis
757 4366 914 4430 dicit,
941 4374 1081 4420 certa
1108 4372 1222 4420 erat
1251 4365 1520 4434 perceptio
1543 4365 1778 4419 veritatis
1820 4363 2127 4435 (Confessio-

559 4475 687 4511 num
701 4459 788 4512 lib.
811 4457 864 4523 8,
896 4453 1008 4528 cap.
1031 4459 1084 4524 5,
1113 4474 1166 4510 n.
1196 4455 1603 4525 ll)?Cacterum
1619 4471 1738 4509 eum
1765 4470 1826 4509 ea
1842 4470 1929 4510 res
1958 4455 2126 4510 maxi-

559 4549 631 4603 mi
675 4557 818 4603 esset
862 4549 928 4602 ad
967 4549 1187 4601 salutem
1237 4544 1520 4608 momenti,
1571 4545 1732 4600 hosce
1756 4545 2122 4614 philosophos,

549 4640 644 4709 ‘qni
707 4637 943 4693 veritatis
993 4640 1226 4702 ostium,
1269 4637 1413 4690 omni
1469 4650 1563 4705 spe
1631 4636 1775 4689 illam
1826 4636 2123 4690 inveniendi

555 4730 797 4800 adempta
815 4771 830 4798 ,
858 4729 956 4799 ipsi
986 4728 1379 4798 pmoludebant
1401 4767 1416 4792 ,
1459 4728 1670 4796 quantis
1697 4736 1877 4796 posset
1904 4727 2124 4780 rationi-

553 4819 654 4876 bus
681 4817 891 4891 aggredi
933 4817 1224 4872 constituit.
1271 4817 1456 4871 Paucis
1493 4832 1619 4886 ergo
1661 4832 1690 4869 a
1739 4831 1837 4871 suo
1865 4819 1918 4869 in
1948 4817 2123 4870 villam

554 4926 767 4968 secessu
821 4911 1100 4966 transactis
1151 4909 1358 4974 diebus,
1389 4907 1695 4978 Trygetium
1724 4917 1778 4962 et
1824 4907 2120 4963 Licentium

553 5016 734 5057 secum
779 5001 1004 5055 invicem
1035 4997 1352 5054 contendere
1377 4997 1444 5051 de
1486 4996 1587 5051 hac
1612 5012 1672 5050 re
1713 4996 1905 5065 jussit,
1947 4998 2017 5052 ita
2065 5009 2123 5054 ut

555 5093 643 5149 hic
669 5102 846 5164 partes
878 5091 1313 5148 Academicorum
1353 5089 1658 5155 sustineret,
1690 5089 1778 5143 ille
1800 5104 1979 5144 coram
2004 5091 2121 5160 ipso

556 5186 852 5253 Augustino
879 5192 935 5238 et
969 5184 1159 5254 Alypio
1207 5183 1558 5251 impugnaret.
1617 5181 1811 5237 Aderat
1836 5183 2114 5254 Navigius,

553 5259 647 5331 sed
675 5289 837 5345 pauca
866 5273 1098 5344 protulit.
1131 5272 1348 5343 Alypius
1373 5272 1530 5326 etiam
1561 5272 1714 5339 paulo
1735 5283 1852 5342 post
1875 5273 2119 5330 discessit

558 5366 772 5440 (Contra
801 5365 1143 5428 Academicos,
1185 5363 1270 5417 lib.
1305 5365 1358 5430 1,
1385 5380 1439 5416 n.
1465 5363 1544 5433 8),
1579 5378 1697 5417 cum
1726 5365 1826 5418 iter
1853 5365 1904 5418 in
1933 5366 2117 5422 urbem

551 5461 904 5517 Mediolanum
933 5465 1074 5511 esset
1107 5457 1208 5525 ipsi
1237 5457 1578 5511 constitutum
1610 5455 1802 5526 (Ibid.,
1825 5474 1876 5510 η.
1901 5457 1992 5529 5)?
2013 5459 2117 5514 Alii

554 5566 731 5611 tamen
800 5551 1118 5622 colloquium
1174 5549 1339 5604 tribus
1383 5550 1644 5604 continuis
1693 5549 1921 5620 diebus(
1955 5549 2113 5619 lbid.,

550 5663 638 5700 nn.
672 5646 758 5709 11,
809 5644 922 5714 15),
948 5641 1156 5697 decimo
1189 5638 1350 5705 forte,
1399 5639 1679 5695 undecimo
1724 5647 1778 5696 et
1805 5641 2116 5697 duodecimo

549 5737 874 5807 novembris,
923 5745 982 5792 ut
1029 5733 1253 5801 videtur,
1299 5734 1380 5790 vel
1419 5744 1606 5806 quarto
1633 5776 1648 5805 ,
1699 5735 2013 5794 duodecimo
2059 5745 2114 5793 et

1703 339 1862 408 vrrA
1899 339 1956 394 s.
1987 330 2354 390 AUGUSTlNl
2393 329 2708 391 EPlSCOPl.

2246 445 2454 502 decimo
2501 449 2689 515 tertio,
2730 449 2874 505 horis
2912 453 3341 510 antemeridianis
3369 457 3636 526 prosecuti
3665 466 3812 514 sunt.

2245 539 2373 608 Quae
2404 541 2642 596 triduana
2675 543 2960 613 disputatio
2990 562 3054 601 ex
3078 549 3245 602 tribus
3267 549 3417 604 libris
3459 558 3642 605 contra
3674 535 3821 606 Aca-I

2244 630 2478 685 demicos
2518 633 2760 701 scriptis,
2815 636 3044 705 priorem
3085 640 3376 694 constituit.
3421 640 3589 709 Quem
3632 645 3814 714 Augu-

2247 722 2416 776 stinus
2445 723 2687 789 absolvit,
2707 725 2887 780 dicens
2914 727 3050 781 hanc
3075 732 3492 785 controversiam
3527 734 3703 800 paucis
3724 749 3816 802 po-

2247 814 2410 869 tuisse
2437 817 2712 884 concludi,
2765 819 2865 873 nisi
2900 819 2996 873 hOS
3047 821 3410 878 adolescentes
3439 840 3692 881 exercere
3713 866 3730 892 ,
3763 835 3818 881 et

2245 919 2429 960 eorum
2455 921 2648 962 nervos
2671 924 2732 963 ac
2763 911 2932 964 studia
2963 913 3015 965 in
3036 913 3219 983 primis
3239 915 3515 984 explorare
3542 917 3814 973 voluisset.

2316 996 2369 1049 4.
2393 995 2518 1050 Post
2545 997 2669 1051 illud
2699 1000 3040 1070 colloquium,
3071 1013 3271 1072 septem
3301 1005 3409 1059 fere
3437 1005 3624 1060 diebus
3649 1007 3677 1060 ὲ
3703 1008 3816 1060 dis-

2246 1090 2522 1158 putatione
2566 1093 2877 1161 quieverunt
2921 1096 2940 1165 (
2968 1094 3128 1162 Ibid.,
3160 1098 3246 1150 lib.
3288 1097 3352 1164 2,
3384 1116 3438 1152 η.
3483 1099 3601 1169 10).
3634 1102 3735 1155 Per
3765 1101 3816 1154 id

2249 1180 2388 1234 enim
2457 1184 2742 1251 temporis,
2804 1187 3107 1256 priusquam
3171 1189 3335 1244 libros
3399 1189 3466 1245 de
3532 1191 3814 1244 Academi-

2241 1271 2319 1325 cis
2357 1271 2671 1327 absolvisset
2709 1317 2723 1341 ,
2770 1275 2959 1329 librum
3025 1277 3091 1331 de
3157 1278 3313 1333 Beata
3359 1279 3477 1334 Vita
3519 1281 3817 1348 composuit

2243 1360 2490 1428 (Retract.
2518 1362 2604 1416 lib.
2638 1365 2698 1428 1,
2739 1381 2849 1434 cap.
2891 1365 2928 1418 2
2958 1363 2977 1437 )
3016 1381 3083 1419 ex
3116 1368 3421 1437 colloquiis,
3449 1384 3566 1438 qua:
3597 1384 3687 1438 per
3721 1370 3813 1421 tri-

2241 1449 2424 1516 duum,
2450 1451 2656 1507 decimo
2682 1455 2854 1521 tertio,
2873 1455 3079 1510 decimo
3108 1466 3296 1527 quarto
3324 1468 3377 1514 et
3401 1459 3606 1513 decimo
3631 1461 3815 1528 quinto

2241 1543 2544 1597 novembris
2563 1544 2706 1598 horis
2723 1547 3097 1614 pomeridianis
3110 1548 3308 1604 habuit.
3328 1551 3470 1606 Duos
3482 1551 3636 1604 etiam
3651 1552 3816 1605 libros

2241 1633 2314 1688 de
2339 1633 2533 1689 Ordine
2550 1635 2727 1705 (Ibid.,
2745 1654 2858 1707 cap.
2883 1640 2958 1708 5),
2975 1641 3074 1694 hoc
3100 1649 3199 1706 est,
3225 1643 3453 1711 priorem
3477 1643 3564 1712 qui
3588 1643 3815 1697 duorum

2241 1722 2444 1778 dierum
2465 1768 2479 1791 ,
2516 1726 2706 1780 decimi
2745 1730 2880 1783 sexti
2911 1739 2965 1783 et
2997 1730 3188 1785 decimi
3225 1733 3433 1802 septimi
3455 1733 3545 1806 (ut
3573 1733 3814 1804 videtur)

2240 1815 2502 1884 colloquia
2527 1819 2893 1887 complectitur
2915 1820 3015 1893 (De
3038 1821 3246 1890 Ordine,
3269 1824 3356 1888 lib.
3381 1826 3429 1890 1,
3458 1843 3511 1878 n.
3545 1825 3656 1896 27).
3682 1826 3817 1880 llinc

2241 1906 2566 1976 Augustinus
2601 1909 2653 1962 in
2692 1907 2930 1966 libro'de
2965 1913 3124 1968 Beata
3156 1914 3270 1968 Vita
3301 1916 3501 1982 scribit,
3528 1931 3596 1970 ex
3627 1931 3814 1971 eorum

2241 1995 2395 2050 dictis
2425 2005 2615 2064 totum,
2639 2001 2776 2069 quod
2799 2017 2919 2056 cum
2949 2004 3275 2060 Academicis
3295 2018 3653 2077 susceperant,
3685 2024 3817 2062 con-

2241 2086 2435 2141 fectum
2465 2104 2584 2144 esse
2616 2092 2910 2160 negotium,
2956 2104 3010 2149 et
3061 2096 3348 2150 Licentium
3396 2098 3588 2168 ubique
3634 2108 3814 2166 partes

2241 2179 2680 2236 Academicorum
2711 2185 2971 2239 sustinere
3002 2186 3110 2254 (De
3135 2187 3288 2240 Beata
3327 2187 3462 2252 Vita,
3509 2206 3562 2242 η.
3608 2191 3718 2260 15).
3753 2191 3812 2244 ln

2243 2272 2418 2341 priore
2463 2282 2638 2328 autem
2686 2274 2820 2328 libro
2864 2275 2931 2330 de
2967 2276 3165 2332 Ordine
3206 2278 3480 2348 Trygetius
3505 2281 3812 2334 exclamat:

2245 2361 2501 2417 Habemus
2519 2365 2653 2434 jam,
2686 2365 2820 2436 quod
2849 2367 2960 2436 plus
2989 2378 3080 2432 est,
3113 2367 3392 2423 Licentium
3417 2386 3518 2423 non
3547 2370 3815 2424 Academi-

2241 2470 2356 2508 cum
2383 2454 2484 2527 (De
2511 2454 2716 2521 Ordine,
2746 2456 2833 2511 lib.
2867 2459 2918 2523 1,
2947 2474 2999 2511 n.
3029 2458 3145 2529 10);
3172 2474 3266 2514 eos
3301 2460 3443 2514 enim
3485 2460 3574 2515 ille
3612 2460 3816 2515 studio-

2241 2547 2452 2602 sissime
2478 2548 2762 2604 defendere
2787 2550 3010 2605 solebat.

2313 2642 2365 2696 5.
2398 2642 2586 2697 Paucis
2613 2643 2896 2698 admodum
2927 2644 3114 2699 diebus
3135 2687 3149 2710 ,
3181 2645 3348 2700 tribus
3374 2655 3466 2700 aut
3501 2655 3727 2715 quatuor
3748 2645 3819 2701 ad

2242 2744 2530 2800 summum,
2563 2735 2755 2804 elapsis
2794 2735 2824 2788 ἐι
2857 2737 3066 2805 gemino
3098 2736 3187 2790 illo
3216 2737 3500 2808 colloquio,
3543 2753 3646 2807 quo
3675 2737 3818 2792 liber

2243 2823 2310 2878 de
2338 2823 2533 2879 Ordine
2562 2826 2762 2894 primus
2805 2836 3045 2892 constat,
3084 2828 3377 2883 Mediolano
3411 2829 3567 2884 rediit
3594 2830 3820 2900 Alypius

2244 2912 2432 2985 (Ibid.,
2460 2915 2548 2967 lib.
2570 2916 2622 2972 2.
2653 2933 2705 2969 η.
2724 2917 2798 2986 1).
2825 2917 2972 2972 Tunc
2986 2919 3305 2987 Augustinus
3326 2920 3674 2974 intermissam
3693 2929 3822 2974 octo

2242 3013 2364 3059 ante
2401 3006 2584 3060 diebus
2625 3006 2692 3061 de
2734 3007 3063 3062 Academicis
3108 2999 3451 3077 quaestionem
3506 3020 3824 3080 prosecutus

2241 3104 2328 3150 est
2353 3094 2561 3166 (Contra
2588 3096 2776 3162 Acad.,
2808 3098 2896 3152 lib.
2927 3098 2980 3162 2,
3004 3117 3056 3152 η.
3090 3099 3198 3170 10).
3231 3083 3498 3155 Licentius
3527 3103 3821 3158 Academi-

2241 3199 2424 3239 corum
2465 3198 2639 3255 partes
2677 3199 2859 3244 contra
2898 3191 3204 3260 Trygetium
3241 3202 3305 3246 et‘
3324 3193 3492 3262 ipsum
3518 3195 3678 3248 etiam
3705 3196 3823 3248 Au-

2239 3277 2506 3344 gustinum
2524 3279 2824 3348 aliquandiu
2842 3282 3115 3346 sustinuit;
3132 3296 3194 3335 ac
3210 3282 3432 3337 subinde
3454 3284 3626 3337 locum
3649 3287 3817 3339 cessit

2240 3365 2457 3437 Alypio;
2489 3384 2714 3437 quocum
2744 3373 3083 3440 Augustinus,
3116 3388 3220 3427 non
3248 3373 3356 3442 jam
3377 3375 3674 3429 oblectandi
3696 3376 3825 3428 ani-

2241 3461 2313 3514 mi
2358 3462 2523 3530 gratia
2566 3463 2893 3532 praeludens,
2935 3474 2991 3519 ut
3031 3474 3185 3520 antea
3228 3480 3348 3521 cum
3404 3466 3672 3533 Licentio,
3719 3467 3826 3522 sed

2240 3551 2380 3604 serio
2407 3551 2548 3604 velut
2577 3567 2689 3605 rem
2715 3537 3344 3624 gravissimam'agitavit.
3378 3556 3456 3610 Eo
3487 3565 3660 3610 tatnen
3689 3557 3778 3612 die
3801 3598 3823 3624 ,

2238 3650 2298 3695 ut
2335 3651 2389 3695 et
2423 3650 2673 3710 postero,
2709 3645 3055 3714 quaestionem
3096 3646 3460 3701 tantummodo
3493 3647 3824 3702 delibarunt.

2239 3731 2438 3788 Verum
2470 3733 2556 3788 die
2597 3735 2780 3799 tertio,
2818 3749 2938 3789 cum
2969 3735 3080 3805 ipse
3121 3737 3341 3807 Alypius
3374 3737 3824 3793 Academicorum

2237 3835 2470 3887 causam,
2490 3837 2645 3891 quam
2664 3824 2926 3889 tuebatur,
2955 3824 3298 3892 deseruisset,
3316 3835 3478 3880 totam
3498 3827 3827 3896 disputatio-

2237 3927 2358 3966 nem
2375 3914 2694 3982 Augustinus
2719 3915 2956 3969 oratione
2975 3915 3113 3970 bene
3132 3917 3282 3986 longa
3307 3918 3565 3972 conclusit
3588 3937 3601 3972 :
3621 3934 3684 3973 ex
3710 3934 3825 3989 qua

2237 4005 2472 4073 profecto
2513 4005 2750 4060 oratione
2792 4007 3080 4076 periculum
3127 4024 3308 4063 eorum
3337 4010 3425 4079 qui
3463 4025 3528 4065 ex
3555 4011 3825 4080 probabili

2235 4095 2484 4162 opinione
2526 4096 2683 4149 vitam
2713 4097 2991 4151 instituunt
3017 4097 3202 4168 (Ibid.,
3222 4098 3309 4153 lib.
3342 4100 3396 4166 5,
3425 4117 3510 4154 nn.
3549 4101 3638 4164 55,
3668 4101 3776 4170 56)
3804 4144 3821 4164 ,

2237 4185 2469 4254 prudens
2506 4188 2728 4257 quisque
2769 4188 2896 4241 satis
2943 4189 3217 4258 intelligat.
3260 4189 3605 4244 Academicos
3651 4191 3824 4246 etiam

2236 4291 2460 4345 purgare
2488 4277 2782 4343 contendit,
2806 4287 2859 4331 et
2879 4279 3161 4334 ostendere
3191 4281 3243 4334 in
3272 4295 3333 4334 ea
3360 4279 3480 4334 illos
3509 4295 3616 4335 non
3645 4279 3821 4336 fuisse

2233 4369 2513 4435 sententia,
2565 4378 2622 4422 ut
2667 4385 2848 4425 verum
2899 4371 3124 4426 inveniri
3172 4388 3278 4427 non
3325 4388 3481 4443 posse
3529 4375 3824 4429 crederent

2239 4458 2425 4532 (Ibid.,
2446 4479 2534 4514 nn.
2568 4463 2655 4528 57,
2683 4462 2793 4532 58).
2815 4463 2943 4530 Quae
2968 4464 3268 4533 conjectura
3299 4467 3438 4520 utilis
3465 4476 3598 4532 erat,
3629 4467 3671 4521 si
3701 4480 3821 4522 non

2231 4561 2375 4605 certa
2395 4552 2583 4623 (Epist.
2611 4553 2684 4622 1).
2704 4553 2962 4608 Observat
2988 4554 3160 4609 adhuc
3185 4556 3355 4610 varias
3375 4556 3822 4626 philosophorum

2229 4650 2401 4696 sectas
2425 4643 2492 4696 ad
2514 4657 2670 4696 unam
2699 4653 2822 4697 tunc
2848 4644 3086 4699 redactas
3111 4645 3294 4699 videri.
3313 4647 3574 4700 Caeterum
3601 4663 3660 4702 ea
3692 4647 3817 4702 dis-

2227 4734 2456 4801 ceptatio
2479 4736 2800 4803 argumentis
2834 4736 3295 4802 Academicorum,
3325 4753 3441 4807 quae
3460 4737 3602 4796 forte
3639 4754 3815 4808 nego-

2227 4825 2357 4879 tium
2386 4825 2556 4880 adhuc
2581 4826 2932 4892 lacessebant,
2952 4829 3183 4882 animum
3208 4829 3322 4898 ejus
3344 4829 3628 4884 miserante
3643 4839 3814 4899 atque

2227 4913 2506 4983 adjuvante
2530 4915 2637 4969 Deo
2664 4915 2928 4984 expedivit
2957 4916 3204 4988 (Retract.
3234 4918 3316 4972 lib.
3344 4918 3395 4984 1,
3414 4935 3527 4988 cap.
3559 4918 3609 4985 1,
3638 4935 3689 4971 n.
3725 4915 3812 4988 1),

2226 5003 2456 5074 illudque
2497 5005 2702 5072 penitus
2742 5005 2953 5074 abrupit
2993 5007 3376 5073 retinaculum,
3406 5024 3510 5079 quo
3535 5009 3601 5063 ab
3640 5009 3814 5064 ubere

2227 5094 2592 5164 philosophiae,
2621 5095 2992 5164 desperatione
3024 5097 3329 5154 inveniendi
3356 5101 3498 5164 veri,
3529 5115 3678 5154 mens
3709 5117 3811 5158 sua

2223 5195 2347 5240 ante
2373 5186 2776 5241 conversionem
2801 5187 3166 5243 refrenabatur
3187 5190 3376 5261 (Epist.
3400 5194 3452 5259 1,
3476 5208 3527 5245 n.
3551 5191 3636 5263 5).
3655 5192 3808 5260 Qua-

2224 5287 2442 5348 propter
2466 5277 2625 5332 finem
2655 5280 2806 5349 operi
2837 5280 3134 5349 imponens,
3163 5282 3442 5351 profitetur
3465 5298 3523 5338 se
3554 5283 3620 5338 de
3647 5267 3816 5338 com;

2223 5369 2456 5440 paranda
2481 5372 2738 5440 sapientia
2765 5387 2872 5426 non
2901 5373 3125 5441 amplius
3153 5373 3456 5444 desperare,
3488 5390 3650 5446 seque
3676 5376 3806 5432 huic

2223 5463 2596 5532 adipiscendae,
2631 5464 2950 5533 posthabitis
2971 5466 3176 5521 caeteris
3199 5468 3444 5522 omnibus
3463 5484 3580 5538 quin
3599 5480 3806 5524 morta-

2224 5553 2300 5608 les
2325 5555 2500 5626 magni
2528 5554 2745 5620 faciunt,
2767 5555 3012 5610 insudare
3032 5558 3312 5624 statuisse;
3340 5573 3566 5629 cumque
3582 5559 3804 5629 gemino

2224 5647 2476 5717 pondere,
2520 5648 2849 5702 auctoritatis
2895 5657 3053 5718 atque
3087 5649 3326 5717 rationis,
3371 5649 3438 5704 ad
3481 5649 3800 5707 discendum

2223 5741 2574 5811 impellamur,
2627 5755 2687 5797 se
2737 5755 2995 5814 nusquam
3037 5741 3068 5799 ‘a
3105 5741 3302 5801 Christi
3349 5743 3682 5820 auctoritate,
3736 5754 3799 5820 ut
