3994 6352
175 389 272 444 129

177 507 414 557 ninnium
462 500 824 562 validissima,
877 497 1178 558 discedere:
1228 495 1557 566 seque'quod
1588 495 1750 549 sacris

178 594 540 664 Scriptoribus
567 607 672 646 non
699 600 976 660 repugnet,
1004 599 1058 642 et
1087 586 1428 656 intelligendo
1457 585 1755 655 apprchen—

175 690 297 743 dere
328 695 538 756 posset,
580 685 716 754 apud
762 684 1061 738 Platonicos
1109 691 1443 751 reperturum
1489 678 1756 733 conlidere

177 784 386 852 (Contra
416 779 610 842 Acad.,
643 778 729 831 lib.
763 778 816 842 3,
848 793 900 829 η.
929 775 1042 843 45).
1071 775 1126 828 ln
1152 774 1260 827 suis
1291 782 1464 827 tamen
1484 773 1755 824 Retracta-

179 879 379 927 tinuum
413 871 572 924 libris
600 869 829 933 Iaudem,
859 882 960 936 qua
988 866 1277 926 Platonem,
1308 870 1362 918 et
1389 863 1502 931 ejus
1527 869 1755 915 sectato-

178 983 254 1021 res
279 974 495 1018 tantum
525 961 735 1023 extulit,
777 960 888 1028 ipse
917 956 1235 1012 condemnat
1263 964 1316 1008 et
1351 952 1589 1020 repudiat
1621 950 1757 1022 (Re-

177 1068 313 1110 trat‘l.
341 1058 434 1110 lib.
471 1057 523 1118 1,
556 1071 671 1124 cap.
699 1055 749 1116 1,
780 1069 833 1106 η.
857 1049 936 1122 «1).
963 1049 1242 1104 Professus
1262 1055 1345 1100 est
1365 1046 1604 1117 Alypius,
1629 1043 1758 1097 nihil

179 1173 224 1204 δελ
244 1151 478 1213 habere,
501 1145 644 1215 quod
659 1142 934 1214 Augustini
953 1141 1242 1195 rationibus
1258 1146 1576 1207 Opponeret;
1599 1135 1760 1190 simul

177 1243 344 1311 elogio
398 1241 563 1308 longe
609 1235 967 1307 pulcherrimo
997 1231 1284 1300 subjunxit,
1315 1245 1373 1284 se
1409 1244 1528 1284 cum
1569 1226 1760 1296 gaudio

178 1342 489 1402 superatum
522 1328 817 1392 discedere,
856 1341 1025 1396 seque
1052 1334 1104 1378 et
1130 1330 1524 1377 concertatores
1553 1334 1677 1373 suos
1706 1318 1759 1371 in

180 1425 477 1495 Augustino
507 1423 698 1476 ducem
730 1420 945 1483 habere,
975 1417 1061 1486 qui
1084 1415 1243 1468 divini
1271 1413 1482 1466 lttminis
1506 1408 1762 1464 beneficio

179 1534 262 1572 eos
291 1518 345 1570 in
378 1517 499 1584 ipsa
531 1513 771 1566 veritatis
799 1525 990 1564 arcana
1030 1507 1280 1577 perducat
1330 1503 1536 1576 (Contra
1574 1499 1758 1568 Acad.,

179 1611 259 1661 tib.
285 1609 340 1669 3,
372 1624 428 1658 η.
463 1605 583 1674 44).
617 1600 1069 1670 Hermogenianus
1096 1593 1368 1665 Augustini
1389 1594 1609 1657 amicus,
1641 1607 1762 1645 cum

183 1701 272 1752 hos
300 1698 528 1766 legisset
558 1695 740 1756 libros,
774 1701 976 1760 partam
1009 1691 1076 1743 de
1114 1686 1444 1742 Academicis
1489 1683 1762 1738 victoriam

184 1807 273 1859 per
313 1791 530 1842 litteras
573 1787 647 1840 illi
692 1784 983 1854 gratulatus
1026 1791 1124 1835 est.
1179 1779 1322 1834 Illius
1365 1777 1670 1848 approbatio
1698 1791 1764 1832 eo

184 1881 380 1949 gratior
411 1879 512 1931 fuit
545 1876 857 1946 Augustino,
899 1873 1036 1941 quod
1065 1872 1178 1939 ejus
1209 1870 1461 1940 judicium
1491 1868 1556 1922 ab
1583 1881 1765 1922 errore

182 1973 440 2034 alienum,
473 1979 526 2021 et
553 1967 840 2020 amicitiam
888 1962 1236 2016 simulationis
1273 1969 1540 2029 expertem
1565 1971 1764 2026 cogno-

182 2062 396 2114 scebat.
427 2060 754 2125 Quapmpter
781 2055 832 2108 in
861 2053 1106 2120 epistola,
1137 2066 1292 2120 quant
1319 2048 1385 2102 ad
1412 2063 1530 2101 cum
1559 2047 1762 2110 scribit,

182 2159 301 2202 orat
331 2158 386 2202 ut
409 2146 714 2215 diligentius
742 2143 1044 2197 consideret
1073 2157 1152 2202 ea,
1187 2157 1303 2210 qum
1334 2141 1386 2193 in
1414 2139 1496 2192 his
1526 2137 1673 2191 libris
1700 2137 1767 2191 de

186 2255 309 2294 vero
326 2239 773 2292 Academicorum
799 2249 956 2288 sensu
979 2233 1197 2293 dixerit;
1219 2231 1441 2300 sibique,
1465 2229 1585 2299 quid
1613 2242 1768 2296 super

186 2331 281 2383 hac
311 2345 370 2383 re
400 2329 619 2390 sentiat,
651 2343 745 2396 per
772 2327 973 2380 litteras
993 2324 1253 2394 significet
1282 2322 1470 2390 (Epist.
1496 2322 1546 2385 1,
1577 2337 1626 2373 n.
1653 2320 1730 2390 5).

255 2423 305 2476 6.
341 2422 453 2475 llos
481 2421 550 2474 de
581 2419 917 2474 Academicis
963 2418 1122 2470 libros
1155 2416 1480 2487 Romaniano
1506 2413 1770 2468 dedicavit

190 2514 540 2583 Augustinus,
575 2521 684 2564 tum
713 2520 769 2565 ut
800 2511 946 2564 illum
979 2510 1196 2563 Licentii
1227 2509 1316 2561 filii
1347 2507 1601 2562 litterario
1645 2521 1767 2576 pro-

189 2619 370 2674 gressu
414 2603 738 2664 delectaret,
775 2614 881 2654 tum
912 2609 969 2654 ιιι
998 2599 1240 2654 eumdem
1273 2598 1335 2651 ad
1363 2598 1597 2651 veritatis
1623 2611 1769 2650 amo-

195 2711 297 2750 rem
326 2696 636 2749 induceret.
655 2693 784 2747 Nam
806 2707 1141 2760 summopere
1157 2691 1398 2760 cupiebat
1429 2689 1769 2758 Augustinus,

192 2798 245 2843 ut
270 2789 317 2842 is
341 2788 410 2842 ad
442 2802 686 2840 amorem
712 2785 984 2855 sapientiae
1005 2785 1236 2836 animum
1265 2782 1533 2848 atljicerct,
1566 2795 1629 2834 eo
1658 2781 1772 2834 avi-

191 2879 305 2933 dius
332 2879 478 2932 illam
508 2877 822 2931 hausturum
856 2889 1094 2944 Sperans,
1129 2890 1232 2943 quo
1262 2874 1455 2926 diutius
1479 2887 1594 2926 eam
1624 2871 1774 2926 sitire

189 2973 346 3026 visus
367 2985 499 3026 erat.
530 2974 608 3028 Eo
636 2974 795 3027 etiam
836 2971 1151 3042 paratiorem
1179 2969 1243 3023 ad
1273 2966 1684 3037 investigandum
1722 2973 1776 3020 et

196 3064 488 3118 amandum
516 3066 789 3118 veritatem
821 3063 1176 3116 arbitrabatur
1200 3103 1214 3127 ,
1263 3060 1401 3130 quod
1446 3058 1776 3112 Academicis

190 3157 375 3209 omnia
413 3157 462 3208 in
504 3155 724 3209 dubium
754 3153 1126 3210 revocantibus
1151 3151 1344 3220 smpius
1381 3157 1772 3204 succensuerat.

196 3245 393 3298 Adhuc
441 3253 619 3297 tamen
662 3243 1070 3298 Maniclneorum
1113 3241 1506 3310 superstitione,
1543 3240 1776 3307 inquam

195 3349 313 3387 eum
334 3336 667 3404 Augustinus
679 3336 790 3404 ipse
806 3332 1023 3388 dederat
1037 3333 1354 3402 prmcipitem
1374 3329 1581 3400 (Contra
1595 3329 1774 3392 Acad.,

194 3427 277 3477 b’b.
311 3427 366 3491 1,
403 3443 456 3477 rt.
486 3424 552 3498 3)
574 3469 588 3491 ,
633 3434 748 3479 crat
775 3425 1087 3494 implicatus.
1135 3422 1238 3478 Sed
1278 3437 1398 3475 cum
1429 3420 1777 3490 Augustinum

191 3517 330 3584 apud
362 3517 723 3571 Cassiciacum
748 3525 802 3570 ut
823 3517 1030 3570 videtur
1051 3515 1337 3575 invisisset,
1357 3529 1385 3568 c
1407 3513 1663 3568 sententia
1685 3527 1778 3566 sua

197 3623 332 3675 pene
365 3607 604 3662 dimotus
632 3607 752 3662 inde
783 3608 1115 3670 discesserat,
1142 3606 1356 3676 jamque
1397 3604 1462 3658 ad
1505 3605 1775 3674 inquiren-

195 3699 318 3751 dam
343 3699 634 3752 veritatem
663 3699 946 3752 instructus
965 3738 978 3762 ,
1008 3711 1163 3766 quam
1193 3707 1404 3760 sanctus
1429 3696 1508 3748 vir
1533 3704 1624 3748 aut
1649 3710 1780 3764 quo«

195 3791 318 3844 dam
349 3792 640 3860 colloquio,
660 3801 747 3844 aut
764 3791 933 3860 aliqua
963 3789 1314 3858 disputatione
1341 3787 1408 3843 de
1434 3787 1686 3856 religione
1712 3785 1780 3840 ad

197 3897 321 3936 cum
345 3884 538 3948 missa,
561 3899 617 3937 se
639 3882 714 3936 illi
739 3883 1218 3938 demonstraturum
1242 3881 1506 3950 Sperabat.
1533 3879 1664 3932 Cum
1687 3878 1782 3946 igi-

197 3983 286 4027 tur
316 3988 474 4042 spem
504 3974 853 4042 concepisset,
884 3973 994 4025 fore
1022 3980 1078 4025 ut
1101 3986 1222 4026 eum
1262 3969 1328 4023 ad
1365 3983 1543 4022 veram
1571 3967 1781 4036 sapien-

197 4065 335 4118 tiam
393 4064 714 4129 adduceret,
761 4063 1079 4134 quotidianis
1121 4061 1280 4126 votis,
1309 4074 1426 4130 quae
1457 4059 1594 4112 illius
1624 4072 1782 4114 causa

193 4155 418 4208 div-ina:
443 4155 714 4224 Sapientiae
743 4154 984 4218 faciebat,
1017 4153 1118 4207 hoc
1159 4152 1234 4206 illi
1275 4151 1470 4204 donum
1503 4149 1784 4217 impetrare

194 4246 535 4311 conabatur;
565 4248 606 4299 si
633 4246 800 4310 modo,
845 4244 1033 4315 inquit,
1066 4244 1248 4314 dignus
1271 4245 1366 4295 sint
1390 4240 1475 4310 qui
1503 4241 1780 4309 impetrem.

197 4338 427 4409 Ergone
455 4337 780 4407 Augustinus
808 4335 874 4390 de
905 4335 1230 4390 Romaniano
1262 4333 1453 4387 frustra
1490 4333 1586 4385 ista
1628 4331 1780 4398 dixit,

198 4427 324 4481 Non
354 4428 487 4480 sine!
510 4428 596 4481 ille
622 4428 706 4480 cui
744 4443 820 4480 me
855 4435 1011 4480 totum
1039 4424 1181 4490 dedi,
1211 4439 1355 4494 quem
1383 4438 1514 4476 nunc
1542 4437 1782 4490 recogno-

196 4538 338 4574 scere
367 4520 688 4588 aliquantum
715 4519 843 4589 capi
887 4517 1066 4592 (Ibid.,
1089 4517 1173 4571 lib.
1197 4516 1317 4580 2m.
1341 4514 1417 4586 2).
1445 4515 1527 4569 Uti
1557 4515 1784 4583 aliquem

199 4613 273 4665 illi
306 4611 473 4680 hujus
500 4610 870 4680 philosophia),
903 4610 966 4664 ad
997 4625 1153 4679 quant
1184 4624 1302 4662 eum
1332 4607 1672 4671 hortabatur,
1702 4620 1785 4658 sa-

200 4720 394 4773 porem
439 4702 759 4767 infunderet,
793 4717 918 4758 suos
945 4703 1020 4756 illi
1047 4703 1113 4757 de
1143 4702 1472 4757 Academicis
1500 4701 1661 4755 libros
1702 4701 1784 4753 in-

197 4795 424 4863 scripsit
458 4812 471 4846 :
501 4793 642 4862 quod
672 4793 1070 4847 incitamentum
1097 4808 1161 4847 eo
1189 4792 1454 4847 efﬁcacius
1478 4791 1590 4847 fore
1615 4791 1789 4846 credi-

194 4886 291 4948 dit,
319 4899 438 4953 quo
462 4892 607 4938 esset
631 4883 944 4953 jucundius;
968 4899 1083 4938 cum
1113 4884 1248 4938 ﬁlius
1263 4883 1500 4953 ejusdem
1523 4883 1787 4937 Licentius

194 4978 296 5031 sibi
330 4985 551 5046 partem
577 4977 627 5029 in
655 4977 717 5030 iis
746 4976 1051 5030 vindicaret.
1079 4975 1253 5030 Unum
1272 4991 1390 5031 esse
1415 4975 1624 5041 fatetur,
1649 4975 1786 5030 unde

196 5069 347 5121 illius
382 5067 617 5120 fortuna:
646 5066 897 5133 invideat,
921 5067 1060 5135 quod
1088 5069 1230 5121 solus
1255 5066 1522 5122 Luciliano
1546 5082 1642 5120 suo
1670 5082 1788 5136 per-

193 5159 417 5214 fntatur
437 5161 455 5229 (
475 5158 638 5222 Ibid,
667 5176 719 5213 η.
747 5159 827 5229 9).
857 5158 907 5213 ls
929 5158 1064 5214 haud
1088 5158 1246 5213 dubie
1291 5159 1618 5213 Romaniano
1654 5173 1787 5212 con-

185 5251 573 5321 junctissimus
587 5259 721 5316 erat,
736 5260 788 5305 et
804 5250 921 5320 ejus
941 5248 1165 5305 fortasse
1180 5263 1463 5320 germanus
1479 5268 1492 5306 :
1508 5249 1788 5319 aliquando

188 5344 346 5397 enim
383 5351 444 5394 ut
471 5341 579 5395 duo
610 5340 991 5410 propemodum
1023 5341 1253 5410 :equales
1281 5340 1612 5409 c0pulantur.
1654 5340 1786 5395 Car-

188 5451 323 5489 men
369 5449 404 5487 a
449 5433 690 5488 Licentio
722 5433 788 5488 de
817 5433 1151 5504 philosophia
1197 5432 1545 5500 compositum
1589 5433 1786 5487 Roma-

188 5528 363 5580 niano
395 5526 679 5593 pollicetur
708 5525 1032 5594 Augustinus
1063 5523 1314 5594 (Ibid.,n.
1347 5524 1422 5593 7).

268 5618 326 5672 7.
361 5617 510 5670 Inter
538 5633 596 5669 ea
627 5617 1044 5686 colloquia,qu:e
1069 5626 1175 5671 tres
1193 5616 1256 5670 dc
1274 5617 1598 5672 Academicis
1626 5618 1788 5672 libros
1819 5685 1821 5688 η

186 5711 558 5774 constituunt,
587 5710 723 5764 liber
745 5710 813 5762 de
847 5711 1004 5763 Beata
1034 5709 1151 5762 Vita
1178 5711 1506 5780 conscriptus
1531 5712 1626 5764 fuit
1648 5711 1785 5782 (Ile-

195 5811 359 5865 παι.
388 5799 478 5859 lib.
505 5803 556 5872 1,
583 5819 695 5875 cap.
727 5801 784 5874 2)
812 5819 823 5857 :
852 5817 958 5874 quo
984 5801 1176 5858 mirum
1211 5801 1374 5858 videri
1404 5817 1508 5860 non
1537 5802 1711 5870 debet,
1743 5805 1784 5864 si

1455 381 1655 437 LIBER
1691 376 2060 436 SECUNDUS.

3326 385 3426 443 130

1868 493 1984 547 huic
2014 509 2117 547 non
2147 493 2372 548 adfuerit
2401 496 2616 566 Alypius
2645 493 2754 568 (De
2778 496 2934 551 Beata
2973 497 3083 552 Vita
3103 541 3116 559 ,
3161 515 3214 554 η.
3239 498 3308 571 6)
3338 519 3348 553 :
3381 502 3426 556 is

1864 586 2004 639 enim
2034 586 2381 640 Mediolanum
2414 587 2654 642 inchoata
2676 599 2856 643 contra
2889 591 3230 646 Academicos
3246 592 3427 661 dispu-

1862 679 2058 730 tatione
2086 678 2368 746 profectus,
2393 678 2514 732 inde
2539 681 2743 733 nonnisi
2768 691 2883 749 post
2899 682 3081 736 decem
3110 683 3225 738 dies
3251 685 3424 738 rediit.

1863 767 1940 821 Eo
1970 767 2125 836 igitur
2151 768 2400 832 absente,
2450 784 2568 823 cum
2600 771 2865 825 natalitius
2897 773 3169 842 Augustini
3199 775 3315 830 dies
3340 776 3426 843 qui

1864 859 1915 912 in
1947 858 2062 912 idus
2091 860 2391 914 novembris
2425 861 2708 926 incidebat,
2741 862 3057 929 advenisset,
3090 879 3273 918 omnes
3304 880 3426 920 suos

1863 949 1951 1004 ille
1976 950 2399 1017 contubernales,
2431 951 2720 1006 Monnicam
2758 964 3001 1020 matrem,
3021 955 3292 1026 Navigium
3325 957 3429 1011 fra-

1866 1049 1997 1094 trem
2018 1081 2034 1106 ,
2082 1039 2371 1094 Licentium
2401 1050 2454 1096 et
2485 1042 2786 1112 Trygetium
2816 1045 3123 1114 discipulos,
3170 1047 3427 1102 Lastidia-

1865 1146 1990 1184 num
2019 1140 2072 1185 et
2101 1130 2370 1186 Rusticum
2413 1134 2756 1190 consobrinos
2796 1150 2954 1203 suos,
3000 1145 3053 1192 et
3097 1138 3425 1193 Adeodatum

1865 1220 2028 1276 lilium
2048 1237 2198 1275 suum
2214 1223 2434 1290 prandio
2453 1225 2592 1278 tenui
2611 1226 2912 1294 excepit,ac
2930 1239 3108 1297 postea
3139 1230 3188 1282 itt
3218 1231 3428 1284 balneas

1864 1313 1929 1367 ad
1957 1313 2348 1367 consedendum
2371 1317 2594 1369 vocavit.
2623 1317 2783 1370 Multa
2813 1333 2875 1372 ex
2905 1319 2968 1372 iis
3001 1319 3067 1373 de
3111 1320 3430 1375 beatitudine

1865 1407 2125 1476 quaesivit,
2145 1422 2204 1460 ea
2226 1419 2405 1461 mente
2433 1418 2488 1461 ut
2514 1408 2632 1461 illos
2653 1410 2702 1462 in
2732 1410 2870 1464 hunc
2891 1421 3098 1479 portum
3119 1414 3391 1469 induceret
3415 1431 3426 1467 :

1865 1513 1972 1567 quo
1997 1499 2050 1551 in
2076 1499 2337 1567 colloquio
2362 1508 2562 1553 certum
2594 1509 2674 1554 est
2703 1501 2993 1555 Monnicam
3024 1512 3076 1557 et
3104 1505 3430 1560 Adeodatum

1868 1588 2005 1643 inter
2030 1603 2216 1666 omnes
2247 1591 2531 1644 cminuisse
2561 1591 2885 1660 intelligendi
2918 1594 3191 1662 prudentia
3222 1605 3276 1650 et
3307 1612 3430 1666 gra-

1866 1679 2025 1733 vitate
2051 1649 2350 1734 v’erborum.
2395 1681 2643 1736 Eamdetn
2675 1682 3079 1752 disputationem
3123 1649 3350 1742 secunda
3380 1699 3434 1743 et

1868 1772 2018 1822 tertia
2048 1771 2132 1823 die
2161 1771 2534 1840 pomeridianis
2567 1773 2710 1826 horis
2745 1784 3052 1840 prosecutus
3078 1786 3176 1840 est,
3210 1793 3432 1848 eamque

1867 1861 2084 1928 pulchra
2116 1872 2167 1915 et
2196 1863 2402 1916 sublimi
2443 1865 2680 1918 oratione
2723 1864 2791 1919 de
2828 1867 3156 1922 sanctissima
3178 1868 3434 1925 Trinitate

1868 1951 2148 2006 conclusit.
2179 1952 2441 2006 llorumee
2462 1956 2840 2024 colloquiorum
2863 1957 3157 2012 institutum
3184 1960 3280 2014 hoc
3299 1971 3430 2027 erat,

1868 2047 1926 2092 ut
1952 2041 2154 2094 beatam
2186 2042 2341 2095 vitam
2373 2043 2602 2110 perfecta
2622 2044 2714 2097 Dei
2736 2047 3037 2112 cognitione
3064 2049 3318 2104 contineri
3341 2051 3440 2105 do-

1869 2144 2076 2189 ceretur
2103 2137 2344 2206 (Retract.
2370 2141 2454 2193 lib.
2482 2143 2530 2204 1,
2555 2158 2668 2212 cap.
2698 2143 2776 2212 2).
2811 2145 3001 2200 Verum
3034 2147 3086 2200 in
3113 2164 3172 2202 ea
3203 2148 3438 2218 disputa-

1871 2227 2014 2283 tione
2044 2229 2142 2284 hoc
2172 2232 2242 2284 illi
2277 2241 2454 2298 postea
2487 2233 2780 2302 displicuit,
2811 2238 2949 2306 quod
2980 2240 3356 2297 beatitudinem
3384 2246 3436 2298 in

1870 2319 1969 2376 hac
1993 2323 2149 2376 etiam
2175 2325 2278 2377 vita
2306 2326 2526 2380 obtineri
2545 2343 2569 2378 a
2587 2329 2840 2397 sapiente,
2869 2347 2930 2384 ac
2954 2333 3004 2385 in
3027 2335 3140 2388 solo
3160 2335 3336 2388 animo
3348 2351 3437 2390 re-

1872 2412 2042 2465 sidere
2061 2414 2329 2468 valuisset.
2351 2415 2503 2468 Notat
2528 2418 2846 2487 Augustinus
2872 2421 2922 2472 in
2949 2424 3058 2475 suis
3087 2423 3435 2478 Retractatio-

1873 2521 1996 2559 num
2036 2507 2184 2562 libris
2209 2523 2266 2561 se
2291 2523 2422 2576 opus
2450 2509 2584 2562 istud
2614 2511 2871 2575 integrum
2893 2529 2994 2566 non
3017 2514 3208 2569 habere
3230 2515 3438 2586 (Ibid.),

1873 2611 1991 2650 cum
2023 2598 2197 2651 omnia
2232 2599 2394 2665 ipsius
2420 2609 2472 2652 et
2497 2599 2719 2654 aliorum
2752 2603 3051 2672 apographa
3081 2606 3258 2657 mutila
3287 2621 3441 2674 repe-

1876 2689 2097 2755 riantttr,
2126 2704 2187 2744 ac
2215 2690 2485 2745 decurtata
2528 2707 2628 2744 non
2662 2708 2840 2760 parum
2871 2712 2886 2749 :
2926 2694 3063 2749 haud
3094 2707 3266 2751 tamen
3299 2697 3444 2751 vidc-

1875 2797 2012 2842 mus,
2043 2798 2146 2850 quo
2175 2799 2314 2836 nunc
2358 2784 2470 2836 libri
2518 2784 2633 2838 loco
2675 2785 3005 2840 desideratUr
3049 2787 3262 2857 aliquid.
3302 2787 3446 2858 Opus

1877 2875 2053 2930 Mallio
2081 2876 2363 2931 Theodoro
2404 2877 2684 2940 dedicavit,
2733 2879 2884 2949 cujus
2912 2897 2974 2933 ex
3007 2881 3338 2935 sermonibus
3362 2881 3445 2935 di-

1878 2967 2066 3023 dicisse
2091 2983 2149 3022 se
2175 2969 2375 3033 scribit,
2406 2984 2524 3024 cum
2551 2969 2615 3023 de
2641 2970 2748 3023 Deo
2769 2979 2860 3024 aut
2885 2971 2950 3024 de
2972 2973 3144 3024 anima
3166 2972 3443 3041 cogitatur,

1879 3059 2008 3112 nihil
2048 3059 2264 3112 omnino
2289 3062 2527 3128 corporis
2548 3076 2665 3114 esse
2687 3061 3041 3129 cogitandum.
3072 3063 3288 3116 Multum
3316 3063 3448 3117 cmi-

1879 3152 2038 3206 nebat
2080 3151 2130 3204 in
2159 3152 2352 3205 sarculo
2378 3151 2707 3213 Theodorus,
2739 3167 2842 3206 non
2873 3153 3006 3207 alius
3036 3153 3173 3208 haud
3199 3154 3355 3208 dubie
3381 3155 3447 3208 ab

1879 3260 1964 3309 eo,
1988 3245 2074 3314 qui
2097 3244 2316 3298 summis
2342 3245 2631 3300 honoribus
2653 3245 2958 3312 perfunctus
2979 3255 3078 3312 est,
3101 3248 3294 3316 quique
3316 3261 3446 3301 con-

1881 3337 2109 3391 sulatum
2142 3351 2281 3390 anno
2316 3337 2686 3390 trecentesimo
2730 3338 3068 3404 nonagesimo
3100 3335 3241 3391 ndno
3266 3339 3444 3406 gessit.

1881 3426 2033 3482 Hunc
2086 3426 2424 3494 amplissimis
2470 3425 2680 3495 quidem
2713 3426 2952 3480 laudibus
3004 3427 3072 3481 ob
3126 3428 3448 3497 singularem

1884 3517 2144 3588 praecipue
2173 3517 2332 3570 animi
2364 3516 2775 3570 moderationem
2815 3525 2866 3570 et
2898 3518 3250 3586 integritatem
3294 3517 3445 3572 elTet't

1881 3606 2196 3663 Claudianus
2212 3616 2360 3676 poeta
2375 3607 2633 3675 (Claudius
2646 3606 2952 3661 Claudianus
2966 3651 2973 3669 ,
2986 3608 3036 3660 in
3057 3607 3250 3677 Paneg.
3267 3608 3327 3660 de
3337 3625 3449 3661 con-

1881 3701 2065 3755 sulatu.
2088 3698 2172 3752 Fl.
2195 3698 2360 3750 Mallii
2380 3696 2625 3768 Tlteod.):
2653 3699 2909 3752 certiores
2932 3713 3060 3751 vero
3083 3706 3138 3751 et
3156 3699 3310 3766 longe
3331 3713 3447 3752 am-

1885 3791 2076 3860 pliores
2105 3806 2180 3844 ea:
2209 3798 2349 3852 sunt,
2379 3805 2510 3857 quas
2543 3789 2715 3843 eidem
2745 3789 3066 3857 Augustinus
3089 3790 3284 3842 tribuit.
3317 3791 3445 3842 Eum

1885 3882 2024 3936 enim
2067 3882 2225 3936 modo
2267 3890 2318 3934 et
2345 3881 2691 3934 christianum
2719 3889 2773 3934 et
2799 3881 3011 3934 doctum
3037 3880 3197 3935 fuisse
3227 3890 3449 3936 testatur

1888 3972 2132 4045 (Retract.
2149 3974 2235 4027 lib.
2266 3975 2315 4038 l,
2337 3990 2450 4043 cap.
2473 3973 2553 4043 2),
2573 3987 2712 4028 nunc
2737 3972 3070 4028 commendat
3095 3984 3153 4027 ut
3177 3974 3348 4028 virum
3368 3973 3456 4027 itt-

1885 4066 2042 4135 gettio
2069 4081 2130 4119 ac
2157 4065 2323 4134 gloria
2351 4074 2404 4118 et
2432 4065 2560 4134 ipsis
2603 4064 2892 4134 insignibus
2933 4063 3173 4128 fortunae,
3211 4073 3282 4128 et,
3313 4065 3453 4134 quod

1887 4163 2046 4224 caput
2070 4163 2170 4218 est,
2203 4163 2379 4209 mente
2405 4154 2894 4222 praestantissimum
2923 4153 3021 4226 (De
3053 4153 3256 4218 Ordine,
3287 4155 3372 4208 lib.
3395 4156 3449 4222 1,

1888 4264 1940 4300 u.
1969 4247 2058 4316 51)
2095 4265 2106 4300 :
2134 4261 2359 4315 cumque
2387 4260 2538 4313 opus,
2572 4245 2638 4298 de
2666 4260 2769 4314 quo
2796 4245 3077 4314 loquimur,
3111 4245 3184 4300 illi
3207 4245 3452 4312 dedicat,

1889 4338 2131 4392 eumdem
2185 4335 2618 4390 humanissimum
2665 4344 2718 4389 et
2765 4344 3060 4405 magnatem
3100 4336 3455 4406 appellat.~l|li

1891 4429 2125 4498 profecto
2169 4428 2630 4497 conjunctissimus
2659 4436 2793 4494 erat,
2833 4443 2952 4482 cum
2983 4444 3102 4482 eum
3132 4445 3226 4498 per
3251 4432 3455 4483 anima-

1895 4535 2010 4574 rqu
2037 4520 2174 4574 inter
2199 4533 2256 4572 se
2278 4518 2540 4572 vinculum
2567 4527 2722 4588 atque
2745 4520 3122 4573 commercium
3143 4520 3455 4588 obtestetur,

1892 4619 1947 4664 ut
1987 4611 2158 4678 ipsum
2188 4616 2348 4674 amet,
2379 4623 2441 4662 ac
2471 4623 2528 4663 se
2557 4624 2763 4679 quoque
2792 4609 2858 4663 ab
2886 4611 3001 4679 ipso
3026 4611 3256 4665 vicissim
3292 4613 3456 4666 amari

1890 4703 2092 4759 credat.
2123 4702 2248 4772 Ejus
2273 4702 2569 4771 eloquentia
2595 4718 2925 4772 nequaquam
2951 4718 3008 4757 se
3033 4703 3218 4757 terreri
3245 4704 3458 4773 profite-

1894 4802 1998 4858 tur,
2029 4809 2150 4848 cum
2172 4809 2288 4848 eam
2316 4792 2636 4857 facultatem,
2651 4809 2806 4861 quam
2828 4793 3055 4860 adamet,
3079 4794 3201 4847 licet
3227 4793 3456 4847 nondum

1891 4893 2182 4945 assecutus,
2204 4884 2389 4938 timere
2404 4898 2506 4936 non
2529 4883 2714 4952 possit,
2738 4898 2901 4951 seque
2919 4885 3082 4937 multo
3099 4884 3272 4938 minus
3299 4884 3460 4951 ipsius

1892 4973 2116 5029 fortunae
2151 4973 2524 5028 sublimitatem
2554 4987 2616 5026 ac
2641 4973 2804 5026 decus
2831 4974 3194 5028 extimescere.
3225 4972 3462 5037 Quamvis

1893 5067 2023 5122 enim
2043 5067 2107 5119 sit
2128 5083 2331 5136 magna,
2345 5065 2515 5134 inquit
2533 5104 2548 5128 ,
2567 5065 2704 5135 apud
2721 5073 2767 5116 te
2788 5065 3007 5118 secunda
3022 5075 3092 5117 est
3117 5080 3264 5118 :nant
3287 5063 3460 5131 quibus

1893 5158 2201 5223 dominatur,
2229 5159 2424 5212 eosdem
2448 5158 2583 5226 ipsos
2603 5157 2845 5212 secundos
2866 5157 3006 5226 facit.
3027 5156 3186 5211 Addit
3207 5167 3460 5226 prteterea

1892 5265 2015 5305 eum
2044 5265 2206 5304 unum
2231 5264 2368 5314 esse,
2402 5264 2559 5318 quem
2603 5249 2870 5302 intueatur
2911 5257 2962 5302 et
3002 5249 3272 5319 suspiciat,
3299 5264 3328 5302 a
3359 5266 3462 5318 quo

1893 5350 2069 5396 certus
2099 5341 2352 5395 auxilium
2382 5346 2670 5408 exspectet.
2699 5337 2956 5392 Obsecrat
2983 5339 3254 5405 nimirum,
3283 5348 3338 5394 ut
3371 5355 3463 5407 pro

1896 5449 1990 5488 sua
2019 5449 2141 5504 erga
2171 5434 2339 5502 ipsum
2368 5431 2734 5486 benevolentia
2767 5429 3003 5486 dextram
3036 5433 3283 5501 porrigat.
3319 5432 3464 5498 Quod

1893 5528 1934 5582 si
1965 5527 2311 5596 impetravero,
2342 5524 2527 5594 inquit,
2557 5524 2624 5576 ad
2649 5523 2809 5592 ipsam
2840 5524 3034 5575 beatam
3075 5525 3262 5590 vitam,
3305 5526 3385 5576 cui
3421 5534 3464 5578 te

1883 5620 1997 5688 jam
2028 5619 2216 5670 [ρων-ενδ
2256 5632 2504 5685 prtesumo
2524 5655 2537 5678 ,
2577 5632 2728 5684 parvo
2761 5625 2942 5666 conatu
2976 5615 3213 5682 facillime
3236 5618 3466 5668 accedam

1897 5709 1995 5779 (De
2018 5708 2175 5761 Beata
2210 5706 2345 5768 Vita,
2372 5724 2424 5759 η.
2455 5707 2539 5774 5).
2565 5705 2610 5760 ls
2637 5706 2774 5760 haud
2803 5706 2958 5759 dubie
2995 5705 3142 5759 locus
3181 5715 3280 5773 est,
3310 5721 3468 5775 quem

1898 5800 2220 5872 Augustinus
2258 5811 2312 5856 et
2337 5809 2490 5862 aetate
2514 5809 2568 5859 et
2590 5800 2782 5871 pietate
2812 5801 3113 5870 provectior
3137 5801 3235 5860 sibi
3277 5801 3466 5876 displi-
