3994 6352
536 404 635 467 131

533 526 707 583 cuisse
720 533 964 593 testatur,
979 524 1121 596 quod
1147 522 1349 579 homini
1367 523 1584 578 nimium
1603 519 2103 590 tribuerit(Retract.

534 620 621 674 tib.
651 620 702 684 1,
732 630 847 689 cap.
876 618 957 689 2).
991 612 1346 687 PhiIOSophim
1375 614 1660 670 Platonicae
1692 612 2108 668 studiosissimus

535 720 648 766 erat
676 704 1003 773 Theodorus,
1027 710 1080 764 et
1100 718 1196 763 suo
1212 722 1335 777 erga
1356 706 1594 762 eruditos
1611 704 1795 759 favore
1822 703 1872 758 id
1896 702 2104 773 agebat,

533 809 595 859 ut
622 815 726 856 nec
768 801 933 871 ipsius
957 814 1091 863 sevo,
1120 812 1219 854 nec
1247 797 1384 868 apud
1413 802 1655 867 posteros
1680 796 1939 866 quispiam
1975 796 2108 849 c‘on-

530 896 683 966 queri
710 900 910 964 posset,
924 894 1226 963 pauciorem
1240 892 1515 947 doctorum
1532 888 1805 944 hominum
1831 878 2108 942 numerum

564 987 650 1057 jus
672 987 1019 1057 temporibus,
1050 1001 1205 1056 quam
1228 984 1345 1039 aliis
1366 981 1651 1038 exstitisse.

608 1083 660 1136 8.
692 1079 820 1136 Post
846 1081 1035 1135 librum
1065 1078 1131 1133 de
1162 1079 1320 1131 Beata
1351 1074 1468 1129 Vita
1516 1074 1742 1129 collocat
1785 1069 2112 1143 Augustinus

543 1173 925 1243 disputationes
953 1170 1021 1226 de
1043 1168 1239 1225 Ordine
1265 1164 1494 1236 digestas
1518 1164 1569 1220 iu
1598 1162 1731 1219 duos
1760 1160 1922 1218 libros
1948 1160 2111 1234 (Ibid.

538 1283 653 1337 cap.
704 1264 794 1338 ‘5);
844 1278 1064 1334 quorum
1098 1262 1324 1330 primum
1371 1268 1651 1328 antequam
1700 1248 1997 1311 Mediolano
2024 1268 2112 1308 re-

539 1358 725 1414 diisset
745 1353 1082 1428 Alypius(De
1105 1350 1316 1419 Ordine,
1346 1340 1431 1406 lib.
1458 1350 1509 1414 1,
1541 1348 1663 1414 n.7,
1695 1355 1739 1403 et
1769 1344 1854 1403 lib.
1881 1346 1936 1410 2,
1957 1362 2012 1401 n.
2032 1345 2111 1416 1),

540 1459 700 1520 atque
726 1450 859 1503 adeo
888 1458 1008 1501 ante
1048 1444 1335 1501 secundum
1366 1450 1546 1498 contra
1590 1432 1950 1504 Academicos,
1982 1453 2114 1494 con-

542 1544 774 1611 scripsit.
805 1541 1069 1610 Navigius,
1099 1536 1186 1613 elui
1212 1537 1384 1592 adhuc.
1411 1538 1461 1591 in
1498 1532 1617 1590 villa
1646 1533 1942 1590 Cassiciaco
1970 1547 2117 1587 eom-

542 1633 845 1687 morabatur
869 1630 1075 1685 dechno
1104 1629 1329 1699 septimo
1364 1614 1616 1681 kalendas
1655 1621 1952 1695 decembr'g
1972 1662 1984 1683 ,
2026 1620 2116 1674 aut

542 1724 726 1777 saltem
755 1720 962 1777 decimo
991 1724 1212 1785 octavo,
1266 1716 1617 1771 Mediolanum
1662 1710 1929 1782 profectus
1967 1700 2113 1775 erat,

541 1828 661 1868 cum
682 1811 817 1867 liber
846 1810 934 1866 ille
962 1811 1028 1865 de
1049 1808 1246 1865 Ordine
1268 1808 1470 1877 primus
1496 1803 1830 1859 inchoaretur
1851 1794 2119 1873 (DeBeata

554 1902 684 1966 Vita,
713 1914 764 1956 η.
795 1901 910 1973 20),
932 1910 983 1955 et
1011 1897 1308 1955 Cassiciaco
1337 1898 1472 1953 bene
1503 1892 1656 1949 inane
1683 1893 1994 1948 discesserat
2018 1884 2119 1964 (De

546 1993 753 2055 Ordine,
785 1992 872 2047 lib.
907 1992 957 2059 1,
987 2008 1037 2046 n.
1071 1991 1147 2061 7),
1175 1992 1354 2060 atque,
1374 1996 1431 2043 ut
1470 1988 1699 2050 videtur,
1732 1984 1939 2041 decimo
1968 1988 2118 2038 sexto

542 2084 794 2143 kalendas
819 2082 1133 2140 decembris.
1168 2081 1219 2136 in
1251 2074 1485 2137 secundo
1515 2070 1651 2133 libro
1678 2076 1743 2132 de
1772 2070 1970 2132 Ordine
2011 2066 2117 2130 non

542 2177 706 2232 semel
735 2177 928 2231 eitator
955 2174 1090 2230 liber
1116 2173 1185 2229 de
1214 2173 1375 2228 Beata
1391 2171 1603 2236 Vita,ut
1628 2178 1681 2224 et
1709 2168 1776 2223 de
1792 2164 2120 2223 Academicis

548 2270 754 2331 tertius,
790 2268 877 2337 qui
920 2265 1141 2334 proinde
1179 2265 1316 2318 inter
1335 2262 1465 2317 duos
1488 2261 1555 2315 de
1589 2259 1783 2315 Ordine
1811 2261 1974 2314 libros
1994 2274 2122 2313 con-

544 2360 771 2429 scriptus
799 2367 900 2412 est.
932 2357 995 2411 Hi
1021 2354 1129 2410 duo
1156 2355 1275 2409 libri
1305 2353 1568 2423 colloquia
1596 2361 1717 2405 sunt
1737 2368 1854 2406 cum
1884 2348 2121 2405 Licentio

544 2460 597 2506 et
626 2449 876 2522 Trygetio
904 2448 1099 2511 habita,
1124 2447 1315 2517 quibus
1342 2444 1583 2500 Monnica
1629 2458 2007 2513 nonnunquam
2036 2440 2121 2495 in-

545 2542 743 2598 terluit.
795 2540 1025 2595 Secundi
1071 2547 1246 2593 autem
1292 2538 1410 2591 libri
1469 2534 1911 2604 disputationibus
1956 2532 2122 2587 atll’tiit

543 2635 701 2689 etiam
731 2632 967 2703 Alypius.
998 2622 1057 2685 in
1090 2630 1171 2683 his
1205 2640 1363 2698 porro
1402 2627 1547 2681 libris
1583 2628 1812 2696 agitatur
1840 2625 2010 2695 gravis
2033 2620 2121 2679 illa

543 2724 786 2796 qtta‘stio,
816 2712 991 2777 utruin
1018 2721 1195 2775 omnia
1220 2720 1359 2774 bona
1384 2727 1437 2773 et
1464 2717 1600 2772 mala
1622 2717 1813 2772 divina:
1837 2716 2121 2786 providen-

545 2819 634 2874 tiae
662 2816 793 2871 ordo
817 2816 1090 2871 contineat
1135 2812 1383 2882 (Retract.
1413 2812 1499 2865 lib.
1543 2812 1591 2876 1,
1619 2828 1733 2882 cap.
1756 2811 1811 2876 5,
1839 2828 1891 2864 n.
1915 2810 1990 2875 1).
2022 2810 2122 2864 Ve-

545 2924 661 2963 rum
689 2923 808 2963 eum
838 2904 1161 2961 diﬁicillimzc
1200 2918 1286 2959 res
1323 2912 1707 2965 occurrerent,
1754 2910 1807 2955 et
1851 2901 2121 2955 auditores

545 3018 671 3058 suos
710 3002 774 3055 ad
816 3017 997 3056 earum
1042 3000 1430 3069 perceptionem
1478 3011 1699 3066 operose
1729 2996 1938 3064 perduci
1966 3009 2123 3063 posse

545 3092 865 3162 intelligeret
910 3090 1229 3161 Augustinus
1259 3130 1273 3155 ,
1332 3087 1385 3141 in
1434 3096 1696 3157 postrema
1737 3085 1854 3139 libri
1902 3083 2120 3139 secundi

547 3195 696 3255 parte
724 3184 792 3239 de
823 3182 1009 3237 ordine
1055 3179 1297 3236 studendi
1328 3177 1469 3248 loqui
1496 3177 1707 3243 maluit,
1739 3192 1843 3245 quo
1887 3191 1915 3230 a
1963 3176 2122 3230 rebus

547 3276 818 3344 corporeis
843 3274 908 3328 ad
938 3273 1287 3344 spiritualium
1316 3271 1555 3324 notitiam
1586 3274 1794 3337 oportet
1819 3281 2118 3335 assurgere.

618 3368 673 3422 9.
703 3365 867 3435 Hujus
892 3364 1140 3433 colloquii
1178 3362 1459 3416 occasione
1487 3369 1645 3429 atque
1674 3360 1896 3428 origine,
1925 3374 2042 3428 quae
2070 3358 2123 3413 in

548 3458 811 3530 prioribus
846 3456 963 3511 libri
996 3454 1151 3525 primi
1177 3453 1435 3522 capitibus
1464 3450 1716 3514 refertur,
1746 3450 1879 3504 nihil
1908 3450 2123 3518 excogi-

547 3549 646 3604 tari
676 3558 848 3617 potest
869 3545 1173 3616 jucundius,
1208 3543 1334 3597 nihil
1361 3542 1561 3612 gratius
1604 3540 1691 3595 illa
1720 3540 1979 3627 gallorum.
2006 3538 2124 3607 gal-

545 3640 868 3694 linaceorum
895 3652 1085 3707 pugna,
1120 3650 1276 3706 quam
1311 3634 1503 3689 ibidem
1533 3634 1853 3703 Augustinus
1873 3632 2124 3701 graphice

556 3729 807 3783 describit
836 3727 940 3797 (De
969 3726 1177 3791 Ordine,
1201 3725 1287 3779 lib.
1319 3726 1369 3787 1,
1396 3742 1448 3777 n.
1479 3723 1592 3793 25).
1630 3724 1822 3777 Verum
1867 3738 1984 3792 qua:
2023 3722 2124 3777 sub

545 3821 663 3889 ejus
707 3819 824 3873 libri
875 3818 1036 3872 tinem
1093 3816 1355 3885 leguntur,
1412 3815 1627 3883 majoris
1674 3820 1799 3867 sunt
1842 3812 2121 3879 momenti,

550 3925 706 3980 quam
735 3918 795 3965 ut
820 3910 1047 3964 debeant
1072 3906 1421 3977 praetermitti.
1462 3906 1558 3961 Hie
1583 3906 1722 3959 enim
1759 3906 1990 3973 optimus
2019 3919 2122 3959 non

547 4003 741 4072 linguas
770 4002 960 4066 solum,
984 4014 1166 4054 verum
1189 3999 1348 4053 etiam
1375 3997 1533 4051 animi
1562 4011 1622 4050 ac
1646 3997 1853 4050 virtutis
1873 3997 2126 4065 magister

550 4095 695 4165 gravi
742 4094 986 4163 seriaque
1039 4090 1419 4160 discipulorum
1482 4102 1700 4144 suorum
1759 4088 2126 4158 objurgatione

554 4185 805 4247 ostendit,
824 4182 1092 4254 quomodo
1116 4181 1390 4237 coercendi
1417 4186 1541 4234 sunt
1560 4179 1909 4234 :cmulatiouis
1935 4189 1985 4233 et
2011 4178 2125 4233 ina-

553 4276 916 4349 nisjactantiaa
945 4284 1120 4331 motus
1138 4275 1191 4329 in
1208 4272 1631 4328 adolescentibus
1656 4271 1744 4340 qui
1765 4271 1890 4324 dant
1906 4284 2121 4338 operam

552 4369 764 4426 litteris.
795 4367 1072 4440 Trygetius
1100 4365 1366 4436 quidpiam
1401 4363 1706 4434 protulerat,
1741 4370 1957 4432 propter
1982 4362 2122 4430 quod

549 4476 669 4516 eum
707 4474 929 4529 arguere
957 4465 1171 4513 coactus
1214 4454 1389 4510 fuerat
1428 4453 1771 4525 Augustinus.
1824 4451 1916 4507 Ille
1945 4458 2123 4508 autem

552 4564 833 4621 perperam
859 4562 918 4603 se
943 4548 1175 4603 locutum
1202 4543 1363 4600 luisse
1379 4542 1824 4607 animadvertens,
1847 4542 2006 4597 verba
2030 4558 2122 4597 sua

552 4640 716 4695 deleri
740 4636 1060 4709 postulabat.
1078 4636 1298 4707 Urgebat
1309 4634 1561 4689 Licentius
1575 4642 1626 4686 ut
1641 4640 1915 4695 manerent,
1933 4633 2119 4701 inquit,

550 4738 819 4804 puerorum
843 4729 1029 4785 scilicet
1054 4744 1210 4792 more,
1228 4727 1307 4781 vel
1323 4727 1483 4797 potius
1498 4725 1773 4785 hominum,
1799 4725 1925 4792 proh
1946 4723 2126 4793 nefas!

549 4841 675 4895 pene
698 4824 951 4888 omnium;
979 4821 1125 4892 quasi
1151 4837 1264 4875 vero
1290 4818 1541 4890 gloriandi
1558 4832 1710 4871 causa
1730 4817 1859 4871 inter
1880 4833 1970 4871 nos
1993 4814 2126 4871 illud

554 4924 800 4987 ageretur.
833 4913 993 4985 Cujus
1022 4924 1209 4967 motum
1233 4910 1388 4965 animi
1416 4907 1857 4979 cnmobjurgarem
1878 4909 2123 4981 graviori-

548 5006 639 5061 bus
664 5002 846 5073 verbis,
870 5005 1063 5060 erubuit
1095 5020 1113 5059 :
1137 5020 1236 5073 qua
1264 5003 1374 5073 ejus
1404 4999 1772 5071 perturbatione
1799 4999 2126 5056 animadverti

549 5099 792 5152 ridentem
827 5098 1171 5166 natantemque
1206 5093 1514 5163 Trygetium.
1562 5090 1628 5146 Et
1663 5090 1901 5147 ambobus
1930 5108 1950 5148 :
1977 5092 2126 5148 Itane

555 5189 725 5260 agitis,
753 5186 998 5259 inquam?
1024 5185 1209 5240 Nonne
1234 5200 1320 5239 vos
1344 5191 1502 5237 movet
1526 5183 1706 5253 quibus
1722 5184 1954 5237 vitiorum
1975 5184 2124 5238 moli-

554 5271 642 5335 bus
661 5290 811 5351 atque
832 5277 1095 5350 imperitia:
1119 5274 1328 5330 tenebris
1354 5288 1642 5344 premamur
1665 5281 1713 5328 et
1736 5275 2082 5344 cooperiamur
2101 5276 2128 5330 .9

557 5368 791 5425 llwccine
810 5379 880 5425 est
904 5368 995 5424 illa
1021 5367 1173 5435 paulo
1192 5374 1306 5421 ante
1322 5373 1505 5433 vestra,
1537 5365 1601 5419 de
1628 5382 1725 5437 qua
1750 5367 1949 5436 ineptus
1979 5366 2125 5421 lecta-

552 5460 663 5531 bar,
691 5464 893 5517 attentio
916 5502 932 5528 ,
978 5469 1025 5515 et
1064 5461 1116 5514 in
1155 5458 1311 5513 Deum
1348 5459 1696 5527 veritatemqw
1718 5459 1992 5513 surrectio?
2019 5459 2064 5511 0
2082 5460 2130 5513 si

557 5556 807 5619 videretis,
837 5553 912 5607 vel
939 5558 1040 5605 tam
1066 5548 1384 5622 lippientibus
1401 5548 1559 5605 oculis
1573 5565 1723 5619 quam
1748 5565 1856 5619 ego,
1879 5549 1931 5602 in
1952 5549 2128 5617 quibus

556 5645 790 5718 periculis
801 5646 1084 5716 jaceamus,
1107 5644 1252 5713 cujus
1273 5641 1430 5695 morbi
1447 5641 1743 5695 dementiam
1772 5641 1902 5695 risus
1926 5640 2018 5694 iste
2043 5641 2125 5694 in-

562 5739 732 5794 dicet!
763 5735 809 5791 0
831 5737 874 5791 si
895 5735 1152 5790 videritis!
1171 5750 1319 5802 quam
1335 5732 1451 5798 cito,
1475 5749 1624 5803 quam
1639 5732 1827 5799 statim,
1846 5741 2128 5801 quantoque

558 5831 851 5906 productius
884 5844 999 5883 eum
1031 5828 1281 5885 verteretis
1303 5826 1357 5882 in
1377 5824 1564 5896 fletus!
1596 5823 1790 5892 Miseri,
1830 5825 2024 5881 nescitis
2045 5822 2129 5880 ubi

1670 403 1823 461 Vl'i‘A
1861 403 1918 462 s.
1960 386 2321 460 attonsum
2360 402 2680 462 EPISCOPI.

3681 406 3789 471 159

2211 521 2425 575 sumus?
2463 520 2730 577 Demersos
2764 521 2967 594 quidem
3004 539 3109 580 esse
3148 525 3341 581 animos
3384 527 3607 584 omnium
3656 529 3788 587 stul—

2213 621 2377 668 torum
2405 612 2816 687 indoctorumque
2856 630 3116 673 commune
3141 628 3244 684 est;
3268 606 3356 675 sed
3385 616 3483 676 non
3514 622 3615 678 uno
3640 612 3792 695 αιιμίἓ

2212 708 2384 761 eodem
2406 709 2553 762 modo
2574 706 2810 765 demersis
2835 726 2979 779 opem
2996 708 3245 781 sapientia
3273 698 3318 767 et
3338 708 3540 769 manum
3559 698 3788 788 pervigil.

2214 798 2316 854 Alii
2328 808 2463 864 sunt,
2481 801 2683 868 credite,
2716 794 2807 856 alii
2834 798 3063 881 suntqui
3082 808 3281 881 sursum
3308 792 3570 878 vocantur,
3593 797 3685 863 alii
3707 809 3795 881 qui

2212 890 2265 944 in
2283 891 2535 959 profunda
2554 882 2807 947 laxantur.
2831 878 3023 961 Nolite,
3044 880 3243 952 obsecro
3262 914 3367 964 vos,
3391 901 3644 971 geminare
3670 878 3795 957 mihi

2214 981 2460 1037 miserias.
2496 976 2633 1037 Satis
2655 974 2781 1037 mihi
2805 978 2904 1039 sint
2930 976 3136 1040 vulnera
3164 996 3293 1055 mea,
3316 1005 3429 1056 qua:
3452 999 3504 1044 ut
3532 1004 3791 1056 sanentur,

2218 1060 2344 1150 pene
2365 1073 2666 1143 quotidianis
2692 1064 2890 1145 fletibus
2927 1064 3089 1131 Deum
3128 1062 3331 1149 rogaris,
3364 1079 3697 1150 indigniorem
3719 1093 3796 1135 ta—

2216 1140 2329 1215 men
2350 1177 2457 1217 esse
2475 1179 2569 1227 me,
2599 1156 2685 1234 qui
2706 1174 2809 1219 tam
2832 1165 2931 1219 cito
2952 1180 3118 1232 saner,
3137 1182 3284 1238 quam
3307 1164 3438 1234 volo,
3462 1185 3594 1237 sirpe
3619 1182 3795 1225 memet

2217 1253 2324 1323 ipse
2348 1250 2606 1308 convinco.
2652 1252 2844 1320 Nolite,
2887 1244 3121 1325 obsecro;
3154 1260 3199 1314 si
3223 1256 3344 1330 quid
3377 1260 3500 1315 mihi
3522 1262 3727 1329 amoris,
3752 1263 3796 1316 si

2217 1344 2339 1415 quid
2384 1346 2761 1402 necessitudinis
2797 1346 2982 1404 debetis
3003 1392 3017 1414 ,
3063 1352 3108 1405 si
3133 1351 3412 1424 intelligitis
3439 1363 3678 1424 quantum
3714 1372 3797 1407 ros

2219 1430 2449 1507 diligam,
2480 1438 2657 1510 quanti
2689 1434 2891 1510 faciam,
2922 1453 3165 1511 quantum
3190 1436 3268 1496 me
3299 1460 3422 1497 cura
3446 1445 3658 1514 exagitet
3685 1460 3794 1497 mo-

2218 1526 2330 1581 ruiu
2363 1530 2647 1584 vestrorum
2667 1546 2687 1595 ;
2713 1528 2757 1586 si
2780 1530 2963 1605 dignus
2988 1551 3097 1587 sum
3123 1552 3267 1604 quem
3300 1553 3397 1589 non
3426 1537 3685 1608 negligatis
3706 1580 3719 1599 ,
3751 1537 3798 1591 si

2222 1612 2433 1690 denique
2455 1620 2560 1675 Deo
2581 1631 2702 1676 teste
2721 1640 2819 1677 non
2850 1626 3080 1691 mentior,
3111 1625 3238 1681 nihil
3260 1643 3337 1679 me
3358 1626 3472 1698 plus
3489 1628 3609 1681 mihi
3627 1638 3800 1697 optare

2220 1706 2369 1779 quam
2397 1711 2551 1777 vobis,
2589 1713 2844 1783 rependite
2875 1714 2999 1768 mihi
3042 1716 3355 1784 bene/icium.
3399 1712 3467 1770 Et
3501 1717 3545 1771 si
3573 1714 3651 1770 me
3691 1735 3799 1771 ma-

2222 1800 2432 1872 gistrum
2458 1804 2665 1881 libenter
2698 1808 2902 1873 vocatis,
2949 1808 3142 1862 reddite
3180 1809 3305 1863 mihi
3338 1810 3613 1864 mercedem
3641 1826 3660 1864 :
3683 1806 3802 1865 boni

2223 1896 2391 1948 estote.
2423 1890 2524 1949 Hic
2544 1898 2630 1951 ubi
2656 1915 2716 1949 ne
2741 1898 2889 1967 plura
2915 1899 3148 1963 dicerem,
3178 1892 3414 1971 lacrymw
3446 1902 3569 1956 mihi
3598 1902 3800 1956 modum

2221 1984 2585 2052 imposuerunt,
2616 1985 2869 2043 Licentius
2896 1990 3241 2046 molestissime
3261 1992 3442 2062 ferens,
3467 1992 3602 2063 quod
3630 1994 3800 2047 omnia

2221 2074 2564 2131 scribebantur
2596 2094 2615 2132 :
2647 2079 2782 2145 Quid
2806 2081 2959 2145 enim,
2983 2082 3073 2144 ait,
3103 2072 3328 2150 fecimus,
3360 2099 3448 2136 oro
3476 2084 3557 2137 te.’
3582 2082 3760 2136 Adhuc
3782 2124 3795 2147 ,

2222 2164 2445 2236 inquam,
2485 2185 2574 2222 nec
2613 2169 2783 2238 fateris
2816 2169 2995 2225 saltem
3037 2181 3295 2243 peccatum
3322 2173 3505 2227 tuum?
3538 2171 3612 2226 Tu
3641 2173 3801 2227 nescis

2223 2256 2275 2310 in
2300 2256 2389 2312 illa
2419 2258 2594 2313 schola
2617 2261 2833 2331 graviter
2851 2278 2930 2316 me
2949 2262 3251 2316 stomachari
3265 2254 3486 2326 solitum,
3502 2261 3637 2333 quod
3650 2282 3803 2334 usque

2224 2356 2349 2404 adeo
2380 2353 2521 2423 pueri
2549 2370 2648 2406 non
2670 2353 2889 2407 utilitate
2913 2356 3060 2425 atque
3085 2355 3261 2409 decore
3288 2338 3693 2425 disciplinarum,
3717 2356 3804 2409 sed

2224 2439 2534 2495 inanissima:
2559 2442 2726 2496 laudis
2754 2459 2926 2498 amore
2950 2444 3268 2510 ducerentur,
3302 2434 3355 2499 ut
3384 2447 3627 2516 quosdam
3655 2446 3804 2500 etlam

2226 2530 2392 2586 aliena
2420 2535 2567 2587 verba
2595 2537 2804 2590 recitare
2823 2552 2922 2589 non
2947 2538 3173 2607 puderet,
3203 2539 3579 2611 exciperentgue
3600 2539 3805 2608 plausus

2228 2625 2283 2695 (ο
2308 2626 2729 2696 ingemiscendum
2769 2627 3001 2683 malum!
3018 2629 3041 2698 )
3078 2628 3139 2684 ab
3181 2630 3365 2685 eisdem
3406 2630 3549 2704 ipsis,
3595 2650 3807 2701 quorum

2232 2726 2375 2769 erant
2391 2714 2481 2770 illa
2498 2734 2609 2785 gnte
2628 2718 2901 2773 recitabant
2918 2718 2982 2774 71
2990 2730 3041 2773 ta
3064 2735 3148 2775 vos
3168 2724 3392 2791 quamvis
3419 2723 3546 2776 nihil
3566 2740 3805 2793 unquam,

2226 2812 2280 2859 ut
2300 2808 2498 2874 opinor,
2529 2809 2627 2862 tale
2647 2810 2897 2881 feceritis;
2922 2821 3084 2865 tamen
3109 2821 3159 2866 et
3183 2811 3233 2866 in
3265 2802 3652 2882 philosOphiam,
3684 2825 3729 2868 et
3756 2816 3807 2868 in

2232 2915 2341 2952 eam
2354 2901 2523 2969 pitam,
2541 2916 2687 2971 quam
2705 2919 2780 2955 me
2800 2901 2998 2955 tandem
3016 2919 3285 2972 occupasse
3301 2904 3462 2971 la'tor,
3476 2896 3809 2959 aemulationis

2231 2984 2443 3055 tabi/iac
2468 3001 2617 3061 atque
2634 2991 2797 3045 inanis
2810 2992 3072 3061 jactantia:
3100 2992 3448 3060 ultimam,sed
3478 2994 3810 3048 nocentiorem

2229 3082 2420 3136 ca’teris
2440 3082 2668 3138 omnibus
2686 3094 2868 3153 pestem
2888 3084 3200 3139 introducere
3218 3071 3277 3139 ac
3298 3090 3635 3154 proseminare
3653 3106 3810 3141 cona-

2229 3171 2354 3225 mini
2376 3189 2395 3228 :
2419 3182 2464 3226 et
2484 3174 2698 3242 fortasse
2723 3176 2839 3244 quia
2865 3191 2949 3230 vos
2973 3174 3033 3230 ab
3058 3175 3155 3230 ista
3183 3180 3396 3232 vanitate
3424 3176 3686 3250 morboque
3716 3180 3812 3233 de-

2226 3270 2407 3331 terreo,
2432 3267 2675 3337 pigriores
2700 3266 2837 3322 eritis
2860 3268 2927 3321 ad
2952 3268 3117 3323 studia
3146 3260 3421 3333 doctrinae;
3454 3282 3500 3324 et
3538 3272 3600 3325 ab
3630 3273 3813 3326 ardore

2228 3368 2443 3411 ventosa:
2457 3362 2605 3428 fanur
2621 3360 2917 3429 repercussi,
2935 3359 2985 3413 in
3001 3370 3249 3429 torporem
3266 3361 3457 3415 inertia:
3467 3362 3809 3429 congclabitis.

2230 3443 2317 3500 He
2334 3447 2642 3514 miserunt,si
2654 3467 2847 3503 necesse
2859 3452 2947 3503 erit
2959 3449 3082 3504 tales
3099 3452 3243 3504 etiam
3261 3467 3393 3505 nunc
3415 3453 3625 3521 perpeti,
3649 3471 3679 3506 a
3698 3454 3812 3525 qni—

2231 3535 2321 3591 bus
2350 3539 2466 3591 uitia
2496 3539 2729 3594 decedere
2752 3542 2858 3595 sine
2885 3543 3098 3596 aliorum
3126 3544 3355 3598 vitiorum
3376 3547 3682 3599 successione
3710 3564 3811 3600 non

2232 3629 2456 3697 possint!
2475 3629 2735 3687 Probabis.
2757 3633 2825 3685 ait
2847 3620 3120 3699 Licentius,
3139 3652 3286 3704 quant
3306 3637 3616 3707 purgatiores
3647 3638 3811 3705 futuri

2230 3719 2405 3774 simus.
2429 3718 2586 3775 Modo
2611 3710 2742 3775 illud
2762 3723 3075 3779 obsecramus
3098 3744 3184 3795 per
3206 3729 3371 3781 omnia
3399 3746 3512 3800 qua:
3536 3729 3725 3799 diligis,
3752 3739 3812 3783 ut

2230 3808 2459 3879 ignotum
2505 3814 2643 3867 nobis
2685 3812 2832 3873 vclis.
2877 3824 3027 3884 atque
3072 3810 3162 3869 illa
3208 3816 3375 3871 omnia
3414 3819 3569 3871 deleri
3604 3820 3809 3890 jubeas.

2242 3899 2483 3968 Prorsus,
2515 3903 2676 3972 inquit
2719 3900 2997 3975 Trygetius,
3033 3918 3227 3961 maneat
3266 3917 3435 3961 nostra
3476 3926 3641 3978 perna,
3671 3920 3813 3965 utea

2230 3995 2361 4062 ipsa,
2393 4009 2504 4063 quae
2531 4012 2618 4048 nos
2646 3996 2788 4049 illicit
2817 4000 2972 4068 fama,
2999 3998 3201 4067 ﬂagello
3242 4000 3446 4067 proprio
3468 4019 3497 4053 a
3518 4019 3608 4055 suo
3630 4020 3803 4057 amore

2230 4086 2492 4138 deterreat.
2512 4084 2577 4139 Ut
2594 4087 2723 4139 enim
2739 4088 2859 4141 solis
2873 4088 3041 4141 amicis
3063 4100 3106 4142 et
3125 4090 3458 4161 [ιιηιὶιίίινῐὺιιδ
3474 4093 3657 4145 nostris
3678 4076 3813 4147 litte-

2234 4194 2306 4230 rce
2327 4178 2433 4230 ista:
2456 4179 2799 4243 innotescant,
2827 4196 2925 4233 non
2957 4197 3133 4251 parum
3166 4182 3535 4236 desudabimus.
3572 4185 3815 4238 dissensus

2230 4277 2300 4322 est
2340 4269 2469 4339 ille(
2497 4266 2661 4335 Ibid.,
2686 4270 2771 4324 lib.
2804 4268 2855 4338 1,
2881 4289 2967 4325 nn.
3015 4273 3105 4339 ἓξ),
3156 4274 3272 4331 50).
3305 4274 3460 4329 Juth
3490 4278 3817 4345 Augustinus

2235 4358 2527 4413 Licentium
2559 4377 2741 4430 poema
2770 4363 3003 4418 scribere
3030 4374 3213 4418 contra
3239 4364 3545 4422 libidinosas
3573 4368 3812 4435 amores,

2236 4456 2290 4504 ct
2330 4450 2381 4503 in
2435 4448 2641 4505 laudem
2686 4453 2798 4523 puri
2848 4456 3061 4519 amoris,
3112 4472 3215 4525 quo
3245 4436 3418 4510 anima
3451 4442 3541 4526 per
3572 4459 3812 4528 philoso-

2230 4538 2407 4608 phiam
2436 4539 2717 4615 intellectui
2744 4544 3022 4612 copulatur
3041 4544 3289 4615 (lbid.,n.
3312 4546 3424 4622 2i).
3451 4538 3594 4603 [laud
3614 4551 3819 4607 scimus

2233 4646 2297 4684 an
2330 4632 2456 4686 illud
2488 4633 2554 4687 sit
2580 4632 2801 4688 Licentii
2824 4635 2889 4689 de
2910 4636 3239 4707 philosophia
3262 4655 3495 4704 carmen,
3520 4641 3657 4712 quod
3683 4659 3817 4697 sau-

2230 4730 2347 4779 ctus
2376 4723 2569 4779 Doctor
2595 4723 2923 4781 Romaniano
2951 4716 3244 4797 pollicetur.
3326 4726 3331 4733 ’

2303 4816 2387 4871 10.
2417 4815 2553 4871 Suos
2574 4816 2641 4872 de
2666 4817 2863 4874 Ordine
2890 4819 3055 4875 libros
3079 4808 3316 4876 Zenobio
3342 4823 3598 4892 inscribit,
3632 4826 3715 4882 cui
3743 4828 3819 4881 de

2229 4907 2468 4964 Licentio
2498 4926 2638 4965 cura:
2664 4920 2795 4976 erat,
2822 4912 2960 4981 quod
2991 4912 3128 4968 illius
3162 4917 3289 4985 patri
3322 4904 3453 4973 iuret
3479 4918 3817 4989 conjunctis-

2233 5006 2418 5061 simus.
2450 5006 2545 5061 Hic
2574 4998 2943 5077 smpenumero
2990 5008 3056 5064 de
3084 5028 3261 5066 rerum
3299 5013 3484 5068 ordine
3533 5030 3820 5071 sermones

2230 5112 2351 5152 cum
2380 5098 2669 5167 Augustino
2699 5098 2995 5155 contulerat
3028 5118 3040 5154 :
3072 5118 3252 5155 verum
3299 5102 3345 5157 ei
3389 5092 3634 5160 sublimia
3683 5122 3815 5173 per-

2234 5188 2499 5243 cunctanti
2548 5206 2813 5259 nunquam
2860 5192 3018 5261 plcne
3070 5176 3375 5249 satiSl‘acere
3413 5208 3654 5266 potuerat
3697 5200 3818 5251 Au-

2231 5280 2491 5349 gustinus,
2512 5294 2603 5334 seu
2627 5290 2841 5350 preptcr
2862 5299 3037 5337 rermn
3062 5285 3456 5348 sublimitatem.
3482 5303 3573 5342 seu
3596 5300 3820 5365 propter

2233 5377 2530 5439 temporum
2560 5373 2859 5440 angustias;
2887 5382 2938 5427 et
2968 5388 3180 5443 semper
3206 5377 3521 5432 solutionem
3564 5378 3615 5432 in
3665 5379 3817 5434 aliud

2236 5469 2444 5530 tempus
2491 5460 2785 5517 distulerat.
2817 5458 2991 5529 Quare
3019 5463 3284 5522 Zenobius
3317 5468 3412 5521 hac
3451 5468 3817 5538 procrastina-

2237 5551 2379 5605 tione
2408 5551 2755 5624 defatigatus,
2797 5555 3145 5624 Augustinum
3186 5556 3413 5629 eleganti
3460 5561 3696 5615 carmine
3743 5561 3817 5617 ad

2236 5639 2403 5695 fusius
2446 5651 2499 5697 et
2545 5646 2843 5699 accuratius
2888 5646 3313 5715 respondendum
3345 5651 3668 5719 provocavit.
3703 5640 3816 5707 Sed

2234 5747 2354 5789 cum
2384 5733 2680 5791 Mediolano
2708 5738 3041 5807 repentinum
3062 5740 3131 5794 ob
3153 5742 3453 5809 tumultum,
3476 5742 3626 5813 cujus
3652 5730 3819 5802 causa

2244 5840 2351 5881 non
2378 5825 2658 5897 indicatur,
2689 5842 2753 5883 ex
2786 5829 3071 5899 improviso
3097 5818 3358 5902 proﬁcisci
3381 5816 3598 5890 coactus
3626 5814 3823 5895 luiSscl
