3994 6352
187 387 284 450 tas
399 340 404 342 ’
821 403 828 408 -
1540 381 1742 440 nam

1878 381 2149 442 ZUNDUS.

189 507 321 560 idem
349 503 643 569 Zenobius,
676 503 820 558 venit
861 504 916 558 in
957 503 1274 559 oblivionem
1319 500 1474 570 hujus
1516 498 1769 554 carminis

188 600 480 666 Augustino
499 597 829 666 relinquendi
847 605 905 651 ut
921 597 992 650 illi
1013 595 1366 666 responderet
1383 592 1565 665 (lbid.,
1585 610 1636 645 η.
1656 591 1770 660 20).

185 690 326 745 Haud
359 692 565 743 scimus
595 705 662 742 an
693 706 755 743 ea
795 706 879 744 res
910 691 979 743 sit
1009 691 1093 743 illa
1122 689 1255 758 ipsa,
1299 686 1365 742 de
1409 702 1510 756 qua
1539 683 1774 738 Zenobio

188 785 422 837 scribens
453 783 783 851 Augustinus
803 781 994 852 (Epist.
1019 781 1076 850 2)
1098 781 1294 835 dixerit
1325 780 1622 832 inchoatam
1649 781 1772 846 ,_ctnn

187 878 267 930 illo
312 876 758 942 disputationem,
801 889 921 929 cum
975 873 1162 930 eodem
1213 888 1332 927 esse
1376 869 1770 941 perﬁciendam.

189 971 378 1022 Aberat
410 967 464 1021 id
497 969 753 1038 temporis
774 968 1054 1032 Zenobins,
1086 965 1242 1035 eique
1273 972 1494 1020 testatur
1522 961 1772 1031 Augusti-

189 1075 279 1113 nus
305 1075 389 1123 se,
422 1075 548 1112 cum
575 1058 800 1113 necdum
829 1066 1100 1128 assecutus
1120 1056 1210 1120 sit,
1241 1065 1297 1110 ut
1323 1055 1449 1108 nihil
1473 1060 1614 1107 amet
1633 1049 1775 1121 quod

187 1154 373 1206 abesse
401 1165 431 1203 a
471 1167 532 1204 se
561 1151 728 1204 invito
756 1151 939 1219 possit.
973 1148 1208 1202 absentis
1236 1146 1388 1200 amici
1411 1145 1675 1200 desiderio
1698 1152 1776 1196 te-

187 1244 312 1307 neri,
357 1257 533 1310 seque
559 1243 628 1294 ab
654 1241 836 1295 amicis
863 1240 1001 1294 velle
1030 1239 1226 1309 pariter
1249 1236 1562 1291 desiderari.
1595 1234 1774 1300 Quan-

187 1334 379 1386 donant
422 1333 617 1386 istlurc
653 1333 873 1402 epistola
905 1329 1021 1385 data
1055 1332 1139 1394 sit,
1180 1345 1246 1382 an
1281 1344 1387 1382 non
1420 1336 1657 1396 tempore
1687 1340 1775 1379 se-

185 1440 365 1478 cessus
403 1426 714 1494 Augustini,
761 1423 968 1478 deliniri
1014 1437 1117 1476 non
1159 1430 1352 1491 potest.
1393 1420 1450 1473 ln
1492 1416 1775 1488 posteriori

192 1518 318 1569 libro
349 1515 419 1570 de
450 1516 656 1568 Ordine
705 1515 984 1583 pollicetur
1026 1506 1350 1581 Augustinus
1376 1525 1453 1575 se,
1481 1509 1523 1562 si
1555 1507 1772 1574 vacarit,

188 1608 250 1661 tle
275 1609 452 1660 anima
487 1619 671 1675 postea
695 1606 957 1660 dicturum
992 1603 1090 1674 (Dc
1110 1603 1319 1666 Ordine,
1363 1603 1448 1656 lib.
1472 1599 1528 1666 ‘2,
1559 1617 1612 1653 η.
1643 1599 1729 1672 i7)
1757 1615 1771 1653 :

191 1699 236 1752 id
267 1709 444 1751 tamen
490 1715 615 1752 cum
653 1699 702 1751 in
739 1697 1002 1752 sermonis
1031 1695 1112 1750 sui
1143 1693 1281 1749 serie
1321 1690 1630 1762 praestitisse
1667 1685 1774 1745 non

189 1791 448 1846 videmus.
497 1791 614 1845 iam
669 1790 805 1845 forte
848 1790 1026 1843 animo
1071 1787 1426 1844 meditabatur
1466 1785 1656 1840 librum
1707 1783 1774 1838 de

191 1882 494 1947 Quaniitate
534 1883 748 1946 animae,
791 1897 947 1952 quem
992 1879 1178 1940 Romae
1220 1893 1360 1934 anno
1408 1876 1521 1931 fere
1560 1875 1775 1931 evoluto

189 1974 528 2042 conscripsit.

371 2128 392 2135 ι
827 2051 1050 2119 CAPUT
1088 2063 1180 2118 IX.

189 2155 214 2209 Ι
265 2154 491 2207 Laborat
527 2155 833 2225 Augustinus
870 2161 924 2207 ut
960 2145 1119 2223 magis
1155 2171 1215 2208 ac
1254 2157 1414 2226 magis
1449 2156 1503 2210 in
1553 2157 1773 2211 veritatis

258 2248 543 2315 cognitione
599 2247 850 2318 proﬁciat.
887 2245 921 2300 2
966 2244 1112 2317 Ig'nei
1156 2248 1354 2316 pietatis
1398 2249 1504 2317 ejus
1537 2246 1768 2313 aﬁ'cctus.

255 2339 289 2394 5
315 2339 606 2393 luceret-uta
628 2337 842 2406 jurmtdi
873 2337 1228 2392 'consuetudine
1257 2355 1310 2391 se
1334 2336 1442 2392 Deo
1468 2329 1674 2407 juvante
1709 2335 1772 2394 ll-

258 2431 412 2484 bcrut.
443 2431 478 2483 4
514 2431 553 2481 Α
597 2431 822 2482 dentiant
863 2429 1037 2483 dolore
1077 2429 1312 2482 divinitus
1347 2442 1572 2484 sanatur.
1618 2431 1651 2486 5
1699 2431 1773 2486 De

257 2519 581 2586 Soiiloquiis,
617 2520 667 2572 itt
707 2521 886 2589 quibus
923 2519 1060 2574 illitis
1097 2521 1277 2574 anima:
1303 2531 1461 2575 status
1489 2523 1766 2592 inspicitur.

257 2613 286 2666 6
315 2610 466 2666 Unde
495 2612 758 2681 appellata
784 2611 1086 2682 Soliloquia,
1103 2611 1294 2680 quodve
1316 2612 1599 2666 earumdem
1619 2611 1773 2668 libro-

253 2711 361 2755 rum
389 2713 767 2773 argumentum.

254 2795 305 2848 l.
335 2794 412 2848 Eii
449 2795 623 2859 libris,
653 2801 786 2863 quos
823 2795 1144 2863 Augdstinus
1188 2795 1326 2849 inter
1364 2795 1621 2865 colloquia
1649 2811 1770 2851 cum

187 2887 371 2941 amicis
398 2884 580 2939 habita
614 2901 711 2939 suo
745 2887 798 2940 in
837 2899 1050 2940 secessu
1083 2885 1408 2949 lucubravit,
1441 2887 1622 2942 videre
1646 2885 1772 2943 licet

186 2993 420 3045 quanam
468 2977 576 3030 illic
621 2978 829 3031 ratione
873 2977 1031 3030 vitam
1081 2976 1326 3046 degeret,
1368 2993 1524 3045 quem
1559 2987 1773 3047 caperet

187 3071 287 3123 otii
325 3071 406 3123 sui
452 3071 699 3134 fructum,
752 3071 1064 3140 quibusnam
1105 3070 1316 3125 demum
1350 3070 1401 3125 in
1433 3071 1619 3126 studiis
1646 3088 1772 3126 con-

184 3177 398 3214 ccssam
429 3163 525 3216 sibi
557 3177 583 3214 a
616 3161 724 3215 Dco
753 3162 1045 3216 doctrinam
1074 3172 1125 3217 ct
1152 3163 1504 3218 eruditionem
1543 3165 1771 3219 colloca-

186 3265 260 3306 ret
289 3273 303 3306 :
329 3269 486 3321 quam
515 3254 726 3323 quidem
759 3253 853 3307 etsi
885 3253 1062 3306 divino
1083 3242 1428 3307 cultui'totam
1455 3254 1766 3320 addixisset,

183 3344 356 3395 adhuc
396 3353 572 3397 tamen
597 3343 856 3412 superbia:
880 3343 1115 3397 scholam
1141 3344 1378 3398 nonnihil
1407 3360 1592 3414 sapere
1621 3343 1768 3400 vide-

184 3438 368 3500 batur;
400 3445 454 3490 ut
485 3437 551 3490 iis
589 3437 810 3499 accidit,
849 3438 935 3506 qni
971 3452 1035 3491 ex
1075 3435 1233 3506 longe
1275 3454 1434 3492 cursu
1481 3439 1766 3507 anhelant,

183 3531 338 3582 etiam
377 3544 498 3582 cum
532 3528 597 3581 ad
629 3528 994 3596 reSpirandum
1024 3528 1299 3598 quiescunt
1346 3529 1530 3600 (Conf.
1579 3530 1664 3583 lib.
1710 3529 1764 3596 9,

182 3637 292 3688 cap.
343 3621 403 3680 4,
444 3637 499 3672 n.
540 3617 616 3691 7).
651 3619 1005 3688 Praeterquam
1035 3620 1172 3689 quod
1201 3620 1379 3674 hac‘in
1410 3629 1557 3691 parte
1598 3622 1768 3691 pietas

181 3709 352 3777 ipsius
381 3710 595 3778 paulum
615 3711 1016 3779 Oppugnabatur
1035 3709 1102 3763 ab
1119 3711 1325 3782 Alypio,
1347 3712 1432 3780 qni
1461 3712 1629 3778 primo
1646 3725 1767 3766 eum

182 3805 293 3856 suis
318 3804 374 3855 in
408 3802 554 3856 libris
585 3815 773 3856 nomen
806 3803 1094 3857 Salvatoris
1122 3803 1285 3855 nostri
1313 3802 1441 3857 Jesn
1468 3804 1656 3856 Christi
1681 3804 1766 3856 itt-

182 3905 372 3945 serere
406 3891 736 3961 prohibebat,
769 3891 910 3960 quod
942 3893 1121 3945 mallet
1151 3892 1289 3946 illius
1319 3893 1495 3945 stilum
1528 3892 1767 3947 excelsas

183 3983 544 4053 philosophize
593 3993 647 4037 et
688 3981 1003 4054 eloquentia:
1055 3983 1279 4049 cedros,
1331 4000 1486 4053 quam
1540 3984 1768 4040 humiles

182 4074 465 4143 Evangelii
495 4083 548 4128 et
591 4075 843 4129 Ecclesia:
893 4075 1103 4141 herbas,
1151 4073 1339 4128 animis
1367 4076 1624 4154 salubres,
1659 4091 1770 4130 ser-

182 4168 454 4234 pentibus
481 4166 744 4233 adversas,
777 4167 1038 4222 redolere.
1072 4165 1344 4220 Gaudebat
1374 4167 1424 4220 in
1466 4183 1528 4221 co
1559 4183 1768 4222 secessu

178 4256 573 4324 super-linantur
605 4258 786 4311 mundi
817 4257 1157 4326 cupiditatum
1201 4257 1402 4326 laqueis
1440 4258 1582 4310 velut
1613 4259 1771 4327 expe-

178 4349 346 4411 ditus,
367 4349 659 4418 respirabat
674 4349 822 4418 quasi
842 4358 1166 4403 terrenarum
1181 4348 1587 4402 sollicitudinum
1608 4363 1768 4404 onere

182 4440 470 4504 liberatus,
503 4441 580 4493 sui
617 4455 736 4493 eum
777 4441 973 4495 erroris
1012 4441 1322 4508 pmnitebat,
1354 4439 1420 4493 ad
1453 4455 1512 4494 se
1543 4439 1765 4506 redibat,

179 4532 458 4600 qumrehat
481 4531 865 4585 intentissimus
882 4533 1154 4584 veritatem
1176 4529 1384 4599 (Contra
1405 4531 1586 4596 Acad.,
1603 4529 1688 4584 lib.
1711 4529 1764 4596 2,

181 4639 231 4673 η.
261 4623 346 4692 ι).
393 4622 546 4675 Tunc
591 4622 732 4676 enim
765 4622 1018 4690 temporis
1045 4620 1305 4675 sentiebat
1333 4636 1488 4690 quam
1516 4621 1662 4689 gravi
1691 4621 1768 4673 vi-

179 4717 379 4768 tierunt
407 4716 549 4769 mole
578 4723 927 4784 premeretur,
959 4723 1010 4792 et
1046 4729 1200 4783 quant
1242 4715 1421 4768 densis
1455 4714 1770 4767 obrueretur

181 4809 501 4877 ignorantia:
527 4808 780 4862 tenebris.
806 4808 1092 4862 Vulnerum
1111 4821 1326 4860 suorum
1354 4806 1610 4859 medelam
1636 4819 1769 4873 pene

180 4901 507 4969 quotidianis
535 4913 564 4953 a
599 4901 706 4954 Deo
735 4900 984 4972 lacrymis
1011 4898 1332 4968 exposcebat
1366 4917 1377 4952 :
1411 4911 1474 4952 ac
1502 4896 1769 4952 nihilomi-

177 5010 270 5046 nas
299 4993 594 5046 inducebat
625 4993 880 5053 animum.
914 4993 1261 5061 indigniorem
1289 5005 1406 5045 esse
1432 5005 1510 5056 se,
1543 4991 1631 5059 qui
1661 4998 1767 5042 tam

174 5086 280 5138 cito
324 5093 637 5149 snnaretur,
667 5100 822 5154 quant
852 5081 1010 5138 vellet
1032 5083 1130 5156 (De
1154 5082 1362 5147 Ordine,
1386 5083 1471 5137 lib.
1499 5083 1550 5149 i,
1574 5100 1623 5136 n.
1649 5082 1766 5153 29).

173 5178 367 5229 Adhuc
411 5177 466 5229 in
516 5177 808 5244 qurestione
845 5175 911 5229 de
956 5176 1127 5229 anima
1177 5175 1460 5229 ﬂuctuabat
1487 5173 1586 5246 (De
1614 5173 1770 5227 Beata

186 5267 318 5334 Vita,
346 5286 405 5321 η.
426 5269 508 5335 5),
534 5276 586 5321 et
607 5267 936 5322 l’aracletnm
967 5265 1219 5336 Spiritum
1249 5266 1484 5321 veritatis
1504 5277 1532 5319 a
1555 5264 1768 5320 Christo

174 5361 411 5414 Domino
437 5361 660 5414 missum
699 5360 859 5414 fuisse
902 5359 1169 5414 nesciebat
1190 5355 1358 5430 (Conf.
1384 5358 1469 5411 lib.
1493 5357 1547 5418 9,
1574 5372 1687 5426 cap.
1712 5357 1765 5424 4,

173 5453 345 5522 11.9).
399 5449 581 5521 Itaque
624 5453 1080 5522 persuasissimum
1113 5450 1370 5516 habebat,
1417 5448 1768 5520 ignorantiam

171 5559 324 5598 suam
351 5544 613 5613 majmem
636 5560 775 5610 esse,
799 5560 954 5614 quam
978 5544 1292 5614 intelligeret
1312 5541 1414 5612 (De
1438 5541 1588 5608 0rd.,
1605 5540 1692 5596 lib.
1710 5541 1765 5607 2,

174 5654 229 5690 ι.
249 5637 341 5709 9);
371 5654 541 5710 seque
572 5640 625 5694 in
650 5638 981 5710 phi1050phia
1007 5653 1227 5707 puerum
1273 5637 1548 5701 fatebatur,
1571 5636 1770 5692 nedum

173 5741 237 5782 se
262 5731 563 5799 sapientem
589 5728 1020 5800 reputabatUbid
1048 5771 1061 5793 ,
1083 5728 1168 5783 lib.
1196 5731 1246 5796 i,
1267 5743 1318 5783 η.
1346 5728 1456 5800 15).
1473 5727 1666 5783 Verum
1685 5743 1772 5783 ar~

171 5817 498 5879 (ἰαιιὶεεὶωο
528 5821 767 5879 discendi
799 5821 976 5879 studio
1003 5820 1278 5895 ﬂagrabat,
1313 5831 1370 5881 et
1407 5824 1478 5881 ob
1515 5825 1568 5880 id
1606 5835 1765 5879 unum

3350 396 3454 458 εει

1881 507 2066 554 noctes
2091 499 2308 570 diesque
2337 502 2678 574 pervigilabat
2703 503 2952 575 (Ibid.,n.
2993 508 3103 579 12).
3126 510 3182 564 ln
3205 509 3256 568 id
3281 516 3451 573 solum

1884 589 2237 655 incumbebat,
2273 603 2328 647 nt
2366 595 2599 650 animum
2636 614 2786 662 suum
2810 615 2838 653 a
2866 601 3010 655 falsis
3039 605 3452 674 perniciostsque

1883 683 2233 751 opinionibus,
2260 687 2448 755 quibus
2475 689 2872 757 obturbabatur,
2909 707 3221 765 expurgaret
3241 697 3466 767 (Contra,

1881 773 2021 826 Acad
2050 817 2064 840 ,
2089 777 2170 829 lib.
2189 777 2243 844 2,
2267 797 2318 831 n.
2345 780 2421 846 9).
2440 780 2676 852 Cumque
2695 785 2803 853 jam
2829 797 2951 841 tunc
2972 790 3152 857 sciret,
3172 793 3450 850 veritatem

1883 865 1982 918 nisi
2013 865 2184 920 divina
2213 885 2314 938 ope
2340 887 2442 924 non
2472 875 2688 943 percipi,
2719 891 2836 930 eam
2877 893 2906 932 a
2946 881 3060 935 solo
3093 882 3200 937 Deo
3230 884 3295 938 ad
3323 902 3450 939 con-

1883 953 2152 1010 futandum
2174 960 2503 1017 mendacium
2523 969 2881 1035 exspectabat,
2901 985 2928 1024 a
2944 987 3048 1041 quo
3066 975 3174 1028 suis
3192 976 3242 1029 in
3267 978 3451 1033 studiis

1884 1047 2137 1102 auxilium
2181 1053 2324 1105 omni
2364 1055 2644 1111 devotione
2681 1069 2836 1130 atque
2875 1062 3070 1131 pietate
3112 1066 3445 1136 implorabat.

1880 1136 2010 1192 Cum
2033 1140 2192 1193 Deum
2213 1143 2380 1210 ipsum
2401 1147 2634 1214 quotidie
2656 1149 3142 1221 interrogat-etcum
3164 1158 3449 1214 humilibus

1880 1232 2116 1299 querelis
2134 1242 2186 1288 et
2207 1235 2473 1306 lacrymis,
2489 1249 2602 1294 erat
2625 1251 2796 1296 tamen
2828 1256 3038 1312 paratus
3054 1247 3119 1303 ad
3138 1265 3448 1319 responsum

1881 1323 2259 1392 recipiendum,
2289 1343 2385 1397 per
2409 1346 2562 1398 quem
2594 1333 2703 1392 Deo
2739 1337 3024 1392 videretur.

1949 1412 2004 1466 2.
2046 1413 2100 1468 In
2141 1417 2322 1484 primis
2350 1419 2622 1488 Augustini
2667 1428 2932 1494 opusculis
2981 1430 3186 1498 plenius
3229 1448 3450 1489 cernere

1880 1513 1981 1569 est,
2010 1515 2201 1574 quanta
2237 1508 2320 1561 ille
2354 1526 2540 1566 recens
2569 1529 2872 1580 conversus,
2897 1533 2957 1572 ac
2985 1513 3107 1574 dum
3131 1523 3213 1576 vix
3241 1540 3269 1577 a
3305 1532 3451 1581 tene-

1881 1595 1986 1650 bris
2011 1610 2299 1654 emerserat
2325 1603 2630 1671 ignorantim
2660 1617 2815 1676 atque
2843 1612 3039 1664 erroris
3069 1615 3168 1675 sui,
3200 1615 3306 1682 jam
3337 1627 3444 1672 tum

1879 1683 2116 1741 doctritia
2136 1692 2494 1763 sapientiaque
2519 1697 2766 1764 pollebat.
2800 1699 2870 1752 Ea
2894 1703 3126 1769 proiecto
3149 1705 3301 1773 longe
3323 1708 3452 1761 ube-

1878 1779 1988 1834 rior
2007 1789 2140 1846 erat,
2165 1798 2320 1850 qnam
2342 1787 2611 1840 consuevit
2641 1789 2688 1842 itt
2711 1790 2947 1845 lldelibns
2969 1794 3124 1848 etiam
3147 1799 3449 1865 provectio—

1878 1870 2024 1925 ribus
2054 1875 2296 1942 reperiri.
2329 1876 2519 1932 Verum
2541 1878 2809 1935 affirmare
2840 1884 2961 1937 licet
2980 1886 3288 1944 charitatetn
3310 1891 3447 1960 ejus,

1878 1959 1980 2016 hoc
2009 1972 2110 2029 est,
2144 1968 2380 2022 veritatis
2415 1975 2650 2034 amorem
2697 1983 2836 2028 tanta
2867 1975 2953 2030 illa
2996 1979 3230 2034 doctrina
3255 2025 3268 2046 ,
3301 1959 3452 2054 cujus

1876 2050 1995 2107 fons
2014 2063 2069 2108 et
2087 2056 2235 2125 origo
2256 2068 2388 2123 erat,
2416 2063 2580 2116 multo
2604 2063 2854 2132 majorem
2877 2069 3160 2125 exstitisse.
3196 2072 3326 2128 llinc
3348 2050 3448 2128 mi-

1876 2145 2018 2201 nime
2064 2147 2361 2204 mirandutn
2386 2163 2498 2214 est,
2536 2155 2578 2208 si
2609 2167 2789 2224 postea
2821 2159 3031 2222 dixerit,
3065 2163 3320 2230 quosdam
3349 2165 3448 2219 ali-

1876 2238 2085 2306 quando
2128 2241 2344 2307 reperiri
2387 2244 2828 2314 catechumenos,
2880 2251 2968 2318 qui
3013 2261 3064 2305 et
3105 2249 3341 2308 doctrina
3396 2265 3450 2312 et

1875 2330 2110 2386 moribus
2146 2333 2362 2388 vincunt
2401 2338 2591 2390 multos
2637 2339 2817 2392 ﬁdeles
2846 2340 3055 2412 (Enarr.
3079 2345 3130 2397 in
3174 2345 3314 2400 Psal.
3359 2363 3450 2416 xc,

1875 2437 2023 2474 serm.
2051 2423 2104 2478 2.
2129 2439 2182 2475 n.
2206 2422 2281 2495 6).
2327 2426 2483 2480 Dulce
2515 2429 2585 2482 illi
2617 2432 2949 2496 postmodum
2981 2434 3096 2495 fuit.
3128 2437 3178 2489 in
3221 2451 3448 2494 mentem

1875 2512 1976 2567 sibi
2017 2517 2508 2585 revncare,quibns
2551 2527 2658 2572 tum
2689 2521 2918 2574 stimulis
2967 2523 3103 2578 Deus
3144 2539 3237 2580 eor
3286 2530 3448 2597 ipsius

1875 2604 2164 2674 contigeret
2188 2607 2620 2678 perdomaretque
2642 2629 2652 2664 :
2677 2614 2764 2681 qui
2787 2613 2909 2666 dum
2930 2615 3160 2671 lnanintn
3187 2628 3238 2673 et
3267 2633 3451 2690 supcr-

1875 2693 2060 2749 barum
2086 2698 2458 2766 cogitationum
2496 2712 2702 2756 montes
2736 2704 3070 2772 deprimeret,
3101 2709 3262 2763 valles
3302 2725 3419 2765 com

1875 2787 2146 2856 planaret;
2180 2805 2384 2842 morum
2418 2791 2578 2859 ipsius
2614 2801 2668 2847 et
2709 2794 2901 2848 indolis
2931 2797 3141 2866 obliqua
3179 2799 3449 2870 dirigeret,

1875 2896 2060 2948 aspera
2087 2881 2331 2936 deliniret
2371 2883 2620 2955 (Confess.
2649 2885 2738 2939 lib.
2769 2886 2830 2950 9,
2862 2904 2973 2958 cap.
3010 2891 3062 2944 4.
3106 2908 3158 2944 n.
3196 2895 3270 2962 7).
3315 2894 3454 2959 Quas

1877 2971 1983 3036 tibi,
2015 2971 2149 3026 Deus
2187 2990 2341 3039 meus,
2369 2991 2508 3028 uoces
2533 2977 2664 3042 dedi,
2702 2979 2774 3032 ait
2803 2980 2854 3032 in
2897 2981 3008 3034 Suis
3047 2981 3449 3038 Confessionnm

1876 3064 2054 3129 libris,
2091 3081 2202 3118 cunt
2250 3066 2457 3136 legerent
2504 3067 2735 3122 Psalmos
2781 3069 2977 3138 David,
3025 3075 3218 3126 cantica
3257 3076 3450 3144 fidelia,

1873 3168 1920 3212 et
1952 3175 2101 3212 sonos
2141 3160 2354 3228 pietatis,
2393 3161 2707 3216 excludentes
2747 3166 3002 3234 turgidum
3041 3167 3307 3236 spiritum;
3364 3177 3452 3220 ru-

1876 3249 1955 3304 dis
1995 3251 2047 3303 in
2082 3263 2316 3319 germano
2349 3267 2520 3304 amore
2544 3263 2647 3318 tuo,
2681 3257 3059 3309 catechumenus
3100 3257 3151 3310 in
3181 3258 3300 3311 villa
3338 3273 3450 3312 cunt

1874 3341 2224 3394 catecltumeno
2267 3340 2452 3411 Alypio
2499 3344 2724 3410 feriatus,
2773 3355 2934 3398 matre
2960 3347 3247 3401 adltwrente
3285 3349 3446 3416 nobis,

1875 3431 2104 3484 muliebri
2121 3433 2309 3496 habitu,
2334 3433 2464 3486 uirili
2491 3433 2608 3502 ﬁde,
2629 3436 2753 3487 anili
2783 3437 3062 3503 securitate,
3083 3447 3304 3492 materna
3332 3441 3452 3494 cita-

1873 3524 2343 3587 ritate,clnistiana
2391 3526 2612 3594 pietate?
2664 3525 2800 3589 Quas
2851 3525 2936 3578 tibi
2983 3542 3122 3580 voces
3165 3527 3344 3583 dabunt
3397 3531 3449 3584 in

1876 3615 2084 3682 psalmis
2109 3616 2230 3682 illis,
2272 3626 2317 3670 et
2345 3617 2594 3686 quomodo
2627 3618 2678 3671 in
2721 3627 2768 3671 te
2803 3619 3155 3689 inﬂamntabar
3180 3638 3240 3673 ea:
3267 3623 3336 3676 eis
3360 3664 3373 3688 ,
3403 3629 3451 3676 et

1873 3709 2179 3762 accendebar
2207 3724 2289 3762 eos
2329 3709 2535 3761 recitare
2555 3748 2571 3772 ,
2603 3709 2647 3763 si
2677 3726 2896 3778 possem,
2929 3721 3031 3764 toto
3059 3711 3174 3764 orbe
3204 3721 3449 3766 terrarum

1873 3799 2109 3853 adversus
2151 3801 2361 3869 tgpltum
2389 3801 2580 3869 generis
2609 3800 2862 3854 humani?
2897 3799 2965 3852 Et
2991 3811 3154 3855 tamen
3193 3812 3294 3856 toto
3331 3803 3448 3858 orbe

1873 3901 2168 3953 cantantur,
2201 3902 2244 3943 ct
2293 3908 2389 3944 non
2434 3901 2504 3944 cst
2555 3893 2640 3962 qui
2681 3909 2730 3945 se
2771 3892 3041 3946 abscondat
3079 3911 3110 3946 a
3141 3895 3306 3948 calore
3339 3904 3446 3950 tuo.

1877 3980 2039 4045 Quam
2070 3983 2335 4036 vehementi
2375 3994 2418 4036 et
2443 3985 2548 4036 acri
2585 3983 2758 4036 dolore
2795 3985 3096 4055 indignabar
3123 3986 3448 4052 Manicltwis;

1872 4082 1918 4125 et
1953 4073 2222 4126 miserabar
2251 4091 2332 4126 eos
2359 4091 2553 4138 rursus,
2583 4076 2716 4143 quod
2743 4074 2833 4128 illa
2871 4086 3200 4140 sacramenta,
3224 4077 3311 4130 illa
3342 4092 3449 4131 nte-

1875 4166 2154 4219 dicamenta
2184 4168 2447 4230 nescirent,
2474 4177 2518 4221 et
2543 4167 2705 4220 insani
2729 4177 2885 4222 essent
2911 4169 3146 4222 adversus
3168 4169 3449 4224 antidotum

1874 4272 1969 4324 quo
1999 4258 2109 4308 sani
2139 4273 2242 4310 esse
2270 4258 2586 4327 potuissent!
2637 4257 2822 4311 Vellent
2866 4266 2917 4310 ut
2959 4258 3141 4312 alicubi
3173 4259 3326 4331 juxta
3369 4276 3450 4314 es-

1875 4355 2016 4410 sent;
2057 4355 2202 4410 tunc,
2230 4357 2276 4400 et
2306 4363 2384 4400 nte
2411 4349 2654 4401 nesciente
2673 4349 2805 4417 quod
2834 4349 2901 4402 ibi
2927 4359 3103 4415 essent,
3136 4351 3445 4405 intuerentur

1876 4437 2053 4507 [aciem
2084 4453 2262 4498 nteant,
2287 4447 2331 4491 et
2361 4438 2588 4491 audirent
2619 4454 2756 4492 voces
2781 4455 2933 4503 meas,
2956 4441 3154 4510 quando
3178 4440 3274 4511 legi
3298 4459 3450 4512 quar-

1875 4538 1978 4582 tum
2007 4531 2275 4599 psalmum,
2306 4531 2356 4583 in
2385 4528 2474 4583 illo
2520 4542 2635 4583 tunc
2662 4533 2763 4584 otio
2781 4573 2796 4597 ,
2827 4533 2949 4601 quid
2976 4533 3038 4586 de
3065 4549 3143 4586 nte
3168 4534 3334 4603 fecerit
3360 4532 3446 4589 ille

1876 4622 2120 4690 psalmus.
2154 4620 2393 4674 Inhorrui
2425 4623 2660 4688 tintendo,
2680 4623 2959 4692 ibidemque
2988 4625 3205 4695 inferbui
3237 4644 3448 4696 speran-

1875 4711 1940 4764 do
1969 4722 2018 4764 ct
2063 4710 2358 4764 exsultando
2399 4713 2451 4765 in
2496 4722 2581 4765 tua
2618 4713 2977 4781 misericordia,
3009 4713 3183 4770 Pater.
3225 4715 3291 4770 Et
3340 4719 3449 4772 hac

1875 4805 2042 4857 omnia
2088 4805 2287 4858 exibant
2323 4822 2412 4873 per
2449 4807 2619 4860 oculos
2651 4821 2784 4861 nteos
2823 4817 2868 4860 et
2908 4823 3070 4862 vocem
3108 4813 3268 4863 nteant
3291 4852 3306 4876 ,
3337 4827 3449 4864 cunt
3477 4791 3490 4845 λ’

1875 4911 2138 4949 conversus
2159 4900 2224 4948 ad
2245 4911 2334 4948 nos
2373 4895 2595 4966 Spiritus
2622 4908 2734 4950 tuus
2761 4891 2918 4951 bonus
2961 4900 3031 4952 ait
3067 4901 3206 4954 nobis
3235 4917 3248 4954 :
3282 4917 3300 4952 t
3326 4899 3450 4953 Filii

1874 4989 2154 5054 hominum,
2212 5004 2463 5060 usquequo
2511 4990 2648 5059 grat-i
2711 4981 2905 5045 corde?
2961 4990 3028 5045 Ut
3073 4991 3192 5059 quid
3239 4981 3478 5060 diligitis;

1875 5037 2154 5054 """""""l
2218 5037 2456 5060 ""I""l"'
2511 5037 2645 5059 il""'
2712 5037 2855 5044 """
2880 5037 2892 5045 '
2963 5037 3026 5045 ν*
3073 5037 3188 5059 “1“”⁷⁷
3240 5037 3443 5059 ⁷⁷⁷⁷⁷3⁷⁷⁷⁷

1875 5074 2162 5140 vanitatem,
2193 5082 2236 5126 et
2265 5074 2488 5142 quaeritis
2518 5075 2879 5129 mendacium?
2912 5094 2930 5127 ι
2965 5074 3146 5127 Audivi
3172 5083 3217 5127 et
3249 5037 3477 5151 συνῆγε-ξ

1875 5168 1998 5231 tnui,
2025 5167 2260 5236 quoniam
2304 5167 2486 5220 tatibus
2527 5167 2711 5220 dicitur
2746 5164 2942 5234 qualem
2984 5180 3060 5218 me
3102 5167 3256 5236 fuisse
3294 5155 3481 5218 retni-'

1876 5259 2119 5312 niscebar.
2167 5258 2229 5311 Et
2253 5258 2452 5312 insonui
2475 5258 2631 5310 multa
2655 5257 2872 5327 graviter
2901 5266 2945 5310 et
2981 5257 3174 5327 fortiter
3200 5257 3252 5310 in
3281 5255 3453 5309 dolore

1876 5351 2239 5406 recordationis
2284 5365 2424 5406 mea.
2468 5349 2593 5414 Quae
2632 5351 2824 5403 utinam
2877 5348 3126 5402 audissent
3155 5348 3238 5418 qui
3286 5347 3450 5400 adhuc

1877 5461 2034 5514 usque
2058 5446 2274 5516 diligunt
2300 5444 2589 5506 vanitatem,
2623 5451 2668 5495 et
2692 5450 2917 5511 quwrunt
2946 5439 3288 5503 mendacium,
3325 5442 3452 5508 forte

1879 5539 2291 5593 conturbarentttr
2315 5546 2360 5590 et
2384 5535 2708 5590 evomuissent
2730 5532 2878 5588 illud.
2903 5531 3146 5604 Legebam
3170 5548 3182 5584 :
3217 5548 3236 5582 ‹
3257 5528 3452 5584 Irasci-

1879 5633 2022 5700 mini,
2055 5641 2102 5686 et
2153 5631 2310 5686 nolite
2346 5643 2571 5698 peccare.
2607 5647 2625 5680 ι
2671 5626 2735 5680 Et
2764 5625 3009 5696 quomodo
3037 5625 3283 5686 movebar,
3314 5621 3454 5676 Deus

1876 5741 2034 5791 meus,
2062 5723 2146 5794 qui
2160 5719 2275 5793 jam
2299 5719 2572 5774 didiceram
2599 5718 2750 5774 irasci
2776 5717 2899 5772 ntilti
2930 5716 2992 5770 de
3015 5713 3295 5786 prreteritis,
3313 5721 3366 5766 ut
3388 5710 3451 5766 de

1878 5827 2058 5874 ctetero
2082 5829 2183 5870 non
2206 5825 2462 5886 peccaram
2474 5813 2564 5868 i’...
2587 5813 2694 5866 Nec
2709 5809 2821 5882 jam
2846 5807 2977 5863 bona
3003 5822 3113 5862 mea
3133 5806 3256 5882 [bris
3281 5811 3446 5872 erant,
