3994 6352
512 371 613 431 955

512 503 601 542 nec
638 484 797 540 oculis
825 485 1016 539 carneis
1047 483 1098 538 in
1133 483 1226 536 isto
1267 482 1371 536 sole
1398 480 1762 552 quaerebantur.
1807 477 1851 532 0
1876 478 1920 532 si
1945 477 2083 530 vide-

511 589 618 633 rent
661 587 905 631 mternum
955 586 1215 636 (eternum,
1275 574 1408 644 quod
1451 590 1541 643 ego
1584 572 1702 643 quia
1747 582 2080 641 gustaveram,

513 668 798 736 frendebant
821 707 836 732 ,
865 668 1095 734 quoniam
1141 681 1242 717 non
1284 665 1354 717 eis
1394 673 1616 734 poteram
1666 662 1922 716 ostendere
1945 662 1967 716 l
2005 660 2086 715 Ibi

513 761 675 824 enim,
713 765 794 812 ubi
835 757 957 810 mihi
993 757 1150 810 iratus
1178 771 1311 808 eram
1351 756 1484 808 intus
1528 755 1581 807 in
1610 753 1794 817 cubili,
1826 753 1907 805 ubi
1945 769 2082 806 com-

513 859 725 919 punctus
779 865 946 911 eram,
976 847 1060 900 ubi
1096 848 1492 913 sacriﬁcaveram
1532 856 1755 900 mactans
1793 855 2082 900 vetustatem

513 956 692 1003 meam,
713 948 759 991 et
780 938 1010 992 inchoata
1036 939 1354 992 meditatione
1372 939 1704 991 renovationis
1733 953 1854 992 mea:
1877 954 2083 1006 sperans

511 1031 561 1083 in
609 1037 674 1096 te,
708 1031 776 1084 ibi
826 1031 948 1083 mihi
1000 1031 1280 1085 dulcescere
1328 1046 1576 1099 coeperas,
1619 1039 1664 1082 et
1702 1029 1910 1083 dederas
1953 1029 2081 1083 laeti-

515 1124 634 1178 tiam
657 1125 708 1177 in
737 1123 884 1176 corde
910 1139 1038 1176 meo.
1080 1121 1146 1176 Et
1172 1121 1511 1175 eaclamabam
1542 1121 1706 1192 legens
1731 1121 1836 1174 hare
1863 1121 2004 1188 foris,
2036 1128 2084 1173 et

514 1231 785 1284 agnoscens
812 1215 976 1278 intus;
1015 1229 1106 1266 nec
1139 1213 1359 1265 volebam
1389 1212 1710 1283 multiplicari
1747 1212 1952 1264 terrenis
1991 1211 2081 1264 bo-

515 1308 612 1372 nis,
646 1308 888 1359 devorans
933 1315 1186 1375 tempora,
1216 1313 1260 1358 et
1307 1305 1568 1358 devoratus
1609 1304 1946 1374 temporibus;
1970 1320 2080 1356 cum

515 1399 741 1451 haberent
767 1398 820 1450 in
846 1407 1034 1450 (eterna
1061 1395 1381 1466 simplicitate
1407 1396 1548 1450 aliud
1574 1400 1876 1467 frumentum
1917 1405 1962 1448 et
2004 1395 2081 1448 vi-

514 1507 634 1542 num
670 1499 715 1543 et
743 1489 924 1542 olemn.
969 1487 1032 1540 Et
1069 1489 1345 1541 clamabam
1370 1488 1421 1540 in
1460 1489 1772 1556 consequenti
1796 1504 1938 1540 versu
1975 1485 2081 1540 cla-

514 1598 647 1635 more
674 1584 776 1634 alto
795 1581 958 1633 cordis
985 1581 1079 1632 mei
1104 1597 1147 1631 τι
1173 1581 1215 1632 0
1236 1580 1288 1632 in
1318 1580 1475 1651 pace!
1485 1580 1578 1632 oin
1599 1579 1850 1648 idipsum!
1861 1599 1879 1631 ι
1908 1596 1937 1632 o
1960 1578 2083 1648 quid

513 1673 659 1737 dixit,
684 1689 702 1722 ι
746 1671 1068 1724 Ubdormiam
1089 1682 1130 1723 et
1153 1687 1383 1724 somnum
1411 1671 1644 1741 capiam!
1671 1659 1951 1734 sQuoniam
1970 1670 2083 1740 quis

512 1766 701 1815 resistet
728 1763 885 1823 nobis,
918 1778 1030 1814 cum
1054 1763 1139 1830 ﬁet
1160 1778 1320 1815 sermo
1339 1762 1422 1831 qui
1439 1763 1657 1832 scriptus
1682 1771 1754 1815 est
1773 1781 1817 1827 ,ι
1836 1762 2084 1831 Absorpta

511 1861 581 1906 est
608 1870 740 1906 mors
767 1854 817 1906 in
835 1836 1093 1906 victoriam
1119 1873 1137 1906 ι
1165 1853 1209 1924 (l
1231 1852 1347 1907 Cor.
1371 1869 1459 1917 xv,
1484 1853 1594 1925 54).
1624 1853 1688 1907 Et
1714 1865 1766 1908 tu
1788 1870 1838 1907 es
1862 1855 2082 1925 idipsum

512 1944 656 1998 valde
682 1946 766 2014 qui
796 1962 895 1998 non
921 1946 1128 2000 mutaris
1148 1960 1170 2010 ,'
1194 1954 1240 1999 et
1267 1947 1319 1999 in
1346 1955 1391 2000 te
1417 1947 1605 2016 requies
1629 1947 1919 2002 obliviscens
1943 1948 2082 2001 labo-

511 2052 623 2088 rum
653 2036 893 2101 omnium,
925 2039 1160 2105 quoniam
1199 2035 1368 2090 nullus
1396 2036 1526 2092 alius
1555 2047 1744 2104 tecum,
1776 2055 1864 2092 nec
1887 2038 1956 2091 ad
1979 2037 2084 2092 alia

516 2126 673 2180 multa
703 2127 1025 2196 adipiscenda
1049 2143 1160 2198 qua:
1187 2144 1287 2182 non
1313 2138 1427 2182 sunt
1452 2129 1652 2200 quodtu
1676 2145 1695 2192 ;
1719 2130 1806 2183 sed
1841 2149 1858 2181 ι
1885 2139 1956 2194 tu,
1973 2129 2081 2184 Do-

517 2220 650 2271 mine
671 2259 684 2282 ,
711 2220 1030 2290 singulariter
1057 2220 1110 2273 in
1145 2237 1234 2290 spe
1285 2222 1582 2276 constituisti
1617 2239 1711 2276 me.
1751 2243 1769 2276 ι
1812 2223 2078 2294 Legebam,

513 2319 560 2364 et
588 2311 858 2377 ardebam;
892 2327 980 2364 nec
1012 2312 1318 2366 inveniebam
1344 2314 1465 2383 quid
1509 2318 1722 2384 facerem
1749 2316 1914 2370 surdis
1943 2333 2080 2369 mor-

512 2401 627 2464 tuis,
661 2417 722 2454 επ
749 2401 926 2470 quibus
957 2404 1150 2473 fueram
1184 2404 1356 2472 pestis,
1385 2403 1595 2457 latrator
1620 2421 1822 2458 amarus
1850 2417 1896 2459 et
1921 2422 2081 2459 caecus

512 2492 747 2545 adversus
772 2494 962 2546 litteras
987 2494 1048 2545 de
1071 2492 1217 2547 melle
1251 2493 1361 2546 εωιὶ
1388 2493 1607 2557 melleas,
1642 2505 1686 2547 et
1715 2495 1778 2547 de
1796 2495 1980 2548 lumine
1997 2504 2081 2549 tuo

511 2584 782 2636 luminosas
807 2591 891 2636 :et
934 2599 1086 2652 super
1131 2584 1345 2638 inimicis
1374 2583 1651 2654 Scriptura:
1687 2585 1838 2656 hujus
1868 2585 2083 2639 tabesce-

510 2671 640 2736 bam,
675 2672 876 2741 quando
909 2672 1208 2726 recordabar
1234 2674 1401 2726 omnia
1427 2674 1618 2727 dierum
1647 2675 1850 2728 illorum
1878 2675 2080 2745 feriato-

509 2779 620 2814 rnm
649 2759 896 2834 (Confess.
923 2764 1009 2818 lib.
1031 2763 1084 2830 9,
1107 2780 1218 2835 cap.
1242 2765 1295 2828 4,
1315 2756 1376 2818 in.
1400 2764 1433 2818 8
1450 2796 1472 2804 -
1489 2763 1598 2838 12).

555 2909 557 2911 ,
582 2854 635 2908 '5.
675 2854 782 2909 Sub
809 2855 860 2910 id
887 2865 1110 2926 tempus,
1136 2866 1193 2910 ut
1215 2857 1440 2922 videtur,
1464 2858 1700 2912 inolitam
1724 2858 1934 2929 jurandi
1954 2875 2082 2915 con-

509 2945 862 3010 suetudinem,
885 2962 1039 3016 quam
1062 2957 1414 3015 contraxerat,
1434 2951 1748 3003 emendavit.
1789 2949 2081 3005 Juravimus

513 3045 560 3090 et
598 3053 688 3090 nos
735 3037 940 3106 passim,
978 3038 1049 3092 ait
1090 3037 1202 3107 ipse
1239 3039 1302 3093 ad
1343 3041 1588 3109 populum
1623 3057 1796 3108 suum,
1819 3043 2082 3097 habuimus

511 3128 657 3181 istam
701 3133 998 3182 teterrimam
1041 3132 1444 3185 consuetudinem
1491 3142 1535 3186 et
1583 3135 1909 3204 mortiferam.
1954 3134 2079 3189 Dico
2117 3192 2127 3204 ι

512 3216 756 3270 Charitati
784 3227 958 3272 vestra:
979 3234 999 3282 ;
1025 3235 1088 3272 ea:
1109 3237 1204 3290 quo
1235 3219 1342 3274 Deo
1368 3223 1550 3276 servire
1573 3224 1827 3294 coepimus,
1853 3234 1898 3278 et
1918 3241 2080 3296 quau—

512 3319 616 3361 tum
648 3310 836 3362 malum
857 3311 920 3363 sit
947 3311 998 3364 in
1037 3313 1257 3380 perjurio
1286 3313 1520 3380 vidimus,
1550 3316 1800 3370 timuimus
1825 3317 2082 3373 vehemen-

511 3409 604 3463 ter,
627 3409 672 3454 et
693 3402 1137 3456 veternosissimam
1159 3406 1562 3459 consuetudinem
1583 3408 1759 3462 timore
1781 3411 2082 3480 frenavimus

512 3491 702 3560 (Serm.
729 3493 848 3557 180,
878 3510 929 3546 n.
961 3493 1065 3566 10).
1090 3494 1328 3550 Luctatus
1356 3513 1465 3551 sum
1490 3508 1660 3553 contra
1680 3503 2082 3556 consuetudinem

511 3586 754 3646 meam,in
800 3587 910 3650 ipsa
938 3587 1203 3642 luctatione
1233 3590 1454 3644 invocavi
1477 3590 1751 3646 Dominum
1779 3594 2078 3664 adjutorem.

510 3674 754 3730 Prtestitit
778 3679 901 3730 mihi
930 3678 1178 3733 Dominus
1203 3681 1512 3751 adjutorium
1538 3700 1636 3738 non
1651 3685 1886 3755 jurandi.
1936 3686 2083 3741 Nihil

510 3767 632 3818 mihi
660 3768 858 3836 facilius
897 3779 998 3832 est,
1030 3787 1179 3839 quam
1207 3788 1305 3825 non
1343 3773 1521 3842 jurare
1545 3771 1739 3842 (Serm.
1767 3775 1888 3840 507,
1920 3793 1972 3830 η.
2002 3775 2078 3849 5).

510 3855 897 3926 1⁴ἰἐιι(ιε(ι.(1ι;ιιο
912 3861 1258 3930 consuetudo)
1274 3864 1604 3933 restringitur,
1626 3866 1852 3919 restricta
1879 3866 2083 3937 langue-

509 3948 620 4012 scit,
640 3947 962 4018 languescens
978 3952 1235 4018 emoritur,
1251 3963 1296 4006 et
1311 3954 1458 4008 mala:
1472 3956 1816 4010 consuetudini
1829 3958 1957 4011 bona
1977 3975 2083 4012 suc-

509 4039 638 4092 cedit
659 4040 848 4110 (Serm.
871 4041 990 4107 180,
1007 4060 1056 4096 n.
1078 4043 1184 4114 10).
1210 4045 1283 4098 Ex
1297 4060 1362 4098 eo
1377 4052 1612 4116 tempore
1628 4047 1799 4102 adhuc
1816 4048 2080 4104 interdum

511 4128 740 4198 iurabat,
763 4130 854 4184 sed
884 4147 1069 4201 magna
1093 4135 1404 4189 necessitate
1429 4136 1750 4205 compulsus.
1788 4137 1918 4192 Nam
1959 4154 2081 4194 cum

516 4219 724 4272 vidi-bat
752 4219 850 4273 sibi
881 4236 983 4274 non
1014 4222 1156 4276 credi
1187 4223 1286 4278 nisi
1324 4223 1546 4294 iuraret,
1574 4234 1628 4280 et
1651 4227 1698 4280 ei
1729 4227 1819 4297 qui
1847 4228 1944 4282 sibi
1975 4243 2081 4283 non

515 4311 785 4374 credebat,
819 4327 922 4366 non
950 4313 1197 4382 expedire
1223 4315 1362 4384 quod
1393 4333 1496 4370 non
1527 4317 1798 4384 crederet;
1831 4319 1928 4373 bac
1964 4335 2081 4388 per-

514 4417 673 4469 pensa
705 4402 908 4457 ratione
951 4411 1004 4456 et
1047 4404 1466 4460 consideratione
1504 4407 1710 4473 librata,
1737 4423 1855 4461 cum
1891 4424 2080 4478 magno

515 4493 701 4547 timore
735 4493 941 4548 dicebat
983 4495 1155 4550 verbis
1183 4497 1343 4551 Paulo
1371 4498 1714 4565 solemnibus,
1751 4497 1934 4555 Coram
1973 4499 2082 4555 Deo

515 4582 533 4654 (
558 4582 726 4636 (.‘alat.
747 4600 784 4648 ι,
808 4585 912 4655 ‘20)
939 4604 952 4648 ;
983 4594 1092 4648 aut,
1120 4585 1280 4641 Testis
1311 4597 1380 4642 est
1403 4587 1540 4643 Deus
1566 4589 1738 4660 (Rom.
1773 4607 1811 4657 ι,
1833 4593 1888 4662 9)
1913 4610 1927 4658 ;
1955 4602 2076 4660 aut,

521 4674 630 4728 Scit
661 4674 886 4730 Christus
914 4677 984 4730 sic
1029 4694 1135 4732 esse
1169 4679 1222 4731 in
1246 4680 1416 4733 animo
1455 4696 1562 4734 meo
1597 4679 1672 4750 (Il
1695 4679 1812 4734 Cor.
1841 4698 1918 4747 ιι,
1950 4682 2075 4752 51);

518 4764 809 4833 cujusmodi
853 4765 1137 4835 juramenti
1179 4768 1418 4838 exempla
1456 4768 1507 4822 in
1543 4768 1658 4838 ejus
1696 4771 1904 4838 scriptis
1944 4771 2080 4826 forte

508 4857 768 4911 nonnulla
794 4859 995 4914 videas.
1036 4860 1191 4914 Extra
1221 4859 1356 4916 hanc
1393 4861 1758 4916 necessitatem
1784 4862 1960 4917 nullus
1984 4878 2080 4917 un-

517 4965 670 5020 quam
695 4965 817 5006 eum
848 4951 1110 5021 iurantem
1149 4953 1364 5007 audivit.

584 5042 637 5094 4.
677 5041 808 5095 Dum
854 5050 1066 5098 sanctus
1094 5042 1186 5096 Vir
1213 5043 1264 5096 in
1308 5057 1404 5096 suo
1447 5057 1655 5098 secessu
1699 5043 1932 5114 degeret,
1959 5060 2078 5100 eum

519 5130 659 5184 Deus
687 5142 792 5186 tam
820 5143 972 5188 acuto
1000 5133 1234 5189 dentium
1263 5133 1446 5190 dolore
1478 5137 1709 5206 torqueri
1736 5137 1992 5207 permisit,
2021 5145 2082 5192 ut

517 5239 697 5292 parem
723 5241 986 5296 mmquam
1011 5236 1154 5283 esset
1195 5237 1461 5296 expertus.
1502 5227 1747 5284 Animum
1790 5230 1855 5283 ad
1881 5229 2079 5300 aliquid

513 5313 580 5368 de
609 5329 748 5371 novo
770 5318 1080 5373 discendum
1120 5319 1390 5374 intendere
1420 5336 1524 5374 non
1551 5328 1772 5390 poterat,
1816 5329 1870 5376 et
1902 5321 1985 5375 vix
2015 5337 2079 5376 ea

512 5421 630 5476 qua:
655 5407 762 5477 jam
801 5409 935 5465 forte
977 5410 1248 5478 didicerat,
1290 5427 1468 5467 secum
1510 5414 1622 5483 ipse
1661 5413 1919 5468 volvebat.
1967 5413 2079 5470 Sibi

516 5503 688 5552 tamen
716 5499 1012 5568 videbatur,
1045 5502 1088 5556 si
1118 5503 1352 5557 veritatis
1376 5504 1628 5574 splendor
1669 5508 1828 5559 menti
1857 5522 1966 5560 sua:
1996 5505 2076 5560 ef-

513 5587 754 5658 fulgeret,
785 5601 875 5645 aut
907 5607 965 5646 se
997 5608 1106 5646 non
1139 5609 1415 5648 sensurum
1448 5595 1608 5650 fuisse
1647 5596 1788 5650 illum
1815 5597 2074 5664 dolorem,

513 5690 603 5734 aut
630 5691 774 5738 certe
804 5683 1005 5740 facilius
1050 5686 1387 5741 toleraturum
1417 5687 1653 5759 (Soliloq.
1687 5688 1771 5743 lib.
1803 5690 1854 5755 1,
1881 5707 1933 5742 n.
1960 5690 2074 5760 21).

513 5771 582 5832 Μ
603 5773 761 5842 Deus,
793 5776 883 5850 qui
921 5792 1040 5834 eum
1086 5786 1191 5835 tam
1231 5779 1396 5852 rigide
1437 5780 1748 5856 castigarat.
1794 5782 1938 5839 illum
1970 5798 2075 5840 non

1653 366 1808 421 VITA
1845 363 1902 419 S.
1945 361 2308 418 AUGUSTINI
2346 362 2661 418 EPISCOPI.

3664 368 3767 428 156

2193 477 2368 532 minus
2417 480 2644 533 mirabili
2682 479 2949 534 celeritate
2977 480 3285 536 sublevavit.
3317 481 3441 537 Cum
3483 483 3643 548 dolor,
3681 486 3765 541 in-

2192 570 2322 639 quit,
2368 571 2421 624 in
2461 581 2652 625 tantum
2693 573 3082 642 ingravesceret,
3109 582 3165 627 ut
3207 591 3306 629 non
3347 577 3559 631 valerem
3607 576 3759 649 loqui

2191 661 2411 716 ascendit
2434 662 2487 715 in
2511 678 2597 716 cor
2619 679 2780 716 meum
2801 663 3069 721 admonere
3088 681 3258 719 omnes
3281 683 3415 721 meos
3434 669 3517 737 qui
3532 669 3762 736 aderant,

2190 764 2245 808 ut
2278 755 2662 826 deprecarentur
2705 766 2752 810 te
2780 774 2870 828 pro
2912 773 3007 822 me,
3037 757 3201 812 Deum
3239 758 3415 813 salutis
3443 762 3763 816 omnimodce.

2191 844 2258 898 Et
2283 846 2459 916 scripsi
2487 848 2579 901 hoc
2604 849 2656 900 in
2681 865 2816 916 cera,
2844 857 2890 902 et
2916 849 3032 902 dedi
3059 858 3112 902 ut
3139 849 3208 902 eis
3240 850 3502 920 legeretur.
3545 852 3670 906 Mox
3710 865 3766 907 ut

2189 953 2352 1006 genua
2377 939 2595 1007 supplici
2614 938 2796 1004 affectu
2827 940 3050 1004 finimus,
3077 941 3202 1010 fugit
3227 940 3370 993 dolor
3389 940 3493 994 ille.
3527 941 3631 997 Sed
3655 945 3767 1007 quis

2189 1027 2374 1081 dolor?
2421 1037 2508 1081 aut
2557 1029 2808 1099 quomodo
2843 1031 3014 1100 fugit?
3055 1030 3272 1100 Expavi,
3320 1035 3498 1102 fateor,
3550 1031 3768 1088 Domine

2187 1131 2344 1181 meus,
2376 1115 2514 1172 Deus
2553 1135 2729 1182 meus;
2757 1119 2885 1172 nihil
2909 1120 3039 1172 enim
3068 1120 3167 1174 tale
3191 1121 3252 1173 ab
3281 1121 3480 1174 ineunte
3509 1132 3652 1178 a’tate
3677 1141 3766 1177 ea:-

2188 1217 2358 1276 pertus
2383 1209 2597 1277 fueram.
2630 1209 2695 1262 Et
2717 1210 2960 1263 insinuati
2982 1220 3096 1264 sunt
3123 1212 3245 1264 mihi
3267 1213 3317 1265 in
3339 1215 3587 1283 profundo
3613 1225 3764 1269 nutus

2190 1296 2302 1361 tui;
2329 1306 2373 1349 et
2399 1298 2622 1367 gaudens
2649 1300 2702 1351 in
2739 1299 2838 1367 fide
2869 1299 3072 1352 laudavi
3098 1317 3274 1354 nomen
3312 1311 3470 1355 tuum.
3513 1303 3578 1356 Et
3611 1321 3667 1356 ea
3698 1306 3763 1370 fi-

2187 1385 2274 1440 des
2302 1403 2379 1440 me
2407 1402 2637 1441 securum
2682 1405 2788 1442 esse
2813 1407 2911 1442 non
2941 1389 3132 1444 sinebat
3159 1391 3223 1444 de
3249 1393 3512 1461 prteteritis
3548 1396 3763 1464 peccatis

2186 1477 2327 1543 meis,
2357 1494 2468 1545 qua:
2494 1479 2616 1531 mihi
2645 1495 2732 1550 per
2761 1479 3076 1549 Baptismum
3116 1491 3253 1534 tuum
3291 1484 3498 1537 remissa
3536 1486 3760 1538 nondum

2187 1577 2325 1620 erant
2353 1566 2602 1638 (Confess.
2632 1570 2717 1623 lib.
2744 1571 2794 1635 9,
2826 1588 2878 1624 η.
2905 1569 3016 1641 12).

2256 1657 2308 1712 5.
2339 1658 2442 1713 Per
2471 1658 2520 1712 id
2551 1661 2801 1728 temporis
2826 1661 2941 1727 pius
2959 1661 3042 1716 ille
3057 1660 3478 1718 Catecbumenus
3501 1680 3623 1718 suos
3648 1666 3764 1720 edi-

2186 1747 2264 1801 dit
2299 1748 2704 1818 Soliluquiorum
2743 1751 2923 1816 libros,
2953 1751 3003 1804 in
3030 1751 3216 1820 quibus
3257 1753 3557 1808 interiorem
3599 1757 3761 1811 animi

2186 1840 2267 1894 sui
2309 1849 2501 1894 statum
2536 1841 2842 1896 mirabiliter
2877 1843 3138 1910 exprimit.
3180 1843 3460 1899 Profitetur
3498 1847 3548 1900 in
3577 1848 3763 1918 primis

2185 1944 2245 1984 se
2273 1931 2437 1984 teneri
2480 1929 2771 1985 incredibili
2805 1931 3033 2001 quodam
3072 1932 3334 1987 desiderio
3366 1935 3526 1989 Deum
3565 1951 3765 2007 cogno-

2185 2021 2400 2085 scendi;
2435 2036 2605 2090 neque
2634 2022 2768 2075 scire
2798 2037 2856 2076 se
2881 2021 3099 2092 aliquid,
3131 2023 3396 2092 quomodo
3424 2024 3561 2080 scire
3595 2027 3762 2080 Deum

2185 2112 2325 2180 cupit
2367 2111 2604 2181 (Soliloq.
2633 2112 2717 2165 lib.
2740 2113 2760 2166 1
2785 2154 2800 2177 ,
2827 2130 2878 2166 n.
2905 2115 2958 2182 7)
2991 2131 3003 2166 :
3033 2128 3137 2167 non
3181 2114 3322 2168 enim
3361 2116 3456 2184 sibi
3498 2127 3577 2170 sat
3619 2133 3762 2180 esse,

2185 2202 2229 2256 si
2269 2202 2433 2256 Deum
2476 2205 2552 2257 sic
2593 2211 2811 2269 noscat,
2842 2202 3106 2272 quomodo
3147 2219 3298 2257 suum
3331 2206 3474 2258 novit
3513 2206 3764 2276 Alypium

2186 2291 2444 2364 (lbid.,n.
2487 2293 2587 2363 8),
2630 2306 2720 2347 aut
2772 2294 2998 2348 certiora
3055 2293 3438 2349 matbematicze
3484 2297 3762 2365 principia,

2183 2400 2301 2454 qum
2326 2401 2432 2453 pra:
2459 2385 2550 2438 Dei
2576 2399 2759 2439 amore
2780 2400 2843 2438 ex
2867 2385 3005 2438 illius
3025 2399 3159 2452 pene
3183 2390 3438 2439 memoria
3457 2387 3766 2442 exciderant

2185 2475 2369 2546 (Ibid.,
2393 2493 2480 2529 nn.
2512 2475 2598 2542 10,
2639 2477 2750 2546 11).
2790 2476 2921 2530 Cum
2952 2477 3064 2544 ipse
3099 2491 3129 2529 a
3160 2490 3217 2530 se
3241 2477 3446 2544 qumrit,
3473 2493 3538 2530 an
3565 2478 3764 2546 aliquid

2184 2576 2376 2636 praeter
2402 2567 2493 2620 Dei
2518 2567 2702 2635 suique
2733 2566 2969 2619 notitiam
3007 2574 3179 2620 amet:
3213 2564 3421 2619 Possem
3439 2567 3761 2634 respondere,

2184 2658 2371 2728 inquit,
2401 2656 2529 2711 nihil
2556 2675 2634 2711 me
2660 2674 2830 2710 amare
2855 2658 3103 2726 amplius,
3133 2673 3224 2728 pro
3253 2674 3310 2710 eo
3347 2675 3496 2711 sensu
3527 2658 3614 2729 qui
3638 2659 3764 2712 mihi

2184 2765 2316 2802 nunc
2342 2758 2446 2815 est;
2474 2748 2561 2802 sed
2585 2749 2739 2802 tutius
2769 2747 3062 2817 respondeo,
3094 2749 3280 2801 nescire
3315 2764 3410 2800 me.
3454 2747 3594 2801 Nam
3626 2764 3764 2818 sa’pe

2184 2840 2308 2893 mihi
2336 2856 2431 2892 usu
2456 2839 2584 2892 venit
2609 2880 2622 2903 ,
2653 2847 2703 2891 ut
2730 2855 2842 2891 cum
2873 2839 2975 2891 alia
3003 2838 3144 2890 nulla
3171 2854 3224 2890 re
3249 2853 3327 2890 me
3351 2839 3598 2892 crederem
3625 2854 3765 2892 com-

2184 2931 2387 2992 moveri,
2407 2933 2592 2984 veniret
2615 2941 2774 2982 tanien
2805 2929 2996 3000 aliquid
3014 2931 3069 2982 in
3093 2939 3324 2993 mentem,
3345 2930 3477 2999 quod
3501 2947 3577 2984 me
3599 2930 3764 2985 multo

2183 3023 2329 3074 aliter
2348 3031 2494 3090 atque
2515 3037 2929 3091 prtesumpseram
2950 3031 3206 3090 pangeret.
3249 3021 3380 3079 Item
3405 3038 3558 3091 swpe,
3586 3038 3766 3090 quam-

2183 3113 2256 3166 vis
2283 3113 2335 3165 in
2359 3113 2703 3182 cogitationem
2732 3129 2808 3165 res
2833 3113 3004 3180 aliqua
3033 3112 3258 3166 incidens
3287 3129 3386 3166 non
3416 3130 3493 3166 me
3521 3112 3769 3182 pervelle-

2182 3206 2268 3270 rit,
2281 3220 2448 3259 revera
2472 3213 2632 3258 tamen
2649 3205 2848 3258 veniens
2866 3204 3163 3274 perturbavit
3185 3204 3299 3274 plus
3323 3222 3469 3274 quam
3491 3206 3728 3276 putabant
3741 3225 3766 3272 ;

2182 3295 2271 3349 sed
2295 3295 2442 3348 modo
2469 3295 2639 3348 videor
2667 3295 2787 3347 mihi
2815 3295 2969 3348 tribus
2996 3304 3188 3347 tantum
3215 3296 3358 3348 rebus
3381 3312 3523 3366 posse
3541 3312 3766 3350 commo—

2184 3388 2317 3441 veri:
2347 3396 2478 3441 metu
2503 3387 2784 3440 omissionis
2812 3403 2983 3440 eorum
3011 3403 3134 3454 quos
3163 3386 3318 3458 diligo
3338 3428 3352 3454 ,
3381 3398 3512 3441 metu
3546 3389 3760 3454 doloris,

2185 3489 2317 3533 metu
2347 3480 2516 3532 mortis
2545 3478 2725 3548 (Ibid,
2749 3496 2800 3532 τι.
2824 3478 2931 3550 16).
2953 3479 3255 3532 Divitiarum
3293 3488 3347 3534 et
3372 3482 3624 3534 bonorum
3654 3496 3760 3536 cu-

2185 3573 2379 3643 piditas
2403 3573 2467 3627 ab
2493 3574 2604 3640 ejus
2633 3575 2808 3626 animo
2837 3572 3126 3626 exsulabat.
3163 3571 3468 3627 Nullatenus
3495 3588 3616 3628 eum
3650 3573 3764 3627 illi-

2184 3665 2356 3718 ciebat
2381 3663 2616 3718 ciborum
2643 3663 2945 3734 iucunditas
2975 3662 3026 3716 in
3066 3663 3158 3728 iis,
3196 3679 3225 3716 a
3265 3664 3455 3733 quibus
3488 3665 3766 3720 abstinere

2188 3765 2464 3812 statuerat.
2493 3758 2624 3811 Aliis
2653 3757 2863 3826 quidem
2913 3769 3016 3809 non
3052 3755 3165 3809 sine
3203 3757 3376 3826 aliqua
3406 3757 3765 3811 delectatione

2185 3849 2449 3914 utebatur,
2480 3849 2548 3902 ita
2579 3859 2750 3901 tamen
2784 3856 2838 3900 ut
2861 3846 2959 3900 illis
2985 3844 3135 3900 facile
3162 3855 3511 3915 temperaret:
3537 3864 3634 3903 nec
3658 3864 3764 3902 un-

2185 3950 2344 4005 quam
2374 3952 2492 3990 cum
2521 3936 2757 3990 ciborum
2797 3934 3049 4004 appetitio
3073 3935 3140 3988 ab
3173 3934 3236 3989 iis
3264 3936 3440 4001 rebus,
3472 3952 3602 4006 quas
3637 3953 3764 3992 me-

2184 4027 2338 4081 ditari
2366 4028 2557 4094 vellet,
2592 4027 2863 4081 avocabat.
2899 4025 3132 4094 Denique
3155 4041 3218 4080 ex
3263 4027 3404 4094 cibo,
3451 4037 3591 4098 potu,
3635 4029 3762 4083 bal-

2185 4121 2318 4186 neis,
2351 4121 2659 4190 ueterisque
2696 4121 2747 4174 id
2775 4136 2941 4189 genus
2979 4138 3096 4192 qua:
3133 4121 3200 4174 ad
3240 4136 3432 4189 corpus
3471 4121 3762 4190 pertinent,

2185 4211 2237 4266 id
2269 4219 2469 4264 tantum
2496 4211 2823 4281 capessebat,
2850 4212 2989 4281 quod
3015 4228 3141 4267 cura
3159 4211 3471 4265 valetudinis
3497 4212 3761 4282 exigeret.

2185 4303 2334 4369 Quod
2365 4303 2429 4358 ad
2454 4305 2631 4358 uxoris
2659 4320 2892 4357 amorem
2919 4306 3142 4374 pertinet
3173 4323 3185 4358 :
3223 4305 3588 4370 Quantumlibet
3613 4306 3762 4370 velis,

2184 4397 2288 4462 ait,
2314 4414 2423 4451 eam
2447 4398 2648 4468 pingere
2673 4407 2820 4464 atque
2861 4397 3118 4451 cumulare
3155 4398 3294 4450 bonis
3333 4397 3557 4450 omnibus
3580 4437 3595 4462 ,
3627 4397 3767 4451 nihil

2184 4477 2308 4540 mihi
2335 4496 2437 4540 tam
2480 4488 2803 4558 fugiendum,
2835 4505 2984 4557 quant
3028 4487 3343 4540 concubitum
3381 4504 3484 4541 esse
3520 4486 3715 4540 decrevi
3745 4504 3770 4542 :

2183 4579 2310 4632 nihil
2346 4595 2451 4632 esse
2482 4579 2668 4644 sentio,
2711 4579 2843 4649 quod
2878 4580 3035 4650 magis
3063 4595 3125 4632 ex
3155 4586 3268 4632 arce
3304 4579 3504 4648 deficiat
3534 4579 3770 4634 animum

2183 4672 2391 4736 virilem,
2431 4688 2581 4742 quam
2614 4672 2949 4726 blandimenta
2987 4673 3232 4742 feminea,
3278 4689 3634 4742 corporumque
3673 4674 3770 4727 ille

2183 4773 2454 4827 contactus,
2487 4763 2594 4816 sine
2615 4779 2711 4832 quo
2737 4779 2864 4816 uxor
2886 4762 3055 4816 haberi
3079 4780 3178 4816 non
3215 4773 3393 4833 potest.
3424 4763 3602 4834 Itaque
3626 4765 3671 4817 si
3693 4765 3770 4818 ad

2184 4855 2397 4926 ofﬁcium
2425 4858 2632 4924 pertinet
2675 4856 2912 4925 sapientis
2939 4855 3071 4924 quod
3104 4855 3326 4908 nondum
3349 4857 3567 4926 comperi
3588 4897 3602 4921 ,
3631 4855 3770 4910 dare

2183 4964 2383 5018 operam
2395 4946 2589 5013 liberis,
2597 4947 2816 5016 quisquis
2830 4947 2902 5001 rei
2911 4947 3059 5017 hujus
3076 4958 3268 5002 tantum
3281 4949 3441 5020 gratia
3455 4950 3767 5016 concumbit,

2182 5041 2443 5095 mirandus
2476 5041 2599 5094 mihi
2639 5040 2792 5094 videri
2820 5052 3000 5113 potest,
3031 5052 3083 5096 at
3124 5059 3234 5096 vero
3271 5043 3573 5108 imitandus,
3612 5045 3766 5098 nullo

2183 5139 2331 5192 modo
2351 5154 2370 5192 :
2385 5153 2500 5190 nam
2529 5145 2718 5191 tentare
2733 5137 2825 5192 hoc
2845 5138 3171 5208 periculosius
3188 5147 3291 5204 est,
3310 5154 3460 5208 quam
3477 5153 3619 5208 posse
3635 5137 3767 5208 feli—

2182 5233 2308 5286 cius.
2327 5229 2659 5296 Quamobrem
2672 5231 2811 5297 satis,
2830 5231 2996 5294 credo,
3007 5232 3144 5301 juste
3152 5240 3296 5300 atque
3312 5232 3498 5285 utiliter
3509 5246 3598 5300 pro
3615 5229 3775 5286 liber-

2185 5334 2284 5378 tate
2316 5324 2498 5378 animte
2520 5339 2642 5378 metu
2680 5324 2801 5377 mihi
2838 5325 3095 5392 imperavi,
3134 5340 3233 5376 non
3261 5339 3461 5392 cupere,
3487 5338 3586 5376 non
3611 5337 3729 5389 qua;
3749 5356 3772 5366 -

2181 5429 2309 5481 rere,
2338 5431 2436 5468 non
2475 5415 2656 5468 ducere
2676 5431 2899 5468 uxorem.
2925 5413 3144 5467 Prorsus
3170 5414 3295 5467 nihil
3314 5412 3600 5485 hujusmodi
3623 5429 3771 5482 quea--

2181 5525 2259 5575 ro,
2293 5505 2418 5558 nihil
2441 5505 2688 5570 desidero,
2708 5505 2854 5558 etiam
2877 5521 2989 5556 cum
3015 5504 3218 5556 horrore
3246 5514 3389 5574 atque
3403 5503 3768 5574 aspernatione

2183 5603 2304 5656 talia
2338 5599 2589 5654 recordor.
2625 5597 2757 5663 Quid
2781 5599 2851 5650 vis
2878 5595 3130 5665 amplius?
3156 5597 3220 5650 Et
3248 5598 3339 5651 hoc
3357 5597 3478 5650 mihi
3498 5596 3682 5650 bonum
3706 5599 3763 5651 in

2183 5694 2288 5748 dies
2310 5693 2480 5746 crescit
2499 5707 2518 5745 :
2536 5706 2653 5744 nam
2680 5698 2864 5758 quanto
2888 5698 3098 5756 augetur
3122 5707 3233 5758 spes
3259 5689 3481 5742 videnda:
3494 5689 3632 5743 illius
3655 5706 3764 5756 qua

2182 5786 2486 5842 vehementer
2513 5791 2669 5837 restito
2706 5779 3091 5853 pulchritudinis
3114 5822 3128 5850 ,
3172 5791 3308 5834 tanto
3344 5780 3411 5833 ad
3443 5779 3588 5835 illaut
3619 5788 3761 5838 totus
