  <div class='ocr_page' id='page_1' title='image "/cluster/home/n/w/nwhite01/storage/ocr_20150623/32/hvd.32044015706328/076.png"; bbox 0 0 3994 6352; ppageno 0'>
   <div class='ocr_carea' id='block_1_1' title="bbox 234 250 2190 362">
    <p class='ocr_par' dir='ltr' id='par_1_1' title="bbox 234 250 2190 362">
     <span class='ocr_line' id='line_1_1' title="bbox 234 250 2190 362; baseline -0.004 -1"><span class='ocrx_word' id='word_1_1' title='bbox 234 300 318 362; x_wconf 71' lang='lat'><strong>157</strong></span> <span class='ocrx_word' id='word_1_2' title='bbox 1435 250 1480 256; x_wconf 27' lang='lat' dir='ltr'>ﬂ</span> <span class='ocrx_word' id='word_1_3' title='bbox 1576 295 1779 352; x_wconf 81' lang='lat' dir='ltr'><strong>LIBER</strong></span> <span class='ocrx_word' id='word_1_4' title='bbox 1816 295 2190 356; x_wconf 81' lang='lat' dir='ltr'><strong>SECUNDUS.</strong></span> 
     </span>
    </p>
   </div>
   <div class='ocr_carea' id='block_1_2' title="bbox 235 405 1797 482">
    <p class='ocr_par' dir='ltr' id='par_1_2' title="bbox 235 405 1797 482">
     <span class='ocr_line' id='line_1_2' title="bbox 235 405 1797 482; baseline -0.006 -12"><span class='ocrx_word' id='word_1_5' title='bbox 235 428 359 472; x_wconf 74' lang='lat' dir='ltr'><strong>sutor</strong></span> <span class='ocrx_word' id='word_1_6' title='bbox 395 412 727 482; x_wconf 70' lang='lat' dir='ltr'><strong>voluptasque</strong></span> <span class='ocrx_word' id='word_1_7' title='bbox 762 407 1066 464; x_wconf 72' lang='lat' dir='ltr'><strong>convertitur</strong></span> <span class='ocrx_word' id='word_1_8' title='bbox 1096 405 1337 479; x_wconf 84' lang='lat' dir='ltr'><strong>(Soliloq.</strong></span> <span class='ocrx_word' id='word_1_9' title='bbox 1369 406 1458 461; x_wconf 91' lang='lat' dir='ltr'><strong>lib.</strong></span> <span class='ocrx_word' id='word_1_10' title='bbox 1492 407 1518 460; x_wconf 99' lang='grc'><strong>1</strong></span> <span class='ocrx_word' id='word_1_11' title='bbox 1543 447 1558 472; x_wconf 94' lang='grc'><strong>,</strong></span> <span class='ocrx_word' id='word_1_12' title='bbox 1600 424 1653 461; x_wconf 91' lang='lat' dir='ltr'><strong>n.</strong></span> <span class='ocrx_word' id='word_1_13' title='bbox 1687 407 1797 478; x_wconf 92' lang='grc'><strong>17).</strong></span> 
     </span>
    </p>
   </div>
   <div class='ocr_carea' id='block_1_3' title="bbox 234 501 1802 571">
    <p class='ocr_par' dir='ltr' id='par_1_3' title="bbox 234 501 1802 571">
     <span class='ocr_line' id='line_1_3' title="bbox 234 501 1802 571; baseline -0.007 -7"><span class='ocrx_word' id='word_1_14' title='bbox 234 506 492 566; x_wconf 86' lang='lat' dir='ltr'><strong>Interdum</strong></span> <span class='ocrx_word' id='word_1_15' title='bbox 519 514 696 559; x_wconf 84' lang='lat' dir='ltr'><strong>tamen</strong></span> <span class='ocrx_word' id='word_1_16' title='bbox 725 502 981 568; x_wconf 81' lang='lat' dir='ltr'><strong>libidinis,</strong></span> <span class='ocrx_word' id='word_1_17' title='bbox 1013 517 1135 571; x_wconf 69' lang='lat' dir='ltr'><strong>quae</strong></span> <span class='ocrx_word' id='word_1_18' title='bbox 1162 509 1362 556; x_wconf 86' lang='lat' dir='ltr'><strong>tantam</strong></span> <span class='ocrx_word' id='word_1_19' title='bbox 1383 501 1438 554; x_wconf 93' lang='lat' dir='ltr'><strong>in</strong></span> <span class='ocrx_word' id='word_1_20' title='bbox 1462 515 1586 555; x_wconf 91' lang='lat' dir='ltr'><strong>eum</strong></span> <span class='ocrx_word' id='word_1_21' title='bbox 1619 508 1802 570; x_wconf 81' lang='lat' dir='ltr'><strong>tyran~</strong></span> 
     </span>
    </p>
   </div>
   <div class='ocr_carea' id='block_1_4' title="bbox 233 593 1803 664">
    <p class='ocr_par' dir='ltr' id='par_1_4' title="bbox 233 593 1803 664">
     <span class='ocr_line' id='line_1_4' title="bbox 233 593 1803 664; baseline -0.006 -7"><span class='ocrx_word' id='word_1_22' title='bbox 233 600 393 658; x_wconf 86' lang='lat' dir='ltr'><strong>nidem</strong></span> <span class='ocrx_word' id='word_1_23' title='bbox 419 604 765 660; x_wconf 79' lang='lat' dir='ltr'><strong>exercuerat,</strong></span> <span class='ocrx_word' id='word_1_24' title='bbox 795 596 1008 650; x_wconf 89' lang='lat' dir='ltr'><strong>acribus</strong></span> <span class='ocrx_word' id='word_1_25' title='bbox 1036 594 1292 659; x_wconf 77' lang='lat' dir='ltr'><strong>stimulis,</strong></span> <span class='ocrx_word' id='word_1_26' title='bbox 1341 593 1452 649; x_wconf 90' lang='lat' dir='ltr'><strong>Deo</strong></span> <span class='ocrx_word' id='word_1_27' title='bbox 1480 595 1552 648; x_wconf 90' lang='lat' dir='ltr'><strong>ita</strong></span> <span class='ocrx_word' id='word_1_28' title='bbox 1581 596 1803 664; x_wconf 89' lang='lat' dir='ltr'><strong>permit-</strong></span> 
     </span>
    </p>
   </div>
   <div class='ocr_carea' id='block_1_5' title="bbox 233 685 1804 759">
    <p class='ocr_par' dir='ltr' id='par_1_5' title="bbox 233 685 1804 759">
     <span class='ocr_line' id='line_1_5' title="bbox 233 685 1804 759; baseline -0.004 -12"><span class='ocrx_word' id='word_1_29' title='bbox 233 702 379 755; x_wconf 86' lang='lat' dir='ltr'><strong>tente,</strong></span> <span class='ocrx_word' id='word_1_30' title='bbox 408 689 745 759; x_wconf 85' lang='lat' dir='ltr'><strong>pungebatur</strong></span> <span class='ocrx_word' id='word_1_31' title='bbox 775 705 790 742; x_wconf 88' lang='lat'><strong>:</strong></span> <span class='ocrx_word' id='word_1_32' title='bbox 823 693 880 741; x_wconf 78' lang='lat' dir='ltr'><strong>ut</strong></span> <span class='ocrx_word' id='word_1_33' title='bbox 909 701 1016 756; x_wconf 91' lang='lat' dir='ltr'><strong>quo</strong></span> <span class='ocrx_word' id='word_1_34' title='bbox 1041 700 1073 740; x_wconf 90' lang='lat' dir='ltr'><strong>e</strong></span> <span class='ocrx_word' id='word_1_35' title='bbox 1110 685 1299 740; x_wconf 92' lang='lat' dir='ltr'><strong>morbo</strong></span> <span class='ocrx_word' id='word_1_36' title='bbox 1339 685 1572 740; x_wconf 68' lang='lat' dir='ltr'><strong>caelestis</strong></span> <span class='ocrx_word' id='word_1_37' title='bbox 1611 685 1804 740; x_wconf 91' lang='lat' dir='ltr'><strong>medici</strong></span> 
     </span>
    </p>
   </div>
   <div class='ocr_carea' id='block_1_6' title="bbox 231 776 1801 848">
    <p class='ocr_par' dir='ltr' id='par_1_6' title="bbox 231 776 1801 848">
     <span class='ocr_line' id='line_1_6' title="bbox 231 776 1801 848; baseline -0.005 -10"><span class='ocrx_word' id='word_1_38' title='bbox 231 797 337 838; x_wconf 85' lang='lat' dir='ltr'><strong>cura</strong></span> <span class='ocrx_word' id='word_1_39' title='bbox 367 781 674 846; x_wconf 88' lang='lat' dir='ltr'><strong>evasisset,</strong></span> <span class='ocrx_word' id='word_1_40' title='bbox 701 788 758 833; x_wconf 88' lang='lat' dir='ltr'><strong>et</strong></span> <span class='ocrx_word' id='word_1_41' title='bbox 785 776 912 848; x_wconf 91' lang='lat' dir='ltr'><strong>quid</strong></span> <span class='ocrx_word' id='word_1_42' title='bbox 940 778 997 831; x_wconf 90' lang='lat' dir='ltr'><strong>in</strong></span> <span class='ocrx_word' id='word_1_43' title='bbox 1037 791 1098 831; x_wconf 86' lang='lat' dir='ltr'><strong>se</strong></span> <span class='ocrx_word' id='word_1_44' title='bbox 1138 785 1444 845; x_wconf 83' lang='lat' dir='ltr'><strong>superesset</strong></span> <span class='ocrx_word' id='word_1_45' title='bbox 1487 776 1801 843; x_wconf 91' lang='lat' dir='ltr'><strong>curandum,</strong></span> 
     </span>
    </p>
   </div>
   <div class='ocr_carea' id='block_1_7' title="bbox 231 866 1802 946">
    <p class='ocr_par' dir='ltr' id='par_1_7' title="bbox 231 866 1802 946">
     <span class='ocr_line' id='line_1_7' title="bbox 231 866 1802 946; baseline -0.008 -15"><span class='ocrx_word' id='word_1_46' title='bbox 231 881 550 946; x_wconf 77' lang='lat' dir='ltr'><strong>agnosceret.</strong></span> <span class='ocrx_word' id='word_1_47' title='bbox 580 870 736 938; x_wconf 84' lang='lat' dir='ltr'><strong>Quod</strong></span> <span class='ocrx_word' id='word_1_48' title='bbox 755 869 847 924; x_wconf 91' lang='lat' dir='ltr'><strong>ubi</strong></span> <span class='ocrx_word' id='word_1_49' title='bbox 873 867 1202 938; x_wconf 80' lang='lat' dir='ltr'><strong>contigisset,</strong></span> <span class='ocrx_word' id='word_1_50' title='bbox 1230 867 1432 936; x_wconf 89' lang='lat' dir='ltr'><strong>pudore</strong></span> <span class='ocrx_word' id='word_1_51' title='bbox 1458 866 1802 920; x_wconf 84' lang='lat' dir='ltr'><strong>sull&#39;undeba—</strong></span> 
     </span>
    </p>
   </div>
   <div class='ocr_carea' id='block_1_8' title="bbox 229 958 1806 1035">
    <p class='ocr_par' dir='ltr' id='par_1_8' title="bbox 229 958 1806 1035">
     <span class='ocr_line' id='line_1_8' title="bbox 229 958 1806 1035; baseline -0.007 -12"><span class='ocrx_word' id='word_1_52' title='bbox 229 980 303 1023; x_wconf 79' lang='lat' dir='ltr'><strong>tur</strong></span> <span class='ocrx_word' id='word_1_53' title='bbox 320 1008 333 1031; x_wconf 93' lang='lat'><strong>,</strong></span> <span class='ocrx_word' id='word_1_54' title='bbox 360 967 476 1020; x_wconf 90' lang='lat' dir='ltr'><strong>vim</strong></span> <span class='ocrx_word' id='word_1_55' title='bbox 521 965 883 1035; x_wconf 80' lang='lat' dir='ltr'><strong>lacrymarum</strong></span> <span class='ocrx_word' id='word_1_56' title='bbox 907 962 1067 1017; x_wconf 88' lang='lat' dir='ltr'><strong>etiam</strong></span> <span class='ocrx_word' id='word_1_57' title='bbox 1091 975 1213 1015; x_wconf 90' lang='lat' dir='ltr'><strong>cum</strong></span> <span class='ocrx_word' id='word_1_58' title='bbox 1239 958 1559 1014; x_wconf 83' lang='lat' dir='ltr'><strong>valetudinis</strong></span> <span class='ocrx_word' id='word_1_59' title='bbox 1587 958 1806 1028; x_wconf 89' lang='lat' dir='ltr'><strong>dispen-</strong></span> 
     </span>
    </p>
   </div>
   <div class='ocr_carea' id='block_1_9' title="bbox 228 1050 1804 1127">
    <p class='ocr_par' dir='ltr' id='par_1_9' title="bbox 228 1050 1804 1127">
     <span class='ocr_line' id='line_1_9' title="bbox 228 1050 1804 1127; baseline -0.006 -14"><span class='ocrx_word' id='word_1_60' title='bbox 228 1059 302 1114; x_wconf 90' lang='lat' dir='ltr'><strong>dio</strong></span> <span class='ocrx_word' id='word_1_61' title='bbox 329 1055 723 1127; x_wconf 81' lang='lat' dir='ltr'><strong>profundebat;</strong></span> <span class='ocrx_word' id='word_1_62' title='bbox 756 1053 890 1108; x_wconf 86' lang='lat' dir='ltr'><strong>nihil</strong></span> <span class='ocrx_word' id='word_1_63' title='bbox 916 1052 1017 1107; x_wconf 87' lang='lat' dir='ltr'><strong>sibi</strong></span> <span class='ocrx_word' id='word_1_64' title='bbox 1046 1051 1318 1121; x_wconf 87' lang='lat' dir='ltr'><strong>polliceri,</strong></span> <span class='ocrx_word' id='word_1_65' title='bbox 1345 1051 1476 1104; x_wconf 85' lang='lat' dir='ltr'><strong>nihil</strong></span> <span class='ocrx_word' id='word_1_66' title='bbox 1515 1050 1582 1104; x_wconf 90' lang='lat' dir='ltr'><strong>de</strong></span> <span class='ocrx_word' id='word_1_67' title='bbox 1621 1064 1680 1103; x_wconf 91' lang='lat' dir='ltr'><strong>sc</strong></span> <span class='ocrx_word' id='word_1_68' title='bbox 1709 1065 1804 1103; x_wconf 84' lang='lat' dir='ltr'><strong>au-</strong></span> 
     </span>
    </p>
   </div>
   <div class='ocr_carea' id='block_1_10' title="bbox 227 1142 1806 1220">
    <p class='ocr_par' dir='ltr' id='par_1_10' title="bbox 227 1142 1806 1220">
     <span class='ocr_line' id='line_1_10' title="bbox 227 1142 1806 1220; baseline -0.007 -13"><span class='ocrx_word' id='word_1_69' title='bbox 227 1151 368 1208; x_wconf 78' lang='lat' dir='ltr'><strong>debat</strong></span> <span class='ocrx_word' id='word_1_70' title='bbox 391 1162 762 1220; x_wconf 68' lang='lat' dir='ltr'><strong>praesumere;</strong></span> <span class='ocrx_word' id='word_1_71' title='bbox 788 1146 842 1200; x_wconf 89' lang='lat' dir='ltr'><strong>id</strong></span> <span class='ocrx_word' id='word_1_72' title='bbox 884 1145 1054 1200; x_wconf 86' lang='lat' dir='ltr'><strong>solum</strong></span> <span class='ocrx_word' id='word_1_73' title='bbox 1082 1145 1254 1199; x_wconf 81' lang='lat' dir='ltr'><strong>solatii</strong></span> <span class='ocrx_word' id='word_1_74' title='bbox 1294 1143 1523 1197; x_wconf 83' lang='lat' dir='ltr'><strong>habebat</strong></span> <span class='ocrx_word' id='word_1_75' title='bbox 1542 1184 1556 1207; x_wconf 93' lang='lat'><strong>,</strong></span> <span class='ocrx_word' id='word_1_76' title='bbox 1587 1142 1727 1212; x_wconf 90' lang='lat' dir='ltr'><strong>quod</strong></span> <span class='ocrx_word' id='word_1_77' title='bbox 1755 1143 1806 1197; x_wconf 90' lang='lat' dir='ltr'><strong>in</strong></span> 
     </span>
    </p>
   </div>
   <div class='ocr_carea' id='block_1_11' title="bbox 225 1233 1806 1308">
    <p class='ocr_par' dir='ltr' id='par_1_11' title="bbox 225 1233 1806 1308">
     <span class='ocr_line' id='line_1_11' title="bbox 225 1233 1806 1308; baseline -0.008 -11"><span class='ocrx_word' id='word_1_78' title='bbox 225 1243 304 1297; x_wconf 86' lang='lat' dir='ltr'><strong>Dei</strong></span> <span class='ocrx_word' id='word_1_79' title='bbox 325 1242 512 1295; x_wconf 89' lang='lat' dir='ltr'><strong>sinum</strong></span> <span class='ocrx_word' id='word_1_80' title='bbox 543 1237 890 1308; x_wconf 85' lang='lat' dir='ltr'><strong>confugeret,</strong></span> <span class='ocrx_word' id='word_1_81' title='bbox 923 1250 1088 1304; x_wconf 86' lang='lat' dir='ltr'><strong>seque</strong></span> <span class='ocrx_word' id='word_1_82' title='bbox 1117 1235 1258 1289; x_wconf 92' lang='lat' dir='ltr'><strong>illius</strong></span> <span class='ocrx_word' id='word_1_83' title='bbox 1285 1233 1630 1302; x_wconf 75' lang='lat' dir='ltr'><strong>providentia:</strong></span> <span class='ocrx_word' id='word_1_84' title='bbox 1656 1247 1806 1286; x_wconf 90' lang='lat' dir='ltr'><strong>com-</strong></span> 
     </span>
    </p>
   </div>
   <div class='ocr_carea' id='block_1_12' title="bbox 225 1325 1810 1398">
    <p class='ocr_par' dir='ltr' id='par_1_12' title="bbox 225 1325 1810 1398">
     <span class='ocr_line' id='line_1_12' title="bbox 225 1325 1810 1398; baseline -0.008 -10"><span class='ocrx_word' id='word_1_85' title='bbox 225 1333 470 1392; x_wconf 81' lang='lat' dir='ltr'><strong>mitteret.</strong></span> <span class='ocrx_word' id='word_1_86' title='bbox 504 1328 607 1383; x_wconf 83' lang='lat' dir='ltr'><strong>Ille</strong></span> <span class='ocrx_word' id='word_1_87' title='bbox 630 1330 757 1398; x_wconf 87' lang='lat' dir='ltr'><strong>ipse,</strong></span> <span class='ocrx_word' id='word_1_88' title='bbox 790 1327 998 1389; x_wconf 89' lang='lat' dir='ltr'><strong>aiebat,</strong></span> <span class='ocrx_word' id='word_1_89' title='bbox 1027 1341 1172 1395; x_wconf 82' lang='lat' dir='ltr'><strong>quem</strong></span> <span class='ocrx_word' id='word_1_90' title='bbox 1205 1325 1371 1378; x_wconf 83' lang='lat' dir='ltr'><strong>videre</strong></span> <span class='ocrx_word' id='word_1_91' title='bbox 1407 1326 1559 1378; x_wconf 87' lang='lat' dir='ltr'><strong>ardeo</strong></span> <span class='ocrx_word' id='word_1_92' title='bbox 1579 1366 1593 1391; x_wconf 94' lang='lat'><strong>,</strong></span> <span class='ocrx_word' id='word_1_93' title='bbox 1621 1325 1810 1376; x_wconf 87' lang='lat' dir='ltr'><strong>noverit</strong></span> 
     </span>
    </p>
   </div>
   <div class='ocr_carea' id='block_1_13' title="bbox 225 1415 1811 1492">
    <p class='ocr_par' dir='ltr' id='par_1_13' title="bbox 225 1415 1811 1492">
     <span class='ocr_line' id='line_1_13' title="bbox 225 1415 1811 1492; baseline -0.005 -17"><span class='ocrx_word' id='word_1_94' title='bbox 225 1420 410 1492; x_wconf 66' lang='lat' dir='ltr'><strong>quando</strong></span> <span class='ocrx_word' id='word_1_95' title='bbox 431 1420 533 1474; x_wconf 86' lang='lat' dir='ltr'><strong>sim</strong></span> <span class='ocrx_word' id='word_1_96' title='bbox 553 1435 731 1482; x_wconf 87' lang='lat' dir='ltr'><strong>sanus;</strong></span> <span class='ocrx_word' id='word_1_97' title='bbox 744 1417 899 1488; x_wconf 79' lang='lat' dir='ltr'><strong>faciat</strong></span> <span class='ocrx_word' id='word_1_98' title='bbox 916 1416 1050 1486; x_wconf 83' lang='lat' dir='ltr'><strong>quod</strong></span> <span class='ocrx_word' id='word_1_99' title='bbox 1070 1415 1269 1486; x_wconf 90' lang='lat' dir='ltr'><strong>placet:</strong></span> <span class='ocrx_word' id='word_1_100' title='bbox 1285 1416 1487 1484; x_wconf 80' lang='lat' dir='ltr'><strong>quando</strong></span> <span class='ocrx_word' id='word_1_101' title='bbox 1503 1416 1681 1485; x_wconf 87' lang='lat' dir='ltr'><strong>placet,</strong></span> <span class='ocrx_word' id='word_1_102' title='bbox 1705 1431 1811 1468; x_wconf 87' lang='lat' dir='ltr'><strong>sese</strong></span> 
     </span>
    </p>
   </div>
   <div class='ocr_carea' id='block_1_14' title="bbox 225 1507 1812 1581">
    <p class='ocr_par' dir='ltr' id='par_1_14' title="bbox 225 1507 1812 1581">
     <span class='ocr_line' id='line_1_14' title="bbox 225 1507 1812 1581; baseline -0.007 -12"><span class='ocrx_word' id='word_1_103' title='bbox 225 1514 480 1577; x_wconf 79' lang='lat' dir='ltr'><strong>ostendat;</strong></span> <span class='ocrx_word' id='word_1_104' title='bbox 495 1513 611 1581; x_wconf 77' lang='lat' dir='ltr'><strong>jam</strong></span> <span class='ocrx_word' id='word_1_105' title='bbox 631 1527 710 1562; x_wconf 90' lang='lat' dir='ltr'><strong>me</strong></span> <span class='ocrx_word' id='word_1_106' title='bbox 730 1517 887 1562; x_wconf 86' lang='lat' dir='ltr'><strong>totum</strong></span> <span class='ocrx_word' id='word_1_107' title='bbox 911 1509 1019 1578; x_wconf 87' lang='lat' dir='ltr'><strong>ejus</strong></span> <span class='ocrx_word' id='word_1_108' title='bbox 1045 1507 1318 1560; x_wconf 66' lang='lat' dir='ltr'><strong>clementiae</strong></span> <span class='ocrx_word' id='word_1_109' title='bbox 1341 1523 1569 1574; x_wconf 73' lang='lat' dir='ltr'><strong>curruque</strong></span> <span class='ocrx_word' id='word_1_110' title='bbox 1585 1508 1812 1559; x_wconf 88' lang='lat' dir='ltr'><strong>commit-</strong></span> 
     </span>
    </p>
   </div>
   <div class='ocr_carea' id='block_1_15' title="bbox 228 1594 1812 1667">
    <p class='ocr_par' dir='ltr' id='par_1_15' title="bbox 228 1594 1812 1667">
     <span class='ocr_line' id='line_1_15' title="bbox 228 1594 1812 1667; baseline -0.008 -8"><span class='ocrx_word' id='word_1_111' title='bbox 228 1616 286 1659; x_wconf 88' lang='lat' dir='ltr'><strong>to.</strong></span> <span class='ocrx_word' id='word_1_112' title='bbox 306 1601 482 1660; x_wconf 81' lang='lat' dir='ltr'><strong>Semel</strong></span> <span class='ocrx_word' id='word_1_113' title='bbox 502 1603 567 1655; x_wconf 91' lang='lat' dir='ltr'><strong>de</strong></span> <span class='ocrx_word' id='word_1_114' title='bbox 601 1600 690 1654; x_wconf 86' lang='lat' dir='ltr'><strong>illo</strong></span> <span class='ocrx_word' id='word_1_115' title='bbox 713 1599 927 1662; x_wconf 81' lang='lat' dir='ltr'><strong>credidi,</strong></span> <span class='ocrx_word' id='word_1_116' title='bbox 960 1597 1092 1667; x_wconf 85' lang='lat' dir='ltr'><strong>quod</strong></span> <span class='ocrx_word' id='word_1_117' title='bbox 1118 1597 1189 1650; x_wconf 86' lang='lat' dir='ltr'><strong>sic</strong></span> <span class='ocrx_word' id='word_1_118' title='bbox 1215 1613 1332 1665; x_wconf 83' lang='lat' dir='ltr'><strong>ergo</strong></span> <span class='ocrx_word' id='word_1_119' title='bbox 1350 1612 1401 1648; x_wconf 88' lang='lat' dir='ltr'><strong>se</strong></span> <span class='ocrx_word' id='word_1_120' title='bbox 1425 1594 1630 1661; x_wconf 72' lang='lat' dir='ltr'><strong>aﬁ&#39;ectos</strong></span> <span class='ocrx_word' id='word_1_121' title='bbox 1649 1595 1812 1649; x_wconf 84' lang='lat' dir='ltr'><strong>suble-</strong></span> 
     </span>
    </p>
   </div>
   <div class='ocr_carea' id='block_1_16' title="bbox 228 1686 1812 1762">
    <p class='ocr_par' dir='ltr' id='par_1_16' title="bbox 228 1686 1812 1762">
     <span class='ocr_line' id='line_1_16' title="bbox 228 1686 1812 1762; baseline -0.009 -10"><span class='ocrx_word' id='word_1_122' title='bbox 228 1714 325 1752; x_wconf 68' lang='lat' dir='ltr'><strong>uare</strong></span> <span class='ocrx_word' id='word_1_123' title='bbox 341 1712 445 1749; x_wconf 86' lang='lat' dir='ltr'><strong>non</strong></span> <span class='ocrx_word' id='word_1_124' title='bbox 463 1701 646 1748; x_wconf 75' lang='lat' dir='ltr'><strong>cesset.</strong></span> <span class='ocrx_word' id='word_1_125' title='bbox 679 1691 790 1762; x_wconf 83' lang='lat' dir='ltr'><strong>Ego</strong></span> <span class='ocrx_word' id='word_1_126' title='bbox 818 1690 946 1744; x_wconf 81' lang='lat' dir='ltr'><strong>nihil</strong></span> <span class='ocrx_word' id='word_1_127' title='bbox 960 1689 1024 1742; x_wconf 80' lang='lat' dir='ltr'><strong>de</strong></span> <span class='ocrx_word' id='word_1_128' title='bbox 1044 1704 1155 1740; x_wconf 87' lang='lat' dir='ltr'><strong>mea</strong></span> <span class='ocrx_word' id='word_1_129' title='bbox 1174 1689 1409 1752; x_wconf 81' lang='lat' dir='ltr'><strong>sanitate,</strong></span> <span class='ocrx_word' id='word_1_130' title='bbox 1430 1688 1525 1740; x_wconf 88' lang='lat' dir='ltr'><strong>nisi</strong></span> <span class='ocrx_word' id='word_1_131' title='bbox 1543 1703 1654 1738; x_wconf 86' lang='lat' dir='ltr'><strong>cum</strong></span> <span class='ocrx_word' id='word_1_132' title='bbox 1671 1686 1812 1738; x_wconf 84' lang='lat' dir='ltr'><strong>illam</strong></span> 
     </span>
    </p>
   </div>
   <div class='ocr_carea' id='block_1_17' title="bbox 229 1776 1812 1860">
    <p class='ocr_par' dir='ltr' id='par_1_17' title="bbox 229 1776 1812 1860">
     <span class='ocr_line' id='line_1_17' title="bbox 229 1776 1812 1860; baseline -0.007 -20"><span class='ocrx_word' id='word_1_133' title='bbox 229 1785 648 1860; x_wconf 73' lang='lat' dir='ltr'><strong>pulchritudinem</strong></span> <span class='ocrx_word' id='word_1_134' title='bbox 668 1782 837 1834; x_wconf 79' lang='lat' dir='ltr'><strong>videro</strong></span> <span class='ocrx_word' id='word_1_135' title='bbox 855 1820 870 1845; x_wconf 97' lang='lat'><strong>,</strong></span> <span class='ocrx_word' id='word_1_136' title='bbox 903 1778 1236 1849; x_wconf 78' lang='lat' dir='ltr'><strong>pronuntiabo</strong></span> <span class='ocrx_word' id='word_1_137' title='bbox 1282 1776 1440 1846; x_wconf 85' lang='lat' dir='ltr'><strong>(Ibid.</strong></span> <span class='ocrx_word' id='word_1_138' title='bbox 1460 1819 1472 1840; x_wconf 92' lang='lat'><strong>,</strong></span> <span class='ocrx_word' id='word_1_139' title='bbox 1490 1794 1542 1828; x_wconf 82' lang='grc' dir='ltr'><strong>η.</strong></span> <span class='ocrx_word' id='word_1_140' title='bbox 1564 1776 1679 1845; x_wconf 83' lang='grc'><strong>26).</strong></span> <span class='ocrx_word' id='word_1_141' title='bbox 1704 1776 1812 1845; x_wconf 84' lang='lat' dir='ltr'><strong>Ego</strong></span> 
     </span>
    </p>
   </div>
   <div class='ocr_carea' id='block_1_18' title="bbox 227 1866 1814 1945">
    <p class='ocr_par' dir='ltr' id='par_1_18' title="bbox 227 1866 1814 1945">
     <span class='ocr_line' id='line_1_18' title="bbox 227 1866 1814 1945; baseline -0.007 -14"><span class='ocrx_word' id='word_1_142' title='bbox 227 1878 374 1934; x_wconf 82' lang='lat' dir='ltr'><strong>solam</strong></span> <span class='ocrx_word' id='word_1_143' title='bbox 395 1885 608 1945; x_wconf 86' lang='lat' dir='ltr'><strong>propter</strong></span> <span class='ocrx_word' id='word_1_144' title='bbox 633 1889 686 1926; x_wconf 88' lang='lat' dir='ltr'><strong>se</strong></span> <span class='ocrx_word' id='word_1_145' title='bbox 704 1886 819 1924; x_wconf 89' lang='lat' dir='ltr'><strong>amo</strong></span> <span class='ocrx_word' id='word_1_146' title='bbox 835 1869 1134 1939; x_wconf 84' lang='lat' dir='ltr'><strong>sapientiam</strong></span> <span class='ocrx_word' id='word_1_147' title='bbox 1153 1909 1169 1933; x_wconf 96' lang='lat'><strong>,</strong></span> <span class='ocrx_word' id='word_1_148' title='bbox 1191 1868 1387 1936; x_wconf 79' lang='lat' dir='ltr'><strong>inquit;</strong></span> <span class='ocrx_word' id='word_1_149' title='bbox 1413 1876 1589 1920; x_wconf 64' lang='lat' dir='ltr'><strong>caetera</strong></span> <span class='ocrx_word' id='word_1_150' title='bbox 1606 1882 1719 1919; x_wconf 85' lang='lat' dir='ltr'><strong>vero</strong></span> <span class='ocrx_word' id='word_1_151' title='bbox 1739 1866 1814 1920; x_wconf 81' lang='lat' dir='ltr'><strong>vel</strong></span> 
     </span>
    </p>
   </div>
   <div class='ocr_carea' id='block_1_19' title="bbox 227 1959 1814 2029">
    <p class='ocr_par' dir='ltr' id='par_1_19' title="bbox 227 1959 1814 2029">
     <span class='ocr_line' id='line_1_19' title="bbox 227 1959 1814 2029; baseline -0.009 -5"><span class='ocrx_word' id='word_1_152' title='bbox 227 1970 397 2024; x_wconf 79' lang='lat' dir='ltr'><strong>adesse</strong></span> <span class='ocrx_word' id='word_1_153' title='bbox 419 1967 541 2019; x_wconf 85' lang='lat' dir='ltr'><strong>mihi</strong></span> <span class='ocrx_word' id='word_1_154' title='bbox 562 1965 695 2029; x_wconf 73' lang='lat' dir='ltr'><strong>volo,</strong></span> <span class='ocrx_word' id='word_1_155' title='bbox 732 1963 811 2017; x_wconf 83' lang='lat' dir='ltr'><strong>uel</strong></span> <span class='ocrx_word' id='word_1_156' title='bbox 844 1962 1011 2016; x_wconf 78' lang='lat' dir='ltr'><strong>deesse</strong></span> <span class='ocrx_word' id='word_1_157' title='bbox 1046 1960 1192 2013; x_wconf 82' lang='lat' dir='ltr'><strong>timeo</strong></span> <span class='ocrx_word' id='word_1_158' title='bbox 1219 1969 1421 2029; x_wconf 83' lang='lat' dir='ltr'><strong>prepter</strong></span> <span class='ocrx_word' id='word_1_159' title='bbox 1444 1959 1814 2029; x_wconf 80' lang='lat' dir='ltr'><strong>ipsam,vitam,</strong></span> 
     </span>
    </p>
   </div>
   <div class='ocr_carea' id='block_1_20' title="bbox 227 2049 1813 2132">
    <p class='ocr_par' dir='ltr' id='par_1_20' title="bbox 227 2049 1813 2132">
     <span class='ocr_line' id='line_1_20' title="bbox 227 2049 1813 2132; baseline -0.008 -17"><span class='ocrx_word' id='word_1_160' title='bbox 227 2063 461 2132; x_wconf 75' lang='lat' dir='ltr'><strong>quietem,</strong></span> <span class='ocrx_word' id='word_1_161' title='bbox 485 2058 684 2110; x_wconf 87' lang='lat' dir='ltr'><strong>amicos.</strong></span> <span class='ocrx_word' id='word_1_162' title='bbox 703 2054 863 2120; x_wconf 82' lang='lat' dir='ltr'><strong>Quem</strong></span> <span class='ocrx_word' id='word_1_163' title='bbox 885 2053 1086 2106; x_wconf 85' lang='lat' dir='ltr'><strong>modum</strong></span> <span class='ocrx_word' id='word_1_164' title='bbox 1107 2060 1273 2104; x_wconf 89' lang='lat' dir='ltr'><strong>autem</strong></span> <span class='ocrx_word' id='word_1_165' title='bbox 1287 2061 1444 2120; x_wconf 82' lang='lat' dir='ltr'><strong>potest</strong></span> <span class='ocrx_word' id='word_1_166' title='bbox 1472 2051 1650 2104; x_wconf 82' lang='lat' dir='ltr'><strong>habere</strong></span> <span class='ocrx_word' id='word_1_167' title='bbox 1677 2049 1813 2102; x_wconf 87' lang='lat' dir='ltr'><strong>illius</strong></span> 
     </span>
    </p>
   </div>
   <div class='ocr_carea' id='block_1_21' title="bbox 225 2139 1812 2223">
    <p class='ocr_par' dir='ltr' id='par_1_21' title="bbox 225 2139 1812 2223">
     <span class='ocr_line' id='line_1_21' title="bbox 225 2139 1812 2223; baseline -0.008 -19"><span class='ocrx_word' id='word_1_168' title='bbox 225 2147 614 2223; x_wconf 69' lang='lat' dir='ltr'><strong>pulchritudinis</strong></span> <span class='ocrx_word' id='word_1_169' title='bbox 634 2161 800 2206; x_wconf 71' lang='lat' dir='ltr'><strong>arnor,</strong></span> <span class='ocrx_word' id='word_1_170' title='bbox 828 2144 880 2196; x_wconf 78' lang='lat' dir='ltr'><strong>in</strong></span> <span class='ocrx_word' id='word_1_171' title='bbox 908 2159 1006 2212; x_wconf 85' lang='lat' dir='ltr'><strong>qua</strong></span> <span class='ocrx_word' id='word_1_172' title='bbox 1040 2158 1141 2195; x_wconf 85' lang='lat' dir='ltr'><strong>non</strong></span> <span class='ocrx_word' id='word_1_173' title='bbox 1167 2142 1328 2195; x_wconf 82' lang='lat' dir='ltr'><strong>solum</strong></span> <span class='ocrx_word' id='word_1_174' title='bbox 1358 2157 1455 2194; x_wconf 85' lang='lat' dir='ltr'><strong>non</strong></span> <span class='ocrx_word' id='word_1_175' title='bbox 1489 2139 1684 2193; x_wconf 82' lang='lat' dir='ltr'><strong>invideo</strong></span> <span class='ocrx_word' id='word_1_176' title='bbox 1713 2155 1812 2192; x_wconf 71' lang='lat' dir='ltr'><strong>ca:-</strong></span> 
     </span>
    </p>
   </div>
   <div class='ocr_carea' id='block_1_22' title="bbox 225 2231 1810 2304">
    <p class='ocr_par' dir='ltr' id='par_1_22' title="bbox 225 2231 1810 2304">
     <span class='ocr_line' id='line_1_22' title="bbox 225 2231 1810 2304; baseline -0.007 -12"><span class='ocrx_word' id='word_1_177' title='bbox 225 2241 361 2304; x_wconf 81' lang='lat' dir='ltr'><strong>teris,</strong></span> <span class='ocrx_word' id='word_1_178' title='bbox 394 2238 488 2292; x_wconf 83' lang='lat' dir='ltr'><strong>sed</strong></span> <span class='ocrx_word' id='word_1_179' title='bbox 512 2238 668 2290; x_wconf 89' lang='lat' dir='ltr'><strong>etiam</strong></span> <span class='ocrx_word' id='word_1_180' title='bbox 696 2235 941 2303; x_wconf 85' lang='lat' dir='ltr'><strong>plurimos</strong></span> <span class='ocrx_word' id='word_1_181' title='bbox 968 2247 1138 2301; x_wconf 66' lang='lat' dir='ltr'><strong>quarm</strong></span> <span class='ocrx_word' id='word_1_182' title='bbox 1158 2272 1173 2297; x_wconf 92' lang='lat'><strong>,</strong></span> <span class='ocrx_word' id='word_1_183' title='bbox 1202 2231 1287 2300; x_wconf 84' lang='lat' dir='ltr'><strong>qui</strong></span> <span class='ocrx_word' id='word_1_184' title='bbox 1314 2246 1507 2284; x_wconf 88' lang='lat' dir='ltr'><strong>mecum</strong></span> <span class='ocrx_word' id='word_1_185' title='bbox 1539 2238 1810 2299; x_wconf 87' lang='lat' dir='ltr'><strong>appetant,</strong></span> 
     </span>
    </p>
   </div>
   <div class='ocr_carea' id='block_1_23' title="bbox 223 2324 1812 2392">
    <p class='ocr_par' dir='ltr' id='par_1_23' title="bbox 223 2324 1812 2392">
     <span class='ocr_line' id='line_1_23' title="bbox 223 2324 1812 2392; baseline -0.009 -6"><span class='ocrx_word' id='word_1_186' title='bbox 223 2348 408 2388; x_wconf 67' lang='lat' dir='ltr'><strong>mecum</strong></span> <span class='ocrx_word' id='word_1_187' title='bbox 435 2329 658 2392; x_wconf 80' lang='lat' dir='ltr'><strong>inhient,</strong></span> <span class='ocrx_word' id='word_1_188' title='bbox 679 2342 875 2380; x_wconf 89' lang='lat' dir='ltr'><strong>mecum</strong></span> <span class='ocrx_word' id='word_1_189' title='bbox 897 2331 1113 2389; x_wconf 86' lang='lat' dir='ltr'><strong>teneant,</strong></span> <span class='ocrx_word' id='word_1_190' title='bbox 1144 2338 1432 2390; x_wconf 81' lang='lat' dir='ltr'><strong>mecumque</strong></span> <span class='ocrx_word' id='word_1_191' title='bbox 1463 2324 1812 2391; x_wconf 76' lang='lat' dir='ltr'><strong>perfruantur;</strong></span> 
     </span>
    </p>
   </div>
   <div class='ocr_carea' id='block_1_24' title="bbox 222 2412 1813 2483">
    <p class='ocr_par' dir='ltr' id='par_1_24' title="bbox 222 2412 1813 2483">
     <span class='ocr_line' id='line_1_24' title="bbox 222 2412 1813 2483; baseline -0.009 -6"><span class='ocrx_word' id='word_1_192' title='bbox 222 2431 348 2477; x_wconf 75' lang='lat' dir='ltr'><strong>tanta</strong></span> <span class='ocrx_word' id='word_1_193' title='bbox 375 2420 506 2473; x_wconf 82' lang='lat' dir='ltr'><strong>mihi</strong></span> <span class='ocrx_word' id='word_1_194' title='bbox 526 2418 797 2470; x_wconf 81' lang='lat' dir='ltr'><strong>amiciores</strong></span> <span class='ocrx_word' id='word_1_195' title='bbox 809 2414 984 2483; x_wconf 74' lang='lat' dir='ltr'><strong>futuri,</strong></span> <span class='ocrx_word' id='word_1_196' title='bbox 1003 2421 1190 2482; x_wconf 86' lang='lat' dir='ltr'><strong>quanto</strong></span> <span class='ocrx_word' id='word_1_197' title='bbox 1215 2412 1306 2466; x_wconf 87' lang='lat' dir='ltr'><strong>erit</strong></span> <span class='ocrx_word' id='word_1_198' title='bbox 1328 2412 1468 2464; x_wconf 88' lang='lat' dir='ltr'><strong>nobis</strong></span> <span class='ocrx_word' id='word_1_199' title='bbox 1488 2420 1657 2463; x_wconf 89' lang='lat' dir='ltr'><strong>amata</strong></span> <span class='ocrx_word' id='word_1_200' title='bbox 1673 2427 1813 2464; x_wconf 83' lang='lat' dir='ltr'><strong>con:-</strong></span> 
     </span>
    </p>
   </div>
   <div class='ocr_carea' id='block_1_25' title="bbox 221 2503 1816 2580">
    <p class='ocr_par' dir='ltr' id='par_1_25' title="bbox 221 2503 1816 2580">
     <span class='ocr_line' id='line_1_25' title="bbox 221 2503 1816 2580; baseline -0.006 -12"><span class='ocrx_word' id='word_1_201' title='bbox 221 2509 659 2580; x_wconf 73' lang='lat' dir='ltr'><strong>munior?(1bid.,</strong></span> <span class='ocrx_word' id='word_1_202' title='bbox 680 2525 734 2562; x_wconf 83' lang='grc' dir='ltr'><strong>η.</strong></span> <span class='ocrx_word' id='word_1_203' title='bbox 762 2506 881 2576; x_wconf 86' lang='grc'><strong>22.)</strong></span> <span class='ocrx_word' id='word_1_204' title='bbox 902 2505 1231 2574; x_wconf 86' lang='lat' dir='ltr'><strong>Quapropter</strong></span> <span class='ocrx_word' id='word_1_205' title='bbox 1259 2504 1309 2557; x_wconf 94' lang='lat' dir='ltr'><strong>in</strong></span> <span class='ocrx_word' id='word_1_206' title='bbox 1340 2503 1680 2558; x_wconf 79' lang='lat' dir='ltr'><strong>familiaribus</strong></span> <span class='ocrx_word' id='word_1_207' title='bbox 1705 2504 1816 2559; x_wconf 90' lang='lat' dir='ltr'><strong>suis</strong></span> 
     </span>
    </p>
   </div>
   <div class='ocr_carea' id='block_1_26' title="bbox 221 2595 1814 2672">
    <p class='ocr_par' dir='ltr' id='par_1_26' title="bbox 221 2595 1814 2672">
     <span class='ocr_line' id='line_1_26' title="bbox 221 2595 1814 2672; baseline -0.008 -12"><span class='ocrx_word' id='word_1_208' title='bbox 221 2603 490 2672; x_wconf 71' lang='lat' dir='ltr'><strong>colloquiis</strong></span> <span class='ocrx_word' id='word_1_209' title='bbox 514 2599 926 2655; x_wconf 83' lang='lat' dir='ltr'><strong>contubernales</strong></span> <span class='ocrx_word' id='word_1_210' title='bbox 949 2611 1076 2652; x_wconf 91' lang='lat' dir='ltr'><strong>suos</strong></span> <span class='ocrx_word' id='word_1_211' title='bbox 1109 2595 1174 2650; x_wconf 93' lang='lat' dir='ltr'><strong>ad</strong></span> <span class='ocrx_word' id='word_1_212' title='bbox 1202 2595 1520 2650; x_wconf 82' lang='lat' dir='ltr'><strong>indefessum</strong></span> <span class='ocrx_word' id='word_1_213' title='bbox 1543 2595 1814 2664; x_wconf 76' lang='lat' dir='ltr'><strong>sapientia:</strong></span> 
     </span>
    </p>
   </div>
   <div class='ocr_carea' id='block_1_27' title="bbox 222 2686 1183 2758">
    <p class='ocr_par' dir='ltr' id='par_1_27' title="bbox 222 2686 1183 2758">
     <span class='ocr_line' id='line_1_27' title="bbox 222 2686 1183 2758; baseline -0.011 -8"><span class='ocrx_word' id='word_1_214' title='bbox 222 2708 451 2750; x_wconf 76' lang='lat' dir='ltr'><strong>amorem</strong></span> <span class='ocrx_word' id='word_1_215' title='bbox 484 2690 830 2758; x_wconf 87' lang='lat' dir='ltr'><strong>studiumque</strong></span> <span class='ocrx_word' id='word_1_216' title='bbox 855 2686 1183 2742; x_wconf 84' lang='lat' dir='ltr'><strong>cohortatur.</strong></span> 
     </span>
    </p>
   </div>
   <div class='ocr_carea' id='block_1_28' title="bbox 284 2777 1812 2855">
    <p class='ocr_par' dir='ltr' id='par_1_28' title="bbox 284 2777 1812 2855">
     <span class='ocr_line' id='line_1_28' title="bbox 284 2777 1812 2855; baseline -0.007 -13"><span class='ocrx_word' id='word_1_217' title='bbox 284 2782 644 2855; x_wconf 84' lang='lat' dir='ltr'><strong>6.Augustini</strong></span> <span class='ocrx_word' id='word_1_218' title='bbox 664 2794 911 2836; x_wconf 87' lang='lat' dir='ltr'><strong>secessus</strong></span> <span class='ocrx_word' id='word_1_219' title='bbox 937 2779 1051 2833; x_wconf 75' lang='lat' dir='ltr'><strong>lucc</strong></span> <span class='ocrx_word' id='word_1_220' title='bbox 1079 2778 1256 2832; x_wconf 86' lang='lat' dir='ltr'><strong>adhuc</strong></span> <span class='ocrx_word' id='word_1_221' title='bbox 1277 2777 1562 2848; x_wconf 89' lang='lat' dir='ltr'><strong>Soliloquia</strong></span> <span class='ocrx_word' id='word_1_222' title='bbox 1591 2778 1812 2847; x_wconf 86' lang='lat' dir='ltr'><strong>peperit,</strong></span> 
     </span>
    </p>
   </div>
   <div class='ocr_carea' id='block_1_29' title="bbox 225 2870 1815 2946">
    <p class='ocr_par' dir='ltr' id='par_1_29' title="bbox 225 2870 1815 2946">
     <span class='ocr_line' id='line_1_29' title="bbox 225 2870 1815 2946; baseline -0.006 -12"><span class='ocrx_word' id='word_1_223' title='bbox 225 2878 403 2935; x_wconf 89' lang='lat' dir='ltr'><strong>eodem</strong></span> <span class='ocrx_word' id='word_1_224' title='bbox 428 2893 568 2946; x_wconf 87' lang='lat' dir='ltr'><strong>pene</strong></span> <span class='ocrx_word' id='word_1_225' title='bbox 597 2884 858 2943; x_wconf 86' lang='lat' dir='ltr'><strong>tempore,</strong></span> <span class='ocrx_word' id='word_1_226' title='bbox 887 2887 993 2942; x_wconf 88' lang='lat' dir='ltr'><strong>quo</strong></span> <span class='ocrx_word' id='word_1_227' title='bbox 1014 2871 1316 2940; x_wconf 82' lang='lat' dir='ltr'><strong>superiores</strong></span> <span class='ocrx_word' id='word_1_228' title='bbox 1347 2870 1511 2924; x_wconf 90' lang='lat' dir='ltr'><strong>libros</strong></span> <span class='ocrx_word' id='word_1_229' title='bbox 1537 2890 1547 2922; x_wconf 94' lang='lat'>:</span> <span class='ocrx_word' id='word_1_230' title='bbox 1575 2871 1655 2924; x_wconf 89' lang='lat' dir='ltr'><strong>bis</strong></span> <span class='ocrx_word' id='word_1_231' title='bbox 1675 2871 1815 2924; x_wconf 89' lang='lat' dir='ltr'><strong>enim</strong></span> 
     </span>
    </p>
   </div>
   <div class='ocr_carea' id='block_1_30' title="bbox 227 2960 1818 3037">
    <p class='ocr_par' dir='ltr' id='par_1_30' title="bbox 227 2960 1818 3037">
     <span class='ocr_line' id='line_1_30' title="bbox 227 2960 1818 3037; baseline -0.005 -13"><span class='ocrx_word' id='word_1_232' title='bbox 227 2971 315 3025; x_wconf 85' lang='lat' dir='ltr'><strong>illa</strong></span> <span class='ocrx_word' id='word_1_233' title='bbox 341 2966 634 3037; x_wconf 69' lang='lat' dir='ltr'><strong>subiungit,</strong></span> <span class='ocrx_word' id='word_1_234' title='bbox 662 2979 833 3033; x_wconf 90' lang='lat' dir='ltr'><strong>eaque</strong></span> <span class='ocrx_word' id='word_1_235' title='bbox 858 2978 916 3018; x_wconf 90' lang='lat' dir='ltr'><strong>se</strong></span> <span class='ocrx_word' id='word_1_236' title='bbox 945 2961 1226 3031; x_wconf 87' lang='lat' dir='ltr'><strong>scripsisse</strong></span> <span class='ocrx_word' id='word_1_237' title='bbox 1255 2961 1455 3016; x_wconf 89' lang='lat' dir='ltr'><strong>indicat</strong></span> <span class='ocrx_word' id='word_1_238' title='bbox 1501 2960 1659 3030; x_wconf 82' lang='lat' dir='ltr'><strong>paulo</strong></span> <span class='ocrx_word' id='word_1_239' title='bbox 1702 2972 1818 3030; x_wconf 90' lang='lat' dir='ltr'><strong>post</strong></span> 
     </span>
    </p>
   </div>
   <div class='ocr_carea' id='block_1_31' title="bbox 231 3050 1816 3129">
    <p class='ocr_par' dir='ltr' id='par_1_31' title="bbox 231 3050 1816 3129">
     <span class='ocr_line' id='line_1_31' title="bbox 231 3050 1816 3129; baseline -0.004 -18"><span class='ocrx_word' id='word_1_240' title='bbox 231 3058 485 3127; x_wconf 65' lang='lat' dir='ltr'><strong>abiectam</strong></span> <span class='ocrx_word' id='word_1_241' title='bbox 524 3055 796 3109; x_wconf 89' lang='lat' dir='ltr'><strong>honorum</strong></span> <span class='ocrx_word' id='word_1_242' title='bbox 830 3067 899 3129; x_wconf 72' lang='lat' dir='ltr'><strong>ac</strong></span> <span class='ocrx_word' id='word_1_243' title='bbox 949 3050 1260 3120; x_wconf 77' lang='lat' dir='ltr'><strong>dignitatum</strong></span> <span class='ocrx_word' id='word_1_244' title='bbox 1299 3050 1641 3118; x_wconf 85' lang='lat' dir='ltr'><strong>cupiditatem</strong></span> <span class='ocrx_word' id='word_1_245' title='bbox 1677 3051 1816 3118; x_wconf 85' lang='lat' dir='ltr'><strong>(Re-</strong></span> 
     </span>
    </p>
   </div>
   <div class='ocr_carea' id='block_1_32' title="bbox 224 3140 1818 3213">
    <p class='ocr_par' dir='ltr' id='par_1_32' title="bbox 224 3140 1818 3213">
     <span class='ocr_line' id='line_1_32' title="bbox 224 3140 1818 3213; baseline -0.004 -11"><span class='ocrx_word' id='word_1_246' title='bbox 224 3157 369 3202; x_wconf 82' lang='lat' dir='ltr'><strong>tract.</strong></span> <span class='ocrx_word' id='word_1_247' title='bbox 396 3147 489 3199; x_wconf 83' lang='lat' dir='ltr'><strong>lib.</strong></span> <span class='ocrx_word' id='word_1_248' title='bbox 530 3145 592 3209; x_wconf 91' lang='lat'><strong>2,</strong></span> <span class='ocrx_word' id='word_1_249' title='bbox 625 3160 744 3213; x_wconf 85' lang='lat' dir='ltr'><strong>cap.</strong></span> <span class='ocrx_word' id='word_1_250' title='bbox 772 3141 851 3213; x_wconf 76' lang='grc'><strong>4).</strong></span> <span class='ocrx_word' id='word_1_251' title='bbox 883 3141 1077 3197; x_wconf 79' lang='lat' dir='ltr'><strong>Verum</strong></span> <span class='ocrx_word' id='word_1_252' title='bbox 1100 3142 1152 3194; x_wconf 90' lang='lat' dir='ltr'><strong>in</strong></span> <span class='ocrx_word' id='word_1_253' title='bbox 1199 3140 1316 3195; x_wconf 90' lang='lat' dir='ltr'><strong>aliis</strong></span> <span class='ocrx_word' id='word_1_254' title='bbox 1361 3141 1509 3194; x_wconf 83' lang='lat' dir='ltr'><strong>libris</strong></span> <span class='ocrx_word' id='word_1_255' title='bbox 1546 3155 1818 3196; x_wconf 87' lang='lat' dir='ltr'><strong>sermones</strong></span> 
     </span>
    </p>
   </div>
   <div class='ocr_carea' id='block_1_33' title="bbox 221 3232 1821 3301">
    <p class='ocr_par' dir='ltr' id='par_1_33' title="bbox 221 3232 1821 3301">
     <span class='ocr_line' id='line_1_33' title="bbox 221 3232 1821 3301; baseline -0.005 -6"><span class='ocrx_word' id='word_1_256' title='bbox 221 3254 338 3295; x_wconf 85' lang='lat' dir='ltr'><strong>cum</strong></span> <span class='ocrx_word' id='word_1_257' title='bbox 365 3238 563 3293; x_wconf 84' lang='lat' dir='ltr'><strong>amicis</strong></span> <span class='ocrx_word' id='word_1_258' title='bbox 593 3236 708 3290; x_wconf 84' lang='lat' dir='ltr'><strong>suis</strong></span> <span class='ocrx_word' id='word_1_259' title='bbox 741 3233 1071 3296; x_wconf 85' lang='lat' dir='ltr'><strong>conferebat,</strong></span> <span class='ocrx_word' id='word_1_260' title='bbox 1101 3233 1154 3286; x_wconf 93' lang='lat' dir='ltr'><strong>in</strong></span> <span class='ocrx_word' id='word_1_261' title='bbox 1191 3232 1275 3286; x_wconf 92' lang='lat' dir='ltr'><strong>his</strong></span> <span class='ocrx_word' id='word_1_262' title='bbox 1303 3241 1477 3286; x_wconf 88' lang='lat' dir='ltr'><strong>autem</strong></span> <span class='ocrx_word' id='word_1_263' title='bbox 1505 3246 1686 3286; x_wconf 87' lang='lat' dir='ltr'><strong>secum</strong></span> <span class='ocrx_word' id='word_1_264' title='bbox 1709 3233 1821 3301; x_wconf 86' lang='lat' dir='ltr'><strong>ipse</strong></span> 
     </span>
    </p>
   </div>
   <div class='ocr_carea' id='block_1_34' title="bbox 223 3323 1819 3401">
    <p class='ocr_par' dir='ltr' id='par_1_34' title="bbox 223 3323 1819 3401">
     <span class='ocr_line' id='line_1_34' title="bbox 223 3323 1819 3401; baseline -0.004 -17"><span class='ocrx_word' id='word_1_265' title='bbox 223 3329 476 3401; x_wconf 77' lang='lat' dir='ltr'><strong>loquitur.</strong></span> <span class='ocrx_word' id='word_1_266' title='bbox 514 3327 654 3381; x_wconf 88' lang='lat' dir='ltr'><strong>llinc</strong></span> <span class='ocrx_word' id='word_1_267' title='bbox 673 3325 968 3394; x_wconf 89' lang='lat' dir='ltr'><strong>Soliloquia</strong></span> <span class='ocrx_word' id='word_1_268' title='bbox 995 3323 1214 3377; x_wconf 87' lang='lat' dir='ltr'><strong>inscribi</strong></span> <span class='ocrx_word' id='word_1_269' title='bbox 1235 3324 1418 3386; x_wconf 89' lang='lat' dir='ltr'><strong>voluit,</strong></span> <span class='ocrx_word' id='word_1_270' title='bbox 1447 3338 1586 3377; x_wconf 90' lang='lat' dir='ltr'><strong>novo</strong></span> <span class='ocrx_word' id='word_1_271' title='bbox 1608 3323 1819 3394; x_wconf 87' lang='lat' dir='ltr'><strong>quidem</strong></span> 
     </span>
    </p>
   </div>
   <div class='ocr_carea' id='block_1_35' title="bbox 224 3412 1820 3484">
    <p class='ocr_par' dir='ltr' id='par_1_35' title="bbox 224 3412 1820 3484">
     <span class='ocr_line' id='line_1_35' title="bbox 224 3412 1820 3484; baseline -0.004 -10"><span class='ocrx_word' id='word_1_272' title='bbox 224 3429 276 3474; x_wconf 77' lang='lat' dir='ltr'><strong>et</strong></span> <span class='ocrx_word' id='word_1_273' title='bbox 300 3417 625 3474; x_wconf 82' lang='lat' dir='ltr'><strong>duriusculo</strong></span> <span class='ocrx_word' id='word_1_274' title='bbox 645 3415 876 3478; x_wconf 90' lang='lat' dir='ltr'><strong>nomine,</strong></span> <span class='ocrx_word' id='word_1_275' title='bbox 906 3412 1001 3467; x_wconf 86' lang='lat' dir='ltr'><strong>sed</strong></span> <span class='ocrx_word' id='word_1_276' title='bbox 1038 3412 1105 3466; x_wconf 91' lang='lat' dir='ltr'><strong>ad</strong></span> <span class='ocrx_word' id='word_1_277' title='bbox 1142 3427 1257 3466; x_wconf 89' lang='lat' dir='ltr'><strong>rem</strong></span> <span class='ocrx_word' id='word_1_278' title='bbox 1303 3412 1681 3482; x_wconf 88' lang='lat' dir='ltr'><strong>designandam</strong></span> <span class='ocrx_word' id='word_1_279' title='bbox 1724 3429 1820 3484; x_wconf 89' lang='lat' dir='ltr'><strong>ap-</strong></span> 
     </span>
    </p>
   </div>
   <div class='ocr_carea' id='block_1_36' title="bbox 223 3503 1821 3581">
    <p class='ocr_par' dir='ltr' id='par_1_36' title="bbox 223 3503 1821 3581">
     <span class='ocr_line' id='line_1_36' title="bbox 223 3503 1821 3581; baseline -0.004 -17"><span class='ocrx_word' id='word_1_280' title='bbox 223 3511 412 3581; x_wconf 86' lang='lat' dir='ltr'><strong>posito.</strong></span> <span class='ocrx_word' id='word_1_281' title='bbox 449 3508 586 3562; x_wconf 86' lang='lat' dir='ltr'><strong>Cum</strong></span> <span class='ocrx_word' id='word_1_282' title='bbox 613 3506 766 3572; x_wconf 84' lang='lat' dir='ltr'><strong>enim,</strong></span> <span class='ocrx_word' id='word_1_283' title='bbox 793 3505 987 3574; x_wconf 91' lang='lat' dir='ltr'><strong>inquit,</strong></span> <span class='ocrx_word' id='word_1_284' title='bbox 1027 3519 1182 3574; x_wconf 85' lang='lat' dir='ltr'><strong>neque</strong></span> <span class='ocrx_word' id='word_1_285' title='bbox 1225 3503 1404 3556; x_wconf 88' lang='lat' dir='ltr'><strong>melius</strong></span> <span class='ocrx_word' id='word_1_286' title='bbox 1443 3504 1603 3573; x_wconf 81' lang='lat' dir='ltr'><strong>quwri</strong></span> <span class='ocrx_word' id='word_1_287' title='bbox 1641 3505 1821 3558; x_wconf 82' lang='lat' dir='ltr'><strong>ueritas</strong></span> 
     </span>
    </p>
   </div>
   <div class='ocr_carea' id='block_1_37' title="bbox 225 3593 1822 3670">
    <p class='ocr_par' dir='ltr' id='par_1_37' title="bbox 225 3593 1822 3670">
     <span class='ocr_line' id='line_1_37' title="bbox 225 3593 1822 3670; baseline -0.003 -17"><span class='ocrx_word' id='word_1_288' title='bbox 225 3601 401 3670; x_wconf 77' lang='lat' dir='ltr'><strong>possit,</strong></span> <span class='ocrx_word' id='word_1_289' title='bbox 429 3615 593 3668; x_wconf 82' lang='lat' dir='ltr'><strong>quam</strong></span> <span class='ocrx_word' id='word_1_290' title='bbox 623 3596 976 3666; x_wconf 83' lang='lat' dir='ltr'><strong>interrogando</strong></span> <span class='ocrx_word' id='word_1_291' title='bbox 1005 3604 1049 3648; x_wconf 88' lang='lat' dir='ltr'><strong>et</strong></span> <span class='ocrx_word' id='word_1_292' title='bbox 1091 3593 1459 3663; x_wconf 84' lang='lat' dir='ltr'><strong>respondendo,</strong></span> <span class='ocrx_word' id='word_1_293' title='bbox 1489 3603 1534 3647; x_wconf 91' lang='lat' dir='ltr'><strong>et</strong></span> <span class='ocrx_word' id='word_1_294' title='bbox 1573 3595 1657 3648; x_wconf 79' lang='lat' dir='ltr'><strong>via:</strong></span> <span class='ocrx_word' id='word_1_295' title='bbox 1687 3596 1822 3664; x_wconf 82' lang='lat' dir='ltr'><strong>quis-</strong></span> 
     </span>
    </p>
   </div>
   <div class='ocr_carea' id='block_1_38' title="bbox 223 3683 1819 3762">
    <p class='ocr_par' dir='ltr' id='par_1_38' title="bbox 223 3683 1819 3762">
     <span class='ocr_line' id='line_1_38' title="bbox 223 3683 1819 3762; baseline -0.005 -18"><span class='ocrx_word' id='word_1_296' title='bbox 223 3707 370 3762; x_wconf 76' lang='lat' dir='ltr'><strong>quam</strong></span> <span class='ocrx_word' id='word_1_297' title='bbox 388 3690 704 3751; x_wconf 78' lang='lat' dir='ltr'><strong>inveniatur,</strong></span> <span class='ocrx_word' id='word_1_298' title='bbox 727 3702 870 3756; x_wconf 83' lang='lat' dir='ltr'><strong>quem</strong></span> <span class='ocrx_word' id='word_1_299' title='bbox 887 3701 985 3738; x_wconf 86' lang='lat' dir='ltr'><strong>non</strong></span> <span class='ocrx_word' id='word_1_300' title='bbox 1001 3685 1184 3754; x_wconf 86' lang='lat' dir='ltr'><strong>pudeat</strong></span> <span class='ocrx_word' id='word_1_301' title='bbox 1213 3683 1440 3736; x_wconf 86' lang='lat' dir='ltr'><strong>convinci</strong></span> <span class='ocrx_word' id='word_1_302' title='bbox 1461 3683 1819 3753; x_wconf 84' lang='lat' dir='ltr'><strong>disputantem,</strong></span> 
     </span>
    </p>
   </div>
   <div class='ocr_carea' id='block_1_39' title="bbox 225 3774 1823 3849">
    <p class='ocr_par' dir='ltr' id='par_1_39' title="bbox 225 3774 1823 3849">
     <span class='ocr_line' id='line_1_39' title="bbox 225 3774 1823 3849; baseline -0.004 -16"><span class='ocrx_word' id='word_1_303' title='bbox 225 3797 376 3848; x_wconf 82' lang='lat' dir='ltr'><strong>eoque</strong></span> <span class='ocrx_word' id='word_1_304' title='bbox 413 3795 554 3849; x_wconf 83' lang='lat' dir='ltr'><strong>pene</strong></span> <span class='ocrx_word' id='word_1_305' title='bbox 590 3793 786 3846; x_wconf 86' lang='lat' dir='ltr'><strong>semper</strong></span> <span class='ocrx_word' id='word_1_306' title='bbox 816 3775 1026 3840; x_wconf 83' lang='lat' dir='ltr'><strong>eveniat,</strong></span> <span class='ocrx_word' id='word_1_307' title='bbox 1057 3784 1111 3827; x_wconf 87' lang='lat' dir='ltr'><strong>ut</strong></span> <span class='ocrx_word' id='word_1_308' title='bbox 1144 3791 1250 3827; x_wconf 88' lang='lat' dir='ltr'><strong>rem</strong></span> <span class='ocrx_word' id='word_1_309' title='bbox 1283 3774 1409 3828; x_wconf 89' lang='lat' dir='ltr'><strong>bene</strong></span> <span class='ocrx_word' id='word_1_310' title='bbox 1455 3775 1713 3828; x_wconf 87' lang='lat' dir='ltr'><strong>inductam</strong></span> <span class='ocrx_word' id='word_1_311' title='bbox 1753 3775 1823 3827; x_wconf 86' lang='lat' dir='ltr'><strong>ad</strong></span> 
     </span>
    </p>
   </div>
   <div class='ocr_carea' id='block_1_40' title="bbox 228 3865 1819 3936">
    <p class='ocr_par' dir='ltr' id='par_1_40' title="bbox 228 3865 1819 3936">
     <span class='ocr_line' id='line_1_40' title="bbox 228 3865 1819 3936; baseline -0.005 -12"><span class='ocrx_word' id='word_1_312' title='bbox 228 3870 607 3926; x_wconf 82' lang='lat' dir='ltr'><strong>discutiendum</strong></span> <span class='ocrx_word' id='word_1_313' title='bbox 651 3867 938 3921; x_wconf 81' lang='lat' dir='ltr'><strong>inconditus</strong></span> <span class='ocrx_word' id='word_1_314' title='bbox 986 3866 1274 3936; x_wconf 70' lang='lat' dir='ltr'><strong>pervicacia:</strong></span> <span class='ocrx_word' id='word_1_315' title='bbox 1331 3865 1521 3918; x_wconf 87' lang='lat' dir='ltr'><strong>clamor</strong></span> <span class='ocrx_word' id='word_1_316' title='bbox 1563 3867 1819 3935; x_wconf 75' lang='lat' dir='ltr'><strong>explodet,</strong></span> 
     </span>
    </p>
   </div>
   <div class='ocr_carea' id='block_1_41' title="bbox 226 3956 1824 4026">
    <p class='ocr_par' dir='ltr' id='par_1_41' title="bbox 226 3956 1824 4026">
     <span class='ocr_line' id='line_1_41' title="bbox 226 3956 1824 4026; baseline -0.004 -10"><span class='ocrx_word' id='word_1_317' title='bbox 226 3963 374 4016; x_wconf 83' lang='lat' dir='ltr'><strong>etiam</strong></span> <span class='ocrx_word' id='word_1_318' title='bbox 403 3978 523 4014; x_wconf 88' lang='lat' dir='ltr'><strong>cum</strong></span> <span class='ocrx_word' id='word_1_319' title='bbox 553 3959 854 4012; x_wconf 84' lang='lat' dir='ltr'><strong>laceratione</strong></span> <span class='ocrx_word' id='word_1_320' title='bbox 891 3958 1194 4021; x_wconf 84' lang='lat' dir='ltr'><strong>animorum,</strong></span> <span class='ocrx_word' id='word_1_321' title='bbox 1226 3956 1518 4026; x_wconf 84' lang='lat' dir='ltr'><strong>plerumque</strong></span> <span class='ocrx_word' id='word_1_322' title='bbox 1545 3957 1824 4010; x_wconf 85' lang='lat' dir='ltr'><strong>dissimula-</strong></span> 
     </span>
    </p>
   </div>
   <div class='ocr_carea' id='block_1_42' title="bbox 224 4049 1822 4120">
    <p class='ocr_par' dir='ltr' id='par_1_42' title="bbox 224 4049 1822 4120">
     <span class='ocr_line' id='line_1_42' title="bbox 224 4049 1822 4120; baseline -0.006 -12"><span class='ocrx_word' id='word_1_323' title='bbox 224 4065 301 4120; x_wconf 86' lang='lat' dir='ltr'><strong>ta,</strong></span> <span class='ocrx_word' id='word_1_324' title='bbox 329 4053 589 4107; x_wconf 77' lang='lat' dir='ltr'><strong>interdum</strong></span> <span class='ocrx_word' id='word_1_325' title='bbox 621 4060 668 4103; x_wconf 90' lang='lat' dir='ltr'><strong>et</strong></span> <span class='ocrx_word' id='word_1_326' title='bbox 695 4058 866 4119; x_wconf 84' lang='lat' dir='ltr'><strong>aperta</strong></span> <span class='ocrx_word' id='word_1_327' title='bbox 887 4065 906 4112; x_wconf 90' lang='lat'><strong>;</strong></span> <span class='ocrx_word' id='word_1_328' title='bbox 929 4049 1259 4118; x_wconf 85' lang='lat' dir='ltr'><strong>pacatissime,</strong></span> <span class='ocrx_word' id='word_1_329' title='bbox 1290 4057 1344 4101; x_wconf 88' lang='lat' dir='ltr'><strong>ut</strong></span> <span class='ocrx_word' id='word_1_330' title='bbox 1381 4049 1584 4117; x_wconf 83' lang='lat' dir='ltr'><strong>opinor,</strong></span> <span class='ocrx_word' id='word_1_331' title='bbox 1616 4056 1661 4100; x_wconf 90' lang='lat' dir='ltr'><strong>et</strong></span> <span class='ocrx_word' id='word_1_332' title='bbox 1684 4064 1822 4101; x_wconf 86' lang='lat' dir='ltr'><strong>com-</strong></span> 
     </span>
    </p>
   </div>
   <div class='ocr_carea' id='block_1_43' title="bbox 225 4138 1822 4212">
    <p class='ocr_par' dir='ltr' id='par_1_43' title="bbox 225 4138 1822 4212">
     <span class='ocr_line' id='line_1_43' title="bbox 225 4138 1822 4212; baseline -0.004 -14"><span class='ocrx_word' id='word_1_333' title='bbox 225 4145 519 4198; x_wconf 68' lang='lat' dir='ltr'><strong>modissime</strong></span> <span class='ocrx_word' id='word_1_334' title='bbox 545 4141 760 4212; x_wconf 75' lang='lat' dir='ltr'><strong>placuit,</strong></span> <span class='ocrx_word' id='word_1_335' title='bbox 800 4156 832 4191; x_wconf 93' lang='lat' dir='ltr'><strong>a</strong></span> <span class='ocrx_word' id='word_1_336' title='bbox 857 4155 934 4192; x_wconf 90' lang='lat' dir='ltr'><strong>me</strong></span> <span class='ocrx_word' id='word_1_337' title='bbox 958 4139 1066 4207; x_wconf 86' lang='lat' dir='ltr'><strong>ipso</strong></span> <span class='ocrx_word' id='word_1_338' title='bbox 1092 4138 1472 4206; x_wconf 80' lang='lat' dir='ltr'><strong>interrogatum,</strong></span> <span class='ocrx_word' id='word_1_339' title='bbox 1499 4138 1716 4206; x_wconf 80' lang='lat' dir='ltr'><strong>mihique</strong></span> <span class='ocrx_word' id='word_1_340' title='bbox 1741 4155 1822 4191; x_wconf 85' lang='lat' dir='ltr'><strong>re-</strong></span> 
     </span>
    </p>
   </div>
   <div class='ocr_carea' id='block_1_44' title="bbox 224 4228 1821 4304">
    <p class='ocr_par' dir='ltr' id='par_1_44' title="bbox 224 4228 1821 4304">
     <span class='ocr_line' id='line_1_44' title="bbox 224 4228 1821 4304; baseline -0.003 -16"><span class='ocrx_word' id='word_1_341' title='bbox 224 4235 585 4304; x_wconf 75' lang='lat' dir='ltr'><strong>spondentem,</strong></span> <span class='ocrx_word' id='word_1_342' title='bbox 629 4230 740 4284; x_wconf 88' lang='lat' dir='ltr'><strong>Deo</strong></span> <span class='ocrx_word' id='word_1_343' title='bbox 775 4230 1072 4300; x_wconf 88' lang='lat' dir='ltr'><strong>adjuvante,</strong></span> <span class='ocrx_word' id='word_1_344' title='bbox 1118 4244 1284 4282; x_wconf 84' lang='lat' dir='ltr'><strong>rerum</strong></span> <span class='ocrx_word' id='word_1_345' title='bbox 1323 4245 1543 4296; x_wconf 76' lang='lat' dir='ltr'><strong>quwrere</strong></span> <span class='ocrx_word' id='word_1_346' title='bbox 1581 4228 1821 4300; x_wconf 81' lang='lat' dir='ltr'><strong>(Soliloq.</strong></span> 
     </span>
    </p>
   </div>
   <div class='ocr_carea' id='block_1_45' title="bbox 223 4319 1821 4392">
    <p class='ocr_par' dir='ltr' id='par_1_45' title="bbox 223 4319 1821 4392">
     <span class='ocr_line' id='line_1_45' title="bbox 223 4319 1821 4392; baseline -0.003 -13"><span class='ocrx_word' id='word_1_347' title='bbox 223 4325 313 4379; x_wconf 85' lang='lat' dir='ltr'><strong>lib.</strong></span> <span class='ocrx_word' id='word_1_348' title='bbox 347 4325 403 4389; x_wconf 89' lang='lat'><strong>2,</strong></span> <span class='ocrx_word' id='word_1_349' title='bbox 436 4341 493 4376; x_wconf 91' lang='lat' dir='ltr'><strong>n.</strong></span> <span class='ocrx_word' id='word_1_350' title='bbox 526 4323 639 4392; x_wconf 70' lang='grc'><strong>14).</strong></span> <span class='ocrx_word' id='word_1_351' title='bbox 681 4321 738 4375; x_wconf 86' lang='lat' dir='ltr'><strong>In</strong></span> <span class='ocrx_word' id='word_1_352' title='bbox 774 4321 891 4391; x_wconf 92' lang='lat' dir='ltr'><strong>ipso</strong></span> <span class='ocrx_word' id='word_1_353' title='bbox 929 4320 1105 4389; x_wconf 82' lang='lat' dir='ltr'><strong>operis</strong></span> <span class='ocrx_word' id='word_1_354' title='bbox 1145 4319 1363 4374; x_wconf 81' lang='lat' dir='ltr'><strong>exordio</strong></span> <span class='ocrx_word' id='word_1_355' title='bbox 1393 4334 1452 4374; x_wconf 91' lang='lat' dir='ltr'><strong>se</strong></span> <span class='ocrx_word' id='word_1_356' title='bbox 1485 4321 1690 4375; x_wconf 88' lang='lat' dir='ltr'><strong>nescire</strong></span> <span class='ocrx_word' id='word_1_357' title='bbox 1728 4322 1821 4388; x_wconf 89' lang='lat' dir='ltr'><strong>ait,</strong></span> 
     </span>
    </p>
   </div>
   <div class='ocr_carea' id='block_1_46' title="bbox 221 4409 1820 4486">
    <p class='ocr_par' dir='ltr' id='par_1_46' title="bbox 221 4409 1820 4486">
     <span class='ocr_line' id='line_1_46' title="bbox 221 4409 1820 4486; baseline -0.004 -16"><span class='ocrx_word' id='word_1_358' title='bbox 221 4416 440 4486; x_wconf 86' lang='lat' dir='ltr'><strong>quicum</strong></span> <span class='ocrx_word' id='word_1_359' title='bbox 458 4413 816 4482; x_wconf 83' lang='lat' dir='ltr'><strong>colloquatur,</strong></span> <span class='ocrx_word' id='word_1_360' title='bbox 839 4411 1229 4466; x_wconf 89' lang='lat' dir='ltr'><strong>intrinsecusne</strong></span> <span class='ocrx_word' id='word_1_361' title='bbox 1254 4409 1343 4474; x_wconf 87' lang='lat' dir='ltr'><strong>sit,</strong></span> <span class='ocrx_word' id='word_1_362' title='bbox 1366 4425 1433 4463; x_wconf 89' lang='lat' dir='ltr'><strong>an</strong></span> <span class='ocrx_word' id='word_1_363' title='bbox 1454 4410 1820 4466; x_wconf 83' lang='lat' dir='ltr'><strong>extrinsecus:</strong></span> 
     </span>
    </p>
   </div>
   <div class='ocr_carea' id='block_1_47' title="bbox 218 4502 1821 4573">
    <p class='ocr_par' dir='ltr' id='par_1_47' title="bbox 218 4502 1821 4573">
     <span class='ocr_line' id='line_1_47' title="bbox 218 4502 1821 4573; baseline -0.002 -12"><span class='ocrx_word' id='word_1_364' title='bbox 218 4520 278 4561; x_wconf 84' lang='lat' dir='ltr'><strong>se</strong></span> <span class='ocrx_word' id='word_1_365' title='bbox 302 4521 438 4561; x_wconf 88' lang='lat' dir='ltr'><strong>vero</strong></span> <span class='ocrx_word' id='word_1_366' title='bbox 464 4504 535 4559; x_wconf 89' lang='lat' dir='ltr'><strong>ad</strong></span> <span class='ocrx_word' id='word_1_367' title='bbox 561 4520 686 4558; x_wconf 90' lang='lat' dir='ltr'><strong>eum</strong></span> <span class='ocrx_word' id='word_1_368' title='bbox 709 4502 1136 4573; x_wconf 89' lang='lat' dir='ltr'><strong>cognoscendum</strong></span> <span class='ocrx_word' id='word_1_369' title='bbox 1161 4502 1300 4556; x_wconf 91' lang='lat' dir='ltr'><strong>hunc</strong></span> <span class='ocrx_word' id='word_1_370' title='bbox 1330 4515 1634 4557; x_wconf 86' lang='lat' dir='ltr'><strong>sermonem</strong></span> <span class='ocrx_word' id='word_1_371' title='bbox 1666 4503 1821 4557; x_wconf 55' lang='lat' dir='ltr'><strong>iusti-</strong></span> 
     </span>
    </p>
   </div>
   <div class='ocr_carea' id='block_1_48' title="bbox 217 4593 1823 4666">
    <p class='ocr_par' dir='ltr' id='par_1_48' title="bbox 217 4593 1823 4666">
     <span class='ocr_line' id='line_1_48' title="bbox 217 4593 1823 4666; baseline -0.001 -14"><span class='ocrx_word' id='word_1_372' title='bbox 217 4607 396 4663; x_wconf 81' lang='lat' dir='ltr'><strong>tuere,</strong></span> <span class='ocrx_word' id='word_1_373' title='bbox 430 4605 719 4666; x_wconf 87' lang='lat' dir='ltr'><strong>postquam</strong></span> <span class='ocrx_word' id='word_1_374' title='bbox 747 4595 815 4648; x_wconf 90' lang='lat' dir='ltr'><strong>de</strong></span> <span class='ocrx_word' id='word_1_375' title='bbox 841 4594 1142 4665; x_wconf 77' lang='lat' dir='ltr'><strong>cognitione</strong></span> <span class='ocrx_word' id='word_1_376' title='bbox 1175 4594 1258 4648; x_wconf 91' lang='lat' dir='ltr'><strong>sui</strong></span> <span class='ocrx_word' id='word_1_377' title='bbox 1294 4593 1482 4663; x_wconf 89' lang='lat' dir='ltr'><strong>ipsius,</strong></span> <span class='ocrx_word' id='word_1_378' title='bbox 1511 4602 1565 4649; x_wconf 90' lang='lat' dir='ltr'><strong>et</strong></span> <span class='ocrx_word' id='word_1_379' title='bbox 1602 4593 1669 4649; x_wconf 89' lang='lat' dir='ltr'><strong>de</strong></span> <span class='ocrx_word' id='word_1_380' title='bbox 1699 4596 1823 4650; x_wconf 92' lang='lat' dir='ltr'><strong>boni</strong></span> 
     </span>
    </p>
   </div>
   <div class='ocr_carea' id='block_1_49' title="bbox 220 4684 1824 4757">
    <p class='ocr_par' dir='ltr' id='par_1_49' title="bbox 220 4684 1824 4757">
     <span class='ocr_line' id='line_1_49' title="bbox 220 4684 1824 4757; baseline -0.001 -15"><span class='ocrx_word' id='word_1_381' title='bbox 220 4687 529 4757; x_wconf 64' lang='lat' dir='ltr'><strong>quaerendi,</strong></span> <span class='ocrx_word' id='word_1_382' title='bbox 560 4687 793 4754; x_wconf 88' lang='lat' dir='ltr'><strong>malique</strong></span> <span class='ocrx_word' id='word_1_383' title='bbox 818 4684 1086 4740; x_wconf 88' lang='lat' dir='ltr'><strong>devitandi</strong></span> <span class='ocrx_word' id='word_1_384' title='bbox 1115 4685 1334 4739; x_wconf 89' lang='lat' dir='ltr'><strong>scientia</strong></span> <span class='ocrx_word' id='word_1_385' title='bbox 1371 4685 1565 4740; x_wconf 90' lang='lat' dir='ltr'><strong>multos</strong></span> <span class='ocrx_word' id='word_1_386' title='bbox 1590 4685 1706 4741; x_wconf 88' lang='lat' dir='ltr'><strong>dies</strong></span> <span class='ocrx_word' id='word_1_387' title='bbox 1737 4702 1824 4741; x_wconf 85' lang='lat' dir='ltr'><strong>se-</strong></span> 
     </span>
    </p>
   </div>
   <div class='ocr_carea' id='block_1_50' title="bbox 219 4774 1825 4847">
    <p class='ocr_par' dir='ltr' id='par_1_50' title="bbox 219 4774 1825 4847">
     <span class='ocr_line' id='line_1_50' title="bbox 219 4774 1825 4847; baseline -0.001 -15"><span class='ocrx_word' id='word_1_388' title='bbox 219 4777 350 4833; x_wconf 88' lang='lat' dir='ltr'><strong>dulo</strong></span> <span class='ocrx_word' id='word_1_389' title='bbox 374 4776 636 4847; x_wconf 79' lang='lat' dir='ltr'><strong>cogitavit</strong></span> <span class='ocrx_word' id='word_1_390' title='bbox 666 4775 849 4845; x_wconf 87' lang='lat' dir='ltr'><strong>(lbid.,</strong></span> <span class='ocrx_word' id='word_1_391' title='bbox 883 4774 970 4829; x_wconf 88' lang='lat' dir='ltr'><strong>lib.</strong></span> <span class='ocrx_word' id='word_1_392' title='bbox 1016 4776 1068 4839; x_wconf 91' lang='grc'><strong>1,</strong></span> <span class='ocrx_word' id='word_1_393' title='bbox 1107 4791 1160 4826; x_wconf 88' lang='lat' dir='ltr'><strong>n.</strong></span> <span class='ocrx_word' id='word_1_394' title='bbox 1194 4775 1269 4844; x_wconf 88' lang='grc'><strong>1).</strong></span> <span class='ocrx_word' id='word_1_395' title='bbox 1309 4774 1366 4828; x_wconf 91' lang='lat' dir='ltr'><strong>ln</strong></span> <span class='ocrx_word' id='word_1_396' title='bbox 1396 4775 1507 4830; x_wconf 90' lang='lat' dir='ltr'><strong>suis</strong></span> <span class='ocrx_word' id='word_1_397' title='bbox 1549 4775 1825 4831; x_wconf 77' lang='lat' dir='ltr'><strong>Retracta-</strong></span> 
     </span>
    </p>
   </div>
   <div class='ocr_carea' id='block_1_51' title="bbox 220 4863 1825 4936">
    <p class='ocr_par' dir='ltr' id='par_1_51' title="bbox 220 4863 1825 4936">
     <span class='ocr_line' id='line_1_51' title="bbox 220 4863 1825 4936; baseline -0.001 -14"><span class='ocrx_word' id='word_1_398' title='bbox 220 4867 434 4922; x_wconf 86' lang='lat' dir='ltr'><strong>tiouum</strong></span> <span class='ocrx_word' id='word_1_399' title='bbox 467 4865 622 4920; x_wconf 87' lang='lat' dir='ltr'><strong>libris</strong></span> <span class='ocrx_word' id='word_1_400' title='bbox 645 4865 905 4920; x_wconf 89' lang='lat' dir='ltr'><strong>rationem</strong></span> <span class='ocrx_word' id='word_1_401' title='bbox 937 4879 1119 4919; x_wconf 90' lang='lat' dir='ltr'><strong>secum</strong></span> <span class='ocrx_word' id='word_1_402' title='bbox 1161 4863 1395 4933; x_wconf 90' lang='lat' dir='ltr'><strong>colloqui</strong></span> <span class='ocrx_word' id='word_1_403' title='bbox 1436 4873 1658 4921; x_wconf 87' lang='lat' dir='ltr'><strong>testatur</strong></span> <span class='ocrx_word' id='word_1_404' title='bbox 1699 4865 1825 4936; x_wconf 87' lang='lat' dir='ltr'><strong>(Re-</strong></span> 
     </span>
    </p>
   </div>
   <div class='ocr_carea' id='block_1_52' title="bbox 219 4957 1824 5029">
    <p class='ocr_par' dir='ltr' id='par_1_52' title="bbox 219 4957 1824 5029">
     <span class='ocr_line' id='line_1_52' title="bbox 219 4957 1824 5029; baseline -0.002 -13"><span class='ocrx_word' id='word_1_405' title='bbox 219 4970 377 5016; x_wconf 77' lang='lat' dir='ltr'><strong>tract.</strong></span> <span class='ocrx_word' id='word_1_406' title='bbox 403 4961 496 5015; x_wconf 87' lang='lat' dir='ltr'><strong>lib.</strong></span> <span class='ocrx_word' id='word_1_407' title='bbox 517 4961 572 5026; x_wconf 91' lang='grc'><strong>1,</strong></span> <span class='ocrx_word' id='word_1_408' title='bbox 596 4958 780 5029; x_wconf 71' lang='grc' dir='ltr'><strong>οαρ.4,</strong></span> <span class='ocrx_word' id='word_1_409' title='bbox 809 4957 959 5029; x_wconf 85' lang='grc' dir='ltr'><strong>η.1).</strong></span> <span class='ocrx_word' id='word_1_410' title='bbox 989 4958 1102 5012; x_wconf 85' lang='lat' dir='ltr'><strong>Hoc</strong></span> <span class='ocrx_word' id='word_1_411' title='bbox 1129 4972 1264 5028; x_wconf 89' lang='lat' dir='ltr'><strong>opus</strong></span> <span class='ocrx_word' id='word_1_412' title='bbox 1303 4958 1610 5028; x_wconf 89' lang='lat' dir='ltr'><strong>bipartitum</strong></span> <span class='ocrx_word' id='word_1_413' title='bbox 1640 4968 1721 5013; x_wconf 91' lang='lat' dir='ltr'><strong>est</strong></span> <span class='ocrx_word' id='word_1_414' title='bbox 1739 4975 1752 5012; x_wconf 90' lang='lat'><strong>:</strong></span> <span class='ocrx_word' id='word_1_415' title='bbox 1772 4959 1824 5013; x_wconf 90' lang='lat' dir='ltr'><strong>in</strong></span> 
     </span>
    </p>
   </div>
   <div class='ocr_carea' id='block_1_53' title="bbox 220 5048 1825 5121">
    <p class='ocr_par' dir='ltr' id='par_1_53' title="bbox 220 5048 1825 5121">
     <span class='ocr_line' id='line_1_53' title="bbox 220 5048 1825 5121; baseline -0.002 -14"><span class='ocrx_word' id='word_1_416' title='bbox 220 5053 404 5121; x_wconf 84' lang='lat' dir='ltr'><strong>primo</strong></span> <span class='ocrx_word' id='word_1_417' title='bbox 428 5050 649 5121; x_wconf 89' lang='lat' dir='ltr'><strong>quidem</strong></span> <span class='ocrx_word' id='word_1_418' title='bbox 692 5049 829 5104; x_wconf 87' lang='lat' dir='ltr'><strong>libro</strong></span> <span class='ocrx_word' id='word_1_419' title='bbox 856 5048 1076 5119; x_wconf 89' lang='lat' dir='ltr'><strong>inquirit</strong></span> <span class='ocrx_word' id='word_1_420' title='bbox 1115 5048 1286 5118; x_wconf 87' lang='lat' dir='ltr'><strong>qualis</strong></span> <span class='ocrx_word' id='word_1_421' title='bbox 1328 5063 1450 5104; x_wconf 87' lang='lat' dir='ltr'><strong>esse</strong></span> <span class='ocrx_word' id='word_1_422' title='bbox 1473 5048 1688 5114; x_wconf 86' lang='lat' dir='ltr'><strong>debeat,</strong></span> <span class='ocrx_word' id='word_1_423' title='bbox 1734 5050 1825 5119; x_wconf 89' lang='lat' dir='ltr'><strong>qui</strong></span> 
     </span>
    </p>
   </div>
   <div class='ocr_carea' id='block_1_54' title="bbox 219 5141 1824 5215">
    <p class='ocr_par' dir='ltr' id='par_1_54' title="bbox 219 5141 1824 5215">
     <span class='ocr_line' id='line_1_54' title="bbox 219 5141 1824 5215; baseline -0.001 -16"><span class='ocrx_word' id='word_1_424' title='bbox 219 5143 552 5215; x_wconf 76' lang='lat' dir='ltr'><strong>sapientiam</strong></span> <span class='ocrx_word' id='word_1_425' title='bbox 580 5141 901 5211; x_wconf 87' lang='lat' dir='ltr'><strong>investigare</strong></span> <span class='ocrx_word' id='word_1_426' title='bbox 926 5141 1074 5206; x_wconf 83' lang='lat' dir='ltr'><strong>velit,</strong></span> <span class='ocrx_word' id='word_1_427' title='bbox 1113 5155 1230 5210; x_wconf 84' lang='lat' dir='ltr'><strong>quae</strong></span> <span class='ocrx_word' id='word_1_428' title='bbox 1258 5155 1362 5194; x_wconf 91' lang='lat' dir='ltr'><strong>non</strong></span> <span class='ocrx_word' id='word_1_429' title='bbox 1388 5142 1629 5210; x_wconf 87' lang='lat' dir='ltr'><strong>corporis</strong></span> <span class='ocrx_word' id='word_1_430' title='bbox 1652 5144 1824 5198; x_wconf 86' lang='lat' dir='ltr'><strong>sensi-</strong></span> 
     </span>
    </p>
   </div>
   <div class='ocr_carea' id='block_1_55' title="bbox 219 5233 1826 5305">
    <p class='ocr_par' dir='ltr' id='par_1_55' title="bbox 219 5233 1826 5305">
     <span class='ocr_line' id='line_1_55' title="bbox 219 5233 1826 5305; baseline -0.002 -13"><span class='ocrx_word' id='word_1_431' title='bbox 219 5233 347 5302; x_wconf 83' lang='lat' dir='ltr'><strong>bus,</strong></span> <span class='ocrx_word' id='word_1_432' title='bbox 383 5235 480 5292; x_wconf 87' lang='lat' dir='ltr'><strong>sed</strong></span> <span class='ocrx_word' id='word_1_433' title='bbox 516 5243 696 5291; x_wconf 88' lang='lat' dir='ltr'><strong>mente</strong></span> <span class='ocrx_word' id='word_1_434' title='bbox 724 5234 1042 5305; x_wconf 90' lang='lat' dir='ltr'><strong>percipitur;</strong></span> <span class='ocrx_word' id='word_1_435' title='bbox 1071 5240 1128 5289; x_wconf 90' lang='lat' dir='ltr'><strong>et</strong></span> <span class='ocrx_word' id='word_1_436' title='bbox 1169 5235 1221 5288; x_wconf 92' lang='lat' dir='ltr'><strong>in</strong></span> <span class='ocrx_word' id='word_1_437' title='bbox 1250 5242 1486 5289; x_wconf 79' lang='lat' dir='ltr'><strong>extrema</strong></span> <span class='ocrx_word' id='word_1_438' title='bbox 1516 5242 1666 5304; x_wconf 86' lang='lat' dir='ltr'><strong>parte</strong></span> <span class='ocrx_word' id='word_1_439' title='bbox 1705 5234 1826 5290; x_wconf 84' lang='lat' dir='ltr'><strong>libri</strong></span> 
     </span>
    </p>
   </div>
   <div class='ocr_carea' id='block_1_56' title="bbox 224 5324 1824 5399">
    <p class='ocr_par' dir='ltr' id='par_1_56' title="bbox 224 5324 1824 5399">
     <span class='ocr_line' id='line_1_56' title="bbox 224 5324 1824 5399; baseline -0.001 -17"><span class='ocrx_word' id='word_1_440' title='bbox 224 5340 292 5381; x_wconf 81' lang='lat' dir='ltr'><strong>ea</strong></span> <span class='ocrx_word' id='word_1_441' title='bbox 319 5341 449 5399; x_wconf 73' lang='lat' dir='ltr'><strong>qua:</strong></span> <span class='ocrx_word' id='word_1_442' title='bbox 469 5342 598 5382; x_wconf 90' lang='lat' dir='ltr'><strong>vere</strong></span> <span class='ocrx_word' id='word_1_443' title='bbox 629 5334 772 5392; x_wconf 92' lang='lat' dir='ltr'><strong>sunt,</strong></span> <span class='ocrx_word' id='word_1_444' title='bbox 798 5324 1118 5380; x_wconf 86' lang='lat' dir='ltr'><strong>immortalia</strong></span> <span class='ocrx_word' id='word_1_445' title='bbox 1149 5339 1286 5390; x_wconf 88' lang='lat' dir='ltr'><strong>esse,</strong></span> <span class='ocrx_word' id='word_1_446' title='bbox 1318 5325 1634 5395; x_wconf 88' lang='lat' dir='ltr'><strong>quibusdam</strong></span> <span class='ocrx_word' id='word_1_447' title='bbox 1666 5341 1824 5396; x_wconf 87' lang='lat' dir='ltr'><strong>argu-</strong></span> 
     </span>
    </p>
   </div>
   <div class='ocr_carea' id='block_1_57' title="bbox 220 5415 1827 5473">
    <p class='ocr_par' dir='ltr' id='par_1_57' title="bbox 220 5415 1827 5473">
     <span class='ocr_line' id='line_1_57' title="bbox 220 5415 1827 5473; baseline -0.002 0"><span class='ocrx_word' id='word_1_448' title='bbox 220 5419 432 5473; x_wconf 79' lang='lat' dir='ltr'><strong>mentis</strong></span> <span class='ocrx_word' id='word_1_449' title='bbox 461 5416 715 5472; x_wconf 88' lang='lat' dir='ltr'><strong>ostendit.</strong></span> <span class='ocrx_word' id='word_1_450' title='bbox 744 5415 801 5470; x_wconf 90' lang='lat' dir='ltr'><strong>ln</strong></span> <span class='ocrx_word' id='word_1_451' title='bbox 820 5417 989 5471; x_wconf 88' lang='lat' dir='ltr'><strong>altero</strong></span> <span class='ocrx_word' id='word_1_452' title='bbox 1014 5423 1192 5470; x_wconf 89' lang='lat' dir='ltr'><strong>autem</strong></span> <span class='ocrx_word' id='word_1_453' title='bbox 1213 5415 1280 5470; x_wconf 87' lang='lat' dir='ltr'><strong>de</strong></span> <span class='ocrx_word' id='word_1_454' title='bbox 1301 5415 1697 5472; x_wconf 84' lang='lat' dir='ltr'><strong>immortalitate</strong></span> <span class='ocrx_word' id='word_1_455' title='bbox 1715 5418 1827 5470; x_wconf 84' lang='lat' dir='ltr'><strong>ani-</strong></span> 
     </span>
    </p>
   </div>
   <div class='ocr_carea' id='block_1_58' title="bbox 221 5505 1826 5576">
    <p class='ocr_par' dir='ltr' id='par_1_58' title="bbox 221 5505 1826 5576">
     <span class='ocr_line' id='line_1_58' title="bbox 221 5505 1826 5576; baseline 0.001 -15"><span class='ocrx_word' id='word_1_456' title='bbox 221 5521 331 5560; x_wconf 61' lang='lat' dir='ltr'><strong>mus</strong></span> <span class='ocrx_word' id='word_1_457' title='bbox 357 5506 622 5561; x_wconf 88' lang='lat' dir='ltr'><strong>disserit:</strong></span> <span class='ocrx_word' id='word_1_458' title='bbox 655 5506 750 5560; x_wconf 89' lang='lat' dir='ltr'><strong>sed</strong></span> <span class='ocrx_word' id='word_1_459' title='bbox 796 5505 934 5560; x_wconf 89' lang='lat' dir='ltr'><strong>hanc</strong></span> <span class='ocrx_word' id='word_1_460' title='bbox 978 5506 1327 5576; x_wconf 70' lang='lat' dir='ltr'><strong>qumstionem</strong></span> <span class='ocrx_word' id='word_1_461' title='bbox 1373 5505 1441 5560; x_wconf 91' lang='lat' dir='ltr'><strong>ad</strong></span> <span class='ocrx_word' id='word_1_462' title='bbox 1487 5507 1690 5561; x_wconf 80' lang='lat' dir='ltr'><strong>exitum</strong></span> <span class='ocrx_word' id='word_1_463' title='bbox 1717 5523 1826 5562; x_wconf 87' lang='lat' dir='ltr'><strong>non</strong></span> 
     </span>
    </p>
   </div>
   <div class='ocr_carea' id='block_1_59' title="bbox 223 5593 1828 5666">
    <p class='ocr_par' dir='ltr' id='par_1_59' title="bbox 223 5593 1828 5666">
     <span class='ocr_line' id='line_1_59' title="bbox 223 5593 1828 5666; baseline 0.002 -18"><span class='ocrx_word' id='word_1_464' title='bbox 223 5594 476 5652; x_wconf 77' lang='lat' dir='ltr'><strong>adducit.</strong></span> <span class='ocrx_word' id='word_1_465' title='bbox 502 5593 613 5650; x_wconf 83' lang='lat' dir='ltr'><strong>Nec</strong></span> <span class='ocrx_word' id='word_1_466' title='bbox 641 5596 784 5649; x_wconf 89' lang='lat' dir='ltr'><strong>enim</strong></span> <span class='ocrx_word' id='word_1_467' title='bbox 803 5604 1042 5650; x_wconf 80' lang='lat' dir='ltr'><strong>extrema</strong></span> <span class='ocrx_word' id='word_1_468' title='bbox 1068 5610 1256 5652; x_wconf 90' lang='lat' dir='ltr'><strong>manus</strong></span> <span class='ocrx_word' id='word_1_469' title='bbox 1281 5596 1506 5651; x_wconf 90' lang='lat' dir='ltr'><strong>accessit</strong></span> <span class='ocrx_word' id='word_1_470' title='bbox 1538 5597 1659 5651; x_wconf 90' lang='lat' dir='ltr'><strong>huic</strong></span> <span class='ocrx_word' id='word_1_471' title='bbox 1681 5598 1828 5666; x_wconf 89' lang='lat' dir='ltr'><strong>operi</strong></span> 
     </span>
    </p>
   </div>
   <div class='ocr_carea' id='block_1_60' title="bbox 224 5683 1830 5760">
    <p class='ocr_par' dir='ltr' id='par_1_60' title="bbox 224 5683 1830 5760">
     <span class='ocr_line' id='line_1_60' title="bbox 224 5683 1830 5760; baseline 0.002 -18"><span class='ocrx_word' id='word_1_472' title='bbox 224 5683 378 5742; x_wconf 76' lang='lat' dir='ltr'><strong>Ibid.</strong></span> <span class='ocrx_word' id='word_1_473' title='bbox 397 5728 414 5758; x_wconf 95' lang='lat'><strong>,</strong></span> <span class='ocrx_word' id='word_1_474' title='bbox 448 5704 570 5760; x_wconf 87' lang='lat' dir='ltr'><strong>cap.</strong></span> <span class='ocrx_word' id='word_1_475' title='bbox 588 5687 644 5752; x_wconf 81' lang='lat'><strong>5,</strong></span> <span class='ocrx_word' id='word_1_476' title='bbox 678 5703 732 5740; x_wconf 82' lang='grc' dir='ltr'><strong>η.</strong></span> <span class='ocrx_word' id='word_1_477' title='bbox 751 5685 827 5759; x_wconf 78' lang='grc'><strong>1),</strong></span> <span class='ocrx_word' id='word_1_478' title='bbox 856 5696 913 5742; x_wconf 83' lang='grc' dir='ltr'><strong>ιιι</strong></span> <span class='ocrx_word' id='word_1_479' title='bbox 940 5687 1053 5757; x_wconf 89' lang='lat' dir='ltr'><strong>ipse</strong></span> <span class='ocrx_word' id='word_1_480' title='bbox 1075 5689 1367 5760; x_wconf 85' lang='lat' dir='ltr'><strong>signiﬁcat,</strong></span> <span class='ocrx_word' id='word_1_481' title='bbox 1398 5705 1464 5748; x_wconf 91' lang='lat' dir='ltr'><strong>eo</strong></span> <span class='ocrx_word' id='word_1_482' title='bbox 1486 5690 1710 5749; x_wconf 90' lang='lat' dir='ltr'><strong>consilio</strong></span> <span class='ocrx_word' id='word_1_483' title='bbox 1729 5733 1743 5759; x_wconf 92' lang='lat'><strong>,</strong></span> <span class='ocrx_word' id='word_1_484' title='bbox 1773 5699 1830 5746; x_wconf 86' lang='lat' dir='ltr'><strong>ut</strong></span> 
     </span>
    </p>
   </div>
   <div class='ocr_carea' id='block_1_61' title="bbox 565 5777 1207 5863">
    <p class='ocr_par' dir='ltr' id='par_1_61' title="bbox 565 5777 1207 5863">
     <span class='ocr_line' id='line_1_61' title="bbox 565 5777 1207 5863; baseline -0.003 -19"><span class='ocrx_word' id='word_1_485' title='bbox 565 5777 812 5863; x_wconf 60' lang='lat' dir='ltr'><strong>Sacr.</strong></span> <span class='ocrx_word' id='word_1_486' title='bbox 837 5778 1112 5842; x_wconf 77' lang='lat' dir='ltr'><strong>Auensr.</strong></span> <span class='ocrx_word' id='word_1_487' title='bbox 1159 5781 1207 5842; x_wconf 86' lang='grc' dir='ltr'><strong>Ι.</strong></span> 
     </span>
    </p>
   </div>
   <div class='ocr_carea' id='block_1_62' title="bbox 1915 407 3491 474">
    <p class='ocr_par' dir='ltr' id='par_1_62' title="bbox 1915 407 3491 474">
     <span class='ocr_line' id='line_1_62' title="bbox 1915 407 3491 474; baseline 0.008 -13"><span class='ocrx_word' id='word_1_488' title='bbox 1915 421 2036 462; x_wconf 93' lang='lat' dir='ltr'><strong>cum</strong></span> <span class='ocrx_word' id='word_1_489' title='bbox 2066 407 2234 462; x_wconf 91' lang='lat' dir='ltr'><strong>doctis</strong></span> <span class='ocrx_word' id='word_1_490' title='bbox 2263 415 2317 462; x_wconf 90' lang='lat' dir='ltr'><strong>et</strong></span> <span class='ocrx_word' id='word_1_491' title='bbox 2354 407 2492 464; x_wconf 90' lang='lat' dir='ltr'><strong>bene</strong></span> <span class='ocrx_word' id='word_1_492' title='bbox 2517 407 2749 465; x_wconf 90' lang='lat' dir='ltr'><strong>cordatis</strong></span> <span class='ocrx_word' id='word_1_493' title='bbox 2777 407 2903 465; x_wconf 85' lang='lat' dir='ltr'><strong>viris</strong></span> <span class='ocrx_word' id='word_1_494' title='bbox 2927 411 3027 467; x_wconf 89' lang='lat' dir='ltr'><strong>hac</strong></span> <span class='ocrx_word' id='word_1_495' title='bbox 3051 411 3118 468; x_wconf 91' lang='lat' dir='ltr'><strong>de</strong></span> <span class='ocrx_word' id='word_1_496' title='bbox 3141 427 3201 469; x_wconf 89' lang='lat' dir='ltr'><strong>re</strong></span> <span class='ocrx_word' id='word_1_497' title='bbox 3223 414 3491 474; x_wconf 85' lang='lat' dir='ltr'><strong>conferret</strong></span> 
     </span>
    </p>
   </div>
   <div class='ocr_carea' id='block_1_63' title="bbox 1910 498 3485 578">
    <p class='ocr_par' dir='ltr' id='par_1_63' title="bbox 1910 498 3485 578">
     <span class='ocr_line' id='line_1_63' title="bbox 1910 498 3485 578; baseline 0.006 -25"><span class='ocrx_word' id='word_1_498' title='bbox 1910 498 2163 571; x_wconf 87' lang='lat' dir='ltr'><strong>(Solitoq.</strong></span> <span class='ocrx_word' id='word_1_499' title='bbox 2187 498 2274 553; x_wconf 86' lang='lat' dir='ltr'><strong>lib.</strong></span> <span class='ocrx_word' id='word_1_500' title='bbox 2295 499 2350 565; x_wconf 93' lang='lat'><strong>2,</strong></span> <span class='ocrx_word' id='word_1_501' title='bbox 2390 517 2444 553; x_wconf 81' lang='grc' dir='ltr'><strong>η.</strong></span> <span class='ocrx_word' id='word_1_502' title='bbox 2472 499 2586 568; x_wconf 90' lang='grc'><strong>28).</strong></span> <span class='ocrx_word' id='word_1_503' title='bbox 2617 500 2878 555; x_wconf 88' lang='lat' dir='ltr'><strong>Memorat</strong></span> <span class='ocrx_word' id='word_1_504' title='bbox 2904 503 3188 570; x_wconf 89' lang='lat' dir='ltr'><strong>scriptores</strong></span> <span class='ocrx_word' id='word_1_505' title='bbox 3208 505 3363 573; x_wconf 88' lang='lat' dir='ltr'><strong>duos,</strong></span> <span class='ocrx_word' id='word_1_506' title='bbox 3391 510 3485 578; x_wconf 92' lang='lat' dir='ltr'><strong>qui</strong></span> 
     </span>
    </p>
   </div>
   <div class='ocr_carea' id='block_1_64' title="bbox 1910 591 3486 659">
    <p class='ocr_par' dir='ltr' id='par_1_64' title="bbox 1910 591 3486 659">
     <span class='ocr_line' id='line_1_64' title="bbox 1910 591 3486 659; baseline 0.006 -15"><span class='ocrx_word' id='word_1_507' title='bbox 1910 598 2036 646; x_wconf 84' lang='lat' dir='ltr'><strong>tu‘nc</strong></span> <span class='ocrx_word' id='word_1_508' title='bbox 2063 591 2129 646; x_wconf 89' lang='lat' dir='ltr'><strong>de</strong></span> <span class='ocrx_word' id='word_1_509' title='bbox 2155 592 2548 646; x_wconf 87' lang='lat' dir='ltr'><strong>immortalitate</strong></span> <span class='ocrx_word' id='word_1_510' title='bbox 2579 592 2801 659; x_wconf 73' lang='lat' dir='ltr'><strong>animae,</strong></span> <span class='ocrx_word' id='word_1_511' title='bbox 2827 593 2963 648; x_wconf 85' lang='lat' dir='ltr'><strong>alter</strong></span> <span class='ocrx_word' id='word_1_512' title='bbox 3004 594 3285 650; x_wconf 82' lang='lat' dir='ltr'><strong>Mediolani</strong></span> <span class='ocrx_word' id='word_1_513' title='bbox 3314 599 3486 653; x_wconf 90' lang='lat' dir='ltr'><strong>soluta</strong></span> 
     </span>
    </p>
   </div>
   <div class='ocr_carea' id='block_1_65' title="bbox 1909 682 3485 757">
    <p class='ocr_par' dir='ltr' id='par_1_65' title="bbox 1909 682 3485 757">
     <span class='ocr_line' id='line_1_65' title="bbox 1909 682 3485 757; baseline 0.005 -24"><span class='ocrx_word' id='word_1_514' title='bbox 1909 682 2167 746; x_wconf 86' lang='lat' dir='ltr'><strong>oratione,</strong></span> <span class='ocrx_word' id='word_1_515' title='bbox 2199 683 2333 736; x_wconf 88' lang='lat' dir='ltr'><strong>alter</strong></span> <span class='ocrx_word' id='word_1_516' title='bbox 2360 683 2412 736; x_wconf 93' lang='lat' dir='ltr'><strong>in</strong></span> <span class='ocrx_word' id='word_1_517' title='bbox 2457 682 2643 739; x_wconf 89' lang='lat' dir='ltr'><strong>Galliis</strong></span> <span class='ocrx_word' id='word_1_518' title='bbox 2671 683 2939 751; x_wconf 87' lang='lat' dir='ltr'><strong>carmine,</strong></span> <span class='ocrx_word' id='word_1_519' title='bbox 2981 686 3278 740; x_wconf 83' lang='lat' dir='ltr'><strong>tractabant</strong></span> <span class='ocrx_word' id='word_1_520' title='bbox 3302 687 3485 757; x_wconf 88' lang='lat' dir='ltr'><strong>(lbid.,</strong></span> 
     </span>
    </p>
   </div>
   <div class='ocr_carea' id='block_1_66' title="bbox 1909 770 3490 846">
    <p class='ocr_par' dir='ltr' id='par_1_66' title="bbox 1909 770 3490 846">
     <span class='ocr_line' id='line_1_66' title="bbox 1909 770 3490 846; baseline 0.006 -23"><span class='ocrx_word' id='word_1_521' title='bbox 1909 786 1962 823; x_wconf 89' lang='lat' dir='ltr'><strong>n.</strong></span> <span class='ocrx_word' id='word_1_522' title='bbox 1993 770 2108 839; x_wconf 89' lang='lat'><strong>26).</strong></span> <span class='ocrx_word' id='word_1_523' title='bbox 2141 771 2369 838; x_wconf 86' lang='lat' dir='ltr'><strong>Primus,</strong></span> <span class='ocrx_word' id='word_1_524' title='bbox 2400 773 2485 827; x_wconf 92' lang='lat' dir='ltr'><strong>cui</strong></span> <span class='ocrx_word' id='word_1_525' title='bbox 2519 789 2672 829; x_wconf 91' lang='lat' dir='ltr'><strong>suum</strong></span> <span class='ocrx_word' id='word_1_526' title='bbox 2710 789 2838 845; x_wconf 85' lang='lat' dir='ltr'><strong>erga</strong></span> <span class='ocrx_word' id='word_1_527' title='bbox 2878 775 3051 846; x_wconf 90' lang='lat' dir='ltr'><strong>ipsum</strong></span> <span class='ocrx_word' id='word_1_528' title='bbox 3085 784 3142 832; x_wconf 87' lang='lat' dir='ltr'><strong>et</strong></span> <span class='ocrx_word' id='word_1_529' title='bbox 3179 779 3490 846; x_wconf 86' lang='lat' dir='ltr'><strong>sapientiam</strong></span> 
     </span>
    </p>
   </div>
   <div class='ocr_carea' id='block_1_67' title="bbox 1910 863 3492 938">
    <p class='ocr_par' dir='ltr' id='par_1_67' title="bbox 1910 863 3492 938">
     <span class='ocr_line' id='line_1_67' title="bbox 1910 863 3492 938; baseline 0.006 -21"><span class='ocrx_word' id='word_1_530' title='bbox 1910 863 2142 918; x_wconf 87' lang='lat' dir='ltr'><strong>studium</strong></span> <span class='ocrx_word' id='word_1_531' title='bbox 2172 880 2270 934; x_wconf 89' lang='lat' dir='ltr'><strong>pro</strong></span> <span class='ocrx_word' id='word_1_532' title='bbox 2304 879 2396 919; x_wconf 89' lang='lat' dir='ltr'><strong>sua</strong></span> <span class='ocrx_word' id='word_1_533' title='bbox 2425 867 2715 933; x_wconf 87' lang='lat' dir='ltr'><strong>voluntate,</strong></span> <span class='ocrx_word' id='word_1_534' title='bbox 2743 876 2801 922; x_wconf 90' lang='lat' dir='ltr'><strong>nt</strong></span> <span class='ocrx_word' id='word_1_535' title='bbox 2831 868 2934 936; x_wconf 62' lang='lat' dir='ltr'><strong>ait),</strong></span> <span class='ocrx_word' id='word_1_536' title='bbox 2968 871 3178 938; x_wconf 90' lang='lat' dir='ltr'><strong>aperire</strong></span> <span class='ocrx_word' id='word_1_537' title='bbox 3206 887 3311 924; x_wconf 89' lang='lat' dir='ltr'><strong>non</strong></span> <span class='ocrx_word' id='word_1_538' title='bbox 3353 873 3492 926; x_wconf 86' lang='lat' dir='ltr'><strong>valet</strong></span> 
     </span>
    </p>
   </div>
   <div class='ocr_carea' id='block_1_68' title="bbox 1912 953 3489 1028">
    <p class='ocr_par' dir='ltr' id='par_1_68' title="bbox 1912 953 3489 1028">
     <span class='ocr_line' id='line_1_68' title="bbox 1912 953 3489 1028; baseline 0.008 -22"><span class='ocrx_word' id='word_1_539' title='bbox 1912 953 2097 1024; x_wconf 86' lang='lat' dir='ltr'><strong>(Ibid.,</strong></span> <span class='ocrx_word' id='word_1_540' title='bbox 2128 965 2173 1010; x_wconf 86' lang='lat' dir='ltr'><strong>et</strong></span> <span class='ocrx_word' id='word_1_541' title='bbox 2187 955 2416 1026; x_wconf 80' lang='lat' dir='ltr'><strong>Confess.</strong></span> <span class='ocrx_word' id='word_1_542' title='bbox 2441 958 2526 1011; x_wconf 84' lang='lat' dir='ltr'><strong>lib.</strong></span> <span class='ocrx_word' id='word_1_543' title='bbox 2559 959 2618 1022; x_wconf 88' lang='lat'><strong>6,</strong></span> <span class='ocrx_word' id='word_1_544' title='bbox 2645 976 2697 1012; x_wconf 87' lang='grc' dir='ltr'><strong>η.</strong></span> <span class='ocrx_word' id='word_1_545' title='bbox 2730 957 2818 1028; x_wconf 90' lang='grc'><strong>18)</strong></span> <span class='ocrx_word' id='word_1_546' title='bbox 2841 1000 2855 1024; x_wconf 89' lang='grc'><strong>,</strong></span> <span class='ocrx_word' id='word_1_547' title='bbox 2883 960 3091 1016; x_wconf 89' lang='lat' dir='ltr'><strong>videtur</strong></span> <span class='ocrx_word' id='word_1_548' title='bbox 3113 977 3236 1018; x_wconf 88' lang='lat' dir='ltr'><strong>esse</strong></span> <span class='ocrx_word' id='word_1_549' title='bbox 3261 964 3489 1018; x_wconf 86' lang='lat' dir='ltr'><strong>Ambro-</strong></span> 
     </span>
    </p>
   </div>
   <div class='ocr_carea' id='block_1_69' title="bbox 1911 1046 3494 1123">
    <p class='ocr_par' dir='ltr' id='par_1_69' title="bbox 1911 1046 3494 1123">
     <span class='ocr_line' id='line_1_69' title="bbox 1911 1046 3494 1123; baseline 0.006 -24"><span class='ocrx_word' id='word_1_550' title='bbox 1911 1046 2040 1100; x_wconf 93' lang='lat' dir='ltr'><strong>sius.</strong></span> <span class='ocrx_word' id='word_1_551' title='bbox 2071 1048 2198 1112; x_wconf 84' lang='lat' dir='ltr'><strong>Quis</strong></span> <span class='ocrx_word' id='word_1_552' title='bbox 2227 1064 2353 1102; x_wconf 87' lang='lat' dir='ltr'><strong>vero</strong></span> <span class='ocrx_word' id='word_1_553' title='bbox 2398 1051 2534 1103; x_wconf 88' lang='lat' dir='ltr'><strong>alter</strong></span> <span class='ocrx_word' id='word_1_554' title='bbox 2575 1049 2715 1104; x_wconf 89' lang='lat' dir='ltr'><strong>illius</strong></span> <span class='ocrx_word' id='word_1_555' title='bbox 2753 1051 3029 1106; x_wconf 79' lang='lat' dir='ltr'><strong>familiaris</strong></span> <span class='ocrx_word' id='word_1_556' title='bbox 3051 1093 3066 1116; x_wconf 94' lang='lat'><strong>,</strong></span> <span class='ocrx_word' id='word_1_557' title='bbox 3096 1055 3332 1108; x_wconf 90' lang='lat' dir='ltr'><strong>omnium</strong></span> <span class='ocrx_word' id='word_1_558' title='bbox 3377 1054 3494 1123; x_wconf 89' lang='lat' dir='ltr'><strong>ejus</strong></span> 
     </span>
    </p>
   </div>
   <div class='ocr_carea' id='block_1_70' title="bbox 1911 1137 3494 1212">
    <p class='ocr_par' dir='ltr' id='par_1_70' title="bbox 1911 1137 3494 1212">
     <span class='ocr_line' id='line_1_70' title="bbox 1911 1137 3494 1212; baseline 0.006 -21"><span class='ocrx_word' id='word_1_559' title='bbox 1911 1137 2324 1192; x_wconf 88' lang='lat' dir='ltr'><strong>sollicitudinum</strong></span> <span class='ocrx_word' id='word_1_560' title='bbox 2355 1140 2618 1205; x_wconf 87' lang='lat' dir='ltr'><strong>conscius,</strong></span> <span class='ocrx_word' id='word_1_561' title='bbox 2663 1140 2733 1194; x_wconf 55' lang='lat' dir='ltr'><strong>in‘</strong></span> <span class='ocrx_word' id='word_1_562' title='bbox 2760 1141 2944 1197; x_wconf 88' lang='lat' dir='ltr'><strong>Galliis</strong></span> <span class='ocrx_word' id='word_1_563' title='bbox 2989 1145 3234 1212; x_wconf 88' lang='lat' dir='ltr'><strong>quietus,</strong></span> <span class='ocrx_word' id='word_1_564' title='bbox 3277 1153 3332 1200; x_wconf 88' lang='lat' dir='ltr'><strong>et</strong></span> <span class='ocrx_word' id='word_1_565' title='bbox 3359 1145 3494 1200; x_wconf 89' lang='lat' dir='ltr'><strong>adeo</strong></span> 
     </span>
    </p>
   </div>
   <div class='ocr_carea' id='block_1_71' title="bbox 1911 1226 3493 1300">
    <p class='ocr_par' dir='ltr' id='par_1_71' title="bbox 1911 1226 3493 1300">
     <span class='ocr_line' id='line_1_71' title="bbox 1911 1226 3493 1300; baseline 0.006 -20"><span class='ocrx_word' id='word_1_566' title='bbox 1911 1226 2149 1292; x_wconf 90' lang='lat' dir='ltr'><strong>dissitus,</strong></span> <span class='ocrx_word' id='word_1_567' title='bbox 2196 1238 2254 1283; x_wconf 88' lang='lat' dir='ltr'><strong>ut</strong></span> <span class='ocrx_word' id='word_1_568' title='bbox 2281 1230 2365 1282; x_wconf 85' lang='lat' dir='ltr'><strong>vix</strong></span> <span class='ocrx_word' id='word_1_569' title='bbox 2396 1230 2460 1284; x_wconf 91' lang='lat' dir='ltr'><strong>ad</strong></span> <span class='ocrx_word' id='word_1_570' title='bbox 2490 1247 2608 1285; x_wconf 89' lang='lat' dir='ltr'><strong>eum</strong></span> <span class='ocrx_word' id='word_1_571' title='bbox 2638 1231 2724 1285; x_wconf 90' lang='lat' dir='ltr'><strong>vel</strong></span> <span class='ocrx_word' id='word_1_572' title='bbox 2751 1233 2992 1300; x_wconf 73' lang='lat' dir='ltr'><strong>epistolzr.</strong></span> <span class='ocrx_word' id='word_1_573' title='bbox 3022 1234 3294 1290; x_wconf 75' lang='lat' dir='ltr'><strong>mittenda:</strong></span> <span class='ocrx_word' id='word_1_574' title='bbox 3324 1235 3493 1290; x_wconf 83' lang='lat' dir='ltr'><strong>facul-</strong></span> 
     </span>
    </p>
   </div>
   <div class='ocr_carea' id='block_1_72' title="bbox 1913 1319 3496 1390">
    <p class='ocr_par' dir='ltr' id='par_1_72' title="bbox 1913 1319 3496 1390">
     <span class='ocr_line' id='line_1_72' title="bbox 1913 1319 3496 1390; baseline 0.008 -21"><span class='ocrx_word' id='word_1_575' title='bbox 1913 1324 1993 1370; x_wconf 89' lang='lat' dir='ltr'><strong>tas</strong></span> <span class='ocrx_word' id='word_1_576' title='bbox 2015 1327 2174 1381; x_wconf 89' lang='lat' dir='ltr'><strong>essct,</strong></span> <span class='ocrx_word' id='word_1_577' title='bbox 2217 1319 2481 1387; x_wconf 85' lang='lat' dir='ltr'><strong>conjicere</strong></span> <span class='ocrx_word' id='word_1_578' title='bbox 2507 1336 2611 1374; x_wconf 91' lang='lat' dir='ltr'><strong>non</strong></span> <span class='ocrx_word' id='word_1_579' title='bbox 2643 1336 2952 1390; x_wconf 90' lang='lat' dir='ltr'><strong>possumus,</strong></span> <span class='ocrx_word' id='word_1_580' title='bbox 2982 1324 3083 1379; x_wconf 92' lang='lat' dir='ltr'><strong>nisi</strong></span> <span class='ocrx_word' id='word_1_581' title='bbox 3103 1324 3346 1380; x_wconf 87' lang='lat' dir='ltr'><strong>dicamus</strong></span> <span class='ocrx_word' id='word_1_582' title='bbox 3373 1341 3496 1382; x_wconf 85' lang='lat' dir='ltr'><strong>esse</strong></span> 
     </span>
    </p>
   </div>
   <div class='ocr_carea' id='block_1_73' title="bbox 1914 1408 3496 1483">
    <p class='ocr_par' dir='ltr' id='par_1_73' title="bbox 1914 1408 3496 1483">
     <span class='ocr_line' id='line_1_73' title="bbox 1914 1408 3496 1483; baseline 0.008 -22"><span class='ocrx_word' id='word_1_583' title='bbox 1914 1408 2229 1473; x_wconf 87' lang='lat' dir='ltr'><strong>Zenobium,</strong></span> <span class='ocrx_word' id='word_1_584' title='bbox 2262 1412 2345 1465; x_wconf 91' lang='lat' dir='ltr'><strong>cui</strong></span> <span class='ocrx_word' id='word_1_585' title='bbox 2387 1411 2679 1466; x_wconf 86' lang='lat' dir='ltr'><strong>Mediolano</strong></span> <span class='ocrx_word' id='word_1_586' title='bbox 2702 1413 2810 1481; x_wconf 87' lang='lat' dir='ltr'><strong>jam</strong></span> <span class='ocrx_word' id='word_1_587' title='bbox 2855 1414 2944 1468; x_wconf 90' lang='lat' dir='ltr'><strong>diu</strong></span> <span class='ocrx_word' id='word_1_588' title='bbox 2987 1416 3214 1483; x_wconf 88' lang='lat' dir='ltr'><strong>absenti,</strong></span> <span class='ocrx_word' id='word_1_589' title='bbox 3259 1417 3394 1472; x_wconf 90' lang='lat' dir='ltr'><strong>duos</strong></span> <span class='ocrx_word' id='word_1_590' title='bbox 3425 1417 3496 1474; x_wconf 85' lang='lat' dir='ltr'><strong>de</strong></span> 
     </span>
    </p>
   </div>
   <div class='ocr_carea' id='block_1_74' title="bbox 1914 1499 3496 1564">
    <p class='ocr_par' dir='ltr' id='par_1_74' title="bbox 1914 1499 3496 1564">
     <span class='ocr_line' id='line_1_74' title="bbox 1914 1499 3496 1564; baseline 0.007 -11"><span class='ocrx_word' id='word_1_591' title='bbox 1914 1499 2113 1555; x_wconf 87' lang='lat' dir='ltr'><strong>Ordine</strong></span> <span class='ocrx_word' id='word_1_592' title='bbox 2141 1501 2304 1555; x_wconf 90' lang='lat' dir='ltr'><strong>libros</strong></span> <span class='ocrx_word' id='word_1_593' title='bbox 2327 1501 2614 1556; x_wconf 84' lang='lat' dir='ltr'><strong>dediearat.</strong></span> <span class='ocrx_word' id='word_1_594' title='bbox 2644 1504 2698 1557; x_wconf 92' lang='lat' dir='ltr'><strong>ln</strong></span> <span class='ocrx_word' id='word_1_595' title='bbox 2731 1504 2915 1559; x_wconf 86' lang='lat' dir='ltr'><strong>litteris</strong></span> <span class='ocrx_word' id='word_1_596' title='bbox 2934 1505 3002 1560; x_wconf 92' lang='lat' dir='ltr'><strong>ad</strong></span> <span class='ocrx_word' id='word_1_597' title='bbox 3028 1506 3335 1562; x_wconf 88' lang='lat' dir='ltr'><strong>Nebridium</strong></span> <span class='ocrx_word' id='word_1_598' title='bbox 3355 1508 3496 1564; x_wconf 85' lang='lat' dir='ltr'><strong>datis</strong></span> 
     </span>
    </p>
   </div>
   <div class='ocr_carea' id='block_1_75' title="bbox 1914 1592 3496 1662">
    <p class='ocr_par' dir='ltr' id='par_1_75' title="bbox 1914 1592 3496 1662">
     <span class='ocr_line' id='line_1_75' title="bbox 1914 1592 3496 1662; baseline 0.008 -18"><span class='ocrx_word' id='word_1_599' title='bbox 1914 1592 2092 1644; x_wconf 87' lang='lat' dir='ltr'><strong>statim</strong></span> <span class='ocrx_word' id='word_1_600' title='bbox 2124 1601 2241 1660; x_wconf 88' lang='lat' dir='ltr'><strong>post</strong></span> <span class='ocrx_word' id='word_1_601' title='bbox 2268 1592 2576 1662; x_wconf 84' lang='lat' dir='ltr'><strong>Soliloquia,</strong></span> <span class='ocrx_word' id='word_1_602' title='bbox 2596 1610 2712 1662; x_wconf 64' lang='lat' dir='ltr'><strong>quae</strong></span> <span class='ocrx_word' id='word_1_603' title='bbox 2730 1595 2931 1650; x_wconf 91' lang='lat' dir='ltr'><strong>scilicet</strong></span> <span class='ocrx_word' id='word_1_604' title='bbox 2956 1597 3189 1653; x_wconf 90' lang='lat' dir='ltr'><strong>nondum</strong></span> <span class='ocrx_word' id='word_1_605' title='bbox 3210 1600 3321 1654; x_wconf 91' lang='lat' dir='ltr'><strong>visa</strong></span> <span class='ocrx_word' id='word_1_606' title='bbox 3342 1612 3496 1657; x_wconf 86' lang='lat' dir='ltr'><strong>erant</strong></span> 
     </span>
    </p>
   </div>
   <div class='ocr_carea' id='block_1_76' title="bbox 1914 1680 3496 1754">
    <p class='ocr_par' dir='ltr' id='par_1_76' title="bbox 1914 1680 3496 1754">
     <span class='ocr_line' id='line_1_76' title="bbox 1914 1680 3496 1754; baseline 0.008 -20"><span class='ocrx_word' id='word_1_607' title='bbox 1914 1680 2183 1745; x_wconf 85' lang='lat' dir='ltr'><strong>Nebridio,</strong></span> <span class='ocrx_word' id='word_1_608' title='bbox 2232 1683 2366 1736; x_wconf 87' lang='lat' dir='ltr'><strong>istud</strong></span> <span class='ocrx_word' id='word_1_609' title='bbox 2395 1698 2527 1752; x_wconf 86' lang='lat' dir='ltr'><strong>opus</strong></span> <span class='ocrx_word' id='word_1_610' title='bbox 2553 1686 2760 1738; x_wconf 87' lang='lat' dir='ltr'><strong>cunctis</strong></span> <span class='ocrx_word' id='word_1_611' title='bbox 2807 1687 3068 1754; x_wconf 87' lang='lat' dir='ltr'><strong>prioribus</strong></span> <span class='ocrx_word' id='word_1_612' title='bbox 3110 1689 3221 1744; x_wconf 88' lang='lat' dir='ltr'><strong>suis</strong></span> <span class='ocrx_word' id='word_1_613' title='bbox 3246 1691 3496 1746; x_wconf 89' lang='lat' dir='ltr'><strong>lucubra-</strong></span> 
     </span>
    </p>
   </div>
   <div class='ocr_carea' id='block_1_77' title="bbox 1917 1772 3497 1846">
    <p class='ocr_par' dir='ltr' id='par_1_77' title="bbox 1917 1772 3497 1846">
     <span class='ocr_line' id='line_1_77' title="bbox 1917 1772 3497 1846; baseline 0.008 -23"><span class='ocrx_word' id='word_1_614' title='bbox 1917 1772 2147 1825; x_wconf 83' lang='lat' dir='ltr'><strong>tionibus</strong></span> <span class='ocrx_word' id='word_1_615' title='bbox 2189 1773 2462 1841; x_wconf 85' lang='lat' dir='ltr'><strong>anteponit</strong></span> <span class='ocrx_word' id='word_1_616' title='bbox 2501 1773 2687 1842; x_wconf 82' lang='lat' dir='ltr'><strong>(Epist.</strong></span> <span class='ocrx_word' id='word_1_617' title='bbox 2717 1776 2785 1838; x_wconf 80' lang='grc'><strong>5,</strong></span> <span class='ocrx_word' id='word_1_618' title='bbox 2812 1792 2865 1828; x_wconf 82' lang='grc' dir='ltr'><strong>η.</strong></span> <span class='ocrx_word' id='word_1_619' title='bbox 2909 1777 2984 1846; x_wconf 89' lang='grc'><strong>1).</strong></span> <span class='ocrx_word' id='word_1_620' title='bbox 3029 1777 3172 1832; x_wconf 89' lang='lat' dir='ltr'><strong>ldem</strong></span> <span class='ocrx_word' id='word_1_621' title='bbox 3206 1781 3398 1834; x_wconf 90' lang='lat' dir='ltr'><strong>asserit</strong></span> <span class='ocrx_word' id='word_1_622' title='bbox 3435 1795 3497 1837; x_wconf 83' lang='lat' dir='ltr'><strong>se</strong></span> 
     </span>
    </p>
   </div>
   <div class='ocr_carea' id='block_1_78' title="bbox 1916 1863 3499 1938">
    <p class='ocr_par' dir='ltr' id='par_1_78' title="bbox 1916 1863 3499 1938">
     <span class='ocr_line' id='line_1_78' title="bbox 1916 1863 3499 1938; baseline 0.008 -23"><span class='ocrx_word' id='word_1_623' title='bbox 1916 1863 1969 1915; x_wconf 90' lang='lat' dir='ltr'><strong>in</strong></span> <span class='ocrx_word' id='word_1_624' title='bbox 1998 1863 2097 1916; x_wconf 90' lang='lat' dir='ltr'><strong>hoc</strong></span> <span class='ocrx_word' id='word_1_625' title='bbox 2123 1879 2285 1933; x_wconf 82' lang='lat' dir='ltr'><strong>opere</strong></span> <span class='ocrx_word' id='word_1_626' title='bbox 2311 1864 2545 1918; x_wconf 89' lang='lat' dir='ltr'><strong>animum</strong></span> <span class='ocrx_word' id='word_1_627' title='bbox 2592 1865 2862 1920; x_wconf 79' lang='lat' dir='ltr'><strong>induxisse</strong></span> <span class='ocrx_word' id='word_1_628' title='bbox 2885 1907 2899 1932; x_wconf 90' lang='lat'><strong>,</strong></span> <span class='ocrx_word' id='word_1_629' title='bbox 2934 1868 3333 1938; x_wconf 70' lang='lat' dir='ltr'><strong>intelligentiam</strong></span> <span class='ocrx_word' id='word_1_630' title='bbox 3375 1886 3499 1928; x_wconf 78' lang='lat' dir='ltr'><strong>esse</strong></span> 
     </span>
    </p>
   </div>
   <div class='ocr_carea' id='block_1_79' title="bbox 1918 1956 3497 2035">
    <p class='ocr_par' dir='ltr' id='par_1_79' title="bbox 1918 1956 3497 2035">
     <span class='ocr_line' id='line_1_79' title="bbox 1918 1956 3497 2035; baseline 0.008 -28"><span class='ocrx_word' id='word_1_631' title='bbox 1918 1956 2210 2020; x_wconf 85' lang='lat' dir='ltr'><strong>veritatem,</strong></span> <span class='ocrx_word' id='word_1_632' title='bbox 2245 1973 2306 2011; x_wconf 85' lang='lat' dir='ltr'><strong>ac</strong></span> <span class='ocrx_word' id='word_1_633' title='bbox 2329 1957 2462 2012; x_wconf 91' lang='lat' dir='ltr'><strong>mori</strong></span> <span class='ocrx_word' id='word_1_634' title='bbox 2489 1973 2592 2011; x_wconf 90' lang='lat' dir='ltr'><strong>non</strong></span> <span class='ocrx_word' id='word_1_635' title='bbox 2612 1973 2766 2028; x_wconf 88' lang='lat' dir='ltr'><strong>posse</strong></span> <span class='ocrx_word' id='word_1_636' title='bbox 2795 1960 2990 2029; x_wconf 88' lang='lat' dir='ltr'><strong>aliquid</strong></span> <span class='ocrx_word' id='word_1_637' title='bbox 3015 1961 3066 2014; x_wconf 89' lang='lat' dir='ltr'><strong>in</strong></span> <span class='ocrx_word' id='word_1_638' title='bbox 3094 1977 3200 2031; x_wconf 86' lang='lat' dir='ltr'><strong>quo</strong></span> <span class='ocrx_word' id='word_1_639' title='bbox 3226 1964 3497 2035; x_wconf 76' lang='lat' dir='ltr'><strong>quidpiam</strong></span> 
     </span>
    </p>
   </div>
   <div class='ocr_carea' id='block_1_80' title="bbox 1919 2043 3496 2118">
    <p class='ocr_par' dir='ltr' id='par_1_80' title="bbox 1919 2043 3496 2118">
     <span class='ocr_line' id='line_1_80' title="bbox 1919 2043 3496 2118; baseline 0.008 -22"><span class='ocrx_word' id='word_1_640' title='bbox 1919 2043 2211 2101; x_wconf 86' lang='lat' dir='ltr'><strong>immortale</strong></span> <span class='ocrx_word' id='word_1_641' title='bbox 2235 2047 2336 2111; x_wconf 88' lang='lat' dir='ltr'><strong>sit;</strong></span> <span class='ocrx_word' id='word_1_642' title='bbox 2368 2062 2598 2117; x_wconf 89' lang='lat' dir='ltr'><strong>cumque</strong></span> <span class='ocrx_word' id='word_1_643' title='bbox 2636 2049 2981 2118; x_wconf 87' lang='lat' dir='ltr'><strong>intelligentia</strong></span> <span class='ocrx_word' id='word_1_644' title='bbox 3018 2050 3087 2104; x_wconf 91' lang='lat' dir='ltr'><strong>sit</strong></span> <span class='ocrx_word' id='word_1_645' title='bbox 3120 2051 3175 2104; x_wconf 84' lang='lat' dir='ltr'><strong>in</strong></span> <span class='ocrx_word' id='word_1_646' title='bbox 3208 2052 3408 2118; x_wconf 85' lang='lat' dir='ltr'><strong>animo,</strong></span> <span class='ocrx_word' id='word_1_647' title='bbox 3439 2061 3496 2108; x_wconf 84' lang='lat' dir='ltr'><strong>ct</strong></span> 
     </span>
    </p>
   </div>
   <div class='ocr_carea' id='block_1_81' title="bbox 1917 2139 3491 2210">
    <p class='ocr_par' dir='ltr' id='par_1_81' title="bbox 1917 2139 3491 2210">
     <span class='ocr_line' id='line_1_81' title="bbox 1917 2139 3491 2210; baseline 0.006 -21"><span class='ocrx_word' id='word_1_648' title='bbox 1917 2139 2110 2191; x_wconf 79' lang='lat' dir='ltr'><strong>veritas</strong></span> <span class='ocrx_word' id='word_1_649' title='bbox 2137 2139 2469 2207; x_wconf 86' lang='lat' dir='ltr'><strong>immortalis,</strong></span> <span class='ocrx_word' id='word_1_650' title='bbox 2503 2139 2625 2195; x_wconf 86' lang='lat' dir='ltr'><strong>inde</strong></span> <span class='ocrx_word' id='word_1_651' title='bbox 2651 2142 2799 2210; x_wconf 89' lang='lat' dir='ltr'><strong>sequi</strong></span> <span class='ocrx_word' id='word_1_652' title='bbox 2839 2149 2895 2195; x_wconf 90' lang='lat' dir='ltr'><strong>ut</strong></span> <span class='ocrx_word' id='word_1_653' title='bbox 2923 2142 3132 2199; x_wconf 89' lang='lat' dir='ltr'><strong>animus</strong></span> <span class='ocrx_word' id='word_1_654' title='bbox 3159 2143 3231 2198; x_wconf 90' lang='lat' dir='ltr'><strong>sit</strong></span> <span class='ocrx_word' id='word_1_655' title='bbox 3267 2144 3491 2199; x_wconf 87' lang='lat' dir='ltr'><strong>immor-</strong></span> 
     </span>
    </p>
   </div>
   <div class='ocr_carea' id='block_1_82' title="bbox 1918 2227 2444 2299">
    <p class='ocr_par' dir='ltr' id='par_1_82' title="bbox 1918 2227 2444 2299">
     <span class='ocr_line' id='line_1_82' title="bbox 1918 2227 2444 2299; baseline 0.002 -17"><span class='ocrx_word' id='word_1_656' title='bbox 1918 2227 2035 2282; x_wconf 88' lang='lat' dir='ltr'><strong>talis</strong></span> <span class='ocrx_word' id='word_1_657' title='bbox 2065 2227 2248 2299; x_wconf 70' lang='lat' dir='ltr'><strong>(1nd,,</strong></span> <span class='ocrx_word' id='word_1_658' title='bbox 2281 2247 2331 2282; x_wconf 87' lang='grc' dir='ltr'><strong>η.</strong></span> <span class='ocrx_word' id='word_1_659' title='bbox 2364 2231 2444 2299; x_wconf 75' lang='grc'><strong>4).</strong></span> 
     </span>
    </p>
   </div>
   <div class='ocr_carea' id='block_1_83' title="bbox 2549 2321 2879 2379">
    <p class='ocr_par' dir='ltr' id='par_1_83' title="bbox 2549 2321 2879 2379">
     <span class='ocr_line' id='line_1_83' title="bbox 2549 2321 2879 2379; baseline 0 -3"><span class='ocrx_word' id='word_1_660' title='bbox 2549 2321 2773 2379; x_wconf 83' lang='lat' dir='ltr'><strong>CAPUT</strong></span> <span class='ocrx_word' id='word_1_661' title='bbox 2813 2322 2879 2377; x_wconf 85' lang='lat' dir='ltr'><strong>X.</strong></span> 
     </span>
    </p>
   </div>
   <div class='ocr_carea' id='block_1_84' title="bbox 1919 2409 3494 2486">
    <p class='ocr_par' dir='ltr' id='par_1_84' title="bbox 1919 2409 3494 2486">
     <span class='ocr_line' id='line_1_84' title="bbox 1919 2409 3494 2486; baseline 0.004 -20"><span class='ocrx_word' id='word_1_662' title='bbox 1919 2410 1944 2466; x_wconf 87' lang='grc'><strong>1</strong></span> <span class='ocrx_word' id='word_1_663' title='bbox 1979 2409 2056 2465; x_wconf 85' lang='lat' dir='ltr'><strong>De</strong></span> <span class='ocrx_word' id='word_1_664' title='bbox 2086 2409 2328 2466; x_wconf 81' lang='lat' dir='ltr'><strong>Nebridio</strong></span> <span class='ocrx_word' id='word_1_665' title='bbox 2348 2412 2513 2466; x_wconf 84' lang='lat' dir='ltr'><strong>amico</strong></span> <span class='ocrx_word' id='word_1_666' title='bbox 2541 2414 2825 2484; x_wconf 83' lang='lat' dir='ltr'><strong>Augustini.</strong></span> <span class='ocrx_word' id='word_1_667' title='bbox 2856 2414 3074 2486; x_wconf 84' lang='lat' dir='ltr'><strong>2Hujus</strong></span> <span class='ocrx_word' id='word_1_668' title='bbox 3097 2417 3166 2470; x_wconf 86' lang='lat' dir='ltr'><strong>ad</strong></span> <span class='ocrx_word' id='word_1_669' title='bbox 3190 2415 3494 2472; x_wconf 86' lang='lat' dir='ltr'><strong>Nebridium</strong></span> 
     </span>
    </p>
   </div>
   <div class='ocr_carea' id='block_1_85' title="bbox 2580 2505 2826 2573">
    <p class='ocr_par' dir='ltr' id='par_1_85' title="bbox 2580 2505 2826 2573">
     <span class='ocr_line' id='line_1_85' title="bbox 2580 2505 2826 2573; baseline 0.008 -15"><span class='ocrx_word' id='word_1_670' title='bbox 2580 2505 2826 2573; x_wconf 64' lang='lat' dir='ltr'><strong>epistola.</strong></span> 
     </span>
    </p>
   </div>
   <div class='ocr_carea' id='block_1_86' title="bbox 1989 2585 3499 2668">
    <p class='ocr_par' dir='ltr' id='par_1_86' title="bbox 1989 2585 3499 2668">
     <span class='ocr_line' id='line_1_86' title="bbox 1989 2585 3499 2668; baseline 0.005 -20"><span class='ocrx_word' id='word_1_671' title='bbox 1989 2595 2040 2648; x_wconf 88' lang='grc'><strong>1.</strong></span> <span class='ocrx_word' id='word_1_672' title='bbox 2074 2593 2181 2650; x_wconf 84' lang='lat' dir='ltr'><strong>llos</strong></span> <span class='ocrx_word' id='word_1_673' title='bbox 2202 2585 2612 2664; x_wconf 86' lang='lat' dir='ltr'><strong>Soliloquiorum</strong></span> <span class='ocrx_word' id='word_1_674' title='bbox 2640 2596 2805 2650; x_wconf 90' lang='lat' dir='ltr'><strong>libros</strong></span> <span class='ocrx_word' id='word_1_675' title='bbox 2833 2596 3056 2666; x_wconf 87' lang='lat' dir='ltr'><strong>ipsemet</strong></span> <span class='ocrx_word' id='word_1_676' title='bbox 3069 2596 3392 2668; x_wconf 88' lang='lat' dir='ltr'><strong>Augustinus</strong></span> <span class='ocrx_word' id='word_1_677' title='bbox 3411 2600 3499 2655; x_wconf 84' lang='lat' dir='ltr'><strong>dc-</strong></span> 
     </span>
    </p>
   </div>
   <div class='ocr_carea' id='block_1_87' title="bbox 1916 2686 3501 2764">
    <p class='ocr_par' dir='ltr' id='par_1_87' title="bbox 1916 2686 3501 2764">
     <span class='ocr_line' id='line_1_87' title="bbox 1916 2686 3501 2764; baseline 0.004 -22"><span class='ocrx_word' id='word_1_678' title='bbox 1916 2686 2091 2757; x_wconf 86' lang='lat' dir='ltr'><strong>signat</strong></span> <span class='ocrx_word' id='word_1_679' title='bbox 2120 2689 2170 2740; x_wconf 91' lang='lat' dir='ltr'><strong>in</strong></span> <span class='ocrx_word' id='word_1_680' title='bbox 2197 2689 2307 2742; x_wconf 91' lang='lat' dir='ltr'><strong>suis</strong></span> <span class='ocrx_word' id='word_1_681' title='bbox 2343 2687 2805 2754; x_wconf 87' lang='lat' dir='ltr'><strong>Confessionibus,</strong></span> <span class='ocrx_word' id='word_1_682' title='bbox 2836 2690 2924 2744; x_wconf 91' lang='lat' dir='ltr'><strong>ubi</strong></span> <span class='ocrx_word' id='word_1_683' title='bbox 2953 2690 3063 2760; x_wconf 89' lang='lat' dir='ltr'><strong>agit</strong></span> <span class='ocrx_word' id='word_1_684' title='bbox 3098 2690 3165 2745; x_wconf 88' lang='lat' dir='ltr'><strong>de</strong></span> <span class='ocrx_word' id='word_1_685' title='bbox 3189 2691 3340 2747; x_wconf 90' lang='lat' dir='ltr'><strong>libris</strong></span> <span class='ocrx_word' id='word_1_686' title='bbox 3367 2708 3501 2764; x_wconf 84' lang='lat' dir='ltr'><strong>quos</strong></span> 
     </span>
    </p>
   </div>
   <div class='ocr_carea' id='block_1_88' title="bbox 1919 2779 3501 2847">
    <p class='ocr_par' dir='ltr' id='par_1_88' title="bbox 1919 2779 3501 2847">
     <span class='ocr_line' id='line_1_88' title="bbox 1919 2779 3501 2847; baseline 0.004 -15"><span class='ocrx_word' id='word_1_687' title='bbox 1919 2792 1981 2832; x_wconf 86' lang='lat' dir='ltr'><strong>ex</strong></span> <span class='ocrx_word' id='word_1_688' title='bbox 2009 2779 2283 2847; x_wconf 84' lang='lat' dir='ltr'><strong>colloquiis</strong></span> <span class='ocrx_word' id='word_1_689' title='bbox 2303 2793 2423 2832; x_wconf 87' lang='lat' dir='ltr'><strong>cum</strong></span> <span class='ocrx_word' id='word_1_690' title='bbox 2450 2779 2565 2847; x_wconf 92' lang='lat' dir='ltr'><strong>ipso</strong></span> <span class='ocrx_word' id='word_1_691' title='bbox 2591 2793 2650 2833; x_wconf 88' lang='lat' dir='ltr'><strong>se</strong></span> <span class='ocrx_word' id='word_1_692' title='bbox 2675 2780 2789 2833; x_wconf 91' lang='lat' dir='ltr'><strong>solo</strong></span> <span class='ocrx_word' id='word_1_693' title='bbox 2810 2795 2988 2834; x_wconf 88' lang='lat' dir='ltr'><strong>coram</strong></span> <span class='ocrx_word' id='word_1_694' title='bbox 3020 2781 3130 2837; x_wconf 89' lang='lat' dir='ltr'><strong>Deo</strong></span> <span class='ocrx_word' id='word_1_695' title='bbox 3155 2781 3349 2838; x_wconf 85' lang='lat' dir='ltr'><strong>habitis</strong></span> <span class='ocrx_word' id='word_1_696' title='bbox 3367 2798 3501 2839; x_wconf 87' lang='lat' dir='ltr'><strong>con-</strong></span> 
     </span>
    </p>
   </div>
   <div class='ocr_carea' id='block_1_89' title="bbox 1923 2869 3505 2943">
    <p class='ocr_par' dir='ltr' id='par_1_89' title="bbox 1923 2869 3505 2943">
     <span class='ocr_line' id='line_1_89' title="bbox 1923 2869 3505 2943; baseline 0.004 -20"><span class='ocrx_word' id='word_1_697' title='bbox 1923 2869 2350 2939; x_wconf 77' lang='lat' dir='ltr'><strong>texuit(Confess.</strong></span> <span class='ocrx_word' id='word_1_698' title='bbox 2378 2871 2463 2923; x_wconf 84' lang='lat' dir='ltr'><strong>tib.</strong></span> <span class='ocrx_word' id='word_1_699' title='bbox 2493 2869 2676 2940; x_wconf 82' lang='lat' dir='ltr'><strong>9,cap.</strong></span> <span class='ocrx_word' id='word_1_700' title='bbox 2696 2871 2750 2935; x_wconf 75' lang='grc'><strong>4,</strong></span> <span class='ocrx_word' id='word_1_701' title='bbox 2780 2888 2830 2924; x_wconf 87' lang='grc' dir='ltr'><strong>η.</strong></span> <span class='ocrx_word' id='word_1_702' title='bbox 2856 2869 2910 2942; x_wconf 91' lang='grc'><strong>7)</strong></span> <span class='ocrx_word' id='word_1_703' title='bbox 2937 2889 2950 2925; x_wconf 90' lang='lat'><strong>:</strong></span> <span class='ocrx_word' id='word_1_704' title='bbox 2979 2872 3126 2926; x_wconf 91' lang='lat' dir='ltr'><strong>addit</strong></span> <span class='ocrx_word' id='word_1_705' title='bbox 3149 2873 3403 2943; x_wconf 87' lang='lat' dir='ltr'><strong>epistolas</strong></span> <span class='ocrx_word' id='word_1_706' title='bbox 3425 2882 3505 2929; x_wconf 82' lang='lat' dir='ltr'><strong>te-</strong></span> 
     </span>
    </p>
   </div>
   <div class='ocr_carea' id='block_1_90' title="bbox 1920 2960 3506 3032">
    <p class='ocr_par' dir='ltr' id='par_1_90' title="bbox 1920 2960 3506 3032">
     <span class='ocr_line' id='line_1_90' title="bbox 1920 2960 3506 3032; baseline 0.004 -18"><span class='ocrx_word' id='word_1_707' title='bbox 1920 2960 2070 3026; x_wconf 89' lang='lat' dir='ltr'><strong>stari,</strong></span> <span class='ocrx_word' id='word_1_708' title='bbox 2098 2961 2224 3029; x_wconf 91' lang='lat' dir='ltr'><strong>quid</strong></span> <span class='ocrx_word' id='word_1_709' title='bbox 2250 2976 2374 3015; x_wconf 90' lang='lat' dir='ltr'><strong>cum</strong></span> <span class='ocrx_word' id='word_1_710' title='bbox 2403 2961 2622 3016; x_wconf 89' lang='lat' dir='ltr'><strong>absente</strong></span> <span class='ocrx_word' id='word_1_711' title='bbox 2663 2962 2909 3017; x_wconf 85' lang='lat' dir='ltr'><strong>Nebridio</strong></span> <span class='ocrx_word' id='word_1_712' title='bbox 2957 2962 3146 3018; x_wconf 88' lang='lat' dir='ltr'><strong>litteris</strong></span> <span class='ocrx_word' id='word_1_713' title='bbox 3187 2965 3374 3032; x_wconf 87' lang='lat' dir='ltr'><strong>egerit.</strong></span> <span class='ocrx_word' id='word_1_714' title='bbox 3422 2964 3506 3020; x_wconf 89' lang='lat' dir='ltr'><strong>Ad</strong></span> 
     </span>
    </p>
   </div>
   <div class='ocr_carea' id='block_1_91' title="bbox 1923 3053 3508 3125">
    <p class='ocr_par' dir='ltr' id='par_1_91' title="bbox 1923 3053 3508 3125">
     <span class='ocr_line' id='line_1_91' title="bbox 1923 3053 3508 3125; baseline 0.003 -19"><span class='ocrx_word' id='word_1_715' title='bbox 1923 3053 2036 3106; x_wconf 78' lang='lat' dir='ltr'><strong>haec</strong></span> <span class='ocrx_word' id='word_1_716' title='bbox 2061 3071 2186 3122; x_wconf 83' lang='lat' dir='ltr'><strong>ergo</strong></span> <span class='ocrx_word' id='word_1_717' title='bbox 2214 3063 2450 3122; x_wconf 84' lang='lat' dir='ltr'><strong>tempora</strong></span> <span class='ocrx_word' id='word_1_718' title='bbox 2489 3055 2678 3123; x_wconf 88' lang='lat' dir='ltr'><strong>partim</strong></span> <span class='ocrx_word' id='word_1_719' title='bbox 2708 3053 3001 3109; x_wconf 79' lang='lat' dir='ltr'><strong>referendae</strong></span> <span class='ocrx_word' id='word_1_720' title='bbox 3038 3056 3277 3125; x_wconf 61' lang='lat' dir='ltr'><strong>epistolas</strong></span> <span class='ocrx_word' id='word_1_721' title='bbox 3298 3096 3312 3119; x_wconf 87' lang='lat'><strong>,</strong></span> <span class='ocrx_word' id='word_1_722' title='bbox 3345 3055 3412 3111; x_wconf 88' lang='lat' dir='ltr'><strong>ab</strong></span> <span class='ocrx_word' id='word_1_723' title='bbox 3440 3072 3508 3112; x_wconf 91' lang='lat' dir='ltr'><strong>eo</strong></span> 
     </span>
    </p>
   </div>
   <div class='ocr_carea' id='block_1_92' title="bbox 1923 3145 3509 3215">
    <p class='ocr_par' dir='ltr' id='par_1_92' title="bbox 1923 3145 3509 3215">
     <span class='ocr_line' id='line_1_92' title="bbox 1923 3145 3509 3215; baseline 0.004 -17"><span class='ocrx_word' id='word_1_724' title='bbox 1923 3146 2133 3212; x_wconf 65' lang='lat' dir='ltr'><strong>scriptae</strong></span> <span class='ocrx_word' id='word_1_725' title='bbox 2160 3145 2225 3198; x_wconf 90' lang='lat' dir='ltr'><strong>ad</strong></span> <span class='ocrx_word' id='word_1_726' title='bbox 2257 3145 2584 3212; x_wconf 81' lang='lat' dir='ltr'><strong>Nebridium,</strong></span> <span class='ocrx_word' id='word_1_727' title='bbox 2612 3148 2823 3215; x_wconf 87' lang='lat' dir='ltr'><strong>quicum</strong></span> <span class='ocrx_word' id='word_1_728' title='bbox 2848 3157 2965 3200; x_wconf 89' lang='lat' dir='ltr'><strong>erat</strong></span> <span class='ocrx_word' id='word_1_729' title='bbox 2983 3162 3090 3202; x_wconf 84' lang='lat' dir='ltr'><strong>non</strong></span> <span class='ocrx_word' id='word_1_730' title='bbox 3118 3147 3310 3202; x_wconf 88' lang='lat' dir='ltr'><strong>minori</strong></span> <span class='ocrx_word' id='word_1_731' title='bbox 3340 3147 3509 3205; x_wconf 79' lang='lat' dir='ltr'><strong>ferme</strong></span> 
     </span>
    </p>
   </div>
   <div class='ocr_carea' id='block_1_93' title="bbox 1922 3235 3508 3307">
    <p class='ocr_par' dir='ltr' id='par_1_93' title="bbox 1922 3235 3508 3307">
     <span class='ocr_line' id='line_1_93' title="bbox 1922 3235 3508 3307; baseline 0.002 -18"><span class='ocrx_word' id='word_1_732' title='bbox 1922 3251 2077 3304; x_wconf 87' lang='lat' dir='ltr'><strong>quam</strong></span> <span class='ocrx_word' id='word_1_733' title='bbox 2105 3251 2224 3289; x_wconf 90' lang='lat' dir='ltr'><strong>cum</strong></span> <span class='ocrx_word' id='word_1_734' title='bbox 2269 3235 2461 3304; x_wconf 88' lang='lat' dir='ltr'><strong>Alypio</strong></span> <span class='ocrx_word' id='word_1_735' title='bbox 2507 3237 2897 3291; x_wconf 85' lang='lat' dir='ltr'><strong>necessitudine</strong></span> <span class='ocrx_word' id='word_1_736' title='bbox 2938 3237 3272 3307; x_wconf 89' lang='lat' dir='ltr'><strong>conjunctus.</strong></span> <span class='ocrx_word' id='word_1_737' title='bbox 3318 3235 3508 3293; x_wconf 90' lang='lat' dir='ltr'><strong>Nebri-</strong></span> 
     </span>
    </p>
   </div>
   <div class='ocr_carea' id='block_1_94' title="bbox 1924 3326 3509 3395">
    <p class='ocr_par' dir='ltr' id='par_1_94' title="bbox 1924 3326 3509 3395">
     <span class='ocr_line' id='line_1_94' title="bbox 1924 3326 3509 3395; baseline 0.002 -16"><span class='ocrx_word' id='word_1_738' title='bbox 1924 3326 2040 3380; x_wconf 86' lang='lat' dir='ltr'><strong>dius</strong></span> <span class='ocrx_word' id='word_1_739' title='bbox 2067 3327 2318 3395; x_wconf 83' lang='lat' dir='ltr'><strong>singulari</strong></span> <span class='ocrx_word' id='word_1_740' title='bbox 2349 3326 2606 3391; x_wconf 89' lang='lat' dir='ltr'><strong>bonitate,</strong></span> <span class='ocrx_word' id='word_1_741' title='bbox 2636 3342 2842 3380; x_wconf 90' lang='lat' dir='ltr'><strong>summa</strong></span> <span class='ocrx_word' id='word_1_742' title='bbox 2867 3327 3167 3395; x_wconf 87' lang='lat' dir='ltr'><strong>prudentia,</strong></span> <span class='ocrx_word' id='word_1_743' title='bbox 3197 3336 3253 3382; x_wconf 91' lang='lat' dir='ltr'><strong>et</strong></span> <span class='ocrx_word' id='word_1_744' title='bbox 3281 3327 3509 3382; x_wconf 87' lang='lat' dir='ltr'><strong>mirabili</strong></span> 
     </span>
    </p>
   </div>
   <div class='ocr_carea' id='block_1_95' title="bbox 1925 3415 3510 3486">
    <p class='ocr_par' dir='ltr' id='par_1_95' title="bbox 1925 3415 3510 3486">
     <span class='ocr_line' id='line_1_95' title="bbox 1925 3415 3510 3486; baseline 0.001 -17"><span class='ocrx_word' id='word_1_745' title='bbox 1925 3416 2136 3484; x_wconf 83' lang='lat' dir='ltr'><strong>ingenio</strong></span> <span class='ocrx_word' id='word_1_746' title='bbox 2172 3415 2514 3479; x_wconf 88' lang='lat' dir='ltr'><strong>adolescens,</strong></span> <span class='ocrx_word' id='word_1_747' title='bbox 2547 3416 2766 3486; x_wconf 85' lang='lat' dir='ltr'><strong>patriam</strong></span> <span class='ocrx_word' id='word_1_748' title='bbox 2807 3416 2990 3472; x_wconf 87' lang='lat' dir='ltr'><strong>habuit</strong></span> <span class='ocrx_word' id='word_1_749' title='bbox 3024 3417 3250 3471; x_wconf 86' lang='lat' dir='ltr'><strong>vicinam</strong></span> <span class='ocrx_word' id='word_1_750' title='bbox 3289 3417 3510 3472; x_wconf 81' lang='lat' dir='ltr'><strong>Cartha—</strong></span> 
     </span>
    </p>
   </div>
   <div class='ocr_carea' id='block_1_96' title="bbox 1923 3505 3503 3575">
    <p class='ocr_par' dir='ltr' id='par_1_96' title="bbox 1923 3505 3503 3575">
     <span class='ocr_line' id='line_1_96' title="bbox 1923 3505 3503 3575; baseline 0.003 -18"><span class='ocrx_word' id='word_1_751' title='bbox 1923 3506 2065 3575; x_wconf 83' lang='lat' dir='ltr'><strong>gini;</strong></span> <span class='ocrx_word' id='word_1_752' title='bbox 2094 3522 2194 3575; x_wconf 90' lang='lat' dir='ltr'><strong>qua</strong></span> <span class='ocrx_word' id='word_1_753' title='bbox 2217 3509 2268 3560; x_wconf 92' lang='lat' dir='ltr'><strong>in</strong></span> <span class='ocrx_word' id='word_1_754' title='bbox 2295 3507 2422 3560; x_wconf 90' lang='lat' dir='ltr'><strong>urbe</strong></span> <span class='ocrx_word' id='word_1_755' title='bbox 2446 3522 2567 3560; x_wconf 89' lang='lat' dir='ltr'><strong>cum</strong></span> <span class='ocrx_word' id='word_1_756' title='bbox 2593 3516 2734 3560; x_wconf 87' lang='lat' dir='ltr'><strong>esset</strong></span> <span class='ocrx_word' id='word_1_757' title='bbox 2764 3505 3243 3575; x_wconf 79' lang='lat' dir='ltr'><strong>frequentissimus,</strong></span> <span class='ocrx_word' id='word_1_758' title='bbox 3262 3508 3503 3562; x_wconf 86' lang='lat' dir='ltr'><strong>arctissi-</strong></span> 
     </span>
    </p>
   </div>
   <div class='ocr_carea' id='block_1_97' title="bbox 1925 3595 3507 3665">
    <p class='ocr_par' dir='ltr' id='par_1_97' title="bbox 1925 3595 3507 3665">
     <span class='ocr_line' id='line_1_97' title="bbox 1925 3595 3507 3665; baseline -0.001 -16"><span class='ocrx_word' id='word_1_759' title='bbox 1925 3611 2064 3649; x_wconf 87' lang='lat' dir='ltr'><strong>mam</strong></span> <span class='ocrx_word' id='word_1_760' title='bbox 2091 3611 2214 3650; x_wconf 87' lang='lat' dir='ltr'><strong>cum</strong></span> <span class='ocrx_word' id='word_1_761' title='bbox 2244 3597 2536 3665; x_wconf 87' lang='lat' dir='ltr'><strong>Augustino</strong></span> <span class='ocrx_word' id='word_1_762' title='bbox 2565 3595 2846 3649; x_wconf 75' lang='lat' dir='ltr'><strong>rhetorica:</strong></span> <span class='ocrx_word' id='word_1_763' title='bbox 2874 3595 3004 3649; x_wconf 88' lang='lat' dir='ltr'><strong>artis</strong></span> <span class='ocrx_word' id='word_1_764' title='bbox 3047 3603 3172 3650; x_wconf 84' lang='lat' dir='ltr'><strong>tunc</strong></span> <span class='ocrx_word' id='word_1_765' title='bbox 3199 3597 3306 3651; x_wconf 88' lang='lat' dir='ltr'><strong>illic</strong></span> <span class='ocrx_word' id='word_1_766' title='bbox 3335 3597 3507 3665; x_wconf 79' lang='lat' dir='ltr'><strong>magi-</strong></span> 
     </span>
    </p>
   </div>
   <div class='ocr_carea' id='block_1_98' title="bbox 1926 3684 3506 3758">
    <p class='ocr_par' dir='ltr' id='par_1_98' title="bbox 1926 3684 3506 3758">
     <span class='ocr_line' id='line_1_98' title="bbox 1926 3684 3506 3758; baseline -0.001 -18"><span class='ocrx_word' id='word_1_767' title='bbox 1926 3695 2037 3740; x_wconf 89' lang='lat' dir='ltr'><strong>stro</strong></span> <span class='ocrx_word' id='word_1_768' title='bbox 2060 3686 2345 3740; x_wconf 87' lang='lat' dir='ltr'><strong>amicitiam</strong></span> <span class='ocrx_word' id='word_1_769' title='bbox 2364 3693 2419 3739; x_wconf 88' lang='lat' dir='ltr'><strong>et</strong></span> <span class='ocrx_word' id='word_1_770' title='bbox 2433 3685 2868 3740; x_wconf 87' lang='lat' dir='ltr'><strong>consuetudinem</strong></span> <span class='ocrx_word' id='word_1_771' title='bbox 2891 3685 3139 3755; x_wconf 85' lang='lat' dir='ltr'><strong>junxerat</strong></span> <span class='ocrx_word' id='word_1_772' title='bbox 3153 3684 3335 3758; x_wconf 88' lang='lat' dir='ltr'><strong>(Ibid.,</strong></span> <span class='ocrx_word' id='word_1_773' title='bbox 3350 3686 3437 3741; x_wconf 93' lang='lat' dir='ltr'><strong>lib.</strong></span> <span class='ocrx_word' id='word_1_774' title='bbox 3452 3689 3506 3749; x_wconf 72' lang='grc'><strong>4,</strong></span> 
     </span>
    </p>
   </div>
   <div class='ocr_carea' id='block_1_99' title="bbox 1925 3776 3506 3846">
    <p class='ocr_par' dir='ltr' id='par_1_99' title="bbox 1925 3776 3506 3846">
     <span class='ocr_line' id='line_1_99' title="bbox 1925 3776 3506 3846; baseline 0 -18"><span class='ocrx_word' id='word_1_775' title='bbox 1925 3792 2040 3844; x_wconf 85' lang='lat' dir='ltr'><strong>cap.</strong></span> <span class='ocrx_word' id='word_1_776' title='bbox 2062 3777 2184 3839; x_wconf 66' lang='lat'><strong>5,11.</strong></span> <span class='ocrx_word' id='word_1_777' title='bbox 2206 3776 2237 3829; x_wconf 90' lang='lat'>6</span> <span class='ocrx_word' id='word_1_778' title='bbox 2258 3776 2372 3840; x_wconf 80' lang='lat' dir='ltr'><strong>;lib.</strong></span> <span class='ocrx_word' id='word_1_779' title='bbox 2391 3776 2421 3830; x_wconf 86' lang='lat'><strong>6</strong></span> <span class='ocrx_word' id='word_1_780' title='bbox 2442 3791 2454 3840; x_wconf 93' lang='lat'><strong>;</strong></span> <span class='ocrx_word' id='word_1_781' title='bbox 2479 3793 2593 3844; x_wconf 88' lang='lat' dir='ltr'><strong>cap.</strong></span> <span class='ocrx_word' id='word_1_782' title='bbox 2612 3776 2698 3842; x_wconf 86' lang='grc'><strong>10,</strong></span> <span class='ocrx_word' id='word_1_783' title='bbox 2713 3793 2766 3830; x_wconf 88' lang='lat' dir='ltr'><strong>n.</strong></span> <span class='ocrx_word' id='word_1_784' title='bbox 2792 3777 2856 3830; x_wconf 87' lang='grc'><strong>17</strong></span> <span class='ocrx_word' id='word_1_785' title='bbox 2881 3791 2894 3840; x_wconf 91' lang='grc'><strong>;</strong></span> <span class='ocrx_word' id='word_1_786' title='bbox 2926 3776 3012 3829; x_wconf 85' lang='lat' dir='ltr'><strong>lib.</strong></span> <span class='ocrx_word' id='word_1_787' title='bbox 3032 3777 3062 3830; x_wconf 90' lang='lat'><strong>7</strong></span> <span class='ocrx_word' id='word_1_788' title='bbox 3085 3816 3100 3842; x_wconf 91' lang='lat'><strong>,</strong></span> <span class='ocrx_word' id='word_1_789' title='bbox 3131 3792 3246 3846; x_wconf 90' lang='lat' dir='ltr'><strong>cap.</strong></span> <span class='ocrx_word' id='word_1_790' title='bbox 3266 3776 3329 3844; x_wconf 87' lang='lat'><strong>6,</strong></span> <span class='ocrx_word' id='word_1_791' title='bbox 3352 3793 3406 3832; x_wconf 90' lang='lat' dir='ltr'><strong>n.</strong></span> <span class='ocrx_word' id='word_1_792' title='bbox 3427 3776 3506 3846; x_wconf 89' lang='lat'><strong>8).</strong></span> 
     </span>
    </p>
   </div>
   <div class='ocr_carea' id='block_1_100' title="bbox 1926 3864 3509 3936">
    <p class='ocr_par' dir='ltr' id='par_1_100' title="bbox 1926 3864 3509 3936">
     <span class='ocr_line' id='line_1_100' title="bbox 1926 3864 3509 3936; baseline 0.001 -18"><span class='ocrx_word' id='word_1_793' title='bbox 1926 3864 2041 3918; x_wconf 89' lang='lat' dir='ltr'><strong>Non</strong></span> <span class='ocrx_word' id='word_1_794' title='bbox 2095 3875 2272 3919; x_wconf 86' lang='lat' dir='ltr'><strong>tamen</strong></span> <span class='ocrx_word' id='word_1_795' title='bbox 2332 3875 2761 3919; x_wconf 89' lang='lat' dir='ltr'><strong>astronomorum</strong></span> <span class='ocrx_word' id='word_1_796' title='bbox 2821 3866 3177 3934; x_wconf 88' lang='lat' dir='ltr'><strong>commentis,</strong></span> <span class='ocrx_word' id='word_1_797' title='bbox 3230 3866 3509 3936; x_wconf 83' lang='lat' dir='ltr'><strong>Augustini</strong></span> 
     </span>
    </p>
   </div>
   <div class='ocr_carea' id='block_1_101' title="bbox 1927 3956 3516 4027">
    <p class='ocr_par' dir='ltr' id='par_1_101' title="bbox 1927 3956 3516 4027">
     <span class='ocr_line' id='line_1_101' title="bbox 1927 3956 3516 4027; baseline 0.001 -17"><span class='ocrx_word' id='word_1_798' title='bbox 1927 3957 2194 4026; x_wconf 82' lang='lat' dir='ltr'><strong>exemplo,</strong></span> <span class='ocrx_word' id='word_1_799' title='bbox 2227 3971 2343 4011; x_wconf 85' lang='lat' dir='ltr'><strong>sese</strong></span> <span class='ocrx_word' id='word_1_800' title='bbox 2368 3957 2536 4025; x_wconf 88' lang='lat' dir='ltr'><strong>decipi</strong></span> <span class='ocrx_word' id='word_1_801' title='bbox 2574 3956 2814 4026; x_wconf 87' lang='lat' dir='ltr'><strong>permisit</strong></span> <span class='ocrx_word' id='word_1_802' title='bbox 2845 3973 2860 4011; x_wconf 87' lang='lat'><strong>:</strong></span> <span class='ocrx_word' id='word_1_803' title='bbox 2893 3958 3000 4011; x_wconf 91' lang='lat' dir='ltr'><strong>i-mo</strong></span> <span class='ocrx_word' id='word_1_804' title='bbox 3038 3957 3123 4011; x_wconf 88' lang='lat' dir='ltr'><strong>illa</strong></span> <span class='ocrx_word' id='word_1_805' title='bbox 3145 3958 3436 4027; x_wconf 83' lang='lat' dir='ltr'><strong>cxplodens</strong></span> <span class='ocrx_word' id='word_1_806' title='bbox 3459 3967 3516 4012; x_wconf 88' lang='lat' dir='ltr'><strong>et</strong></span> 
     </span>
    </p>
   </div>
   <div class='ocr_carea' id='block_1_102' title="bbox 1927 4046 3512 4118">
    <p class='ocr_par' dir='ltr' id='par_1_102' title="bbox 1927 4046 3512 4118">
     <span class='ocr_line' id='line_1_102' title="bbox 1927 4046 3512 4118; baseline 0.001 -18"><span class='ocrx_word' id='word_1_807' title='bbox 1927 4047 2235 4112; x_wconf 69' lang='lat' dir='ltr'><strong>exsibilans,</strong></span> <span class='ocrx_word' id='word_1_808' title='bbox 2269 4048 2614 4116; x_wconf 79' lang='lat' dir='ltr'><strong>Augustinum</strong></span> <span class='ocrx_word' id='word_1_809' title='bbox 2649 4046 2770 4102; x_wconf 87' lang='lat' dir='ltr'><strong>huic</strong></span> <span class='ocrx_word' id='word_1_810' title='bbox 2791 4047 3131 4103; x_wconf 87' lang='lat' dir='ltr'><strong>divinationis</strong></span> <span class='ocrx_word' id='word_1_811' title='bbox 3153 4048 3336 4118; x_wconf 86' lang='lat' dir='ltr'><strong>generi</strong></span> <span class='ocrx_word' id='word_1_812' title='bbox 3364 4048 3512 4102; x_wconf 82' lang='lat' dir='ltr'><strong>miri-</strong></span> 
     </span>
    </p>
   </div>
   <div class='ocr_carea' id='block_1_103' title="bbox 1930 4137 3518 4209">
    <p class='ocr_par' dir='ltr' id='par_1_103' title="bbox 1930 4137 3518 4209">
     <span class='ocr_line' id='line_1_103' title="bbox 1930 4137 3518 4209; baseline 0.001 -19"><span class='ocrx_word' id='word_1_813' title='bbox 1930 4137 2030 4192; x_wconf 82' lang='lat' dir='ltr'><strong>fice</strong></span> <span class='ocrx_word' id='word_1_814' title='bbox 2057 4137 2292 4192; x_wconf 88' lang='lat' dir='ltr'><strong>deditum</strong></span> <span class='ocrx_word' id='word_1_815' title='bbox 2320 4153 2544 4193; x_wconf 82' lang='lat' dir='ltr'><strong>avocare</strong></span> <span class='ocrx_word' id='word_1_816' title='bbox 2573 4138 2698 4192; x_wconf 86' lang='lat' dir='ltr'><strong>inde</strong></span> <span class='ocrx_word' id='word_1_817' title='bbox 2727 4139 3038 4193; x_wconf 88' lang='lat' dir='ltr'><strong>conabatur.</strong></span> <span class='ocrx_word' id='word_1_818' title='bbox 3065 4138 3369 4194; x_wconf 81' lang='lat' dir='ltr'><strong>Verisimile</strong></span> <span class='ocrx_word' id='word_1_819' title='bbox 3391 4154 3518 4209; x_wconf 83' lang='lat' dir='ltr'><strong>quo-</strong></span> 
     </span>
    </p>
   </div>
   <div class='ocr_carea' id='block_1_104' title="bbox 1927 4228 3513 4296">
    <p class='ocr_par' dir='ltr' id='par_1_104' title="bbox 1927 4228 3513 4296">
     <span class='ocr_line' id='line_1_104' title="bbox 1927 4228 3513 4296; baseline 0.002 -15"><span class='ocrx_word' id='word_1_820' title='bbox 1927 4243 2032 4296; x_wconf 89' lang='lat' dir='ltr'><strong>quc</strong></span> <span class='ocrx_word' id='word_1_821' title='bbox 2086 4238 2209 4292; x_wconf 88' lang='lat' dir='ltr'><strong>est,</strong></span> <span class='ocrx_word' id='word_1_822' title='bbox 2262 4228 2572 4284; x_wconf 85' lang='lat' dir='ltr'><strong>Nebridium</strong></span> <span class='ocrx_word' id='word_1_823' title='bbox 2629 4228 3040 4284; x_wconf 60' lang='lat' dir='ltr'><strong>Manichaeorum</strong></span> <span class='ocrx_word' id='word_1_824' title='bbox 3087 4230 3357 4284; x_wconf 88' lang='lat' dir='ltr'><strong>erroribus</strong></span> <span class='ocrx_word' id='word_1_825' title='bbox 3405 4244 3513 4284; x_wconf 88' lang='lat' dir='ltr'><strong>non</strong></span> 
     </span>
    </p>
   </div>
   <div class='ocr_carea' id='block_1_105' title="bbox 1929 4320 3513 4391">
    <p class='ocr_par' dir='ltr' id='par_1_105' title="bbox 1929 4320 3513 4391">
     <span class='ocr_line' id='line_1_105' title="bbox 1929 4320 3513 4391; baseline 0.001 -19"><span class='ocrx_word' id='word_1_826' title='bbox 1929 4321 2090 4374; x_wconf 86' lang='lat' dir='ltr'><strong>fuisse</strong></span> <span class='ocrx_word' id='word_1_827' title='bbox 2117 4320 2464 4388; x_wconf 86' lang='lat' dir='ltr'><strong>implicatum,</strong></span> <span class='ocrx_word' id='word_1_828' title='bbox 2488 4335 2607 4374; x_wconf 90' lang='lat' dir='ltr'><strong>cum</strong></span> <span class='ocrx_word' id='word_1_829' title='bbox 2637 4335 2731 4374; x_wconf 90' lang='lat' dir='ltr'><strong>eos</strong></span> <span class='ocrx_word' id='word_1_830' title='bbox 2759 4331 3093 4390; x_wconf 88' lang='lat' dir='ltr'><strong>argumento,</strong></span> <span class='ocrx_word' id='word_1_831' title='bbox 3117 4337 3181 4375; x_wconf 82' lang='lat' dir='ltr'><strong>ex</strong></span> <span class='ocrx_word' id='word_1_832' title='bbox 3213 4335 3317 4389; x_wconf 91' lang='lat' dir='ltr'><strong>quo</strong></span> <span class='ocrx_word' id='word_1_833' title='bbox 3343 4336 3513 4391; x_wconf 79' lang='lat' dir='ltr'><strong>expe-</strong></span> 
     </span>
    </p>
   </div>
   <div class='ocr_carea' id='block_1_106' title="bbox 1927 4411 3511 4482">
    <p class='ocr_par' dir='ltr' id='par_1_106' title="bbox 1927 4411 3511 4482">
     <span class='ocr_line' id='line_1_106' title="bbox 1927 4411 3511 4482; baseline 0.001 -17"><span class='ocrx_word' id='word_1_834' title='bbox 1927 4411 2042 4465; x_wconf 88' lang='lat' dir='ltr'><strong>dire</strong></span> <span class='ocrx_word' id='word_1_835' title='bbox 2068 4426 2126 4465; x_wconf 90' lang='lat' dir='ltr'><strong>se</strong></span> <span class='ocrx_word' id='word_1_836' title='bbox 2157 4428 2260 4464; x_wconf 92' lang='lat' dir='ltr'><strong>non</strong></span> <span class='ocrx_word' id='word_1_837' title='bbox 2289 4421 2552 4479; x_wconf 88' lang='lat' dir='ltr'><strong>poterant,</strong></span> <span class='ocrx_word' id='word_1_838' title='bbox 2585 4427 2691 4466; x_wconf 91' lang='lat' dir='ltr'><strong>non</strong></span> <span class='ocrx_word' id='word_1_839' title='bbox 2730 4413 3064 4482; x_wconf 84' lang='lat' dir='ltr'><strong>impugnaret</strong></span> <span class='ocrx_word' id='word_1_840' title='bbox 3104 4413 3261 4466; x_wconf 88' lang='lat' dir='ltr'><strong>modo</strong></span> <span class='ocrx_word' id='word_1_841' title='bbox 3285 4454 3299 4476; x_wconf 91' lang='lat'><strong>,</strong></span> <span class='ocrx_word' id='word_1_842' title='bbox 3327 4428 3511 4467; x_wconf 86' lang='lat' dir='ltr'><strong>verum</strong></span> 
     </span>
    </p>
   </div>
   <div class='ocr_carea' id='block_1_107' title="bbox 1929 4504 3513 4574">
    <p class='ocr_par' dir='ltr' id='par_1_107' title="bbox 1929 4504 3513 4574">
     <span class='ocr_line' id='line_1_107' title="bbox 1929 4504 3513 4574; baseline 0.001 -17"><span class='ocrx_word' id='word_1_843' title='bbox 1929 4505 2087 4557; x_wconf 90' lang='lat' dir='ltr'><strong>etiam</strong></span> <span class='ocrx_word' id='word_1_844' title='bbox 2113 4513 2440 4573; x_wconf 80' lang='lat' dir='ltr'><strong>expugnaret</strong></span> <span class='ocrx_word' id='word_1_845' title='bbox 2470 4522 2481 4556; x_wconf 92' lang='lat'>:</span> <span class='ocrx_word' id='word_1_846' title='bbox 2512 4504 2650 4557; x_wconf 89' lang='lat' dir='ltr'><strong>unde</strong></span> <span class='ocrx_word' id='word_1_847' title='bbox 2677 4513 2730 4557; x_wconf 86' lang='lat' dir='ltr'><strong>et</strong></span> <span class='ocrx_word' id='word_1_848' title='bbox 2755 4505 2926 4572; x_wconf 88' lang='lat' dir='ltr'><strong>ipsum</strong></span> <span class='ocrx_word' id='word_1_849' title='bbox 2951 4506 3321 4574; x_wconf 83' lang='lat' dir='ltr'><strong>Augustinum,</strong></span> <span class='ocrx_word' id='word_1_850' title='bbox 3346 4513 3400 4559; x_wconf 90' lang='lat' dir='ltr'><strong>et</strong></span> <span class='ocrx_word' id='word_1_851' title='bbox 3419 4519 3513 4560; x_wconf 91' lang='lat' dir='ltr'><strong>eos</strong></span> 
     </span>
    </p>
   </div>
   <div class='ocr_carea' id='block_1_108' title="bbox 1929 4593 3510 4666">
    <p class='ocr_par' dir='ltr' id='par_1_108' title="bbox 1929 4593 3510 4666">
     <span class='ocr_line' id='line_1_108' title="bbox 1929 4593 3510 4666; baseline 0 -19"><span class='ocrx_word' id='word_1_852' title='bbox 1929 4595 2016 4662; x_wconf 93' lang='lat' dir='ltr'><strong>qui</strong></span> <span class='ocrx_word' id='word_1_853' title='bbox 2051 4594 2353 4657; x_wconf 87' lang='lat' dir='ltr'><strong>audiebant,</strong></span> <span class='ocrx_word' id='word_1_854' title='bbox 2387 4594 2720 4648; x_wconf 90' lang='lat' dir='ltr'><strong>concutiebat</strong></span> <span class='ocrx_word' id='word_1_855' title='bbox 2745 4593 2930 4666; x_wconf 87' lang='lat' dir='ltr'><strong>(lbid.,</strong></span> <span class='ocrx_word' id='word_1_856' title='bbox 2953 4594 3037 4647; x_wconf 84' lang='lat' dir='ltr'><strong>(ib.</strong></span> <span class='ocrx_word' id='word_1_857' title='bbox 3062 4596 3114 4661; x_wconf 90' lang='lat'><strong>7,</strong></span> <span class='ocrx_word' id='word_1_858' title='bbox 3143 4613 3256 4666; x_wconf 89' lang='lat' dir='ltr'><strong>cap.</strong></span> <span class='ocrx_word' id='word_1_859' title='bbox 3275 4595 3328 4660; x_wconf 90' lang='lat'><strong>2,</strong></span> <span class='ocrx_word' id='word_1_860' title='bbox 3350 4612 3404 4650; x_wconf 90' lang='lat' dir='ltr'><strong>n.</strong></span> <span class='ocrx_word' id='word_1_861' title='bbox 3431 4595 3510 4665; x_wconf 74' lang='grc' dir='ltr'><strong>ὅ).</strong></span> 
     </span>
    </p>
   </div>
   <div class='ocr_carea' id='block_1_109' title="bbox 1932 4683 3512 4756">
    <p class='ocr_par' dir='ltr' id='par_1_109' title="bbox 1932 4683 3512 4756">
     <span class='ocr_line' id='line_1_109' title="bbox 1932 4683 3512 4756; baseline 0.001 -20"><span class='ocrx_word' id='word_1_862' title='bbox 1932 4683 1987 4738; x_wconf 90' lang='lat' dir='ltr'><strong>ln</strong></span> <span class='ocrx_word' id='word_1_863' title='bbox 2015 4685 2224 4738; x_wconf 91' lang='lat' dir='ltr'><strong>illorum</strong></span> <span class='ocrx_word' id='word_1_864' title='bbox 2255 4696 2429 4738; x_wconf 88' lang='lat' dir='ltr'><strong>tamen</strong></span> <span class='ocrx_word' id='word_1_865' title='bbox 2457 4684 2825 4740; x_wconf 63' lang='lat' dir='ltr'><strong>haereticorum</strong></span> <span class='ocrx_word' id='word_1_866' title='bbox 2867 4702 3050 4741; x_wconf 90' lang='lat' dir='ltr'><strong>errore</strong></span> <span class='ocrx_word' id='word_1_867' title='bbox 3088 4686 3390 4756; x_wconf 87' lang='lat' dir='ltr'><strong>aliquandiu</strong></span> <span class='ocrx_word' id='word_1_868' title='bbox 3423 4685 3512 4756; x_wconf 82' lang='lat' dir='ltr'><strong>ja-</strong></span> 
     </span>
    </p>
   </div>
   <div class='ocr_carea' id='block_1_110' title="bbox 1929 4777 3515 4847">
    <p class='ocr_par' dir='ltr' id='par_1_110' title="bbox 1929 4777 3515 4847">
     <span class='ocr_line' id='line_1_110' title="bbox 1929 4777 3515 4847; baseline 0.003 -17"><span class='ocrx_word' id='word_1_869' title='bbox 1929 4777 2076 4841; x_wconf 89' lang='lat' dir='ltr'><strong>cuit,</strong></span> <span class='ocrx_word' id='word_1_870' title='bbox 2105 4778 2194 4846; x_wconf 90' lang='lat' dir='ltr'><strong>qui</strong></span> <span class='ocrx_word' id='word_1_871' title='bbox 2240 4777 2436 4832; x_wconf 89' lang='lat' dir='ltr'><strong>Christi</strong></span> <span class='ocrx_word' id='word_1_872' title='bbox 2478 4793 2692 4832; x_wconf 85' lang='lat' dir='ltr'><strong>carnem</strong></span> <span class='ocrx_word' id='word_1_873' title='bbox 2741 4777 3050 4847; x_wconf 86' lang='lat' dir='ltr'><strong>phantasma</strong></span> <span class='ocrx_word' id='word_1_874' title='bbox 3089 4778 3416 4833; x_wconf 89' lang='lat' dir='ltr'><strong>credebant:</strong></span> <span class='ocrx_word' id='word_1_875' title='bbox 3445 4793 3515 4834; x_wconf 78' lang='lat' dir='ltr'><strong>cx</strong></span> 
     </span>
    </p>
   </div>
   <div class='ocr_carea' id='block_1_111' title="bbox 1929 4869 3511 4941">
    <p class='ocr_par' dir='ltr' id='par_1_111' title="bbox 1929 4869 3511 4941">
     <span class='ocr_line' id='line_1_111' title="bbox 1929 4869 3511 4941; baseline 0 -17"><span class='ocrx_word' id='word_1_876' title='bbox 1929 4885 2034 4941; x_wconf 91' lang='lat' dir='ltr'><strong>quo</strong></span> <span class='ocrx_word' id='word_1_877' title='bbox 2061 4870 2271 4924; x_wconf 90' lang='lat' dir='ltr'><strong>tandem</strong></span> <span class='ocrx_word' id='word_1_878' title='bbox 2298 4871 2456 4925; x_wconf 88' lang='lat' dir='ltr'><strong>etiam</strong></span> <span class='ocrx_word' id='word_1_879' title='bbox 2486 4879 2610 4924; x_wconf 90' lang='lat' dir='ltr'><strong>ante</strong></span> <span class='ocrx_word' id='word_1_880' title='bbox 2637 4880 2936 4940; x_wconf 89' lang='lat' dir='ltr'><strong>susceptam</strong></span> <span class='ocrx_word' id='word_1_881' title='bbox 2981 4870 3136 4924; x_wconf 77' lang='lat' dir='ltr'><strong>fidem</strong></span> <span class='ocrx_word' id='word_1_882' title='bbox 3164 4869 3511 4924; x_wconf 77' lang='lat' dir='ltr'><strong>christianum</strong></span> 
     </span>
    </p>
   </div>
   <div class='ocr_carea' id='block_1_112' title="bbox 1929 4959 3513 5032">
    <p class='ocr_par' dir='ltr' id='par_1_112' title="bbox 1929 4959 3513 5032">
     <span class='ocr_line' id='line_1_112' title="bbox 1929 4959 3513 5032; baseline -0.003 -13"><span class='ocrx_word' id='word_1_883' title='bbox 1929 4961 2450 5032; x_wconf 87' lang='lat' dir='ltr'><strong>emersit(lbid.,lib.</strong></span> <span class='ocrx_word' id='word_1_884' title='bbox 2481 4962 2535 5027; x_wconf 91' lang='lat'><strong>9,</strong></span> <span class='ocrx_word' id='word_1_885' title='bbox 2565 4978 2680 5032; x_wconf 86' lang='lat' dir='ltr'><strong>cap.</strong></span> <span class='ocrx_word' id='word_1_886' title='bbox 2714 4963 2766 5027; x_wconf 82' lang='lat'><strong>&#39;5,</strong></span> <span class='ocrx_word' id='word_1_887' title='bbox 2798 4978 2850 5015; x_wconf 92' lang='lat' dir='ltr'><strong>n.</strong></span> <span class='ocrx_word' id='word_1_888' title='bbox 2899 4961 2978 5031; x_wconf 90' lang='lat'><strong>6).</strong></span> <span class='ocrx_word' id='word_1_889' title='bbox 3027 4961 3156 5016; x_wconf 85' lang='lat' dir='ltr'><strong>Cum</strong></span> <span class='ocrx_word' id='word_1_890' title='bbox 3186 4959 3513 5031; x_wconf 86' lang='lat' dir='ltr'><strong>Augustinus</strong></span> 
     </span>
    </p>
   </div>
   <div class='ocr_carea' id='block_1_113' title="bbox 1931 5048 3508 5121">
    <p class='ocr_par' dir='ltr' id='par_1_113' title="bbox 1931 5048 3508 5121">
     <span class='ocr_line' id='line_1_113' title="bbox 1931 5048 3508 5121; baseline -0.002 -14"><span class='ocrx_word' id='word_1_891' title='bbox 1931 5052 2282 5108; x_wconf 75' lang='lat' dir='ltr'><strong>Mediolanum</strong></span> <span class='ocrx_word' id='word_1_892' title='bbox 2304 5053 2554 5118; x_wconf 87' lang='lat' dir='ltr'><strong>venisset,</strong></span> <span class='ocrx_word' id='word_1_893' title='bbox 2580 5052 2859 5107; x_wconf 86' lang='lat' dir='ltr'><strong>Nebridius</strong></span> <span class='ocrx_word' id='word_1_894' title='bbox 2878 5064 3087 5121; x_wconf 87' lang='lat' dir='ltr'><strong>quoque</strong></span> <span class='ocrx_word' id='word_1_895' title='bbox 3108 5050 3288 5104; x_wconf 83' lang='lat' dir='ltr'><strong>relicta</strong></span> <span class='ocrx_word' id='word_1_896' title='bbox 3318 5048 3508 5120; x_wconf 88' lang='lat' dir='ltr'><strong>patria,</strong></span> 
     </span>
    </p>
   </div>
   <div class='ocr_carea' id='block_1_114' title="bbox 1932 5140 3516 5216">
    <p class='ocr_par' dir='ltr' id='par_1_114' title="bbox 1932 5140 3516 5216">
     <span class='ocr_line' id='line_1_114' title="bbox 1932 5140 3516 5216; baseline -0.002 -17"><span class='ocrx_word' id='word_1_897' title='bbox 1932 5145 2151 5216; x_wconf 84' lang='lat' dir='ltr'><strong>ipsaque</strong></span> <span class='ocrx_word' id='word_1_898' title='bbox 2177 5142 2496 5213; x_wconf 86' lang='lat' dir='ltr'><strong>Carthagine</strong></span> <span class='ocrx_word' id='word_1_899' title='bbox 2516 5185 2531 5209; x_wconf 95' lang='lat'><strong>,</strong></span> <span class='ocrx_word' id='word_1_900' title='bbox 2561 5144 2745 5199; x_wconf 87' lang='lat' dir='ltr'><strong>relicto</strong></span> <span class='ocrx_word' id='word_1_901' title='bbox 2784 5142 3016 5209; x_wconf 63' lang='lat' dir='ltr'><strong>praedio,</strong></span> <span class='ocrx_word' id='word_1_902' title='bbox 3043 5140 3224 5197; x_wconf 85' lang='lat' dir='ltr'><strong>relicta</strong></span> <span class='ocrx_word' id='word_1_903' title='bbox 3264 5140 3424 5196; x_wconf 91' lang='lat' dir='ltr'><strong>domo</strong></span> <span class='ocrx_word' id='word_1_904' title='bbox 3463 5152 3516 5196; x_wconf 89' lang='lat' dir='ltr'><strong>ct</strong></span> 
     </span>
    </p>
   </div>
   <div class='ocr_carea' id='block_1_115' title="bbox 1933 5233 3518 5297">
    <p class='ocr_par' dir='ltr' id='par_1_115' title="bbox 1933 5233 3518 5297">
     <span class='ocr_line' id='line_1_115' title="bbox 1933 5233 3518 5297; baseline -0.003 -6"><span class='ocrx_word' id='word_1_905' title='bbox 1933 5252 2041 5293; x_wconf 88' lang='lat' dir='ltr'><strong>non</strong></span> <span class='ocrx_word' id='word_1_906' title='bbox 2085 5244 2329 5291; x_wconf 89' lang='lat' dir='ltr'><strong>secutura</strong></span> <span class='ocrx_word' id='word_1_907' title='bbox 2378 5244 2565 5297; x_wconf 85' lang='lat' dir='ltr'><strong>matre,</strong></span> <span class='ocrx_word' id='word_1_908' title='bbox 2615 5233 2968 5288; x_wconf 83' lang='lat' dir='ltr'><strong>Mediolanum</strong></span> <span class='ocrx_word' id='word_1_909' title='bbox 3017 5246 3076 5286; x_wconf 88' lang='lat' dir='ltr'><strong>se</strong></span> <span class='ocrx_word' id='word_1_910' title='bbox 3117 5233 3355 5296; x_wconf 87' lang='lat' dir='ltr'><strong>contulit,</strong></span> <span class='ocrx_word' id='word_1_911' title='bbox 3410 5249 3518 5287; x_wconf 85' lang='lat' dir='ltr'><strong>non</strong></span> 
     </span>
    </p>
   </div>
   <div class='ocr_carea' id='block_1_116' title="bbox 1932 5326 3516 5397">
    <p class='ocr_par' dir='ltr' id='par_1_116' title="bbox 1932 5326 3516 5397">
     <span class='ocr_line' id='line_1_116' title="bbox 1932 5326 3516 5397; baseline -0.002 -15"><span class='ocrx_word' id='word_1_912' title='bbox 1932 5328 2041 5383; x_wconf 92' lang='lat' dir='ltr'><strong>alio</strong></span> <span class='ocrx_word' id='word_1_913' title='bbox 2067 5328 2312 5392; x_wconf 90' lang='lat' dir='ltr'><strong>consilio,</strong></span> <span class='ocrx_word' id='word_1_914' title='bbox 2342 5343 2499 5397; x_wconf 90' lang='lat' dir='ltr'><strong>quam</strong></span> <span class='ocrx_word' id='word_1_915' title='bbox 2526 5335 2584 5380; x_wconf 89' lang='lat' dir='ltr'><strong>ut</strong></span> <span class='ocrx_word' id='word_1_916' title='bbox 2607 5341 2707 5380; x_wconf 91' lang='lat' dir='ltr'><strong>una</strong></span> <span class='ocrx_word' id='word_1_917' title='bbox 2734 5339 2854 5379; x_wconf 93' lang='lat' dir='ltr'><strong>cum</strong></span> <span class='ocrx_word' id='word_1_918' title='bbox 2883 5326 3180 5395; x_wconf 85' lang='lat' dir='ltr'><strong>Augustino</strong></span> <span class='ocrx_word' id='word_1_919' title='bbox 3206 5326 3426 5391; x_wconf 91' lang='lat' dir='ltr'><strong>viveret,</strong></span> <span class='ocrx_word' id='word_1_920' title='bbox 3452 5341 3516 5379; x_wconf 88' lang='lat' dir='ltr'><strong>ac</strong></span> 
     </span>
    </p>
   </div>
   <div class='ocr_carea' id='block_1_117' title="bbox 1933 5416 3514 5490">
    <p class='ocr_par' dir='ltr' id='par_1_117' title="bbox 1933 5416 3514 5490">
     <span class='ocr_line' id='line_1_117' title="bbox 1933 5416 3514 5490; baseline -0.002 -15"><span class='ocrx_word' id='word_1_921' title='bbox 1933 5421 2009 5475; x_wconf 92' lang='lat' dir='ltr'><strong>illi</strong></span> <span class='ocrx_word' id='word_1_922' title='bbox 2037 5435 2132 5490; x_wconf 92' lang='lat' dir='ltr'><strong>pro</strong></span> <span class='ocrx_word' id='word_1_923' title='bbox 2151 5419 2526 5475; x_wconf 88' lang='lat' dir='ltr'><strong>ardentissimo</strong></span> <span class='ocrx_word' id='word_1_924' title='bbox 2549 5460 2564 5483; x_wconf 92' lang='lat'><strong>,</strong></span> <span class='ocrx_word' id='word_1_925' title='bbox 2601 5433 2706 5487; x_wconf 91' lang='lat' dir='ltr'><strong>quo</strong></span> <span class='ocrx_word' id='word_1_926' title='bbox 2735 5416 3024 5487; x_wconf 84' lang='lat' dir='ltr'><strong>ﬂagrabat,</strong></span> <span class='ocrx_word' id='word_1_927' title='bbox 3060 5419 3296 5474; x_wconf 87' lang='lat' dir='ltr'><strong>veritatis</strong></span> <span class='ocrx_word' id='word_1_928' title='bbox 3327 5427 3382 5473; x_wconf 90' lang='lat' dir='ltr'><strong>et</strong></span> <span class='ocrx_word' id='word_1_929' title='bbox 3424 5433 3514 5472; x_wconf 78' lang='lat' dir='ltr'><strong>sa-</strong></span> 
     </span>
    </p>
   </div>
   <div class='ocr_carea' id='block_1_118' title="bbox 1934 5507 3511 5580">
    <p class='ocr_par' dir='ltr' id='par_1_118' title="bbox 1934 5507 3511 5580">
     <span class='ocr_line' id='line_1_118' title="bbox 1934 5507 3511 5580; baseline -0.001 -17"><span class='ocrx_word' id='word_1_930' title='bbox 1934 5509 2147 5579; x_wconf 84' lang='lat' dir='ltr'><strong>pientiae</strong></span> <span class='ocrx_word' id='word_1_931' title='bbox 2173 5508 2499 5578; x_wconf 72' lang='lat' dir='ltr'><strong>inquirenda:</strong></span> <span class='ocrx_word' id='word_1_932' title='bbox 2528 5508 2703 5562; x_wconf 88' lang='lat' dir='ltr'><strong>studio</strong></span> <span class='ocrx_word' id='word_1_933' title='bbox 2740 5508 3090 5564; x_wconf 87' lang='lat' dir='ltr'><strong>collaboraret</strong></span> <span class='ocrx_word' id='word_1_934' title='bbox 3131 5507 3420 5580; x_wconf 88' lang='lat' dir='ltr'><strong>(Ibid.,lib.</strong></span> <span class='ocrx_word' id='word_1_935' title='bbox 3455 5507 3511 5575; x_wconf 88' lang='lat'><strong>6,</strong></span> 
     </span>
    </p>
   </div>
   <div class='ocr_carea' id='block_1_119' title="bbox 1931 5599 3512 5672">
    <p class='ocr_par' dir='ltr' id='par_1_119' title="bbox 1931 5599 3512 5672">
     <span class='ocr_line' id='line_1_119' title="bbox 1931 5599 3512 5672; baseline 0 -18"><span class='ocrx_word' id='word_1_936' title='bbox 1931 5600 2148 5670; x_wconf 84' lang='lat' dir='ltr'><strong>cap.lO,</strong></span> <span class='ocrx_word' id='word_1_937' title='bbox 2175 5618 2227 5653; x_wconf 85' lang='grc' dir='ltr'><strong>η.</strong></span> <span class='ocrx_word' id='word_1_938' title='bbox 2249 5601 2355 5671; x_wconf 89' lang='grc'><strong>17).</strong></span> <span class='ocrx_word' id='word_1_939' title='bbox 2382 5600 2584 5654; x_wconf 89' lang='lat' dir='ltr'><strong>Pariter</strong></span> <span class='ocrx_word' id='word_1_940' title='bbox 2607 5601 2925 5670; x_wconf 78' lang='lat' dir='ltr'><strong>su3pirabat,</strong></span> <span class='ocrx_word' id='word_1_941' title='bbox 2954 5602 3258 5672; x_wconf 89' lang='lat' dir='ltr'><strong>pariterque</strong></span> <span class='ocrx_word' id='word_1_942' title='bbox 3288 5599 3512 5654; x_wconf 81' lang='lat' dir='ltr'><strong>ﬂuctua-</strong></span> 
     </span>
    </p>
   </div>
   <div class='ocr_carea' id='block_1_120' title="bbox 1935 5689 3508 5764">
    <p class='ocr_par' dir='ltr' id='par_1_120' title="bbox 1935 5689 3508 5764">
     <span class='ocr_line' id='line_1_120' title="bbox 1935 5689 3508 5764; baseline -0.001 -18"><span class='ocrx_word' id='word_1_943' title='bbox 1935 5691 2025 5746; x_wconf 84' lang='lat' dir='ltr'><strong>bat</strong></span> <span class='ocrx_word' id='word_1_944' title='bbox 2054 5709 2066 5747; x_wconf 90' lang='lat'><strong>:</strong></span> <span class='ocrx_word' id='word_1_945' title='bbox 2099 5691 2307 5749; x_wconf 85' lang='lat' dir='ltr'><strong>beatam</strong></span> <span class='ocrx_word' id='word_1_946' title='bbox 2350 5691 2506 5747; x_wconf 83' lang='lat' dir='ltr'><strong>vitam</strong></span> <span class='ocrx_word' id='word_1_947' title='bbox 2551 5707 2758 5749; x_wconf 88' lang='lat' dir='ltr'><strong>summa</strong></span> <span class='ocrx_word' id='word_1_948' title='bbox 2797 5693 3138 5753; x_wconf 85' lang='lat' dir='ltr'><strong>contentione</strong></span> <span class='ocrx_word' id='word_1_949' title='bbox 3178 5689 3508 5764; x_wconf 78' lang='lat' dir='ltr'><strong>exquirebat,</strong></span> 
     </span>
    </p>
   </div>
   <div class='ocr_carea' id='block_1_121' title="bbox 2869 5792 3106 5861">
    <p class='ocr_par' dir='ltr' id='par_1_121' title="bbox 2869 5792 3106 5861">
     <span class='ocr_line' id='line_1_121' title="bbox 2869 5792 3106 5861; baseline -0.008 -18"><span class='ocrx_word' id='word_1_950' title='bbox 2869 5792 3061 5861; x_wconf 82' lang='lat' dir='ltr'><strong>((.&#39;t&#39;n_q.</strong></span> <span class='ocrx_word' id='word_1_951' title='bbox 3077 5801 3106 5858; x_wconf 84' lang='lat'><strong><em>/</em></strong></span> 
     </span>
    </p>
   </div>
  </div>
