3994 6352
461 335 564 394 9⁸59

467 452 707 520 miraque
731 440 925 515 ingenii
945 436 1159 495 soicrtia
1178 428 1520 490 difﬁcillimas
1538 437 1775 496 quasque
1801 417 2053 490 quaestio-

468 559 563 598 nes
581 508 928 595 scrutabatur.
946 531 1072 587 Cum
1089 534 1233 589 esset,
1251 524 1324 579 ait
1339 519 1680 590 Augustinus,
1698 527 1864 567 rerum
1881 508 2057 561 obscu-

467 650 638 689 rarum
659 631 723 685 ad
734 627 1015 683 doctrinam
1031 620 1229 693 pietatis
1244 615 1458 670 maxime
1479 606 1828 680 pertinentium
1844 602 2058 671 diligen-

467 726 689 781 tissimus
713 730 760 775 et
778 716 1049 772 acerrimus
1064 708 1348 779 inquisitor,
1365 703 1510 757 valde
1526 700 1698 754 oderat
1715 696 1777 748 de
1789 692 2058 764 quwstione

471 830 654 886 magna
673 808 1042 879 responsionem
1065 800 1278 855 brevem.
1304 796 1364 850 Et
1375 792 1595 863 quisquis
1612 789 1705 842 hoc
1731 783 2055 857 p0poscisset,

473 910 731 982 tegerrime
767 903 985 977 ferebat,
1036 912 1273 967 euntque,
1316 894 1358 947 si
1387 899 1494 962 ejus
1532 901 1747 959 persona
1784 889 2054 954 pateretur,

472 971 611 1054 vultu
640 971 1045 1067 indignabundus
1071 999 1114 1044 et
1151 1002 1265 1041 voce
1299 981 1592 1046 cohibebat,
1618 976 1880 1046 indignant
1904 971 2057 1040 depu-

476 1103 587 1146 tans
613 1091 697 1162 qui
724 1063 845 1142 talia
871 1088 1131 1155 quwreret,
1151 1095 1263 1133 cum
1290 1077 1351 1130 de
1369 1091 1423 1129 re
1443 1082 1580 1126 tanta
1603 1086 1753 1140 quam
1781 1065 1941 1120 multa
1960 1063 2061 1117 dici

477 1157 677 1251 possent
701 1178 1026 1244 deberentque
1054 1161 1261 1226 nesciret
1287 1166 1479 1237 (Epist.
1503 1163 1570 1218 98
1593 1202 1607 1225 ,
1644 1177 1696 1214 η.
1730 1157 1808 1230 8).
1839 1157 1969 1211 Cum
1997 1168 2061 1207 eo

479 1284 533 1328 et
563 1271 749 1342 Alypio
780 1267 1010 1321 maxime
1037 1277 1099 1317 ac
1124 1256 1533 1315 familiarissime
1560 1253 1625 1306 de
1654 1251 1764 1304 suis
1788 1256 1909 1302 ante
1930 1259 2059 1300 con-

475 1363 774 1416 versionem
795 1356 936 1412 curis
961 1348 1387 1409 communicabat
1404 1342 1658 1415 (Confess.
1690 1338 1777 1392 lib.
1802 1338 1855 1402 6,
1875 1352 1988 1405 cap.
2005 1335 2058 1399 7,

479 1473 529 1509 η.
568 1454 676 1521 ll);
705 1461 915 1518 tresque
944 1448 1041 1499 hos
1082 1442 1282 1496 amicos
1310 1435 1495 1493 eadem
1523 1428 1824 1487 sollicitudo
1840 1425 2063 1481 vexabat

482 1546 671 1616 (Ibid,
699 1561 753 1597 η.
786 1540 897 1610 i7).
929 1539 1061 1592 Dum
1095 1532 1418 1602 Augustinus
1453 1525 1519 1581 ad
1544 1523 1812 1579 Christum
1837 1532 2062 1575 conver-

479 1653 568 1693 sus
599 1645 700 1698 est,
732 1631 1015 1689 Nebridius
1041 1628 1242 1682 aberat.
1279 1620 1526 1675 Amicitia
1550 1616 1681 1672 enim
1702 1622 1886 1669 nostra:
1905 1627 2065 1666 cesse-

477 1738 575 1794 rat,
599 1728 669 1780 ait
695 1724 1037 1795 Augustinus,
1067 1726 1120 1772 ut
1152 1715 1375 1770 omnium
1408 1719 1635 1765 nostrum
1663 1704 2063 1778 familiarissimo

486 1820 778 1875 Verecundo
809 1816 864 1869 Μ
869 1812 1174 1869 ediolanensi
1201 1807 1295 1862 cici
1325 1815 1369 1859 et
1396 1803 1725 1876 grammatico
1754 1798 2060 1857 subdoceret,

476 1912 784 1966 vehementer
823 1902 1127 1959 desideranti
1164 1908 1209 1953 et
1254 1893 1613 1969 familiaritatis
1653 1892 1771 1963 jure
1814 1886 2064 1958 ﬂagitanti

478 2005 541 2057 de
566 2015 771 2055 numero
795 2006 963 2051 nostro
991 1993 1137 2063 ﬁdele
1153 1987 1486 2060 adjutorium,
1503 1999 1602 2055 quo
1622 1979 1879 2051 indigebat
1896 1976 2062 2029 nimis.

477 2095 597 2149 Non
627 2094 791 2162 itaque
816 2087 1111 2143 Nebridium
1136 2080 1386 2153 cupiditas
1407 2075 1782 2131 commodorum
1801 2086 1859 2124 eo
1880 2069 2060 2131 traxit;

477 2186 674 2253 majora
702 2158 833 2235 enim
855 2185 1017 2247 posset
1045 2176 1087 2229 si
1112 2172 1254 2227 vellet
1283 2170 1345 2222 de
1374 2167 1548 2222 litteris
1581 2179 1729 2234 agere
1758 2159 1883 2215 :sed
1907 2158 2066 2229 oﬁicio

479 2271 826 2329 benevolentia:
854 2266 1141 2338 petitionem
1168 2269 1391 2315 nostram
1418 2266 1735 2310 contemnere
1751 2250 1913 2305 noluit
1941 2249 2065 2302 ami-

476 2383 565 2419 cus
585 2361 902 2417 dulcissimus
926 2366 971 2411 et
1006 2353 1315 2407 mitissimus.
1360 2348 1549 2417 Agebat
1578 2352 1744 2397 autem
1772 2340 1904 2396 illud
1942 2356 2065 2411 pru-

479 2452 765 2508 dentissime
786 2462 961 2502 cavens
982 2436 1289 2498 innotescere
1308 2438 1533 2509 personis
1553 2432 1828 2490 secundum
1854 2430 1946 2485 hoc
1970 2445 2067 2483 δω-

479 2546 646 2599 culum
684 2540 979 2612 majoribus.
1009 2536 1232 2589 devitans
1270 2533 1325 2585 in
1362 2530 1431 2584 eis
1456 2543 1652 2581 onmem
1676 2522 2068 2594 inquietudinem

478 2634 655 2699 animi,
703 2646 847 2703 quem
887 2626 1076 2682 volebat
1120 2622 1303 2676 habere
1345 2619 1557 2673 liberum
1581 2657 1594 2679 ,
1626 2624 1672 2670 et
1702 2631 1854 2686 quam
1897 2612 2068 2666 multis

480 2734 645 2797 posset
671 2723 806 2777 horis
845 2720 1077 2791 feriatum
1099 2715 1166 2768 ad
1189 2711 1517 2782 querendum
1542 2708 1734 2778 aliquid
1760 2749 1772 2769 ,
1797 2706 1872 2759 vel
1902 2706 2069 2773 legen-

479 2795 622 2879 dum,
648 2802 725 2871 vel
748 2810 1053 2866 audiendum
1087 2810 1148 2862 de
1180 2804 1426 2877 sapientia
1460 2801 1644 2875 (Ibid.,
1678 2799 1763 2853 lib.
1785 2798 1839 2863 8,
1865 2795 2063 2867 cap.6,

479 2925 531 2961 ﬂ.
550 2908 781 3052 4.5)Cum
814 2994 913 3047 hac
939 2992 1097 3061 igitur
1119 2984 1467 3055 occupatione
1491 2981 1750 3036 distentus
1785 2974 2068 3031 Nebridius

491 3085 845 3157 Augustinum
888 3084 942 3137 in
974 3080 1151 3134 villam
1197 3075 1535 3132 secedentem
1560 3071 1708 3140 sequi
1729 3084 1834 3125 non
1866 3067 2070 3139 potuis-

480 3156 597 3243 set,
631 3175 828 3231 mutuis
854 3171 1091 3242 epistolis
1117 3166 1403 3223 amicitiam
1425 3164 1664 3217 foverunt
1694 3158 1876 3230 (Ibid,
1900 3157 1986 3210 lib.
2009 3156 2064 3219 9,

484 3283 599 3339 cap.
628 3267 683 3331 4,
714 3282 768 3319 n.
792 3265 869 3333 7).
898 3261 1040 3316 Inter
1063 3274 1153 3314 eas
1171 3255 1310 3311 haud
1326 3252 1486 3325 dubie
1503 3248 1829 3306 numeranda
1855 3255 1936 3302 est
1958 3245 2068 3316 epi-

482 3359 622 3413 stola
653 3357 827 3420 tertia,
856 3369 923 3410 ex
952 3366 1053 3422 qua
1084 3356 1251 3421 patet,
1278 3346 1445 3401 libros
1464 3344 1531 3398 ab
1558 3341 1853 3411 Augustino
1878 3351 2066 3393 mense

484 3447 765 3503 novembri
797 3453 920 3501 ante
943 3441 1232 3511 Soliloquia
1257 3436 1584 3505 compositos
1606 3431 1856 3487 Nebridio
1873 3429 2066 3500 legenti

486 3539 627 3595 adeo
646 3536 909 3601 arrisisse,
940 3539 999 3587 ut
1017 3530 1292 3602 gestientis
1312 3527 1472 3581 animi
1490 3533 1635 3579 motu
1657 3523 1801 3578 velut
1818 3522 2069 3590 abreptus

486 3630 761 3686 continere
772 3642 831 3683 se
850 3628 957 3680 non
985 3622 1238 3693 potuerit,
1261 3618 1548 3690 quominus
1564 3630 1684 3671 eum
1707 3614 1918 3669 beatum
1936 3628 2070 3667 nun-

486 3728 724 3789 cuparet.
747 3718 851 3773 Sua
875 3716 1033 3786 igitur
1062 3713 1135 3767 illi
1162 3709 1486 3780 Augustinus
1516 3722 1676 3776 super
1705 3705 1805 3759 hac
1830 3716 1889 3759 re
1913 3716 2068 3757 sensa

487 3811 722 3881 exponit,
752 3808 893 3863 etde
921 3806 1031 3860 suis
1057 3804 1292 3874 loquitur
1308 3797 1633 3867 Soliloquiis.
1661 3794 1762 3851 Ubi
1788 3793 2066 3859 conclusit,

490 3904 544 3957 in
571 3902 748 3956 animo
775 3913 896 3954 esse
922 3893 1296 3958 veritatem,-in
1327 3897 1506 3945 mente
1528 3887 1778 3941 nimirum
1804 3894 1963 3954 atque
1988 3883 2071 3936 in-

490 3992 777 4061 telligentia
803 4031 819 4058 ,
864 3986 1044 4043 subdit
1075 4003 1087 4039 :
1122 3983 1256 4049 Quid
1303 3982 1418 4038 huic
1475 3975 1812 4032 adversatur?
1840 3973 2073 4029 Sensus?

495 4082 840 4139 Resistendum
871 4095 988 4149 ergo
1018 4077 1245 4132 sensibus
1292 4075 1405 4128 totis
1430 4071 1587 4125 animi
1612 4068 1842 4125 viribus?
1872 4066 2067 4133 Liquet.

478 4178 648 4244 Quid,
677 4175 719 4230 si
746 4173 1000 4228 sensibilia
1025 4170 1237 4223 nimium
1268 4166 1549 4221 delectant?
1575 4162 1696 4216 Fiat
1723 4172 1777 4215 ut
1806 4178 1906 4215 non
1932 4159 2071 4212 dele-

492 4276 639 4321 ctent.
677 4264 823 4320 Unde
848 4263 944 4332 ﬁt?
976 4258 1348 4317 Consuetudine
1372 4257 1435 4309 iis
1462 4254 1686 4319 carendi,
1709 4251 2072 4322 appetendique

492 4362 700 4414 meliora
729 4356 918 4431 (Epist.
965 4356 1019 4420 3,
1051 4370 1103 4407 η.
1148 4351 1226 4423 4).
1259 4349 1418 4403 Addit
1442 4356 1497 4402 et
1522 4346 1653 4400 illud
1679 4361 1737 4399 se
1779 4345 1829 4397 in
1858 4357 1956 4398 suo
1982 4357 2069 4397 se-

493 4464 645 4505 cessu
675 4446 947 4502 evidenter
985 4440 1284 4512 agnovisse,
1314 4438 1474 4492 animi
1512 4434 1889 4491 beatitudinem
1908 4473 1921 4497 ,
1952 4432 2072 4487 licet

496 4542 543 4595 is
566 4538 881 4595 immortalis
908 4551 1011 4589 non
1034 4542 1195 4597 esset,
1215 4531 1268 4585 in
1285 4545 1460 4585 rerum
1484 4527 1815 4582 sensibilium
1840 4524 2072 4579 delecta-

486 4634 638 4686 tione
676 4646 740 4685 ac
774 4628 1021 4683 fruitione
1050 4639 1157 4678 non
1202 4636 1359 4692 posse
1386 4620 1693 4675 consistere.
1735 4615 1792 4671 In
1835 4624 2071 4671 extrema

492 4731 647 4794 parte
668 4718 905 4790 epistola:
939 4717 1139 4786 aliquot
1167 4714 1239 4767 illi
1266 4713 1333 4767 de
1374 4710 1654 4765 verborum
1684 4706 2071 4777 conjugationi-

494 4815 594 4870 bus
616 4808 1023 4884 quecstiunculas
1050 4806 1295 4877 proponit
1312 4802 1498 4873 (Ibid,
1522 4819 1575 4855 η.
1598 4801 1655 4871 5)
1681 4818 1694 4854 :
1721 4799 1863 4869 quod
1881 4798 2070 4852 mirum

489 4907 655 4961 videri
702 4903 870 4973 possit
910 4901 961 4954 in
995 4897 1309 4968 Augustino,
1360 4894 1447 4964 qui
1487 4900 1541 4947 et
1580 4888 1976 4961 grammaticam
2017 4895 2073 4943 et

487 4995 813 5051 rhetoricam
841 4989 1111 5061 professus
1156 4986 1342 5041 fuerat.
1394 4983 1474 5039 Ad
1522 4983 1659 5037 idem
1692 4990 1899 5050 tempus
1928 4978 2070 5034 refe-

492 5084 653 5139 renda
670 5096 878 5154 quoque
905 5079 1112 5133 videtur
1136 5075 1356 5145 epistola
1387 5080 1592 5143 quarta,
1619 5085 1740 5125 cum
1761 5069 1936 5123 adhuc
1958 5082 2070 5123 suae

492 5174 689 5231 mentis
716 5172 900 5228 oculos
929 5170 1072 5225 curis
1098 5166 1435 5238 perturbatos
1460 5171 1515 5218 et
1540 5176 1717 5217 rerum
1741 5160 2070 5216 sensibilium

488 5266 658 5338 plagis
693 5262 994 5319 debilitatos
1022 5258 1298 5314 sublevare
1328 5255 1377 5309 ei
1417 5268 1641 5308 necesse
1668 5260 1843 5318 esset;
1867 5260 1926 5306 ut
1951 5267 2074 5322 per-

490 5371 704 5412 suasum
721 5354 959 5418 haberet,
978 5351 1063 5405 illa
1085 5362 1202 5418 quae
1229 5345 1588 5415 intelligimus,
1604 5343 1773 5413 magis
1789 5358 1911 5398 vera
1928 5357 2067 5409 esse,

493 5461 651 5519 quam
691 5445 793 5499 ista
821 5456 939 5513 qua)
994 5440 1166 5495 oculis
1208 5436 1443 5505 subjecta
1487 5434 1772 5489 cernimus.
1819 5433 1900 5488 Ad
1928 5434 2072 5504 quod

494 5535 883 5607 perducebatur
906 5532 1005 5586 hac
1029 5526 1265 5584 Nebridii
1287 5525 1710 5585 ratiocinatione,
1734 5532 1966 5579 mentem
1991 5526 2072 5579 ni-

488 5629 682 5683 mirum
704 5635 860 5696 atque
881 5621 1279 5693 intelligentiam
1307 5618 1577 5689 corporeis
1597 5617 1762 5673 oculis
1786 5625 1840 5672 et
1865 5617 1964 5673 hoc
1990 5633 2074 5674 as-

490 5729 647 5793 pectu
674 5718 877 5789 vulgari
906 5729 1024 5773 esse
1056 5712 1352 5779 meliorem,
1385 5725 1556 5783 neque
1596 5709 1699 5767 hoc
1725 5709 1796 5765 ita
1836 5709 2069 5766 futurum

1622 305 1870 364 VlTA.S.
1912 298 2280 358 AUGUSTINI
2319 298 2635 357 EPISCOPI.

3641 306 3747 367 ιω

2163 415 2343 482 fuisse,
2384 415 2483 470 nisi
2514 414 2684 485 magis
2715 418 2895 470 essent
2926 413 3013 470 illa
3038 428 3156 486 quin
3182 414 3548 490 intelligimus,
3579 435 3743 494 quam

2161 505 2261 561 ista
2286 521 2405 575 quae
2430 506 2717 561 cernimus.
2746 506 2825 559 Ac
2852 505 2977 561 licet
3020 522 3052 562 a
3080 507 3331 564 Nebridio
3357 518 3523 580 petat,
3562 520 3745 569 utrum

2160 596 2282 653 huic
2311 596 2701 652 ratiocinationi
2727 595 2859 651 nihil
2902 598 3076 653 valide
3126 598 3399 655 inimicum
3437 601 3527 670 sit,
3558 618 3744 661 secum

2161 689 2495 755 consideret;
2539 702 2602 744 ea
2650 695 2827 743 tamen
2854 688 2952 758 ipsi
2986 690 3059 743 ita
3106 690 3306 757 arrisit,
3337 698 3396 746 ut
3441 707 3558 748 eam
3588 703 3746 764 post-

2162 780 2377 835 modum
2417 781 2471 835 in
2498 780 2610 835 suis
2644 790 2829 836 contra
2872 779 3192 837 Manichaeos
3250 781 3400 838 libris
3441 786 3753 844 adhibuerit

2163 872 2265 942 (De
2291 871 2500 927 Duabus
2538 872 2800 938 Anim.,n.
2832 874 2910 943 5).
2948 872 3064 927 Hac
3103 891 3198 946 ego
3240 874 3440 931 interim
3465 892 3744 949 recreatam,

2163 961 2421 1017 scribitad
2436 961 2765 1030 Nebridium,
2780 980 2895 1017 cum
2906 963 3016 1019 Deo
3036 965 3090 1018 in
3112 967 3359 1021 auxilium
3379 968 3660 1041 deprecato,
3686 984 3743 1029 et

2163 1056 2214 1109 in
2248 1056 2435 1125 ipsum,
2459 1065 2505 1109 et
2530 1056 2581 1109 in
2608 1072 2666 1109 ea
2693 1072 2806 1125 quae
2836 1058 3091 1113 verissime
3118 1074 3234 1113 vera
3257 1069 3394 1127 sunt,
3446 1064 3612 1119 attolli
3635 1082 3746 1121 cte-

2167 1162 2302 1215 pero,
2349 1154 2488 1200 tanta
2527 1162 2885 1217 nonnunquam
2932 1165 3102 1202 rerum
3143 1153 3454 1206 manentium
3492 1170 3750 1223 praesum-

2166 1238 2333 1307 ptione
2360 1240 2633 1308 compleor,
2659 1248 2712 1292 ut
2741 1239 2892 1293 mirer
2918 1241 3170 1295 interdum
3209 1243 3300 1297 illa
3325 1245 3449 1298 mihi
3480 1261 3608 1316 opus
3636 1264 3751 1302 esse

2164 1329 2564 1392 ratiocinatione,
2592 1339 2647 1383 ut
2687 1330 2793 1383 hlec
2836 1347 2944 1385 esse
2971 1332 3193 1397 credam,
3237 1350 3351 1403 qua
3387 1345 3530 1389 tanta
3568 1338 3745 1393 insunt

2169 1421 2452 1487 prementia,
2483 1430 2670 1490 quanta
2693 1422 2787 1475 sibi
2811 1423 3017 1493 quisque
3042 1424 3106 1478 sit
3136 1442 3355 1496 praesens
3380 1428 3573 1499 (Epist.
3605 1433 3658 1499 4,
3682 1450 3745 1489 n.

2164 1511 2242 1577 2).
2290 1512 2401 1565 Hac
2444 1511 2668 1580 epistola
2715 1513 3006 1582 respondet
3046 1514 3299 1572 Nebridio
3336 1520 3644 1588 postulanti,
3686 1531 3750 1577 ut

2165 1610 2419 1672 quantum
2452 1602 2504 1656 in
2529 1602 2660 1669 otio,
2694 1618 2799 1673 quo
2817 1603 3106 1671 fruebatur,
3140 1606 3191 1661 in
3218 1610 3554 1667 sensibilibus
3583 1621 3640 1668 et
3664 1613 3754 1668 in-

2170 1691 2528 1760 telligibilibus
2572 1692 2936 1748 discernendis
2962 1695 3293 1763 profecisset,
3329 1698 3432 1755 sibi
3475 1715 3572 1770 per
3599 1702 3750 1758 litte-

2170 1797 2257 1835 ras
2298 1781 2573 1837 indicaret.
2619 1784 2700 1838 Ad
2740 1784 2855 1841 hare
2887 1787 3193 1856 respondet,
3225 1790 3275 1843 in
3307 1791 3371 1845 iis
3401 1792 3472 1847 ita
3495 1809 3555 1849 se
3581 1797 3755 1864 proli-

2175 1888 2322 1937 cere,
2353 1880 2411 1927 ut
2449 1888 2547 1942 per
2571 1882 2781 1929 tetatem
2825 1876 3076 1946 paulatim
3104 1879 3412 1949 proﬁcimus
3437 1901 3451 1938 :
3479 1885 3530 1938 in
3561 1885 3645 1941 his
3663 1894 3751 1941 ta-

2170 1978 2292 2017 men
2321 1963 2494 2018 adhuc
2536 1979 2594 2019 se
2619 1981 2840 2034 puerum
2870 1982 3008 2033 esse,
3038 1971 3132 2024 sed
3152 1969 3290 2026 forte
3316 1972 3457 2028 bona
3486 1990 3581 2044 spe
3606 1989 3750 2046 pras-

2168 2054 2356 2109 ditum.
2387 2053 2442 2109 Id
2477 2056 2729 2124 temporis
2771 2056 3052 2114 Nebridius
3101 2060 3260 2116 nullis
3294 2062 3468 2119 adhuc
3491 2066 3752 2123 Ecclesia:

2169 2145 2334 2199 sacris
2364 2145 2615 2213 imbutus,
2644 2147 2878 2202 nondum
2923 2157 3038 2204 erat
3060 2150 3399 2218 christianus,
3437 2154 3531 2210 sed
3561 2165 3749 2214 tamen

2171 2233 2548 2289 ardentissimo
2571 2237 2746 2290 studio
2758 2238 3037 2294 veritatem
3065 2241 3362 2311 inquirebat
3386 2244 3636 2317 (Confess.
3655 2248 3749 2302 lib.

2175 2323 2231 2389 9,
2270 2340 2393 2397 cap.
2426 2326 2479 2392 3,
2511 2342 2563 2378 η.
2591 2326 2668 2394 6).
2700 2327 2763 2380 Et
2792 2329 3032 2395 quamvis
3074 2331 3398 2401 Augustinus
3438 2334 3563 2390 dum
3594 2352 3653 2392 se
3682 2337 3754 2394 ad

2170 2412 2439 2469 Christum
2456 2416 2736 2482 convertit,
2774 2419 3054 2475 consilium
3081 2422 3302 2477 cedendi
3328 2424 3622 2480 Mediolano
3640 2443 3759 2485 cm-

2177 2503 2361 2573 pisset,
2387 2519 2455 2559 ex
2485 2520 2590 2574 quo
2628 2505 2867 2562 discessu
2894 2509 3164 2566 orbandus
3185 2513 3277 2568 ille
3305 2522 3420 2569 erat
3437 2517 3591 2572 amici
3618 2534 3755 2575 con-

2170 2596 2487 2659 suetudine;
2516 2597 2651 2651 hanc
2694 2607 2869 2654 tamen
2898 2601 2996 2670 ipsi
3016 2605 3380 2660 conversionis
3403 2607 3595 2662 bonam
3623 2624 3752 2680 gra-

2172 2686 2295 2739 tiam
2324 2687 2687 2756 gratulabatur
2715 2707 2728 2742 :
2760 2704 2790 2743 a
2819 2705 2921 2759 qua
2946 2691 3058 2760 ipse
3085 2708 3190 2747 non
3218 2694 3371 2765 longe
3396 2697 3598 2765 aberat,
3624 2714 3753 2754 cum

2170 2779 2449 2849 Augustini
2480 2780 2780 2859 exemplum
2817 2781 3037 2852 jamjam
3087 2794 3230 2840 esset
3272 2796 3587 2853 secuturus;
3627 2805 3755 2845 nam

2172 2871 2307 2926 haud
2328 2870 2494 2925 multo
2511 2880 2631 2941 post
2654 2871 2826 2941 ipsum
2855 2889 3008 2929 sacro
3032 2874 3178 2931 fonte
3208 2877 3459 2935 lustratus
3487 2890 3589 2936 est.

2764 2963 2989 3021 CAPUT
3027 2967 3118 3021 XI.

2172 3052 2196 3105 1
2233 3050 2581 3106 Mediolanum
2616 3053 2745 3107 redit
2791 3055 3099 3126 Augustinus
3143 3059 3358 3129 daturus
3411 3076 3591 3116 nomen
3619 3062 3758 3118 inter

2239 3140 2598 3212 Competentes.
2652 3143 2690 3197 2
2732 3142 2935 3198 Interea
2974 3148 3212 3217 temporis
3260 3148 3323 3202 de
3363 3148 3762 3207 Immortalitato

2239 3233 2423 3286 animle
2464 3232 2648 3286 librum
2676 3249 2853 3298 unum,
2908 3244 2951 3289 et
2986 3237 3177 3307 aliquot
3204 3238 3331 3291 alios
3377 3240 3441 3294 de
3467 3239 3762 3297 liberalibus

2241 3324 2519 3395 disciplinis
2544 3326 2726 3380 ibidem
2746 3328 2936 3381 scribit.
2965 3329 2999 3383 ‘5
3019 3328 3335 3399 Baptismum
3351 3333 3608 3387 sacerdote
3630 3337 3762 3389 Am-

2243 3415 2407 3469 brosio
2437 3416 2758 3471 ministrante
2788 3417 3016 3487 suscipit.
3035 3419 3071 3474 4
3102 3420 3338 3475 Ecclesia:
3364 3439 3423 3476 ea
3463 3424 3526 3477 de
3554 3440 3609 3478 re
3630 3441 3759 3497 gra-

2243 3506 2420 3561 tulatio
2447 3524 2508 3561 ac
2555 3508 2747 3563 ltetitia.
2780 3511 2814 3565 5
2840 3510 2955 3577 Qua
3000 3514 3264 3567 occasione
3311 3513 3588 3569 Mediolani
3609 3517 3763 3571 insti-

2242 3609 2379 3653 tutus
2403 3616 2511 3654 mos
2530 3603 2752 3656 canendi
2778 3606 2992 3673 hymnos
3030 3613 3077 3658 et
3124 3606 3343 3675 psalmos
3389 3608 3443 3661 in
3470 3608 3699 3663 ecclesia.
3720 3610 3763 3665 6

2174 3740 2177 3741 ν
2242 3692 2573 3762 Augustinus,
2600 3693 2829 3747 omnibus
2857 3694 3120 3759 abdicatis,
3152 3698 3466 3765 prepositum
3505 3698 3761 3754 serviendi

2242 3780 2351 3835 Deo
2378 3782 2643 3851 amplexus
2679 3783 2910 3855 adjungit
2939 3786 3134 3855 aliquos
3178 3786 3274 3840 sibi
3317 3788 3481 3842 socios
3526 3789 3759 3857 eiusdem

2247 3873 2509 3943 praposili,
2527 3889 2587 3927 ac
2606 3884 2792 3927 remeat
2815 3891 2929 3929 cum
2949 3877 3050 3930 illis
3074 3878 3127 3931 in
3147 3877 3395 3950 Africam.

2246 3965 2297 4018 1.
2339 3964 2437 4020 Ubi
2460 3972 2667 4036 tempus
2703 3966 2935 4031 advenit,
2965 3983 3071 4038 quo
3109 3968 3177 4023 ad
3223 3984 3428 4025 sacram
3471 3986 3763 4042 regenera-

2176 4057 2370 4113 tionem
2408 4058 2774 4114 catechumeni
2806 4060 3016 4114 nomina
3061 4060 3211 4125 dare,
3246 4076 3409 4132 seque
3432 4062 3486 4117 in
3528 4062 3766 4135 Compe-

2177 4149 2396 4203 tentium
2435 4164 2658 4204 numero
2689 4164 2949 4220 reponere
2995 4150 3328 4218 tenebantur,
3380 4153 3520 4222 quod
3563 4153 3767 4209 saltem

2175 4239 2274 4293 sub
2299 4239 2504 4293 initium
2545 4239 2975 4309 Quadragesima:
3013 4239 3128 4295 ﬁeri
3170 4251 3536 4309 consueverat,
3571 4245 3765 4314 Augu-

2175 4331 2343 4386 stinus
2368 4346 2492 4386 rure
2516 4331 2702 4385 relicto
2726 4331 3074 4385 Mediolanum
3094 4331 3250 4386 rediit
3270 4349 3372 4388 una
3397 4349 3517 4389 cum
3542 4335 3761 4407 Alypio,

2174 4420 2264 4490 qui
2290 4436 2411 4475 eum
2437 4421 2552 4490 ipso
2570 4421 2777 4475 renasci
2815 4422 2867 4475 in
2905 4420 3118 4478 Christo
3145 4423 3428 4494 cupiebat;
3465 4439 3764 4497 secumque

2178 4512 2341 4567 tilium
2361 4527 2513 4567 suum
2543 4511 2875 4567 Adeodatum
2907 4512 3146 4579 adduxit,
3176 4514 3411 4585 ejusdem
3433 4515 3614 4586 gratia:
3628 4530 3771 4572 con-

2175 4613 2373 4660 sortem
2413 4604 2671 4671 futurum,
2698 4612 2857 4674 atque
2902 4606 3126 4661 subinde
3179 4608 3231 4662 in
3276 4621 3462 4664 eorum
3502 4609 3768 4664 societate

2175 4695 2478 4750 christianis
2499 4696 2737 4751 moribus
2757 4705 2810 4750 et
2829 4696 3082 4753 institutis
3108 4698 3469 4755 imbuendum.
3488 4700 3604 4756 Jam
3624 4713 3769 4756 sane

2174 4796 2293 4843 erat
2322 4788 2540 4859 Alypius
2570 4786 2866 4842 humilitate
2901 4789 3260 4845 Sacramentis
3285 4790 3590 4846 christianis
3617 4804 3764 4846 con-

2176 4893 2303 4949 grua
2333 4878 2566 4944 indutus,
2591 4877 2908 4933 fortissimus
2946 4879 3179 4935 domitor
3206 4882 3471 4951 corporis,
3492 4895 3663 4953 usque
3688 4878 3765 4939 ad

2178 4971 2412 5025 Italicum
2436 4969 2609 5025 solum
2654 4970 2874 5040 glaciale
2900 4970 3043 5025 nudo
3072 4971 3207 5041 pede
3228 4972 3576 5028 obterendum
3607 4970 3768 5027 inso—

2177 5062 2269 5117 lito
2294 5076 2425 5116 ausu
2451 5058 2704 5133 (Confess.
2737 5058 2826 5115 lib.
2872 5061 2928 5129 9,
2960 5078 3076 5132 cap.
3100 5062 3154 5128 6,
3185 5078 3239 5117 n.
3269 5062 3377 5134 it).
3424 5061 3542 5133 Ipse
3577 5071 3769 5119 autem

2178 5154 2501 5225 Augustinus
2525 5169 2684 5225 quam
2726 5154 2917 5210 idonee
2950 5164 3287 5225 comparatus
3312 5163 3475 5224 esset,
3496 5171 3562 5211 ex
3585 5155 3653 5211 iis
3679 5155 3773 5211 in.

2178 5248 2484 5319 telligimus,
2506 5262 2627 5319 quas
2673 5248 2855 5303 multis
2880 5257 3000 5318 post
3043 5248 3195 5302 annis
3220 5257 3274 5303 et
3300 5247 3367 5303 de
3392 5263 3453 5303 se
3481 5248 3598 5320 ipso
3616 5248 3774 5305 etde

2177 5340 2296 5395 aliis
2316 5338 2527 5409 scripsit
2551 5356 2564 5393 :
2590 5340 2669 5394 An
2697 5356 2854 5409 usque
2885 5339 3012 5393 adeo
3056 5339 3430 5394 dissimulamus
3463 5355 3496 5393 a
3532 5338 3772 5396 sensibus

2176 5429 2384 5495 nostris,
2405 5439 2461 5483 ut
2481 5430 2558 5484 vel
2585 5446 2677 5484 nos
2697 5430 2833 5501 ipsos
2854 5445 2954 5483 non
2969 5428 3309 5498 recordemur,
3336 5445 3489 5502 quam
3512 5429 3771 5501 fuerimus

2176 5523 2355 5578 attenti
2393 5530 2540 5593 atque
2576 5520 2798 5589 solliciti,
2828 5519 2950 5592 quid
2990 5519 3133 5576 nobis
3170 5522 3496 5593 preciperent
3523 5538 3556 5575 a
3579 5521 3773 5594 quibus

2178 5612 2632 5681 catechizabamur,
2655 5630 2767 5669 cum
2783 5612 2937 5686 fontis
2959 5610 3098 5668 illius
3121 5624 3435 5669 sacramenta
3457 5623 3771 5683 peteremus,

2181 5716 2330 5772 atque
2356 5706 2416 5762 ob
2443 5706 2534 5762 hoc
2556 5705 2898 5775 Competentes
2914 5702 3061 5759 etiam
3087 5719 3373 5759 vocaremur
3388 5704 3415 5757 7
3437 5702 3537 5776 (De
3565 5700 3698 5757 Fide
3722 5711 3778 5759 et
