3994 6352
243 290 342 349 ιιι

249 401 524 469 ονεήιηιε,
545 416 603 455 n.
631 396 712 471 9.)
752 398 889 453 Tum
912 407 1074 467 porro
1098 392 1353 449 Ecclesia:
1390 390 1554 447 ubera
1584 396 1704 460 post
1729 386 1837 441 lon-

244 495 526 569 gissimam
553 489 697 546 sitim
727 502 867 560 pene
909 485 1197 543 exhaustus
1223 491 1383 553 atque
1426 480 1629 546 aridus,
1667 487 1730 534 ut
1757 478 1837 533 lo-

244 585 445 657 quitur,
481 590 595 638 tota
633 579 885 635 aviditate
932 575 1198 647 repetivit,
1237 588 1405 644 eaque
1421 572 1578 627 altius
1606 570 1741 625 ﬂens
1781 577 1838 624 et

244 689 465 747 gemens
488 671 790 737 concussit,
824 679 880 725 et
904 667 1186 740 expressit,
1215 675 1272 720 ut
1300 665 1353 720 id
1393 670 1656 728 manaret,
1692 659 1834 732 quod

242 768 291 823 ei
314 768 394 822 sic
409 766 607 821 aﬂ‘ecto
630 764 696 818 ad
729 761 1115 818 recreatiouem
1146 758 1275 813 satis
1303 771 1425 813 esse
1448 762 1650 826 posset,
1690 762 1739 807 et
1766 751 1835 807 ad

239 873 391 928 spem
409 856 773 912 reducendam
794 854 917 909 vita:
938 868 1000 908 ac
1023 852 1208 907 salutis
1240 850 1344 921 (De
1370 848 1601 904 Utilitate
1624 846 1834 902 creden-

238 951 312 1015 di,
345 964 403 1001 η.
432 947 517 1015 2).

301 1039 363 1093 9..
406 1039 517 1094 Per
556 1052 649 1093 eos
693 1036 810 1093 dies
846 1036 1041 1091 librum
1089 1034 1159 1091 de
1204 1033 1608 1089 immortalitate
1640 1032 1833 1086 animae

237 1129 478 1197 scripsit,
526 1128 670 1182 velut
696 1126 1157 1180 commonitorium
1200 1123 1268 1178 ad
1295 1122 1619 1178 absolvenda
1644 1121 1835 1177 Solilo-

234 1218 388 1288 quia,
420 1232 546 1287 qua:
590 1215 903 1286 imperfecta
930 1220 1298 1269 remanserant
1330 1212 1587 1284 (ἔξοινοι-ι,
1635 1210 1723 1265 lib.
1779 1212 1831 1275 1,

234 1327 349 1378 cap.
384 1310 441 1375 5,
474 1326 532 1362 η.
550 1300 642 1380 Ἰ).
674 1308 849 1374 Quare
876 1307 1070 1360 mirum
1090 1304 1255 1359 videri
1278 1318 1383 1358 non
1407 1303 1583 1368 debet,
1609 1303 1654 1356 si
1676 1301 1835 1371 hujus

237 1400 361 1454 libri
406 1399 847 1453 ratiocinationes
889 1396 1025 1451 adeo
1067 1402 1367 1450 contractas
1393 1402 1447 1448 et
1481 1393 1715 1448 breviter
1740 1408 1835 1448 ex-

238 1504 457 1561 pressas
484 1489 780 1554 dixerit,ut
806 1488 891 1541 vix
921 1502 1013 1542 eas
1034 1486 1150 1557 ipse
1170 1486 1486 1555 perciperet.
1529 1486 1586 1540 In
1617 1500 1682 1539 eo
1699 1485 1835 1541 libro

243 1584 387 1635 locus
406 1589 518 1643 est,
560 1580 716 1648 cujus
742 1578 1059 1632 sententiam
1088 1592 1148 1631 se
1185 1591 1291 1630 non
1320 1591 1511 1644 capere
1550 1576 1836 1631 conﬁtetur

246 1670 433 1739 (Ibid.,
457 1688 513 1724 τι.
535 1671 615 1737 5).
643 1668 819 1723 Nihilo
842 1677 1015 1722 tamen
1037 1666 1285 1721 minuseo
1302 1666 1468 1720 invito
1488 1664 1631 1721 fetus
1658 1666 1759 1720 iste
1783 1666 1836 1720 in

242 1763 415 1817 lucem
442 1760 664 1830 prodiit,
682 1768 735 1813 et
762 1760 877 1828 ejus
899 1756 1155 1826 operibus
1181 1766 1560 1812 annumeratus
1580 1765 1680 1812 est.
1702 1756 1835 1810 Tum

244 1856 401 1907 etiam
425 1852 628 1921 aliquot
654 1850 721 1904 de
752 1850 1061 1904 liberalibus
1093 1848 1388 1918 disciplinis
1410 1848 1574 1903 libros
1603 1849 1836 1904 scribere

245 1959 530 2015 aggressus
543 1952 643 2006 est,
658 1957 784 1997 suos
798 1942 879 1997 his
893 1942 956 1996 de
968 1941 1127 1996 rebus
1139 1942 1469 2011 interrogans
1481 1942 1833 2009 convictores,

250 2036 349 2105 qui
376 2036 445 2089 ab
474 2034 772 2104 bujusmodi
805 2033 992 2087 studiis
1022 2048 1128 2086 non
1158 2032 1538 2096 abhorrerent;
1571 2048 1636 2087 eo
1658 2033 1839 2087 videli-

247 2134 342 2182 cet
360 2127 558 2191 animo,
580 2134 636 2179 ut
659 2141 756 2194 per
784 2139 870 2179 res
898 2138 1179 2193 corporeus
1208 2122 1272 2177 ad
1303 2124 1603 2193 Spirituales
1619 2124 1838 2193 quibus-

242 2215 367 2269 dam
396 2215 549 2286 quasi
568 2215 821 2286 gradibus
846 2215 1005 2269 certis
1050 2214 1135 2269 vel
1163 2214 1485 2283 perveniret,
1511 2214 1595 2268 vel
1621 2213 1840 2269 duceret

244 2306 433 2378 (1ὺίά.,
462 2324 579 2376 cap.
618 2306 693 2377 6).
722 2306 829 2359 Has
861 2304 1255 2360 lucubrationes
1284 2303 1565 2359 Mediolani
1595 2319 1835 2369 exorsus,

251 2398 426 2454 solum
458 2397 661 2453 ibidem
688 2395 759 2451 de
802 2395 1158 2451 Grammatica
1204 2395 1395 2449 librum
1425 2394 1667 2448 absolvit.
1707 2394 1838 2447 Nam

245 2502 378 2560 opus
404 2487 478 2543 de
514 2486 715 2542 Musica
742 2484 922 2554 (Ibid,
954 2502 1067 2555 cap.
1100 2486 1187 2552 il,
1217 2502 1271 2538 n.
1300 2486 1474 2554 l)tum
1507 2499 1717 2553 quoque
1762 2484 1843 2538 in-

248 2588 515 2647 coeptum,
556 2576 771 2631 nonnisi
803 2584 923 2645 post
946 2575 1270 2645 Baptismum
1301 2584 1354 2629 et
1382 2582 1499 2643 post
1541 2589 1840 2644 regressum

249 2672 301 2726 in
324 2670 588 2735 Africam,
639 2669 853 2738 scriptis
883 2684 975 2723 sex
1019 2667 1377 2723 voluminibus
1405 2668 1633 2722 confecit
1655 2667 1839 2740 (Ibid,

248 2780 364 2832 cap.
396 2761 478 2833 6).
506 2762 576 2815 At
599 2761 665 2815 de
686 2762 805 2814 aliis
835 2761 1069 2831 quinque
1096 2760 1390 2829 disciplinis
1420 2759 1558 2829 apud
1588 2760 1843 2813 Mediola-

249 2869 380 2908 num
394 2852 945 2919 similiterinchoatis,
968 2852 1169 2905 scilicet
1196 2850 1263 2905 de
1289 2851 1590 2915 Dialectica,
1619 2851 1686 2905 de
1704 2852 1845 2906 Rhe-

255 2942 445 3008 torica,
472 2940 538 2995 de
559 2940 918 3005 Geometrica,
945 2938 1011 2994 de
1030 2939 1397 3001 Arithmetica,
1421 2946 1475 2992 et
1506 2938 1571 2993 de
1601 2940 1842 2994 Philoso-

260 3031 414 3101 phia,
442 3031 695 3100 principia
744 3032 879 3096 sola,
923 3030 1099 3096 idest,
1149 3030 1382 3098 ipsorum
1427 3028 1562 3084 forte
1592 3030 1844 3085 librorum

256 3122 372 3177 sola
402 3122 619 3177 exordia
637 3130 1019 3176 remanserant.
1036 3121 1344 3190 Quanquam
1368 3136 1488 3174 cum
1510 3136 1633 3175 suos
1657 3122 1845 3176 Retra-

255 3217 555 3270 ctationum
576 3216 741 3270 libros
763 3214 967 3281 ederet,
990 3217 1098 3286 jam
1125 3225 1174 3270 et
1205 3214 1318 3270 inec
1352 3216 1463 3285 ipsa
1492 3216 1769 3285 principia,
1795 3227 1849 3270 et

258 3305 454 3361 librum
481 3306 551 3361 de
578 3306 936 3362 Grammatica
968 3304 1274 3375 perdiderat
1306 3324 1319 3360 :
1350 3321 1465 3375 qua:
1505 3305 1848 3361 nihilominus

258 3396 324 3451 ab
342 3397 615 3467 aliquibus
640 3396 826 3451 haberi
844 3397 1183 3451 existimabat
1213 3396 1419 3469 (Ibid).
1454 3398 1646 3468 Reipsa
1672 3398 1867 3453 omnia,

258 3488 446 3545 isthmc
476 3488 733 3557 opuscula
765 3487 818 3541 in
847 3487 1070 3542 Possidii
1102 3498 1463 3543 memorantur
1483 3489 1741 3545 lndiculo.

256 3610 263 3637 ε
327 3579 383 3633 3.
424 3578 671 3633 Tandem
704 3577 897 3632 factum
944 3587 1025 3633 est
1072 3579 1247 3633 divina
1304 3589 1589 3650 prmstante
1616 3580 1848 3651 opitula-

263 3668 430 3736 tione,
464 3680 524 3725 ut
559 3685 656 3741 per
680 3671 969 3725 antistitem
1001 3672 1339 3726 Ambrosium
1366 3681 1420 3729 et
1439 3673 1735 3729 doctrinam
1757 3690 1844 3728 sa-

262 3762 492 3817 lutarem
514 3761 770 3816 Ecclesiae
815 3762 1090 3817 catholica:
1131 3773 1185 3818 et
1224 3763 1401 3818 divina
1432 3765 1729 3834 perciperet
1755 3764 1852 3819 Sa-

260 3864 560 3917 cramenta,
586 3862 647 3906 ut
680 3853 952 3906 memoria:
986 3853 1161 3922 prodit
1188 3853 1487 3920 Possidius;
1522 3853 1662 3923 apud
1693 3870 1849 3923 quem

266 3944 511 4012 proxime
538 3950 667 3997 ante
709 3942 795 3996 illa
820 3944 982 3997 verba
1028 3945 1258 4013 legitur:
1288 3944 1600 4014 Proﬁciendi
1641 3947 1693 4000 in
1732 3945 1851 3999 reli-

265 4034 415 4100 gione
437 4033 601 4086 eidem
628 4034 815 4086 amoris
841 4034 993 4086 ardor
1011 4034 1216 4087 innatus
1244 4044 1337 4102 est,
1378 4052 1477 4106 quo
1501 4039 1852 4108 propinquan-

272 4123 409 4175 tibus
437 4124 601 4177 diebus
634 4124 823 4178 sanctis
855 4124 1084 4191 Pasclue,
1134 4126 1310 4179 salutis
1359 4144 1542 4197 aquam
1575 4129 1847 4198 perciperet

268 4210 530 4282 (Possid.,
554 4215 606 4267 in
636 4213 751 4268 Vita
770 4214 1006 4285 August.,
1026 4232 1069 4268 c.
1098 4217 1173 4286 1).
1194 4215 1396 4282 Quibus
1426 4217 1597 4273 verbis
1616 4217 1853 4273 indicare

268 4304 500 4373 videtur,
521 4308 893 4377 Augustinum,
920 4309 1040 4362 cum
1063 4308 1128 4362 ad
1142 4309 1408 4364 Christum
1431 4326 1720 4365 conversus
1747 4320 1848 4377 est,

268 4395 615 4466 Baptismatis
664 4398 715 4451 in
752 4400 993 4469 proxima
1038 4400 1278 4455 Paschali
1318 4402 1652 4456 solemnitate
1676 4401 1850 4471 perci-

266 4488 447 4558 piendi
492 4489 773 4543 consilium
819 4490 1048 4560 cepisse.
1075 4491 1178 4546 Sed
1218 4492 1341 4547 inde
1371 4493 1627 4547 Baronius
1654 4492 1848 4559 intulit,

265 4594 388 4634 cum
417 4588 665 4650 tempore
694 4580 935 4635 Paschali
966 4582 1126 4637 fuisse
1162 4590 1556 4654 regeneratum,
1607 4598 1672 4637 eo
1723 4598 1853 4639 sane

268 4672 518 4734 consilio,
578 4680 636 4725 ut
658 4672 772 4741 ejus
802 4672 1126 4743 Baptismum
1158 4674 1223 4728 ad
1252 4675 1490 4746 quintum
1534 4675 1674 4729 diem
1702 4676 1848 4740 maii,

269 4762 475 4831 quodie
494 4762 633 4815 illius
650 4764 1054 4818 conversionem
1072 4764 1308 4819 Ecclesia
1326 4781 1466 4820 nunc
1489 4766 1741 4834 celebrat,
1756 4766 1852 4820 ad-

270 4861 480 4922 optaret
500 4852 821 4921 (Baron.,ad
832 4870 953 4910 ann.
969 4854 1092 4918 588,
1107 4856 1254 4923 n.7l)
1274 4874 1285 4909 :
1303 4854 1852 4924 quamviseaPossidii

270 4946 455 5011 verba,
488 4946 534 4999 si
558 4946 712 5015 juxta
737 4961 963 5012 morem,
991 4963 1146 5017 quem
1175 4956 1298 5003 tunc
1327 4950 1562 5005 Ecclesia
1586 4949 1850 5017 servabat,

268 5046 628 5108 exponuntur,
643 5054 763 5092 eum
779 5039 829 5092 in
849 5038 1063 5093 Pasehre
1079 5041 1346 5110 pervigilio
1362 5042 1676 5110 baptizatum
1691 5042 1854 5098 fuisse

271 5129 618 5198 signiﬁcent:
651 5127 741 5198 qui
784 5128 898 5183 dies
938 5130 1231 5185 adulterum
1269 5132 1534 5203 przccipue
1584 5133 1853 5203 Baptismo

271 5220 572 5275 desﬁnatus
601 5228 749 5286 erat;
797 5221 868 5274 ita
894 5231 951 5275 ut
977 5230 1124 5275 extra
1150 5237 1272 5277 eum
1316 5223 1454 5279 diem
1481 5226 1675 5281 multos
1702 5227 1853 5297 aquis

274 5310 599 5366 salutaribus
614 5310 772 5365 simul
787 5311 1023 5378 abluere,
1039 5311 1479 5382 quemadmodum
1496 5314 1551 5369 in
1575 5315 1850 5386 Augustini

274 5403 684 5471 regeneratione
719 5401 930 5469 accidit,
960 5402 1265 5473 infrequens
1290 5414 1343 5459 et
1379 5419 1651 5475 perrarum
1689 5416 1849 5462 esset.

278 5494 391 5550 lloc
428 5498 607 5567 itaque
637 5496 859 5567 contigit
884 5512 944 5551 ea
974 5507 1150 5566 nocte,
1173 5514 1291 5570 quae
1315 5498 1555 5569 quintum
1591 5508 1644 5555 et
1667 5500 1856 5556 vicesi-

276 5603 421 5642 mum
447 5588 591 5644 diem
647 5588 835 5661 aprilis
859 5589 1221 5656 antecedebat,
1247 5605 1355 5661 quo
1403 5590 1491 5645 die
1542 5590 1853 5649 Ambrosius

280 5674 477 5737 Pascha
521 5698 671 5740 anno
696 5682 965 5740 tricesimo
992 5683 1315 5754 octogesimo
1341 5684 1568 5755 septimo
1596 5698 1714 5739 esse
1759 5696 1852 5740 ce-

1524 330 1527 333 .
1588 272 1805 335 HBER.
1824 267 2207 333 SECUNDUS.

3428 262 3533 327 “2

1939 382 2256 441 lebrandum
2274 378 2485 454 publica
2514 380 2737 452 epistola
2761 380 3094 451 probaverat.

2013 476 2069 529 4.
2110 473 2224 529 Νοη
2249 482 2333 529 est
2355 472 2622 528 tenuitatis
2643 479 2858 536 nostra,
2886 458 3168 541 de‘gaudio
3187 469 3512 541 Angelorutl

1940 564 2037 621 Dei
2060 565 2111 619 in
2155 564 2305 622 caelis
2331 578 2491 633 super
2515 562 2795 633 Augustini
2830 562 3143 632 pmnitentia
3168 570 3222 616 et
3248 562 3520 632 Baptismo

1942 670 2040 727 pro
2081 656 2335 726 dignitate
2360 654 2539 711 dicere
2568 672 2580 707 :
2610 663 2754 709 certe
2780 652 2976 709 Christi
3004 653 3057 707 in
3097 652 3252 708 terris
3278 651 3519 709 Ecclesia

1941 761 2095 801 suum
2116 745 2399 817 quotannis
2425 745 2583 800 etiam
2612 759 2753 799 nunc
2771 742 3148 817 gratulabunda
3179 751 3439 811 testatur;
3468 754 3522 799 et

1942 838 2075 894 adeo
2086 838 2340 893 eximium
2361 838 2638 892 Doctorem
2659 850 2850 907 magno
2876 835 3067 890 divinae
3094 835 3276 905 gratia:
3296 850 3518 891 munere

1941 929 2190 984 donatum
2216 942 2529 999 agnoscens,
2550 927 2789 996 quintum
2807 926 2948 981 diem
2971 927 3098 981 maii
3123 926 3363 997 ejusdem
3384 940 3521 983 con-

1940 1019 2174 1074 versioni
2206 1032 2416 1073 sacrum
2444 1019 2746 1091 constituit:
2775 1033 2894 1088 quae
2916 1032 3075 1090 porro
3109 1032 3213 1072 non
3241 1018 3398 1072 aliam
3426 1032 3519 1073 cu-

1937 1111 2185 1181 jusquam
2231 1111 2635 1166 conversionem
2665 1110 2900 1165 instituta
2929 1110 3217 1165 festivitate
3260 1108 3518 1176 celebrat,

1943 1210 2135 1271 prteter
2158 1216 2315 1270 quam
2334 1201 2481 1255 Pauli
2499 1210 2552 1256 et
2575 1200 2872 1273 Augustini.
2903 1200 3072 1271 Hujus
3096 1208 3272 1255 tamen
3295 1209 3520 1256 conver-

1939 1294 2021 1348 sio
2041 1294 2123 1347 vel
2138 1294 2436 1363 Baptismus
2448 1294 2603 1349 tertio
2625 1308 2790 1349 nonas
2808 1293 2931 1348 maii
2952 1292 3194 1349 accidere
3208 1307 3311 1349 non
3323 1294 3516 1363 potuit.

1938 1386 2252 1456 Quanquam
2270 1401 2374 1441 non
2394 1386 2701 1457 longissime
2722 1386 2872 1442 abest
2886 1387 2929 1440 is
2949 1387 3065 1442 dies
3078 1386 3146 1441 ab
3171 1401 3257 1453 eo,
3285 1387 3377 1459 qui
3404 1385 3519 1442 Me-

1942 1477 2235 1533 diolanensi
2253 1477 2502 1533 Ecclesiae
2526 1477 2770 1533 veniente
2792 1478 2859 1532 ad
2876 1477 3203 1547 Baptismum
3226 1477 3522 1549 Augustino

1942 1566 2159 1622 festivus
2184 1567 2299 1622 fuit.
2328 1567 2497 1623 Nemo
2522 1575 2668 1623 certe
2693 1568 2793 1621 erit
2818 1568 2908 1637 qui
2933 1582 3039 1623 non
3084 1568 3233 1623 facile
3276 1568 3520 1638 suspice-

1947 1667 2049 1726 tur,
2074 1668 2314 1716 sanctum
2336 1661 2508 1715 virum
2543 1659 2792 1715 fortunati
2835 1659 2978 1715 illius
3002 1660 3107 1715 diei
3147 1660 3520 1716 recordatione

1942 1753 2174 1809 maxime
2194 1753 2465 1808 incitatum
2494 1752 2678 1817 fuisse,
2706 1759 2763 1806 ut
2788 1750 3041 1806 Romanae
3070 1751 3321 1807 Ecclesia:
3345 1752 3400 1807 in
3423 1750 3522 1806 Vi—

1944 1845 2134 1900 ctorini
2157 1844 2510 1900 conversione
2544 1844 2783 1899 laetitiam
2812 1851 2919 1898 tam
2943 1843 3159 1899 disertis
3181 1852 3397 1914 tamque
3421 1843 3524 1915 piis

1943 1938 2123 1993 verbis
2148 1937 2493 2007 promendum
2521 1935 2953 2007 prodendamque
2978 1936 3249 1991 memoriae
3288 1944 3523 1991 curaret.

1944 2030 2203 2095 Quocirca
2233 2045 2299 2084 ex
2328 2029 2391 2083 iis
2433 2043 2551 2099 quae
2581 2027 2669 2083 ille
2694 2026 2762 2082 de
2789 2026 3064 2082 Victorino
3087 2026 3316 2099 (Confes.
3345 2024 3432 2080 lib.
3463 2025 3520 2092 8,

1944 2137 2059 2191 cap.
2092 2120 2148 2187 2,
2177 2137 2228 2173 n.
2261 2120 2341 2190 5),
2370 2119 2474 2174 hoc
2498 2128 2689 2188 praeter
2731 2118 2853 2183 alia,
2892 2126 3095 2175 mutato
3138 2118 3403 2173 duntaxat
3428 2132 3530 2173 no-

1946 2216 2109 2278 mine,
2159 2211 2226 2268 de
2269 2213 2383 2281 ipso
2412 2212 2590 2268 dicere
2614 2227 2862 2282 peraeque
2891 2211 3067 2276 liceat,
3092 2211 3233 2281 quod
3275 2211 3527 2267 nimirum

1947 2303 2033 2357 ubi
2056 2302 2297 2357 ascendit
2318 2310 2376 2357 ut
2402 2302 2703 2373 symbolum
2728 2302 2780 2356 in
2801 2301 3025 2356 ecclesia
3050 2301 3315 2366 redderet,
3342 2316 3531 2357 omnes

1945 2395 2159 2449 sibimet
2180 2394 2426 2459 invicem,
2453 2394 2676 2465 quisque
2716 2402 2774 2447 ut
2800 2408 2921 2448 eum
2949 2402 3190 2456 noverat,
3229 2392 3529 2463 iustrepue-

1944 2494 2071 2540 runt
2097 2500 2291 2540 nomen
2310 2485 2425 2555 ejus
2445 2486 2668 2555 strepitu
2693 2485 3079 2555 gratulationis.
3104 2485 3232 2553 Quis
3256 2494 3432 2540 autem
3454 2484 3531 2541 ibi

1949 2592 2053 2632 non
2084 2591 2205 2631 eum
2260 2577 2518 2631 noverat?
2564 2577 2630 2631 Et
2674 2576 2853 2631 sonuit
2879 2591 3065 2646 presso
3092 2577 3267 2631 sonitu
3310 2592 3403 2647 per
3434 2590 3532 2632 ora

1946 2678 2261 2724 cunctorum
2310 2667 2691 2723 collmtantium
2726 2685 2738 2721 :
2768 2667 3125 2737 Augustinus!
3170 2667 3530 2737 Augustinus!

1948 2759 2067 2816 Cito
2115 2768 2409 2816 sonuerunt
2455 2759 2800 2826 exultatione,
2852 2760 2972 2829 quia
3002 2758 3253 2815 videbant
3293 2775 3448 2825 eum;
3475 2768 3533 2815 et

1948 2853 2055 2907 cito
2087 2853 2347 2908 siluerunt
2395 2851 2707 2918 intentione,
2737 2860 2793 2905 ut
2831 2851 3081 2907 audirent
3105 2865 3246 2905 eum.
3288 2850 3533 2906 Pronun-

1953 2943 2101 2998 tiavit
2127 2943 2214 2997 ille
2236 2941 2394 2997 ﬁdem
2424 2956 2668 2996 veracem
2693 2940 2949 3010 prmclara
2980 2939 3263 3005 ﬁducia,et
3280 2939 3536 2995 volebant

1952 3052 2073 3091 eum
2109 3050 2299 3092 omnes
2323 3049 2513 3104 rapere
2544 3033 2683 3088 intro
2724 3034 2775 3086 in
2821 3048 2915 3087 cor
2944 3048 3119 3097 suum,
3160 3040 3217 3086 et
3255 3031 3537 3103 rapiebant

1952 3124 2182 3180 amando
2224 3136 2278 3182 et
2320 3124 2619 3196 gaudendo.
2662 3124 2757 3179 ila:
2793 3123 3110 3194 rapientium
3136 3136 3324 3179 manus
3357 3130 3532 3178 erant.

1952 3218 2098 3272 Multi
2124 3217 2340 3287 quidem
2369 3232 2435 3272 ex
2462 3214 2809 3288 profundiore
2856 3224 3055 3269 tartaro
3080 3213 3352 3280 caecitatis,
3375 3226 3538 3283 quam

1954 3309 2279 3379 Augustinus
2300 3307 2521 3361 redeunt
2549 3306 2616 3361 ad
2648 3305 2810 3360 Deum
2844 3321 2856 3356 :
2890 3304 2983 3358 sed
3009 3304 3055 3358 si
3086 3304 3261 3358 minus
3279 3303 3391 3358 noti
3412 3309 3539 3359 sunt

1952 3402 2181 3473 populis,
2213 3400 2388 3455 minus
2426 3398 2493 3453 de
2539 3398 2643 3451 illis
2690 3395 2926 3467 gaudent
2969 3398 3130 3451 etiam
3158 3395 3249 3468 qui
3274 3402 3539 3450 noverunt

1954 3512 2047 3550 eos
2072 3512 2085 3547 :
2110 3493 2198 3564 qui
2229 3502 2406 3547 autem
2428 3488 2612 3544 multis
2634 3490 2763 3555 noti,
2788 3487 2967 3541 multis
2994 3494 3117 3540 sunt
3136 3484 3437 3540 auctoritati
3464 3484 3534 3539 ad

1955 3587 2204 3650 salutem,
2233 3592 2288 3639 et
2314 3582 2493 3637 multis
2522 3589 2763 3651 prmeunt
2790 3578 3071 3635 secuturis.
3101 3576 3227 3631 Plus
3244 3577 3405 3630 etiam
3432 3574 3537 3631 bo-

1958 3680 2055 3733 stis
2076 3677 2302 3731 vincitur
2338 3675 2390 3729 in
2427 3688 2495 3728 eo
2514 3687 2671 3743 quem
2722 3671 2843 3741 plus
2869 3678 3030 3736 tenet,
3059 3676 3113 3723 et
3132 3667 3197 3722 de
3224 3682 3331 3739 qun
3356 3665 3537 3736 plures

1958 3750 2120 3823 tenet.
2154 3767 2281 3822 Plus
2308 3774 2484 3819 autem
2524 3762 2785 3833 superbos
2813 3768 2954 3816 tenet
2984 3759 3198 3814 nomine
3222 3758 3534 3824 nobilitatis,

1954 3871 2009 3915 et
2052 3860 2119 3914 de
2175 3858 2258 3912 his
2287 3857 2467 3926 plures
2487 3854 2702 3910 nomine
2743 3850 3093 3906 auctoritatis.
3124 3848 3332 3917 Quanto
3378 3848 3537 3921 igitur

1954 3952 2152 4020 gratius
2192 3948 2521 4018 cogitabatur
2549 3943 2828 4015 Augustini
2860 3950 3068 4012 pectus,
3100 3938 3243 4010 quod
3284 3938 3534 4009 tanquam

1956 4042 2359 4112 inexpugnabile
2393 4038 2794 4109 receptaculum
2837 4034 3077 4090 diabolus
3132 4033 3452 4097 obtinuerat,
3479 4041 3538 4087 et

1957 4132 2233 4204 Augustini
2261 4132 2457 4201 lingua,
2476 4145 2578 4200 quo
2598 4128 2703 4183 telo
2731 4124 2917 4197 grandi
2934 4131 2988 4180 et
3010 4131 3163 4179 acuto
3191 4123 3385 4178 multos
3413 4136 3537 4191 per-

1955 4233 2176 4289 emerat;
2191 4232 2334 4279 tanto
2345 4220 2698 4277 abundantius
2709 4218 2976 4273 exsultare
2988 4215 3221 4285 oportuit
3234 4213 3367 4269 ﬁlios
3384 4222 3526 4279 tuos,

1957 4318 2077 4388 quia
2109 4318 2217 4372 ilex
2236 4323 2417 4370 noster
2440 4313 2676 4384 alligavit
2703 4311 2912 4377 fortem,
2930 4320 2982 4365 et
3006 4309 3255 4364 videbant
3275 4314 3400 4364 vasa
3420 4307 3537 4379 ejus

1956 4415 2137 4476 erepta
2165 4404 2429 4470 mundari,
2469 4412 2523 4458 et
2561 4402 2733 4472 aptari
2762 4402 2813 4455 in
2842 4400 3096 4455 honorem
3127 4408 3295 4467 tuum,
3322 4406 3378 4454 et
3416 4396 3535 4454 ﬁeri

1960 4496 2102 4571 utilia
2140 4494 2363 4550 Domino
2400 4493 2466 4549 ad
2496 4507 2653 4547 omne
2694 4506 2827 4561 opus
2856 4490 3054 4550 bonum
3104 4487 3291 4558 (Ibid.,
3317 4504 3433 4560 cap.
3462 4488 3533 4554 4,

1957 4604 2009 4640 η.
2038 4585 2116 4659 9).

2029 4678 2083 4733 5.
2123 4676 2376 4746 Baptizati
2414 4690 2615 4737 sumus,
2662 4672 2831 4741 inquit
2873 4670 3225 4740 Augustinus,
3253 4678 3302 4723 et
3334 4669 3466 4741 fugit
3503 4683 3537 4723 tl

1958 4769 2099 4823 nobis
2134 4766 2417 4823 sollicitudo
2456 4765 2572 4818 vitae
2604 4764 2886 4836 prazteritaz.
2916 4760 3026 4815 Nec
3054 4762 3273 4815 satiabar
3297 4759 3401 4813 illis
3425 4760 3536 4814 die-

1958 4862 2048 4917 bus
2073 4861 2337 4915 dulcedine
2364 4857 2609 4923 mirabili,
2636 4855 2955 4910 considerare
2989 4854 3302 4909 altitudinem
3338 4852 3539 4906 consilii

1959 4955 2034 5017 tui
2077 4970 2226 5025 super
2267 4952 2479 5007 salutem
2516 4950 2708 5022 generis
2753 4948 2981 5002 humani.
3025 4946 3281 5011 Quantum
3323 4943 3440 5015 ﬂevi
3482 4945 3539 4999 in

1958 5045 2157 5117 hymnis
2181 5053 2226 5097 et
2250 5042 2455 5097 canticis
2485 5042 2611 5107 tuis,
2645 5038 3017 5094 suavesonantis
3053 5035 3294 5089 Ecclesia:
3322 5043 3423 5090 tute
3444 5051 3534 5090 tto-

1957 5137 2093 5197 cibus
2131 5142 2407 5189 commotus
2446 5131 2665 5201 acriter?
2705 5128 2859 5183 Voces
2893 5124 3291 5195 illwinﬂuebant
3331 5126 3540 5181 auribus

1957 5229 2100 5294 meis,
2121 5236 2167 5280 et
2190 5225 2500 5294 eliquabatur
2528 5222 2709 5276 ueritas
2735 5221 2788 5273 in
2816 5236 2901 5273 cor
2927 5235 3093 5273 meum
3110 5258 3126 5282 ,
3157 5227 3203 5273 et
3228 5218 3540 5274 extenuabat

1956 5319 2074 5375 inde
2093 5317 2305 5385 alfectus
2331 5314 2545 5386 pietatis,
2567 5322 2613 5366 et
2636 5310 2897 5365 currebant
2927 5311 3182 5381 lacrymce,
3199 5320 3247 5364 et
3270 5311 3392 5366 bene
3413 5311 3539 5365 mihi

1957 5421 2061 5466 erat
2077 5428 2192 5465 cum
2210 5410 2281 5464 eis
2298 5407 2347 5480 (1
2357 5406 2584 5473 bid.,lib.
2610 5405 2666 5470 9,
2687 5421 2799 5476 cap.
2823 5405 2875 5470 6,
2896 5422 2949 5459 η.
2977 5401 3085 5476 14).
3108 5403 3279 5457 Annus
3302 5412 3427 5466 erat,
3449 5414 3539 5457 aut

1957 5519 2059 5558 non
2084 5501 2241 5557 multo
2265 5500 2482 5570 amplius
2503 5498 2649 5569 (puta
2671 5497 2905 5552 tredecim
2924 5497 3117 5550 circiter
3142 5511 3332 5550 menses
3357 5509 3421 5548 ea:
3437 5509 3538 5566 quo

1957 5594 2055 5648 ista
2073 5592 2376 5650 consuetudo
2399 5590 2675 5646 Mediolani
2691 5589 2950 5661 ceperat),
2969 5605 3083 5642 cum
3097 5586 3302 5642 Iustina
3312 5586 3540 5658 Augusta

1968 5684 2305 5765 Valentiniani
2323 5686 2451 5755 regis
2466 5684 2611 5751 pueri
2634 5694 2788 5765 mater
2803 5682 3050 5738 hominem
3070 5688 3209 5733 tuum
3224 5676 3539 5732 Ambrosium
