3994 6352
448 324 553 384 “3

447 450 820 517 persequeretur
840 440 1044 495 Iucresis
1074 454 1179 494 sure
1194 455 1346 493 causa
1366 481 1380 505 ,
1410 455 1507 509 qua
1537 442 1702 510 fuerat
1729 438 1934 493 seducta
1960 437 2022 492 ab

447 535 689 599 Arionis;
714 533 854 604 quod
876 545 1093 586 narrare
1123 531 1293 601 pergit
1320 530 1645 601 Augustinus
1669 530 1720 584 in
1745 530 1885 584 hunc
1912 543 2029 584 mo-

448 631 575 686 dum
603 647 618 684 :
646 628 942 684 Excubabat
971 627 1056 697 pia
1081 624 1220 696 plebs
1238 624 1290 678 in
1319 625 1544 690 ecclesia,
1570 624 1702 678 mori
1720 632 1898 693 parata
1918 641 2031 677 cum
2076 634 2079 639 '

448 724 683 791 episcopo
698 736 818 786 suo,
850 734 989 773 servo
1016 726 1120 771 tuo.
1148 716 1173 769 I
1182 717 1229 770 bi
1253 725 1411 769 mater
1431 732 1559 781 mea,
1587 714 1776 768 ancilla
1801 723 1906 781 tua,
1929 717 2033 768 sol-

449 811 723 867 licitudinis
737 818 785 865 et
806 810 1090 881 vigiliarum
1119 811 1307 879 primas
1336 817 1506 861 tenens
1525 848 1539 871 ,
1565 806 1874 861 orationibus
1900 808 2031 861 vive-

450 906 549 960 bat.
577 902 689 958 Nos
718 902 884 956 adhuc
914 900 1089 972 frigidi
1116 916 1148 952 a
1176 898 1343 952 calore
1360 899 1566 969 spiritus
1583 898 1673 961 tui,
1693 898 2035 951 excitabantur

455 1007 620 1051 tamen
660 994 855 1048 civitate
893 992 1106 1045 attonita
1144 1001 1292 1060 atque
1330 988 1545 1043 turbata.
1592 988 1730 1041 Tunc
1769 987 1945 1058 hymni
1986 997 2035 1041 et

390 1080 393 1085 ’
451 1086 635 1157 psalmi
655 1094 707 1140 ut
733 1092 1030 1138 canerentur
1051 1082 1323 1136 secundant
1350 1096 1537 1133 morem
1566 1077 1896 1133 Orientalium
1917 1094 2036 1147 pur-

451 1183 575 1236 tium
592 1223 605 1247 ,
633 1196 696 1234 ne
720 1180 939 1251 populus
975 1175 1202 1230 mwroris
1228 1174 1378 1228 ttedio
1402 1174 1793 1237 contabesceret,
1830 1170 2035 1224 institu-

452 1282 559 1327 tum
585 1282 693 1335 est;
716 1281 763 1325 et
790 1287 851 1325 ea:
886 1270 975 1323 illo
998 1268 1052 1321 in
1081 1267 1378 1321 hodiernum
1409 1274 1658 1318 retentum
1679 1305 1693 1330 ,
1723 1263 1892 1317 multis
1921 1264 2035 1332 jam

450 1382 510 1420 ac
542 1380 666 1432 pene
698 1360 926 1417 omnibus
952 1359 1181 1430 gregibus
1213 1357 1337 1421 tuis,
1369 1364 1415 1409 et
1440 1371 1529 1425 per
1552 1364 1729 1407 caztera
1753 1352 1889 1406 orbis
1917 1352 2004 1404 imi
2014 1380 2034 1390 -

453 1456 672 1509 tantibus
690 1452 871 1525 (Ibid.,
893 1467 1006 1521 cap.
1026 1452 1079 1516 7,
1099 1465 1150 1502 η.
1179 1446 1289 1522 15).
1313 1447 1748 1516 Experimentum
1773 1443 2033 1511 utilitatis,

451 1563 571 1618 quae
612 1562 676 1603 ex
720 1561 867 1601 sacra
899 1543 1153 1598 Ecclesiae
1182 1541 1541 1596 modulatione
1578 1538 1882 1608 percipitur,
1914 1551 2035 1591 cum

450 1640 608 1694 etiam
625 1638 997 1693 recordarctur
1015 1634 1106 1689 Vir
1126 1640 1340 1687 sanctus
1360 1674 1373 1695 ,
1399 1630 1679 1701 laerymas,
1709 1643 1840 1697 quas
1864 1627 2037 1681 divina

454 1728 660 1784 cantica
694 1706 750 1781 in
790 1732 1118 1795 recuperatze
1159 1722 1278 1776 ﬁdei
1306 1736 1417 1775 suze
1446 1718 1751 1789 primordiis
1778 1733 1841 1773 ex
1874 1718 2038 1787 ipsius

451 1819 623 1877 oculis
651 1819 943 1874 elicuerunt
965 1859 977 1879 ,
1008 1829 1129 1869 eum
1162 1813 1225 1867 ad
1267 1811 1405 1867 istud
1436 1809 1693 1865 Ecclesia:
1740 1809 2035 1863 institutum

448 1908 897 1980 comprobandum
925 1919 1139 1974 semper
1161 1902 1362 1957 induxit
1387 1899 1569 1974 (Ibid,
1590 1899 1677 1955 lib.
1698 1898 1785 1967 10,
1812 1915 1926 1969 cap.
1946 1900 2035 1967 55,

449 2020 499 2057 η.
526 2002 639 2072 so).

518 2094 574 2150 6.
614 2094 873 2163 Pcrcepla
902 2088 1156 2161 Baptismi
1184 2088 1350 2159 gratia
1372 2102 1491 2141 mox
1520 2084 1839 2155 Augustinus
1861 2098 1927 2138 ex
1959 2082 2039 2138 in-

452 2186 593 2241 timis
643 2185 820 2250 cordis
868 2184 1149 2246 medullis,
1204 2179 1457 2251 quidquid
1506 2178 1621 2247 spei
1672 2178 1936 2232 collocare
1983 2177 2038 2231 in

448 2276 648 2331 sa'culo
688 2276 980 2346 potuisset,
1029 2272 1320 2336 abdicavit;
1361 2271 1470 2340 jam
1508 2284 1613 2323 non
1653 2284 1900 2332 uxorem,
1929 2284 2035 2323 non

450 2370 647 2426 liberos
666 2411 680 2434 ,
712 2384 817 2423 non
843 2367 1052 2421 divitias
1072 2406 1086 2429 ,
1120 2380 1223 2419 non
1254 2363 1536 2433 dignitates
1564 2370 1913 2427 consectans,
1944 2360 2037 2415 sed

448 2460 549 2517 soli
578 2462 685 2516 Deo
726 2474 847 2514 cum
876 2458 985 2512 suis
1016 2455 1217 2512 servire
1258 2455 1615 2521 constituens,
1647 2460 1706 2507 ut
1735 2452 1923 2523 pusillo
1965 2452 2037 2507 illi

447 2555 593 2625 gregi
620 2552 1029 2615 adscriberetur,
1061 2550 1145 2604 cui
1172 2563 1391 2618 regnum
1430 2561 1584 2601 suum
1624 2546 1899 2614 pollicetur
1932 2545 2037 2599 Do-

449 2649 626 2703 minus
646 2691 661 2713 ,
689 2656 745 2702 et
772 2660 929 2716 quem
973 2643 1039 2699 ad
1080 2641 1451 2713 possessiones
1479 2638 1782 2693 vendendas
1810 2652 1873 2691 ac
1902 2652 2036 2707 pau-

447 2740 665 2810 peribus
691 2736 986 2807 erogandas
1014 2734 1344 2788 adhortatur.
1375 2731 1555 2800 Itaque
1577 2745 1736 2799 super
1761 2728 1880 2783 ﬁdei
1914 2728 2035 2782 fun-

448 2833 754 2888 damentum
793 2828 925 2884 nihil
964 2826 1072 2882 nisi
1111 2840 1298 2880 aurum
1324 2832 1377 2879 et
1404 2830 1678 2893 argentum
1720 2831 1773 2876 et
1801 2835 2038 2891 gemmas

452 2931 752 2987 exstruere,
784 2919 1167 2990 soloque'victu
1195 2915 1259 2971 ad
1291 2914 1539 2970 tuendam
1566 2912 1805 2983 corporis
1830 2913 2037 2967 valetu-

449 3014 631 3070 dinem
666 3012 969 3068 neeessario
997 3016 1275 3065 contentus
1304 3022 1423 3063 esse
1452 3006 1688 3062 decrevit
1718 3022 1731 3059 :
1764 3020 1883 3060 cum
1913 3013 2037 3061 ante

446 3105 609 3159 variis
635 3100 1007 3173 cupiditatibus
1036 3107 1090 3154 et
1114 3097 1551 3154 sollicitudinibus
1573 3095 1804 3150 irretitus
1826 3103 2037 3150 tenere-

449 3204 536 3250 tur
557 3193 867 3265 (Possidius,
890 3193 942 3246 in
968 3190 1089 3247 Vita
1110 3192 1343 3263 August,
1367 3188 1506 3260 c.2).
1538 3188 1595 3242 ln
1614 3188 1831 3242 dubium
1859 3187 2036 3241 vocari

446 3303 554 3343 non
583 3295 790 3358 potest,
830 3288 957 3357 quin
986 3284 1235 3356 Alypius,
1274 3292 1468 3353 przeter
1506 3280 1639 3336 alios
1666 3280 1919 3351 quosdam
1940 3322 1955 3347 ,
1986 3281 2035 3335 ei

448 3379 588 3434 foret
606 3378 844 3449 ejusdem
868 3376 1043 3447 placiti
1065 3375 1319 3430 societate
1342 3370 1885 3427 devinctus.Evodius
1906 3385 2035 3426 sane

447 3469 785 3540 Tagastensis
805 3510 820 3536 ,
850 3476 1103 3539 Operante
1130 3467 1238 3521 Deo
1267 3465 1356 3535 qui
1398 3464 1635 3519 habitare
1673 3460 1801 3517 facit
1842 3464 2024 3518 unani-

447 3575 564 3615 mes
601 3560 653 3615 in
683 3559 876 3626 domo,
909 3574 967 3613 se
993 3559 1194 3613 socium
1240 3555 1343 3611 illis
1384 3555 1641 3625 adjunxit.
1671 3555 1720 3610 ls
1750 3557 1895 3624 prior
1920 3557 2030 3609 Au-

414 3698 423 3704 .
448 3650 658 3721 gustino
676 3651 740 3705 ad
759 3651 924 3706 Deum
945 3665 1233 3705 conversus
1259 3657 1445 3702 eratet
1470 3647 1762 3716 baptizatus
1779 3646 2030 3719 (Confess.

451 3741 538 3795 tib.
572 3741 626 3807 9,
659 3758 775 3811 cap.
810 3742 863 3805 8,
896 3757 947 3793 n.
983 3740 1094 3811 l7).
1116 3739 1324 3793 Omnes
1352 3738 1403 3791 iu
1444 3738 1553 3793 Deo
1576 3738 1685 3808 jam
1711 3738 2028 3805 consociati,

449 3831 604 3886 simul
644 3829 905 3901 degebant
937 3848 949 3881 :
982 3844 1206 3898 quorum
1255 3828 1492 3882 omnium
1534 3826 1771 3881 blennica
1812 3828 2033 3898 perinde

448 3936 633 3977 curam
671 3921 922 3991 gerebat,
963 3934 1025 3973 ac
1067 3920 1109 3972 si
1154 3919 1479 3989 singulorum
1514 3933 1700 3987 parens
1737 3918 2034 3972 exstitisset

450 4009 634 4083 (lbid.,
661 4028 774 4081 cap.
812 4010 865 4074 9,
898 4027 949 4063 n.
980 4009 1103 4081 22).
1138 4008 1432 4064 Perfectam
1466 4009 1659 4078 pariter
1686 4009 1845 4062 vitam
1875 4023 2032 4079 agere

451 4104 643 4175 singuli
674 4113 965 4158 statuerant
992 4123 1002 4157 :
1027 4103 1092 4157 de
1118 4104 1236 4157 loco
1261 4103 1430 4156 solum
1461 4101 1695 4157 consiliis
1724 4102 1834 4155 suis
1858 4116 1921 4155 ac
1948 4116 2033 4155 vo-

449 4200 520 4255 tis
538 4207 832 4269 opportuno
847 4198 1175 4252 laborabant.
1195 4195 1365 4251 Simul
1378 4212 1593 4260 eramus,
1613 4195 1704 4258 ait,
1718 4192 1872 4247 simul
1886 4193 2031 4247 babi-

455 4290 609 4343 taturi
652 4289 838 4358 placito
865 4297 1039 4342 sancto
1064 4304 1081 4341 :
1106 4288 1447 4358 qua'rebamus
1488 4286 1717 4357 quisnam
1762 4285 1901 4338 locus
1943 4301 2032 4338 nos

453 4381 627 4434 utilius
654 4379 852 4433 haberet
871 4380 1136 4434 servientes
1158 4379 1244 4431 tibi
1266 4376 1449 4449 (lbid.,
1473 4394 1587 4447 cap.
1613 4377 1667 4445 8,
1696 4393 1749 4429 η.
1780 4376 1889 4448 17).
1918 4375 2029 4429 Νοη

449 4473 594 4526 enim
642 4471 746 4525 alio
788 4470 1058 4541 spectabat
1098 4470 1349 4539 placitum
1390 4469 1527 4523 istud
1553 4483 1737 4523 eorum
1767 4477 2028 4533 sanctum,

452 4564 555 4619 nisi
606 4570 662 4617 ut
704 4570 882 4632 spreto
928 4560 1129 4615 mundo
1152 4560 1311 4615 simul
1344 4561 1453 4614 Deo
1482 4560 1780 4614 servirent:
1810 4560 1897 4629 qui
1920 4560 2029 4627 jam

452 4669 558 4709 non
584 4652 753 4707 solum
783 4651 1053 4706 christiani
1083 4650 1329 4706 catholici
1354 4650 1421 4705 ab
1446 4659 1691 4720 suscepta
1716 4648 1820 4705 ﬁde
1856 4659 1909 4704 et
1943 4664 2029 4704 sa-

451 4759 540 4799 cra
587 4743 1024 4815 regeneratione,
1075 4742 1168 4797 sed
1219 4743 1378 4797 etiam
1428 4751 1728 4812 contempta
1785 4741 2030 4796 felicitate

452 4845 662 4891 terrena
686 4835 823 4889 servi
843 4834 937 4888 Dei
971 4840 1148 4889 essent
1180 4833 1197 4902 (
1224 4832 1387 4900 Ibid.,
1407 4833 1493 4886 lib.
1512 4832 1566 4896 9,
1594 4849 1708 4902 cap.
1731 4832 1817 4897 10,
1842 4849 1893 4885 n.
1912 4831 2025 4902 26),

450 4940 515 4981 ac
542 4940 667 4980 vere
688 4924 797 4995 jam
826 4925 945 4978 inde
970 4923 1239 4990 monachi,
1262 4922 1327 4977 ad
1353 4921 1728 4993 perfectionem
1756 4922 2030 4977 mandato-

451 5030 569 5070 rum
594 5013 787 5070 Christi
812 5013 1189 5069 contendentes
1214 5031 1226 5067 :
1257 5012 1678 5083 quandoquidem
1708 5012 2030 5081 Augustinus

452 5105 537 5160 his
563 5105 786 5176 ipsemet
813 5105 1112 5160 nominibus
1154 5104 1294 5159 haud
1324 5112 1535 5159 veretur
1575 5103 1843 5171 appellare
1879 5103 2029 5158 Albi-

456 5211 599 5261 nam,
629 5195 930 5262 Piniauum,
958 5205 1012 5250 et
1040 5195 1314 5250 Mclaniam
1333 5235 1347 5259 ,
1369 5208 1489 5248 cum
1516 5193 1567 5247 in
1589 5192 1765 5248 Africa
1793 5195 2029 5264 peregri-

452 5297 644 5343 nantes
676 5286 932 5358 persimili
969 5286 1165 5358 placito
1202 5293 1387 5339 sancto
1424 5298 1511 5338 res
1546 5298 1668 5338 suas
1713 5286 2030 5354 pauperibus

458 5380 869 5446 distribuerent;
896 5393 1018 5433 nam
1050 5377 1149 5447 ipsi
1177 5377 1394 5432 omnino
1423 5383 1564 5443 sunt,
1591 5391 1725 5447 quos
1750 5377 2030 5447 implenda:

449 5470 751 5544 iurationis,
784 5470 994 5523 tametsi
1018 5466 1085 5520 ab
1110 5466 1332 5521 Piniano
1357 5472 1596 5533 extortae,
1627 5465 1946 5536 obligatione
1966 5482 2031 5522 eo

454 5564 635 5619 minus
658 5560 859 5617 absolvi
885 5573 1043 5630 posse
1067 5556 1369 5623 contendit,
1400 5555 1542 5628 quod
1569 5556 1801 5627 praestita
1830 5557 1916 5612 illa
1938 5557 2028 5629 ju-

453 5654 591 5710 ratio
615 5660 758 5708 esset
784 5652 1069 5706 Servorum
1091 5648 1185 5703 Dei
1215 5662 1435 5703 munere
1459 5647 1753 5704 sanctitatis
1783 5651 2029 5719 prmemi-

457 5744 693 5803 nentiam
715 5786 729 5815 ,
761 5741 1134 5798 Monachorum
1160 5740 1223 5795 ad
1256 5740 1635 5811 perfectionem
1664 5742 2030 5800 mandatorum

1543 321 1698 378 \‘lTA
1737 321 1795 377 S.
1836 315 2200 376 AUGUSTINI
2241 314 2564 375 EPISCOPI.

3628 335 3734 396 144

2136 437 2333 493 Christi
2377 454 2559 495 rerum
2607 440 2769 496 et’am
2816 456 3030 497 suarum
3076 443 3458 503 distributione
3500 460 3732 507 curren-

2140 531 2266 585 tium
2286 531 2476 603 (Epist.
2502 532 2627 601 126,
2650 551 2704 587 n.
2722 534 2835 607 Η).
2860 535 3065 591 Placuit
3087 538 3264 608 itaque
3288 541 3584 613 Augustino
3606 560 3733 601 cum

2148 622 2353 677 civibus
2381 623 2491 679 suis
2517 632 2571 679 et
2596 624 2780 681 amicis
2802 668 2815 691 ,
2842 628 2930 697 qui
2956 644 3015 683 se
3046 629 3138 684 Dei
3164 632 3382 688 servitio
3413 636 3615 703 pariter
3637 638 3732 692 ad-

2138 711 2413 782 dixeram,
2446 714 2499 768 in
2528 716 2757 770 Africam
2783 732 3024 775 remeare
3052 718 3377 789 (Possidius,
3404 724 3458 777 in
3490 724 3605 779 Vita
3624 727 3735 780 Au»

2138 814 2296 874 θυεμ,
2336 821 2384 859 c.
2430 805 2528 876 5).
2568 808 2700 862 Cum
2738 823 2803 864 eo
2831 819 2945 864 erat
2971 810 3222 881 Navigius
3257 813 3421 870 frater
3460 814 3480 889 (
3502 816 3728 890 Confess.

2142 894 2229 948 lib.
2252 894 2307 961 9,
2331 912 2444 965 cap.
2472 897 2560 963 H,
2590 914 2643 951 η.
2670 897 2763 970 27)
2796 917 2809 953 :
2835 908 2888 953 et
2912 915 3031 955 cum
3063 901 3129 955 ad
3154 900 3299 957 Ostia
3330 903 3579 962 Tiberina
3607 923 3733 977 per-

2138 987 2405 1051 venisset,
2464 1002 2603 1043 anno
2652 990 2825 1043 aetatis
2876 1005 2987 1045 sua:
3032 993 3305 1063 trigesimo
3352 997 3509 1051 tertio
3563 1008 3736 1054 matre

2140 1077 2354 1131 orbatus
2370 1087 2450 1132 est
2472 1077 2662 1149 (Ibid.,
2682 1098 2734 1133 n.
2757 1079 2872 1153 28),
2890 1093 3046 1151 atque
3067 1083 3200 1161 adeo
3225 1094 3347 1140 ante
3374 1085 3489 1142 idus
3510 1103 3733 1144 novem-

2140 1167 2263 1222 bres
2296 1167 2452 1235 hujus
2483 1169 2607 1224 anni
2640 1172 2997 1227 trecentesimi
3028 1176 3336 1244 octogesimi
3362 1178 3593 1246 septimi.
3626 1178 3734 1234 Sed

2140 1274 2243 1314 non
2271 1261 2435 1314 multo
2460 1271 2585 1316 ante
2614 1262 2822 1317 videtur
2848 1264 2898 1318 id
2929 1266 3237 1335 contigisse.
3269 1266 3557 1323 Proﬁtetur
3587 1270 3734 1325 enim

2144 1350 2469 1419 Augustinus
2491 1353 2652 1405 multa
2675 1368 2732 1407 se
2750 1354 2925 1409 studio
2945 1355 3218 1411 brevitatis
3239 1358 3510 1427 praeterire
3524 1357 3731 1432 (lbid.):

2142 1440 2280 1493 unde
2300 1440 2549 1510 quamdiu
2572 1441 2852 1498 Mediolani
2878 1454 2995 1513 post
3016 1446 3347 1517 Baptismum
3368 1460 3732 1507 commoratus

2142 1528 2233 1596 sit,
2261 1529 2482 1586 delinire
2508 1547 2611 1586 non
2641 1548 2946 1602 possumus.

2744 1624 2974 1681 CAPUT
3004 1626 3120 1681 ΧΠ.

2142 1714 2167 1769 1
2202 1714 2358 1769 Beata
2397 1715 2635 1771 Mounica
2675 1720 2961 1789 parentibus
2990 1720 3276 1776 christianis
3324 1732 3473 1789 nata,
3511 1733 3563 1779 et
3597 1726 3741 1796 apud

2211 1810 2348 1877 ipsos
2373 1811 2551 1878 pudice
2571 1827 2631 1863 ac
2648 1811 2811 1864 sobrie
2831 1812 3043 1866 educata
3068 1822 3158 1867 est.
3186 1813 3222 1867 2
3255 1813 3419 1879 Quam
3454 1816 3742 1871 laudabiles

2211 1900 2321 1969 ejus
2344 1900 2397 1953 in
2420 1901 2654 1971 conjugio
2682 1917 2863 1956 mores.
2902 1904 2936 1958 5
2973 1904 3119 1957 Anno
3152 1906 3316 1960 (etatis
3344 1907 3733 1977 quadragesima

2212 1990 2387 2044 orbata
2414 1992 2518 2046 viro
2537 2034 2550 2056 ,
2579 1994 2821 2063 reliquam
2850 1996 3001 2049 vitam
3039 2013 3234 2050 omnem
3270 1998 3326 2051 in
3365 2000 3464 2069 piis
3503 2002 3738 2069 operibus

2213 2083 2454 2137 traduxit.
2483 2085 2517 2139 4
2548 2084 2749 2149 Quanto
2790 2088 2983 2157 majore
3024 2089 3364 2143 sollicitudine
3398 2090 3736 2161 Augustinum

2211 2175 2476 2246 parturivit
2495 2176 2675 2245 spiritu
2695 2219 2708 2241 ,
2738 2194 2888 2247 quam
2924 2196 3075 2232 carne
3110 2181 3434 2249 parturierat.
3459 2182 3493 2237 5
3520 2181 3736 2237 Interest

2212 2264 2573 2336 philosophicis
2598 2266 2861 2336 colloquiis
2882 2269 3166 2340 Augustini,
3188 2272 3273 2325 ubi
3295 2272 3427 2325 inter
3451 2271 3580 2327 alios
3609 2274 3738 2328 emi-

2211 2369 2295 2412 net
2323 2360 2513 2431 argutis
2536 2370 2584 2414 et
2608 2362 2840 2431 gravibus
2870 2363 3038 2417 dictis.

2216 2452 2268 2506 1,
2301 2451 2433 2507 Cum
2466 2452 2517 2507 in
2550 2454 2734 2508 matris
2762 2454 2965 2509 obitum
2996 2454 3090 2510 Vir
3114 2455 3208 2512 Dei
3238 2456 3508 2513 narrando
3530 2457 3738 2523 incidit,

2144 2549 2371 2598 testatur
2395 2559 2475 2605 se.
2506 2546 2589 2600 cui
2618 2546 2847 2600 multum
2875 2546 3141 2602 festinanti
3170 2549 3331 2602 multa
3364 2550 3736 2617 praetereunda

2146 2643 2303 2701 sunt,
2350 2634 2526 2691 facere
2568 2645 2747 2692 tamen
2778 2652 2881 2691 non
2912 2654 3104 2708 posse,
3136 2639 3261 2709 quin
3305 2641 3503 2709 aliquid
3548 2656 3737 2695 eorum

2142 2736 2372 2797 promat,
2398 2743 2518 2798 quae
2545 2737 2827 2782 occurrunt
2853 2730 3032 2783 animo
3056 2728 3124 2785 de
3145 2732 3480 2785 sanctissima
3506 2730 3737 2796 femina;

2149 2833 2257 2872 non
2303 2834 2407 2888 quo
2449 2820 2574 2873 velit
2616 2821 2825 2891 propria
2874 2821 2990 2890 ejus
3034 2821 3171 2876 bona
3194 2863 3209 2888 ,
3241 2823 3334 2877 sed
3368 2822 3565 2878 Christi
3596 2824 3650 2878 in
3677 2839 3737 2879 ea

2142 2908 2281 2963 dona
2311 2910 2625 2980 praedicare.
2660 2912 2784 2966 llmc
2824 2913 2965 2968 enim
2994 2913 3139 2967 illum
3169 2922 3223 2969 et
3249 2929 3411 2970 earne
3436 2924 3491 2970 ut
3516 2916 3567 2969 in
3598 2916 3739 2971 hanc

2138 3003 2507 3072 temporalem,
2525 3014 2579 3058 et
2605 3004 2766 3059 corde
2790 3014 2845 3058 ut
2872 3005 2921 3058 in
2948 3015 3199 3060 aeternam
3220 3006 3390 3062 lucem
3419 3022 3738 3063 renascere-

2140 3102 2241 3158 tur,
2264 3094 2745 3166 parturivit((.'onf.,
2766 3096 2851 3149 lib.
2868 3096 2921 3161 9,
2937 3113 3049 3168 cap.
3075 3098 3128 3163 8,
3147 3115 3198 3150 η.
3221 3093 3332 3169 17).
3350 3098 3471 3153 Fuit
3486 3114 3611 3154 vere
3626 3100 3739 3154 Au-

2138 3185 2379 3255 gustinus
2404 3185 2755 3257 lacrymarum
2773 3187 2887 3257 ejus
2902 3187 3235 3259 ﬁlius(1bid.,
3255 3190 3341 3243 lib.
3365 3191 3399 3245 3
3424 3232 3439 3258 ,
3464 3206 3611 3262 capp.
3643 3191 3735 3257 ii,

2140 3276 2237 3349 12)
2262 3294 2276 3333 :
2302 3292 2528 3349 cumque
2553 3279 2641 3334 ille
2665 3280 2825 3334 animi
2854 3290 2995 3335 esset
3020 3282 3213 3336 sinceri
3243 3298 3392 3353 teque
3430 3296 3492 3337 ac
3532 3281 3735 3338 beneﬁ-

2139 3370 2340 3423 u‘orum
2372 3371 2623 3426 memoris
2642 3413 2657 3437 ,
2684 3370 2881 3427 debere
2902 3387 2961 3427 se
2980 3373 3030 3428 ei
3051 3372 3302 3443 quidquid
3328 3374 3448 3429 vitae
3470 3373 3727 3439 haberet,

2137 3461 2274 3515 ultro
2295 3460 2555 3516 fatebatur
2578 3460 2679 3534 (De
2692 3461 2849 3517 Beata
2867 3465 2966 3517 vita
2983 3507 2998 3532 ,
3018 3482 3069 3520 η.
3091 3465 3178 3536 6).
3198 3464 3327 3521 Nata
3352 3474 3468 3520 erat
3484 3465 3729 3521 Monnica

2141 3568 2281 3608 anno
2304 3553 2499 3608 Christi
2525 3556 2900 3610 trecentesimo
2926 3556 3195 3626 trigesimo
3216 3557 3471 3623 secundo,
3496 3558 3546 3611 in
3570 3556 3731 3612 domo

2136 3644 2311 3712 ﬁdeli,
2344 3644 2487 3700 bono
2517 3644 2773 3701 Ecclesia:
2798 3647 3075 3713 membro;
3103 3657 3262 3717 atque
3292 3649 3360 3702 ibi
3398 3648 3498 3703 sub
3526 3647 3728 3704 Christi

2135 3735 2392 3805 regimine
2412 3735 2647 3791 divinum
2675 3738 2917 3793 timorem
2954 3739 3252 3794 imbiberat.
3279 3740 3411 3795 Cum
3434 3739 3501 3795 de
3524 3741 3732 3796 ratione

2134 3846 2237 3899 qua
2268 3829 2439 3885 fuerat
2464 3830 2709 3898 educata,
2736 3832 3195 3901 confabulahatur,
3226 3848 3332 3888 non
3362 3842 3561 3888 tantum
3584 3848 3729 3889 cura:

2134 3922 2321 3976 matris
2360 3921 2557 3978 debere
2594 3939 2654 3979 se
2692 3923 3002 3992 dictitabat,
3033 3934 3285 3995 quantum
3328 3924 3613 3996 diligentia:
3654 3925 3732 3979 fa-

2134 4011 2292 4067 mula:
2324 4012 2606 4080 cujusdam
2636 4012 2955 4084 decrepitae,
2988 4032 3105 4084 qum
3139 4024 3355 4086 propter
3380 4024 3643 4070 senectam
3675 4025 3751 4070 et-

2135 4116 2311 4156 mores
2349 4101 2579 4171 optimos
2609 4103 2676 4157 ab
2707 4103 2921 4159 familia:
2948 4105 3098 4159 istius
3132 4122 3255 4161 vere
3291 4106 3593 4161 christiana:
3630 4105 3728 4162 do-

2133 4191 2291 4246 minis
2338 4192 2390 4245 in
2439 4192 2642 4248 honore
2690 4194 3003 4259 habebatur,
3059 4203 3114 4250 et
3160 4197 3227 4250 ab
3273 4196 3459 4251 iisdem
3507 4212 3726 4252 suarum

2134 4282 2361 4335 ﬁliarum
2411 4284 2726 4338 institutioni
2772 4284 3019 4355 prazfecta
3063 4295 3197 4341 erat.
3236 4286 3585 4343 Commissam
3621 4289 3726 4344 sibi

2133 4388 2315 4427 earum
2364 4389 2545 4429 curam
2595 4376 2878 4448 diligenter
2922 4379 3186 4447 gerebat:
3220 4388 3274 4434 et
3318 4390 3375 4434 ut
3417 4390 3534 4435 erat
3562 4382 3613 4435 in
3643 4382 3728 4437 eis

2134 4464 2445 4519 coercendis
2467 4481 2631 4531 ,Acum
2675 4482 2809 4537 opus
2836 4477 3011 4534 esset,
3042 4477 3219 4523 sancta
3249 4472 3533 4527 severitate
3557 4473 3727 4529 vehe-

2135 4570 2307 4619 mens,
2337 4556 2407 4609 ita
2438 4557 2489 4610 in
2512 4556 2768 4611 docendis
2792 4558 3061 4613 moderata
3089 4570 3143 4615 et
3169 4569 3470 4631 temperans
3494 4564 3729 4634 pruden-

2138 4646 2227 4699 tia.
2258 4645 2520 4701 Nam'eas
2550 4658 2744 4718 praster
2772 4649 2884 4704 illas
2911 4649 3098 4717 horas,
3141 4652 3332 4721 quibus
3373 4654 3439 4707 ad
3481 4670 3725 4710 mensam

2134 4748 2412 4810 parentum
2460 4739 2885 4796 moderatissime
2911 4742 3207 4811 alebantur,
3235 4746 3392 4800 etiam
3422 4747 3465 4800 si
3496 4747 3729 4803 exarde—

2132 4839 2344 4885 scerent
2387 4830 2506 4897 siti,
2550 4845 2651 4885 nec
2692 4847 2882 4902 aquam
2928 4832 3108 4889 bibere
3146 4834 3381 4903 sinebat,
3412 4852 3729 4906 praecavens

2133 4921 2568 4978 consuetudinem
2608 4924 2835 4988 malam,
2879 4934 2933 4979 et
2978 4926 3180 4981 addens
3222 4929 3439 4983 verbum
3484 4944 3675 4985 sanum
3706 4950 3725 4987 :

2136 5011 2294 5066 Modo
2325 5030 2511 5082 aquam
2539 5014 2732 5080 bibitis,
2759 5016 2878 5085 quia
2905 5016 2958 5069 in
2985 5027 3225 5087 potestate
3242 5020 3410 5073 vinum
3435 5038 3535 5075 non
3560 5022 3724 5077 liabe-

2134 5103 2235 5168 tis;
2260 5120 2373 5158 cum
2398 5115 2568 5159 autem
2593 5106 2660 5158 ad
2691 5106 2895 5159 maritos
2921 5110 3171 5176 veneritis,
3193 5110 3340 5179 factm
3365 5112 3584 5166 dominas
3599 5129 3727 5183 ape-

2135 5196 2395 5249 thecarum
2414 5206 2461 5250 et
2486 5197 2826 5264 cellariorum,
2853 5215 2984 5268 aqua
3012 5200 3247 5265 sordebit,
3269 5202 3359 5255 sed
3377 5218 3485 5256 mos
3507 5204 3730 5275 potandi

2136 5287 2421 5357 prwvalebit
2443 5286 2706 5361 (Confess.
2732 5289 2820 5344 lib.
2847 5290 2901 5357 9,
2929 5309 3042 5364 cap.
3062 5291 3116 5358 8,
3146 5310 3198 5347 η.
3229 5295 3292 5348 l7
3310 5294 3350 5366 ).
3374 5294 3723 5366 Sapientissi-

2136 5379 2238 5433 mis
2267 5379 2370 5435 illis
2397 5381 2643 5447 monitis,
2666 5398 2787 5436 cum
2813 5399 2896 5451 ea,
2925 5399 3083 5455 quam
3107 5385 3245 5455 apud
3270 5396 3481 5443 teneros
3509 5388 3724 5458 puella-

2134 5486 2253 5526 rum
2270 5471 2478 5527 animos
2496 5473 2594 5527 sibi
2622 5485 3038 5545 comparaverat,
3062 5478 3397 5543 auctoritate,
3418 5480 3723 5537 inconsulta

2136 5562 2401 5619 desideria
2428 5565 2679 5620 teneriori
2708 5566 2850 5620 relati
2871 5565 3147 5622 familiaria
3171 5569 3561 5640 compescebat,
3587 5570 3722 5626 illis-

2135 5668 2239 5725 que
2268 5654 2626 5726 prtecipiebat,
2658 5672 2757 5726 qua
2788 5658 2993 5712 ratione
3022 5659 3163 5714 sitim
3193 5677 3342 5716 suam
3374 5663 3444 5717 ita
3470 5662 3722 5717 modera-

2138 5754 2320 5803 rentur
2349 5761 2413 5803 ex
2446 5748 2805 5831 temperantiae
2835 5748 2970 5822 lege,
2996 5760 3055 5808 ut
3076 5751 3187 5824 jam
3211 5768 3312 5811 nec
3341 5752 3549 5822 liberet,
3572 5752 3719 5831 quod
