3994 6352
284 329 390 395 115

286 468 397 513 non
422 449 668 507 deceret.
693 442 957 502 Narrabat
984 450 1161 498 tamen
1191 436 1486 511 Augustino
1510 435 1752 492 Monnica
1773 474 1788 502 ,
1820 442 1880 489 ut

284 545 440 603 clusa
472 538 752 613 prudentis
779 536 921 591 illius
946 548 1079 589 anus
1107 530 1408 594 sedulitate,
1432 528 1673 600 quaedam
1700 526 1879 580 animo

288 650 391 691 suo
422 632 491 689 ad
520 629 811 687 bibendum
854 627 1037 681 vinum
1071 622 1355 693 propensio
1383 619 1685 689 irrepserat.
1714 614 1879 671 Nimi-

289 739 410 781 rum
455 722 671 793 quoties
712 735 743 774 a
778 716 1089 789 parentibus
1124 714 1191 769 de
1232 726 1382 767 more
1419 710 1485 765 ad
1528 708 1877 763 hauriendum

285 816 469 870 vinum
491 855 509 881 ,
538 820 788 881 tanquam
819 806 1106 877 explorata:
1131 800 1435 859 sobrietatis
1459 800 1609 870 virgo
1634 796 1877 854 mitteba-

287 919 394 971 tur,
422 922 455 962 e
481 904 679 976 poculo
710 900 851 973 quod
887 900 1161 967 de-cuppa
1188 894 1487 965 complebat
1505 935 1518 959 ,
1555 891 1877 962 primoribus

286 1002 455 1058 labris
480 999 739 1055 sorbebat
773 996 1022 1065 exiguum
1043 1033 1058 1057 ,
1088 1004 1212 1046 cum
1240 989 1356 1057 ejus
1392 987 1624 1057 palatum
1651 985 1877 1054 amplius

284 1107 397 1148 non
425 1090 616 1146 ferret.
643 1088 760 1143 Non
788 1085 930 1141 enim
972 1084 1153 1137 innata
1193 1078 1303 1134 vini
1348 1076 1633 1147 cupiditate
1670 1074 1736 1129 ad
1776 1074 1877 1128 hoc

284 1182 683 1254 impellebatur,
713 1177 806 1233 sed
845 1174 1031 1232 liberis
1055 1170 1370 1243 quibusdam
1409 1167 1729 1235 ludicrisque
1761 1179 1877 1219 mo-

282 1277 451 1343 tibus,
478 1287 617 1344 quos
637 1287 700 1327 ex
723 1270 908 1340 primae
928 1266 1098 1321 aetatis
1122 1262 1313 1316 ardore
1334 1258 1647 1315 cbullientes
1667 1256 1720 1311 in
1747 1270 1876 1326 pue-

280 1367 477 1425 rilibus
519 1362 712 1418 animis
757 1358 1017 1429 majorum
1061 1352 1378 1409 auctoritate
1420 1349 1613 1404 frenari
1657 1362 1876 1404 necesse

280 1470 385 1515 est.
419 1459 557 1514 Cum
586 1466 763 1511 autem
791 1455 846 1507 in
877 1451 1117 1522 graviora
1146 1447 1271 1501 vitia
1313 1445 1509 1499 sensim
1552 1442 1768 1497 inducat
1800 1442 1877 1496 le-

279 1553 495 1606 viorum
541 1545 900 1615 contemptio,
934 1541 1129 1595 factum
1154 1546 1237 1593 est
1263 1546 1323 1591 ut
1349 1536 1459 1590 vini
1489 1533 1780 1604 plusculum
1819 1531 1873 1587 in

278 1644 405 1699 dies
448 1641 687 1711 singulos
726 1637 950 1699 bibens,
987 1640 1211 1701 cogente
1252 1643 1412 1699 prava
1455 1626 1871 1694 consuetudine,

278 1748 453 1803 prope
474 1730 583 1800 jam
612 1728 797 1798 plenos
821 1739 971 1779 mero
994 1721 1250 1777 caliculos
1280 1734 1399 1774 cum
1422 1717 1669 1772 aviditate
1694 1731 1757 1771 ac
1782 1730 1879 1773 v0-.

279 1827 492 1897 lnptate
520 1822 776 1877 hauriret.
814 1818 913 1873 Ubi
941 1828 1059 1871 tunc
1088 1814 1108 1887 (
1134 1815 1251 1885 pius
1279 1813 1395 1881 ejus
1419 1811 1556 1866 ﬁlius
1576 1809 1873 1895 exclamat)

281 1934 457 1989 saga:
484 1932 608 1969 anus
635 1922 680 1967 ct
704 1912 968 1965 vehemens
998 1908 1087 1962 illa
1112 1904 1423 1977 prohibitio?
1446 1902 1709 1971 Numquid
1739 1899 1877 1954 uale-

282 2009 373 2063 bat
393 2005 579 2077 aliquid
594 2004 831 2057 adversus
857 2000 1090 2054 latentem
1107 1993 1355 2061 morbum,
1381 1993 1478 2047 nisi
1496 2001 1580 2045 tua
1601 1991 1869 2058 medicina,

292 2098 543 2161 Domine,
564 2094 781 2165 vigilaret
811 2107 965 2161 super
1001 2089 1133 2143 nos?
1158 2087 1373 2141 Absente
1397 2094 1540 2154 patre
1565 2094 1611 2137 et
1640 2092 1801 2137 matre
1827 2091 1874 2137 et

277 2188 637 2251 nutritoribus,
667 2195 720 2238 tu
743 2198 963 2253 praesens
982 2181 1067 2251 qui
1092 2178 1294 2244 creasti,
1318 2177 1405 2247 qui
1424 2192 1590 2241 vocas,
1613 2175 1698 2245 qui
1723 2180 1873 2228 etlam

275 2298 377 2350 per
400 2287 726 2350 praeposterus
749 2274 976 2329 homines
997 2271 1110 2326 boni
1140 2269 1332 2341 aliquid
1362 2268 1472 2339 agis
1498 2267 1565 2321 ad
1589 2269 1874 2321 animarum

274 2375 497 2428 salutem
520 2414 535 2437 ,
559 2370 680 2442 quid
706 2378 824 2422 tunc
860 2365 1041 2438 egisti,
1085 2363 1221 2417 Deus
1264 2362 1444 2416 meus?
1473 2360 1619 2416 Unde
1644 2359 1874 2414 curasti?

272 2466 419 2521 unde
441 2463 635 2518 sanasti
649 2463 674 2515 .’
696 2459 882 2513 Nonne
906 2455 1161 2528 protulisti
1182 2455 1365 2508 durum
1395 2461 1443 2506 et
1471 2461 1675 2505 acutum
1701 2467 1765 2505 ex
1791 2450 1872 2503 alo

273 2564 394 2613 tera
414 2556 589 2609 anima
625 2551 904 2607 convicium
925 2590 941 2616 ,
981 2558 1220 2618 tanquam
1256 2544 1551 2599 medicinale
1586 2543 1776 2613 ferrum
1811 2557 1875 2597 ea:

272 2647 492 2701 occultis
518 2640 883 2714 prooisionibus
914 2640 1042 2705 tuis,
1075 2645 1119 2692 et
1143 2651 1245 2689 uno
1266 2635 1365 2689 ictu
1388 2633 1702 2704 pulredinem
1730 2633 1873 2686 illam

271 2734 555 2807 prcca’disti
571 2735 597 2787 ?
634 2731 833 2785 Ancilla
871 2729 1004 2783 enim
1024 2768 1037 2792 ,
1066 2742 1181 2780 cum
1199 2740 1297 2795 qua
1325 2722 1513 2778 solebat
1545 2722 1778 2776 accedere
1805 2722 1873 2776 ad

270 2843 521 2897 cuppam,
549 2824 757 2895 litigans
783 2838 897 2876 cum
925 2818 1132 2874 domina
1164 2818 1385 2883 minore,
1416 2824 1473 2869 ut
1499 2816 1558 2885 ﬁt
1577 2857 1591 2882 ,
1621 2814 1731 2869 sola
1758 2830 1871 2867 cum

271 2919 411 2980 sola,
434 2915 615 2986 objccit
640 2914 736 2967 hoc
764 2912 973 2978 crimen,
996 2908 1312 2963 amarissima
1331 2906 1655 2960 insultatione
1687 2921 1872 2959 vocans

281 3007 658 3062 meribibulam.
688 3006 803 3071 Quo
825 3002 917 3057 illa
938 3000 1145 3057 stimulo
1174 3016 1412 3071 percussa
1431 3042 1445 3065 ,
1473 3000 1691 3069 respexit
1724 2998 1874 3069 foedi-

278 3108 617 3162 mentatum,
639 3095 999 3166 confestimque
1043 3092 1301 3146 damnavit
1347 3100 1493 3162 atque
1526 3090 1662 3144 exuit
1683 3088 1867 3159 (Ibid.,

271 3207 327 3242 κ.
357 3186 473 3261 18).
495 3187 825 3258 Baptismum
851 3184 1047 3240 Christi
1068 3198 1173 3238 non
1198 3183 1251 3237 in
1276 3181 1527 3236 extremis
1559 3180 1725 3250 posita
1742 3222 1755 3246 ,
1776 3180 1869 3235 sed

270 3280 461 3335 multis
499 3286 627 3332 ante
665 3284 896 3331 mortem
934 3275 1086 3329 annis
1109 3272 1346 3344 percepit
1370 3271 1648 3326 Monnica:
1680 3285 1786 3341 quo
1804 3285 1868 3325 ex

269 3381 521 3442 tempore
550 3370 634 3425 sic
655 3369 819 3424 vitam
847 3366 1102 3433 instituit,
1129 3374 1187 3420 ut
1214 3364 1337 3419 ﬁdei
1365 3378 1679 3433 morumque
1727 3362 1872 3433 puri-

270 3473 386 3520 tate
420 3462 646 3519 cuilibet
665 3461 733 3516 ad
760 3458 1075 3515 laudandum
1107 3457 1202 3513 Dei
1250 3471 1445 3513 nomen
1496 3464 1637 3512 esset
1683 3454 1871 3510 incita-

266 3562 460 3610 mento
487 3552 679 3623 (lbid.,
706 3569 821 3622 cap.
848 3551 935 3617 15,
967 3567 1021 3603 n.
1047 3550 1158 3621 54).

335 3645 400 3699 ‘2.
442 3644 632 3715 Itaque
670 3642 895 3698 educata
923 3640 1111 3711 pudice
1140 3653 1203 3694 ac
1231 3638 1437 3707 sobrie,
1480 3647 1533 3694 et
1560 3637 1870 3709 parentibus

265 3735 456 3807 potius
482 3735 580 3789 Dei
610 3734 808 3804 gratia,
836 3747 992 3803 quam
1023 3745 1147 3786 cura
1178 3738 1455 3801 parentum
1484 3730 1593 3785 Deo
1623 3730 1826 3785 subdita
1847 3771 1861 3795 ,

269 3826 364 3879 ubi
395 3834 607 3879 matura
650 3823 748 3877 luit
787 3822 1065 3892 conjugio,
1102 3821 1237 3887 viro,
1271 3821 1355 3875 cui
1400 3820 1586 3875 tradita
1614 3829 1727 3885 est,
1760 3835 1865 3881 non

268 3931 437 3970 secus
460 3930 527 3969 ac
564 3914 784 3969 domino
827 3913 1006 3982 paruit
1041 3930 1056 3966 :
1094 3926 1252 3981 quem
1290 3921 1349 3966 ut
1388 3912 1497 3966 Deo
1540 3912 1863 3978 lucraretur,

268 4021 468 4061 omnes
492 4004 841 4075 cogitationes
858 4002 1083 4058 intendit
1098 4043 1114 4069 ,
1141 4000 1508 4057 efﬁcacissimo
1530 4017 1727 4071 genere
1748 4018 1869 4072 per—

274 4095 536 4150 suadendi
562 4105 749 4157 utens.
783 4106 995 4148 morum
1015 4093 1332 4163 integritate.
1365 4093 1474 4147 Hac
1493 4094 1751 4162 siquidem
1775 4110 1860 4149 ora

278 4193 415 4239 nata
440 4184 700 4252 divinitus,
733 4185 908 4240 mariti
935 4184 1105 4241 oculis
1130 4199 1192 4239 ea
1219 4184 1418 4239 nitebat
1450 4186 1860 4254 pulchritudine,

274 4286 339 4333 ut
363 4292 600 4333 amorem
628 4278 744 4348 ejus
772 4276 925 4332 simul
951 4290 1014 4330 ac
1041 4275 1434 4330 venerationem
1457 4291 1561 4330 non
1593 4277 1707 4332 sine
1732 4293 1864 4347 qua-

266 4370 399 4426 dam
466 4369 606 4425 illius
646 4368 994 4424 admiratione
1033 4366 1131 4421 sibi
1160 4367 1467 4422 conciliaret
1496 4366 1665 4439 (Ibid.
1693 4410 1708 4435 ,
1747 4387 1861 4440 cap.

266 4464 302 4517 9
332 4505 351 4528 ,
394 4478 450 4515 η.
483 4461 597 4532 19).
651 4460 781 4531 Ejus
826 4459 1018 4529 conjux
1044 4502 1058 4526 ,
1084 4458 1169 4514 cui
1199 4458 1427 4513 Patricio
1476 4475 1670 4515 nomen
1692 4501 1705 4527 ,
1735 4463 1863 4517 civis

266 4552 655 4624 Tagastensis,
687 4553 859 4607 adhuc
887 4561 1002 4606 erat
1034 4551 1294 4606 idolorum
1330 4551 1493 4606 cultui
1534 4555 1864 4623 mancipatus

264 4643 463 4716 (ibid,
488 4643 581 4699 lib.
612 4644 677 4708 2,
704 4660 818 4715 cap.
851 4645 918 4710 5,
950 4659 1037 4696 nn.
1064 4643 1118 4709 5,
1150 4641 1223 4714 6).
1258 4641 1314 4695 In
1342 4642 1405 4696 iis
1441 4644 1715 4711 omnibus,
1746 4662 1862 4715 qua:

262 4750 380 4790 non
407 4734 726 4804 spectabant
767 4733 833 4788 ad
874 4733 1183 4803 religionem
1204 4773 1218 4797 ,
1251 4732 1325 4786 illi
1352 4733 1588 4789 Monnica
1611 4776 1625 4800 ,
1655 4737 1861 4791 tametsi

260 4825 503 4890 melior,
533 4824 799 4879 serviebat
827 4840 842 4876 :
872 4823 973 4878 hac
1000 4823 1141 4878 enim
1169 4823 1220 4875 in
1248 4837 1310 4877 re
1337 4822 1445 4878 Deo
1471 4824 1569 4893 ipsi
1598 4826 1862 4896 obseque-

254 4914 443 4981 batur,
462 4912 496 4967 it
510 4928 619 4984 quo
641 4913 741 4968 sibi
762 4912 936 4968 fuerat
954 4911 1278 4982 obsequendi
1304 4912 1387 4967 lex
1408 4912 1652 4983 imposita
1672 4916 1861 4989 (lbid.,

254 5004 353 5058 lib.
392 5004 417 5059 1
450 5044 468 5068 ,
502 5020 621 5077 cap.
674 5003 775 5069 11,
804 5020 859 5057 n.
910 5003 1021 5072 17).
1057 5003 1181 5058 Tori
1220 5002 1436 5072 injurias
1464 5014 1570 5060 tam
1602 5009 1862 5076 patienter

249 5094 421 5162 tulit,
452 5104 514 5149 ut
535 5110 660 5150 cum
685 5094 882 5149 marito
912 5109 1192 5164 nunquam
1215 5110 1277 5151 ea
1302 5095 1371 5153 de
1394 5112 1454 5153 re
1480 5103 1856 5170 expostularet,

249 5187 520 5241 nimirum
546 5194 864 5256 exspectans
887 5193 948 5242 ut
975 5186 1025 5241 ei
1047 5188 1346 5244 castitatem
1384 5189 1517 5245 ﬁdes
1540 5206 1603 5247 ac
1629 5194 1725 5248 Dei
1754 5195 1861 5249 mi-

246 5278 559 5336 sericordia
606 5277 907 5349 largiretur.
952 5277 1189 5335 Noverat
1213 5280 1352 5336 irato
1377 5296 1645 5355 nunquam
1687 5302 1860 5358 neque

249 5370 409 5424 facto
435 5383 612 5439 neque
637 5368 781 5424 dicto
807 5369 1056 5425 reluctari
1104 5388 1119 5425 :
1164 5386 1347 5427 verum
1374 5388 1496 5429 cum
1525 5375 1861 5435 deferbuerat

250 5460 411 5515 illius
451 5457 715 5529 impetus,
759 5460 1207 5529 opportunitatem
1251 5472 1406 5519 nacta
1429 5502 1444 5527 ,
1477 5478 1627 5523 suam
1665 5471 1858 5540 agendi

252 5549 531 5605 rationem
554 5548 607 5604 ei
627 5549 961 5620 exponebat,
993 5551 1039 5606 si
1059 5552 1230 5622 ipsum
1258 5552 1737 5615 inconsidetantius
1760 5576 1857 5617 ex-

250 5638 587 5697 candescere
622 5640 954 5711 contigisset.
997 5641 1128 5699 Cum
1162 5643 1283 5700 alias
1325 5645 1610 5717 mulieres,
1637 5665 1859 5720 quarum

252 5732 372 5788 viri
394 5739 790 5801 mansuetiores
829 5750 979 5798 erant
1000 5783 1014 5813 ,
1038 5742 1259 5815 vestigia
1285 5744 1557 5816 plagarum
1581 5746 1738 5803 etiam
1769 5750 1860 5805 dc-

1636 309 1840 370 LIBER
1866 309 2236 373 SECUNDUS.

3465 324 3571 383 110

1987 431 2261 491 honestata
2292 436 2425 497 facie
2449 450 2730 513 gererent,
2758 453 2917 518 atque
2945 446 3083 505 inter
3108 448 3274 506 amica
3301 449 3570 523 colloquia

1983 532 2190 600 culpam
2217 532 2320 589 illa:
2357 533 2413 589 in
2442 535 2751 592 maritorum
2774 539 3140 611 intemperiem
3167 542 3555 597 transferrent:

1984 622 2100 679 haec
2127 623 2349 681 docebat
2375 626 2580 682 illarum
2609 629 2798 700 lingua:
2818 632 2993 700 potius
3018 646 3137 689 esse
3159 631 3523 704 imputandum
3547 676 3563 699 ,

1982 715 2240 785 graviter,
2275 717 2367 772 sed
2392 717 2626 788 jocunde
2649 720 2809 776 simul
2838 722 3129 779 admonens
3155 739 3269 790 eas,
3300 738 3423 781 cum
3452 724 3562 796 pri-

1981 822 2126 861 mum
2153 807 2356 865 tabulas
2398 810 2817 867 matrimoniales
2842 813 3055 868 recitari
3084 812 3361 871 audierant
3384 858 3397 882 ,
3440 820 3563 870 tan-

1981 908 2138 963 quam
2181 895 2530 951 instrumenta
2569 897 2759 967 quibus
2803 898 3011 954 ancillae
3051 900 3358 955 maritorum
3406 900 3560 956 facta:

1981 994 2185 1053 essent,
2234 986 2539 1043 existimare
2574 988 2850 1056 debuisse;
2882 1004 2946 1045 ac
2969 991 3191 1061 proinde
3216 1007 3325 1048 non
3362 990 3558 1050 decere

1981 1078 2123 1149 ipsas
2139 1080 2454 1137 conditionis
2478 1098 2587 1138 suae
2609 1098 2876 1140 memores
2899 1084 3153 1141 adversus
3173 1085 3422 1142 dominos
3460 1102 3558 1142 su-

1979 1169 2207 1238 perbire.
2235 1170 2565 1241 Quapropter
2582 1188 2699 1243 quae
2720 1183 2978 1229 noverant
3004 1190 3162 1245 quam
3184 1174 3377 1231 ferocis
3405 1176 3557 1247 inge-

1979 1260 2053 1314 nii
2092 1262 2337 1316 maritum
2377 1263 2693 1329 sustineret,
2733 1280 2812 1320 eae
2840 1266 3051 1336 quidem
3082 1266 3261 1322 mirari
3286 1282 3557 1339 nunquam

1980 1351 2108 1407 satis
2136 1360 2407 1421 poterant,
2434 1369 2538 1409 non
2565 1354 2728 1411 fuisse
2753 1357 2989 1413 auditum
3016 1375 3247 1429 unquam
3269 1401 3283 1424 ,
3333 1368 3424 1415 aut
3449 1359 3559 1417 ullo

1977 1443 2199 1514 vestigio
2219 1444 2629 1515 deprehensum,
2659 1447 2941 1504 Patricium
2962 1450 3221 1508 violenter
3258 1452 3309 1506 in
3333 1466 3557 1508 uxorem

1980 1551 2166 1591 manus
2194 1537 2438 1608 injecisse
2457 1580 2471 1605 ,
2517 1547 2608 1594 aut
2634 1556 2663 1594 a
2693 1556 2751 1597 se
2779 1541 3003 1598 invicem
3033 1542 3321 1599 domestica
3347 1544 3441 1600 lite
3463 1544 3557 1600 vel

1978 1626 2241 1682 dieculam
2279 1644 2439 1683 unum
2469 1644 2561 1685 eos
2588 1630 2920 1687 dissensisse.
2953 1631 3190 1703 Cumque
3214 1634 3281 1689 ab
3307 1649 3368 1690 ea
3396 1634 3555 1689 fami-‘-

1978 1715 2182 1773 liaritcr
2204 1718 2629 1788 sciscitarentur,
2658 1736 2886 1792 quonam
2908 1732 3063 1793 pacto
3090 1724 3380 1781 illud’esset
3408 1708 3563 1783 asse-

1977 1816 2096 1863 cuta
2123 1826 2135 1864 :
2162 1810 2386 1866 instituti
2412 1813 2513 1878 sui,
2542 1812 2684 1883 quod
2722 1828 2880 1883 supra
2923 1816 3352 1883 memoravimus,
3383 1816 3556 1872 ratio-

1978 1916 2101 1956 nem
2130 1902 2210 1957 eis
2235 1903 2570 1972 exponebat;
2598 1904 2751 1975 ‘cujus
2776 1905 3074 1973 utilitatem,
3105 1924 3223 1978 qum
3243 1924 3357 1964 eam
3383 1909 3559 1965 imita-

1976 1993 2196 2060 bantur,
2238 1996 2451 2065 propria
2479 1996 2801 2065 experientia
2830 1998 3242 2068 cognoscebant,
3274 1999 3427 2071 eique
3452 1998 3559 2056 hoc

1978 2088 2190 2142 nomine
2201 2086 2395 2157 gratias
2407 2086 2672 2143 habebant
2685 2086 2867 2160 (Ibid.,
2883 2087 2969 2143 lib.
2988 2087 3042 2153 9,
3061 2105 3174 2161 cap.
3189 2087 3244 2156 9,
3263 2106 3317 2143 n.
3333 2087 3443 2163 19).
3460 2088 3559 2145 So-

1976 2191 2125 2230 crum
2155 2176 2315 2232 etiam
2345 2192 2517 2245 suam,
2548 2191 2578 2231 a
2606 2192 2665 2233 se
2692 2177 2842 2233 initio
2870 2180 3104 2234 susurris
3124 2170 3391 2234 malarum
3415 2194 3556 2251 qua-

1976 2268 2217 2324 rumdam
2247 2269 2557 2324 ancillarum
2586 2270 2971 2338 abalienatum,
3001 2271 3273 2343 obsequiis
3296 2273 3407 2327 suis
3430 2286 3562 2328 cum

1975 2360 2227 2429 patientia
2252 2374 2314 2415 ac
2332 2360 2737 2415 mansuetudine
2757 2362 2827 2416 ita
2850 2360 2951 2416 sibi
2976 2361 3229 2428 devinxit,
3259 2371 3316 2417 ut
3343 2362 3555 2419 illarum

1975 2450 2261 2520 nequitiam
2288 2450 2403 2520 ipsa
2431 2451 2661 2506 Patricio
2699 2451 2808 2505 ﬁlio
2838 2452 3086 2522 proderet
3111 2494 3126 2519 ,
3154 2466 3383 2523 eumque
3412 2461 3468 2508 ut
3498 2453 3556 2509 in

1976 2540 2092 2596 illas
2118 2539 2581 2607 animadverteret,
2610 2550 2934 2611 precaretur.
2974 2540 3106 2596 Cum
3147 2553 3324 2598 autem
3348 2543 3412 2610 is,
3442 2550 3557 2599 tum

1975 2642 2032 2690 ut
2060 2634 2219 2687 matri
2242 2648 2447 2688 morem
2467 2640 2696 2704 gereret,
2719 2641 2829 2688 tum
2855 2643 2913 2687 ut
2934 2632 3236 2688 domestica:
3262 2632 3556 2704 disciplinae

1975 2739 2037 2779 ac
2078 2725 2441 2795 tranquillitati
2485 2725 2823 2791 consuleret,
2855 2725 3069 2781 easdem
3101 2726 3319 2781 ancillas
3348 2740 3414 2781 ex
3439 2725 3556 2797 cjus

1974 2817 2243 2872 voluntate
2269 2816 2473 2872 meritis
2508 2817 2683 2887 poenis
2718 2816 3014 2882 aﬂ'ecisset,
3046 2816 3334 2873 declaravit
3360 2823 3550 2884 mater,

1974 2923 2079 2963 non
2109 2909 2210 2963 alia
2235 2908 2302 2964 de
2329 2924 2387 2964 se
2414 2911 2633 2978 prurmia
2673 2924 2889 2979 sperare
2927 2908 3122 2964 debere
3145 2950 3161 2975 ,
3207 2924 3556 2979 quascumque

1973 2999 2041 3055 de
2080 3015 2173 3054 sua
2214 3016 2385 3066 nuru,
2435 2999 2679 3071 placendi
2722 3000 2823 3055 sibi
2861 2998 3068 3067 studio,
3097 3000 3224 3054 mali
3252 2999 3450 3070 aliquid
3472 2999 3553 3055 lo-

1974 3101 2264 3160 queretur:
2292 3091 2432 3161 quod
2464 3091 2601 3146 nulla
2624 3090 2733 3161 jam
2764 3090 2991 3147 audente
3015 3132 3029 3157 ,
3055 3092 3387 3148 memorabili
3413 3093 3554 3147 inter

1974 3197 2031 3236 se
2057 3182 2436 3237 benevolentia:
2456 3183 2711 3238 suavitate
2738 3183 2982 3238 vixerunt
3007 3181 3191 3254 (Ibid.,
3220 3200 3274 3237 n.
3300 3182 3417 3254 20).
3443 3183 3555 3240 Hoc

1974 3283 2229 3342 prteterea
2255 3281 2450 3328 sanctae
2479 3273 2552 3328 illi
2582 3272 2793 3349 femina;
2818 3287 3009 3328 munus
3033 3274 3233 3343 grande
3258 3274 3550 3331 donaverat

1973 3365 2130 3427 Deus,
2160 3365 2302 3434 quod
2332 3364 2471 3420 inter
2494 3364 2812 3421 dissidentes
2836 3374 2996 3435 atque
3032 3366 3307 3422 discordes
3349 3367 3551 3438 quasli-

1972 3457 2063 3513 bet
2090 3457 2315 3525 animas,
2347 3458 2437 3513 ubi
2470 3466 2695 3529 poterat,
2726 3466 2830 3513 tam
2858 3473 2915 3522 se
2943 3458 3213 3528 prmbebat
3240 3460 3511 3527 paciticam
3531 3499 3549 3527 ,

1973 3560 2031 3607 ut
2056 3567 2174 3607 cum
2206 3542 2272 3607 ab
2298 3559 2521 3621 utraque
2549 3551 2712 3605 multa
2739 3549 2806 3605 de
2837 3550 3059 3604 invicem
3090 3549 3298 3604 audiret
3330 3550 3557 3605 amaris-

1972 3645 2125 3708 sima,
2155 3643 2329 3710 qualia
2360 3644 2494 3698 solet
2522 3651 2805 3697 eructuare
2833 3650 3047 3711 turgens
3090 3648 3247 3709 atque
3291 3639 3550 3710 indigesta

1970 3735 2255 3799 discordia,
2289 3733 2500 3801 quando
2525 3733 2771 3802 prteseuti
2798 3732 2981 3786 amica:
3003 3730 3067 3785 de
3097 3731 3314 3785 absente
3336 3729 3549 3785 inimica

1973 3844 2068 3898 per
2090 3827 2236 3882 acida
2263 3826 2527 3896 colloquia
2558 3824 2794 3880 eruditas
2825 3823 3104 3878 exhalatur
3128 3822 3390 3888 odiorum,
3417 3820 3550 3875 nihil

1973 3931 2146 3974 tamen
2177 3919 2325 3973 alteri
2355 3918 2421 3973 de
2457 3918 2618 3972 altera
2653 3916 2919 3985 proderet,
2951 3916 3051 3971 nisi
3079 3916 3218 3987 quod
3246 3914 3310 3969 ad
3337 3929 3429 3971 eas
3458 3929 3548 3970 re-

1970 4010 2327 4067 couciliandas
2358 4009 2555 4063 valeret
2588 4007 2773 4079 (lbid.,
2817 4026 2869 4062 n.
2896 4005 3008 4079 21).
3039 4007 3127 4061 Sic
3151 4021 3280 4061 vero
3309 4019 3367 4061 se
3396 4019 3550 4075 gere-

1971 4105 2061 4159 bat
2087 4105 2348 4171 Monnica,
2378 4103 2600 4157 docente
2630 4116 2745 4157 eam
2785 4101 3031 4171 Magistro
3057 4099 3243 4154 intimo
3277 4098 3329 4154 in
3365 4096 3559 4153 schola

1975 4197 2225 4268 pectoris.
2268 4196 2505 4265 Denique
2527 4195 2708 4265 gratiae
2736 4208 2937 4258 semen,
2964 4192 3103 4263 quod
3131 4192 3181 4246 in
3206 4191 3415 4246 famula:
3436 4205 3548 4267 suae

1971 4299 2201 4343 montem
2225 4294 2490 4357 sparserat
2516 4285 2758 4356 Agricola
2782 4285 3035 4350 caelestis,
3068 4282 3294 4339 ubertim
3318 4281 3546 4337 fructum

1969 4380 2142 4433 attulit
2182 4378 2235 4431 in
2277 4376 2525 4446 patientia
2550 4392 2564 4440 ;
2606 4390 2669 4430 ac
2697 4374 2812 4446 ejus
2841 4388 2964 4444 erga
2991 4373 3163 4428 virum
3193 4371 3380 4443 agendi
3410 4371 3549 4428 ratio

1972 4480 2173 4523 tantum
2204 4468 2384 4529 valuit,
2414 4475 2470 4520 ut
2488 4466 2634 4520 illum
2656 4466 2707 4519 in
2731 4473 2966 4519 extrema
2984 4465 3098 4534 ejus
3118 4464 3222 4518 vita
3245 4471 3411 4518 totum
3437 4463 3548 4518 Deo

1968 4561 2299 4623 lucraretur;
2330 4572 2428 4612 nec
2454 4556 2594 4609 ineo
2618 4555 2726 4625 jam
2756 4555 2893 4609 ﬁdeli
2937 4562 3116 4609 essent
3161 4553 3258 4624 ipsi
3299 4552 3543 4609 dellenda

1970 4651 2126 4711 mala,
2155 4665 2272 4718 qua}
2303 4648 2351 4701 in
2377 4647 2608 4702 nondum
2634 4645 2774 4700 ﬁdeli
2806 4646 3122 4700 toleraverat
3151 4642 3347 4715 (lbid.,
3378 4645 3463 4698 lib.
3484 4644 3538 4709 9,

1968 4758 2080 4811 cap.
2106 4742 2192 4806 15,
2217 4756 2268 4793 n.
2292 4738 2402 4811 57).
2422 4739 2538 4804 Quo
2556 4746 2794 4808 tempore
2815 4737 3140 4808 Augustinus
3159 4751 3353 4791 annum
3373 4736 3544 4791 aetatis

1967 4834 2234 4888 decimum
2261 4841 2470 4887 sextum
2490 4831 2697 4902 agebat,
2726 4830 2975 4885 nimirum
2996 4830 3206 4885 circiter
3229 4844 3427 4884 annum
3458 4843 3544 4882 res

1968 4932 2163 4996 paratae
2183 4925 2368 4981 salutis
2388 4924 2822 4980 trecentesimum
2848 4922 3328 4994 septuagesimum,
3350 4936 3542 4977 nume-

1965 5016 2180 5073 rabatur
2219 5016 2356 5071 inter
2399 5014 2809 5071 catechumenos
2850 5014 3108 5071 Patricius
3148 5011 3334 5084 (lbid.,
3368 5010 3455 5067 lib.
3482 5011 3539 5079 2,

1965 5122 2079 5177 cap.
2112 5106 2172 5171 5,
2206 5122 2259 5159 n.
2293 5104 2387 5176 6);
2429 5106 2517 5176 qui
2540 5114 2595 5161 et
2621 5104 2862 5175 proxime
2888 5103 3131 5174 sequenti
3152 5119 3325 5170 anno,
3366 5105 3540 5160 aetatis
3620 5180 3625 5185 η

1964 5198 2223 5255 Monnicae
2251 5197 2678 5269 quadragesimo,
2710 5198 2815 5253 vita
2840 5197 3125 5252 concessit.

2039 5292 2092 5347 ‘5.
2133 5290 2327 5347 Orbata
2363 5289 2516 5355 viro,
2562 5297 2685 5344 ante
2729 5302 2889 5359 quem
2938 5287 3105 5357 nulli,
3144 5298 3198 5345 et
3236 5300 3357 5361 post
3382 5306 3540 5363 quem

1968 5384 2097 5440 nulli
2130 5394 2293 5453 nupta
2339 5391 2421 5438 est
2450 5381 2631 5455 (lbid.,
2656 5381 2744 5435 lib.
2768 5380 2822 5448 9,
2845 5398 2958 5452 cap.
2990 5382 3077 5450 15,
3102 5399 3155 5437 n.
3179 5385 3268 5455 37)
3288 5426 3302 5451 ,
3328 5385 3546 5456 reliqua:

1968 5477 2093 5532 vitae
2112 5485 2319 5547 tempus
2345 5474 2574 5530 traduxit
2596 5473 2751 5529 vidua
2779 5482 2924 5530 easta
2950 5490 3013 5531 ac
3038 5477 3214 5532 sobria
3233 5518 3248 5546 ,
3294 5477 3541 5549 frequen-

1964 5575 2085 5622 tans
2104 5567 2469 5637 eleemosynas
2490 5563 2672 5633 (Ibid.,
2693 5565 2778 5620 lib.
2801 5566 2855 5633 5,
2874 5582 2988 5638 cap.
3003 5567 3057 5633 9,
3076 5583 3131 5621 η.
3152 5567 3240 5637 17)
3258 5584 3271 5635 ;
3290 5567 3544 5624 adversus

1966 5667 2249 5730 peccantes
2276 5660 2328 5713 in
2358 5672 2415 5712 se
2440 5656 2852 5715 misericorditer
2880 5674 3040 5730 agens
3059 5699 3075 5726 ,
3113 5658 3423 5736 donansque
3450 5659 3545 5714 de-

1970 5749 2225 5806 bitoribus
2271 5747 2445 5805 debita
2485 5748 2669 5822 (lbid.,
2695 5748 2779 5806 lib.
2809 5750 2863 5821 9,
2892 5766 3003 5824 cap.
3031 5750 3117 5822 15,
3146 5767 3198 5806 n.
3226 5750 3353 5824 '56);
3384 5751 3540 5808 obse-
