3994 6352
471 302 493 354 1
504 302 575 354 ⁷47

1669 293 1825 350 νιτΑ
1863 294 1921 350 s.
1963 293 2331 353 [incusum
2361 254 2685 361 Erlscom.

3628 319 3749 382 ω

470 406 654 475 quum
676 412 735 461 et
754 403 1064 459 famulatum
1093 404 1291 460 sanctis
1310 403 1590 473 exhibens,
1619 420 1745 462 vere
1767 420 1919 462 serva
1938 421 2052 462 scr-
2158 409 2497 481 Tagastensis
2521 417 2807 487 Ecclesiae,
2837 435 2908 478 an
2941 422 3349 486 Mediolanensls
3383 446 3537 489 more
3560 394 3739 506 prau-

470 510 662 552 vorum
689 495 785 552 Dei
811 514 823 550 :
853 510 1076 566 quorum
1105 495 1345 566 quisquis
1376 511 1493 551 eam
1525 507 1744 552 noverat
1765 538 1780 563 ,
1825 498 2050 553 multum

467 590 523 644 in
550 604 617 645 ea
637 588 883 644 laudabat
901 597 955 644 et
974 586 1267 644 honorabat
1291 597 1346 645 et
1365 588 1615 660 diligebat
1639 590 1838 658 Deum;
1856 592 2049 662 quippe

468 694 590 734 cum
616 679 710 735 Dei
747 679 1082 750 praesentiam
1111 679 1167 734 in
1194 680 1309 750 ejus
1353 679 1512 735 corde
1540 681 1764 736 sentiret
1788 696 2047 751 agnosce-

466 781 655 841 retque
681 786 751 827 ex
782 780 983 829 sancta:
1012 772 1429 828 conversationis
1455 771 1712 828 fructibus
1731 813 1746 839 ,
1793 782 2044 846 tanquam

463 859 670 916 idoneis
689 860 913 918 testibus
928 859 1115 934 (Ibid.,
1136 878 1252 933 cap.
1271 862 1305 917 9
1318 903 1337 929 ,
1353 880 1406 917 η.
1423 861 1539 928 22).
1559 862 1686 917 Eam
1704 863 1818 934 ipse
1836 880 2047 936 quoque

466 951 783 1008 Ambrosius
820 953 1053 1009 maxime
1092 952 1344 1026 diligebat
1369 962 1585 1023 propter
1610 953 1729 1024 ejus
1755 956 2042 1027 religiosis-

462 1042 655 1097 simam
686 1044 1143 1100 conversationem
1166 1085 1182 1111 ,
1232 1059 1337 1117 qua
1378 1044 1436 1100 in
1475 1043 1630 1099 bonis
1657 1047 1909 1116 operibus
1934 1056 2042 1103 tam

460 1131 679 1191 fervens
707 1135 895 1206 spiritu
926 1135 1296 1208 frequentabat
1334 1140 1613 1197 ecclesiam
1639 1141 1822 1216 (Ibid,
1850 1143 1937 1197 lib.
1970 1141 2004 1197 6
2023 1182 2038 1209 ,

461 1240 579 1294 cap.
604 1224 657 1291 ‘2,
680 1243 732 1280 η.
753 1224 833 1299 2).
854 1226 940 1282 Bis
966 1227 1017 1283 in
1036 1228 1141 1295 die,
1166 1244 1322 1286 mane
1344 1238 1401 1286 et
1415 1247 1661 1303 vespere,
1682 1234 1750 1289 ad
1765 1234 2040 1291 ecclesiam

466 1314 563 1369 Dei
592 1315 708 1371 sine
748 1315 856 1371 ulla
898 1317 1292 1389 intermissione
1326 1322 1605 1389 veniebat;
1646 1338 1755 1379 non
1786 1323 1854 1379 ad
1878 1340 2040 1379 vanas

462 1403 669 1460 fabulas
715 1415 771 1462 et
806 1385 1362 1479 aniles'loquacitates
1385 1452 1408 1479 ,,
1449 1413 1544 1469 sed
1570 1385 1631 1469 ea
1662 1423 1841 1470 mente
1860 1456 1876 1483 ,
1905 1424 1962 1470 ut
1987 1425 2041 1470 et

462 1493 630 1551 Deum
657 1495 710 1551 in
740 1496 919 1552 divino
947 1500 1111 1555 verbo
1142 1501 1243 1556 sibi
1288 1501 1593 1573 loquentem
1626 1504 1864 1570 audiret,
1896 1512 1953 1560 et
1972 1506 2040 1561 ab

460 1601 528 1643 eo
562 1588 674 1658 ipsa
710 1589 768 1645 in
807 1590 919 1644 suis
959 1591 1290 1649 orationibus
1328 1595 1605 1651 audiretur
1642 1594 1829 1668 (Ibid,
1852 1596 1941 1651 lib.
1968 1598 2038 1664 5,

458 1693 571 1748 cap.
595 1678 649 1745 9,
667 1696 722 1734 η.
740 1677 849 1753 17).
869 1679 1083 1737 Nullum
1102 1682 1245 1738 diem
1269 1687 1608 1754 praetermisit
1635 1687 1951 1743 oblationem
1973 1688 2039 1744 ad

457 1768 627 1826 altare
652 1771 747 1827 Dei
773 1770 1002 1845 (Ibid);
1041 1774 1174 1842 sive,
1215 1776 1353 1831 sicut
1390 1792 1502 1831 rem
1537 1778 1655 1833 aliis
1679 1779 1838 1849 paulo
1862 1779 2040 1836 verbis

458 1862 786 1932 Augustinus
833 1864 1068 1921 secundo
1114 1877 1417 1935 memorat,
1451 1869 1646 1926 nullius
1678 1871 1783 1927 diei
1820 1882 2035 1943 praeter-

457 1952 715 2010 missione
740 1957 955 2012 servivit
983 1958 1174 2026 altari,
1202 1960 1345 2016 unde
1368 1961 1529 2018 sciret
1552 1961 1851 2033 dispensari
1876 1964 2041 2019 Victi-

458 2058 603 2099 mam
632 2054 873 2111 sanctam
895 2090 910 2114 ,
940 2064 1041 2120 qua
1075 2050 1313 2107 deletum
1342 2062 1422 2108 est
1451 2052 1860 2125 chirographum
1897 2056 2038 2127 quod

459 2144 575 2192 erat
617 2141 940 2195 contrarium
984 2142 1170 2209 nobis,
1199 2159 1302 2214 qua
1343 2145 1697 2215 triumpliatus
1739 2157 1823 2203 est
1870 2148 2038 2202 hostis

457 2237 771 2299 computans
795 2230 983 2286 delicta
1013 2242 1193 2288 nostra
1216 2243 1266 2289 et
1291 2249 1537 2304 quaarens
1563 2236 1693 2307 quid
1717 2237 1933 2306 objiciat
1949 2280 1963 2304 ,
1986 2248 2041 2295 et

456 2317 595 2374 nihil
636 2320 915 2378 inveniens
951 2324 1004 2378 in
1052 2324 1144 2379 illo
1183 2325 1237 2379 in
1271 2341 1378 2396 quo
1406 2328 1667 2384 vincimus
1697 2332 1818 2386 :cui
1860 2332 2039 2388 nullus

455 2408 709 2466 refundct
735 2411 1073 2470 innocentem
1103 2416 1448 2487 sanguinem,
1476 2420 1562 2475 cui
1589 2420 1766 2477 nullus
1794 2422 2040 2479 restituet

451 2503 709 2574 pretium,
734 2521 840 2576 quo
862 2521 961 2562 nos
980 2507 1292 2564 emitutnos
1310 2509 1516 2566 auferat
1533 2513 1581 2567 ei
1604 2530 1616 2565 :
1639 2512 1706 2567 ad
1734 2514 1885 2584 cujus
1913 2530 2036 2585 pre-

456 2593 514 2649 tii
543 2595 715 2652 nostri
751 2608 1141 2655 sacramentum
1169 2600 1422 2672 ligaverat
1446 2604 1638 2659 ancilla
1676 2606 1767 2661 Dei
1805 2608 2037 2664 animam

455 2699 610 2742 suam
636 2686 851 2743 vinculo
871 2688 992 2744 fidei
1024 2689 1209 2762 (llud,
1233 2692 1320 2747 lib.
1354 2692 1409 2761 9,
1437 2710 1553 2765 cap.
1582 2696 1741 2763 l5,n.
1761 2696 1876 2769 56).
1904 2698 2037 2754 Cum

455 2784 634 2834 autem
669 2793 801 2835 usus
843 2779 898 2835 in
939 2779 1118 2837 Africa
1145 2782 1441 2850 obtineret,
1475 2785 1650 2855 pultes
1676 2795 1731 2842 et
1754 2802 1945 2857 panem
1973 2804 2038 2844 ac

454 2884 664 2925 merum
693 2870 761 2927 ad
789 2873 1029 2944 sepulcra
1057 2884 1349 2947 martyrum
1376 2876 1653 2944 afferendi,
1685 2880 1929 2937 Monnica
1948 2897 2037 2938 ca-

453 2960 682 3018 nistrum
728 2964 863 3020 cibis
904 2965 1197 3035 refertum,
1247 2984 1380 3040 quos
1416 2969 1471 3025 in
1510 2979 1815 3029 sanctorum
1864 2974 2033 3032 hono-

456 3066 572 3109 rem
618 3055 957 3125 prtelibaret,
1006 3073 1070 3113 ac
1118 3068 1301 3128 postea
1361 3063 1681 3131 pauperibus
1734 3064 2030 3135 divideret,

455 3142 717 3210 aﬂ'ereus,
767 3161 883 3201 non
921 3150 1166 3218 poculum
1194 3190 1210 3216 ,
1254 3150 1351 3206 sed
1387 3153 1638 3223 pocillum
1667 3157 2035 3214 tantummodo

451 3232 586 3302 vini,
609 3235 906 3306 etquidem
931 3253 1067 3308 aqua
1093 3241 1371 3311 temperati
1398 3243 1661 3313 ponebat,
1685 3246 1827 3303 unde
1852 3247 2036 3319 digna-

451 3323 652 3381 tionem
691 3337 962 3384 sumeret:
990 3345 1053 3384 ac
1085 3330 1253 3387 sicubi
1295 3334 1629 3405 contingeret
1652 3337 1847 3394 multas
1874 3354 1992 3394 esse
2014 3382 2029 3407 ,

451 3429 571 3483 quae
612 3416 706 3472 illo
742 3418 902 3475 modo
943 3420 1258 3478 videbantur
1286 3424 1609 3482 honorandae
1634 3431 1907 3486 memoriae
1934 3431 2032 3487 de-

449 3505 775 3577 functorum,
801 3510 945 3566 idem
974 3512 1145 3582 ipsum
1175 3530 1359 3583 unum,
1387 3517 1528 3587 quod
1555 3519 1749 3590 ubique
1777 3532 2027 3590 poneret,

451 3599 703 3668 pocillum
746 3602 1190 3673 circumferebat;
1222 3615 1380 3677 atque
1405 3609 1477 3664 ita
1497 3609 1674 3665 vinum
1695 3652 1711 3677 ,
1740 3627 1845 3668 non
1872 3614 2032 3669 modo

448 3692 874 3763 aquatissimum,
903 3695 997 3751 sed
1026 3696 1183 3752 etiam
1210 3699 1595 3767 tepidissimum
1616 3711 1753 3769 erat,
1780 3703 1925 3773 quod
1952 3705 2031 3759 in-

449 3788 533 3839 ter
583 3784 808 3855 hujusce
855 3786 1087 3858 religiosi
1129 3789 1286 3845 ofﬁcii
1327 3792 1552 3847 comites
1592 3807 1689 3862 per
1712 3794 2037 3851 sorbitiones

450 3874 668 3945 exiguas
696 3877 1058 3945 partiebatur;
1083 3880 1206 3949 quia
1228 3881 1475 3949 pietatem
1504 3882 1573 3937 ibi
1600 3884 1893 3953 qumrebat,
1920 3901 2024 3940 non

451 3966 804 4037 voluptatem.
849 3968 1165 4025 Ambrosius
1191 3986 1353 4042 porro
1392 3972 1674 4029 Mediolani
1704 3986 2031 4047 praeceperat

450 4058 552 4114 ista
580 4073 687 4115 non
713 4060 851 4127 fieri,
881 4076 981 4117 nec
1003 4062 1070 4118 ab
1094 4061 1173 4118 eis
1198 4063 1287 4133 qui
1317 4064 1498 4120 sobrie
1524 4064 1792 4131 facerent;
1823 4077 1932 4123 tum
1963 4084 2031 4123 ne

445 4149 555 4205 ulla
584 4133 796 4206 occasio
815 4165 874 4208 se
894 4152 1247 4224 ingurgitaudi
1267 4154 1482 4211 daretur
1504 4156 1749 4224 ebriosis,
1778 4167 1887 4213 tum
1908 4160 2029 4230 quia

448 4240 538 4295 illa
580 4242 729 4311 quasi
777 4244 1067 4315 parentalia
1108 4246 1472 4315 superstitioni
1521 4248 1808 4304 Gentilium
1851 4261 2032 4307 essent

444 4333 735 4389 simillima.
776 4336 907 4391 Cum
945 4336 1105 4409 igitur
1128 4337 1370 4394 Mounica
1395 4342 1707 4397 munuscula
1745 4357 1843 4398 suo
1881 4359 2029 4400 more

449 4426 752 4496 attulisset,
797 4436 957 4499 atque
998 4430 1067 4485 ab
1111 4430 1327 4486 ostiario
1369 4431 1902 4502 prohiberetur;ubi
1928 4435 2029 4491 hoc

446 4516 823 4587 Ambrosium,
861 4535 1017 4589 quem
1046 4521 1185 4577 sicut
1213 4522 1459 4593 angelum
1492 4524 1585 4585 Dei
1618 4524 1904 4596 diligebat,
1934 4542 2026 4582 ve-

448 4607 614 4664 tuisse
637 4609 905 4680 cognovit,
946 4616 1052 4664 tam
1076 4610 1164 4681 pie
1190 4618 1348 4683 atque
1374 4613 1685 4670 obedienler
1710 4615 1764 4670 id
1787 4618 2025 4687 accepit,

449 4706 509 4753 ut
536 4698 653 4771 ipse
672 4700 957 4758 miraretur
975 4704 1301 4773 Augustinus
1324 4745 1340 4771 ,
1365 4720 1483 4762 eam
1513 4708 1687 4777 potius
1706 4708 1773 4763 ad
1800 4724 2027 4766 censue-

447 4789 686 4847 tudinem
717 4807 875 4863 quam
900 4793 1219 4865 sequebatur
1245 4795 1707 4854 condemnandam
1730 4841 1745 4868 ,
1776 4816 1935 4870 quam
1960 4801 2027 4857 ad

444 4883 823 4955 inquirendum
861 4900 965 4957 qua
1003 4885 1069 4941 de
1111 4902 1271 4943 causa
1304 4888 1694 4958 prohiberetur,
1743 4891 2024 4949 adductam

438 4973 627 5031 fuisse.
651 4972 833 5048 Itaque
859 4976 926 5031 ab
951 4974 1195 5032 instituto
1223 4992 1320 5033 suo
1346 4977 1588 5034 discessit
1614 4980 1822 5047 lubens,
1851 4989 1905 5036 et
1925 4996 2025 5052 pro

444 5065 680 5120 canistro
704 5066 867 5136 pleno
886 5068 1113 5124 terrenis
1139 5068 1424 5134 fructibus,
1458 5069 1675 5139 picnmn
1706 5072 2029 5143 purgatiori-1

443 5153 547 5209 bus
570 5155 709 5212 votis
734 5165 922 5228 pectus
941 5158 1008 5215 ad
1034 5158 1320 5215 memorias
1350 5169 1640 5232 martyrum
1666 5162 1858 5218 allcrre
1883 5163 2025 5219 didi-

440 5246 553 5311 cit;
579 5253 711 5303 utet
737 5248 877 5319 quod
906 5260 1125 5321 posset,
1172 5251 1325 5309 daret
1368 5253 1666 5324 egentibus,
1697 5264 1753 5311 et
1775 5256 1854 5311 sic
1880 5270 2027 5312 com-,

444 5336 737 5393 municatio
757 5338 1018 5399 Dominici
1041 5345 1282 5415 corporis
1311 5344 1419 5400 illic
1448 5345 1809 5402 celebraretur
1826 5388 1845 5417 ,
1875 5347 2027 5419 cujus

442 5428 708 5502 passionis
734 5430 1030 5489 imitatione
1062 5434 1321 5505 immolati
1359 5446 1415 5493 et
1449 5440 1685 5494 coronati
1724 5448 1850 5496 sunt
1879 5455 2020 5497 mar-

441 5525 595 5592 tyres
613 5518 799 5597 (lbid.,
825 5522 916 5578 lib.
940 5521 997 5593 6,
1016 5538 1134 5598 cap.
1157 5524 1217 5596 Ω,
1248 5545 1300 5583 n.
1325 5528 1404 5602 Ξ).
1434 5530 1565 5586 Cum
1592 5532 1753 5588 etiam
1775 5532 2023 5605 religiosa

441 5610 603 5669 vidua
639 5615 1073 5688 perturbaretur,
1110 5618 1389 5692 ambigens
1410 5638 1480 5679 an
1503 5624 1786 5682 Mediolani
1814 5626 1917 5682 sibi
1939 5628 2025 5699 je-

441 5701 737 5775 junandum
777 5715 923 5770 esset
965 5707 1209 5783 sabbato,
1256 5714 1545 5775 secundum
1584 5718 2020 5778 consuetudinem

2154 500 2388 595 dentium
2412 522 2426 572 ;
2454 507 2781 579 Augustinus
2806 519 2933 568 tunc
2953 516 3188 573 nondum
3206 533 3519 591 conversus,
3544 500 3739 595 quam.-

2153 593 2234 649 vis
2271 594 2374 651 hac
2409 597 2478 653 de
2521 614 2581 654 re
2607 615 2791 670 parum
2832 605 3130 673 sollicitus,
3177 618 3236 664 ut
3277 626 3396 667 eam
3435 593 3611 671 tamen
3637 617 3731 673 illa

2152 687 2491 744 cunctatione
2544 689 2800 749 liberaret
2822 733 2839 760 ,
2898 699 3166 754 consuluit
3211 701 3552 759 Ambrosium
3584 724 3597 760 :
3629 705 3739 773 Qui

2150 780 2474 850 respondit,
2494 783 2626 839 nihil
2652 784 2777 842 hinc
2803 802 2864 844 se
2890 803 2988 845 eos
3005 790 3198 848 docere
3218 808 3377 864 posse
3396 834 3414 861 ,
3453 797 3555 852 nisi
3585 798 3733 868 quod
3766 860 3771 861 ν

2151 869 2267 938 ipse
2309 871 2547 939 faceret;
2574 875 2699 945 quia
2725 877 2771 932 si
2795 879 2988 936 melius
3010 893 3230 950 nosset,
3260 884 3313 939 id
3341 887 3516 956 pntitts
3541 887 3738 944 obser-

2147 969 2316 1019 varet.
2351 962 2421 1019 Et
2451 964 2681 1035 adjecit:
2712 968 2926 1035 Quando
2953 972 3034 1026 hic
3059 990 3203 1041 sum,
3251 992 3352 1030 non
3386 978 3568 1048 jejuno
3606 980 3735 1035 sab-

2147 1051 2262 1106 bato
2280 1069 2299 1119 ;
2319 1063 2368 1108 et
2391 1055 2467 1108 ad
2486 1073 2850 1132 quamcumque
2874 1062 3157 1120 Ecclesiam
3193 1069 3421 1124 veneritis
3437 1109 3453 1135 ,
3482 1070 3591 1139 ejus
3616 1087 3736 1125 mo-

2146 1160 2252 1198 rem
2285 1155 2501 1211 servate,
2531 1150 2575 1203 si
2604 1151 2710 1220 pati
2740 1153 3039 1209 scandalum
3078 1173 3179 1211 non
3216 1158 3365 1213 vultis
3386 1200 3401 1224 ,
3444 1169 3535 1213 aut
3565 1161 3739 1230 facere

2147 1231 2273 1304 (Ep.
2305 1235 2394 1303 56,
2425 1254 2479 1292 η.
2502 1238 2592 1305 52,
2619 1250 2667 1295 et
2694 1241 2798 1314 Ep.
2821 1244 2911 1311 54,
2941 1261 2995 1299 n.
3027 1246 3123 1316 5).
3148 1247 3263 1303 Hoc
3302 1264 3617 1319 responsum
3646 1267 3738 1308 re-

2147 1324 2266 1380 tulit
2290 1326 2358 1382 ad
2382 1337 2641 1399 matrem,
2678 1333 2837 1403 eique
2878 1334 3119 1404 suffecit,
3172 1354 3270 1394 nec
3309 1339 3573 1397 dubitavit
3606 1357 3739 1399 esse

2145 1416 2520 1476 obediendum.
2561 1422 2665 1479 Per
2690 1423 2831 1481 idem
2860 1434 3068 1498 tempus
3086 1468 3104 1495 ,
3134 1445 3242 1499 quo
3268 1430 3550 1487 Mediolani
3571 1432 3738 1503 dege-

2144 1506 2275 1574 bat,
2317 1509 2602 1567 Ambrosio
2638 1516 3065 1583 persecutionem
3104 1520 3174 1575 ah
3213 1520 3420 1577 Justina
3450 1529 3588 1578 totos
3618 1522 3741 1579 fere

2144 1598 2278 1655 duos
2297 1615 2467 1658 annos
2506 1604 2845 1675 sustinente,
2905 1609 3180 1665 excubabat
3212 1613 3297 1681 pia
3324 1612 3462 1682 plebs
3495 1613 3549 1667 in
3572 1613 3736 1669 eccle-

2136 1689 2248 1765 sia,
2276 1690 2350 1745 ait
2373 1693 2727 1763 Augustinus,
2776 1697 2906 1751 mori
2949 1709 3132 1768 parata
3170 1716 3293 1754 cum
3324 1702 3560 1771 episcopo
3594 1718 3688 1758 suo
3709 1742 3731 1771 ,

2143 1796 2284 1835 servo
2312 1791 2417 1836 tuo.
2445 1782 2474 1836 Ι
2480 1784 2528 1838 bi
2555 1795 2714 1841 mater
2737 1803 2868 1854 mea,
2899 1789 3091 1845 ancilla
3134 1801 3220 1845 tua
3237 1834 3252 1859 ,
3299 1794 3656 1850 sollicitudinis
3682 1804 3741 1850 et

2142 1873 2427 1942 vigiliarum
2483 1877 2678 1947 primas
2716 1888 2915 1948 tenens,
2957 1883 3269 1939 orationibus
3317 1885 3507 1939 vivebat
3550 1886 3731 1958 (Conf.

2144 1962 2231 2016 lib.
2262 1964 2314 2031 9,
2340 1981 2458 2036 cap.
2483 1966 2545 2033 7,
2561 1984 2614 2022 η.
2648 1968 2759 2041 15).
2783 1971 3019 2029 Tandem
3047 1974 3309 2045 quidquid
3330 1975 3382 2029 in
3410 1992 3535 2033 vere
3555 1977 3743 2033 viduis

2142 2052 2444 2111 Christianis
2472 2059 2694 2127 requirit
2713 2062 2999 2133 Apostolus
3022 2064 3072 2135 (Ι
3096 2064 3225 2119 Tim.
3252 2082 3314 2135 v,
3344 2067 3425 2139 9),
3455 2083 3517 2123 ea
3538 2068 3733 2139 imple-

2142 2143 2237 2197 vit.
2276 2144 2399 2200 Fuit
2438 2148 2593 2203 unius
2633 2149 2733 2204 viri
2771 2167 2923 2219 uxor,
2957 2164 3194 2211 mutuam
3220 2156 3391 2213 vicem
3415 2161 3733 2228 parentibus

2142 2233 2399 2300 reddidit,
2426 2236 2643 2294 domum
2670 2255 2819 2295 suam
2840 2243 2926 2313 pie
2956 2247 3233 2312 tractavit;
3268 2248 3322 2301 in
3346 2248 3599 2317 operibus
3623 2250 3727 2306 bo-

2144 2326 2227 2380 nis
2259 2328 2618 2384 testimonium
2641 2330 2845 2398 habuit,
2874 2334 3094 2390 nutrivit
3119 2335 3286 2404 filios,
3320 2338 3474 2393 toties
3496 2354 3590 2394 eos
3610 2355 3730 2409 par-

2144 2416 2375 2485 turiens,
2432 2421 2642 2489 quoties
2669 2436 2698 2475 a
2727 2423 2837 2478 Deo
2874 2424 3090 2481 deviare
3126 2427 3504 2484 animadvertit
3543 2427 3729 2502 (Conf.

2142 2506 2227 2561 lib.
2251 2508 2305 2575 9,
2327 2525 2441 2580 cap.
2467 2510 2523 2575 9,
2551 2528 2604 2565 η.
2628 2511 2722 2584 22)
2747 2530 2762 2568 :
2784 2514 2925 2584 quod
2945 2515 3159 2587 quidem
3180 2518 3231 2572 in
3252 2518 3550 2591 Augustino
3569 2520 3737 2591 plane

2141 2610 2474 2671 compertum
2498 2611 2602 2658 est.

2209 2691 2267 2746 4.
2302 2688 2537 2750 Vidimus
2572 2710 2676 2765 quo
2705 2696 2879 2753 studio
2902 2698 3247 2757 christianam
3288 2703 3600 2774 religionem
3637 2706 3732 2761 in-

2139 2796 2321 2838 serere
2359 2784 2432 2838 illi
2459 2787 2684 2856 puerulo
2710 2788 2883 2844 adhuc
2900 2831 2919 2857 ,
2947 2806 3010 2846 ac
3038 2792 3288 2861 pietatem
3315 2808 3528 2864 semper
3553 2796 3729 2866 inspi-

2139 2887 2260 2929 rare
2291 2876 2553 2931 curaverit
2591 2878 2924 2935 sanctissima
2963 2881 3159 2938 femina
3202 2869 3497 2953 (Ibid.,lib.
3527 2888 3579 2952 1,
3606 2903 3736 2958 cap.

2141 2966 2228 3031 11,
2270 2982 2324 3019 n.
2369 2964 2481 3039 17),
2520 2969 2575 3023 in
2618 2970 2770 3040 cujus
2812 2972 2947 3028 lacte
2986 2990 3179 3031 nomen
3208 2974 3405 3031 Christi
3434 2977 3737 3034 Salvatoris

2140 3058 2305 3113 nostri
2345 3059 2422 3115 sic
2467 3069 2708 3117 tenerum
2756 3079 2850 3143 cor
2884 3066 3027 3121 illius
3055 3067 3317 3137 prmbibit,
3350 3079 3409 3124 ut
3435 3070 3731 3126 admodum

2128 3152 2244 3207 alte
2270 3154 2524 3210 retineret
2551 3154 2738 3226 (Ibid,
2773 3157 2860 3212 lib.
2895 3159 2949 3223 5,
2966 3175 3083 3229 cap.
3114 3160 3171 3229 4,
3198 3178 3253 3216 n.
3279 3159 3358 3234 8).
3388 3160 3503 3229 Quo
3530 3161 3729 3217 ardore

2138 3242 2296 3298 dabat
2314 3259 2552 3313 operam,
2583 3254 2641 3301 ut
2670 3247 2809 3303 idem
2837 3249 3010 3305 adhuc
3036 3266 3167 3320 puer
3194 3251 3248 3307 in
3274 3254 3462 3308 mortis
3489 3252 3737 3323 periculo

2138 3334 2451 3389 salutaribus
2478 3338 2822 3392 sacramentis
2848 3339 3181 3406 initiaretur;
3209 3340 3421 3396 charius
3444 3357 3566 3397 eum
3594 3356 3727 3413 par-

2139 3424 2339 3480 turiens
2369 3427 2531 3482 corde
2558 3436 2705 3483 casto
2737 3429 2789 3483 in
2820 3429 2923 3485 fide
2946 3470 2966 3496 ,
2991 3446 3148 3500 quam
3174 3446 3336 3487 carne
3369 3433 3727 3502 parturierat?

2139 3514 2324 3584 (lbid.,
2352 3517 2439 3571 lib.
2476 3519 2528 3583 1,
2559 3535 2674 3589 cap.
2716 3521 2869 3586 11,η.
2907 3521 3019 3594 17.)
3048 3522 3192 3590 Quos
3215 3526 3373 3579 etiam
3400 3525 3733 3581 adolescenti

2138 3614 2318 3675 postea
2352 3617 2406 3661 et
2446 3622 2565 3662 cum
2595 3618 2788 3679 quanta
2825 3611 3183 3669 sollicitudine
3212 3616 3444 3671 monitus
3465 3615 3635 3684 dedit,
3663 3626 3725 3672 ut

2135 3711 2256 3750 cum
2272 3697 2339 3752 ab
2354 3698 2597 3755 obscenis
2612 3703 2879 3758 amoribus
2890 3703 3215 3762 deterreret?
3236 3706 3419 3780 (Ibid,
3441 3708 3589 3773 libﬂ,
3602 3725 3727 3780 cap.

2136 3788 2190 3855 5,
2215 3806 2267 3842 η.
2297 3790 2379 3859 7.)
2405 3790 2673 3857 Quantum
2711 3808 2807 3863 pro
2844 3810 2910 3850 eo
2940 3796 2992 3850 in
3022 3796 3434 3853 Manichaeorum
3471 3800 3731 3855 haeresim

2136 3879 2284 3950 lapso
2312 3880 2453 3936 ﬂevit
2472 3882 2539 3937 ad
2564 3883 2765 3939 Deum?
2790 3885 2959 3940 Flevit
2985 3898 3131 3944 certe
3155 3890 3383 3958 amplius
3405 3905 3563 3961 quam
3587 3890 3726 3946 flent

2134 3980 2333 4027 matres
2372 3987 2626 4043 corporea
2669 3974 2895 4030 filiorum
2934 3976 3141 4033 funera.
3182 3979 3391 4035 Videbat
3422 3983 3554 4036 enim
3588 3982 3729 4048 illa,

2136 4060 2303 4131 inquit
2324 4062 2663 4133 Augustinus,
2689 4076 2895 4121 mortem
2914 4085 3076 4123 meam
3101 4087 3165 4125 ex
3188 4071 3289 4140 ﬁde
3307 4082 3352 4126 et
3371 4073 3552 4142 spiritu
3572 4089 3743 4144 quem-

2134 4152 2343 4208 ltabebat
2362 4171 2424 4208 ex
2445 4165 2492 4208 te
2504 4172 2525 4221 ;
2548 4166 2597 4210 et
2614 4158 2863 4213 exaudisti
2882 4177 3013 4227 eam,
3036 4160 3252 4217 Domine
3276 4179 3296 4218 :
3316 4163 3564 4219 exaudiui
3580 4180 3725 4234 eam,

2136 4260 2224 4297 nec
2252 4246 2521 4317 despexiin
2548 4249 2800 4319 lacrymas
2838 4252 2979 4317 ejus,
3019 4270 3133 4307 cum
3165 4256 3470 4325 pro/luentes
3497 4257 3727 4328 rigarent

2136 4346 2319 4392 terram
2338 4339 2426 4395 sub
2444 4342 2603 4395 oculis
2621 4343 2751 4413 ejus,
2774 4343 2826 4396 in
2846 4345 2982 4398 omni
3003 4345 3109 4399 loco
3130 4348 3371 4401 orationis
3392 4350 3541 4419 ejus;
3558 4365 3726 4404 exau-

2134 4429 2251 4483 disti
2274 4447 2405 4485 eam.
2436 4431 2573 4485 Nam
2603 4432 2738 4486 unde
2764 4435 2895 4488 illud
2919 4438 3190 4503 somnium,
3217 4455 3314 4507 quo
3342 4455 3456 4493 eam
3480 4442 3723 4495 consola-

2134 4530 2212 4575 tus
2233 4538 2303 4586 es,
2327 4531 2380 4575 ut
2406 4522 2564 4577 vivere
2588 4539 2664 4576 me
2691 4525 2980 4579 concederet
3014 4536 3062 4579 et
3099 4527 3280 4582 habere
3302 4545 3472 4584 secum
3490 4530 3731 4587 eamdem

2133 4629 2356 4667 mensam
2389 4614 2441 4666 in
2466 4612 2636 4679 domo,
2665 4614 2801 4684 quod
2834 4617 2967 4669 nolle
3000 4626 3239 4687 coeperat,
3275 4634 3511 4674 aversaris
3537 4629 3585 4674 et
3623 4622 3723 4675 de-

2132 4712 2316 4758 testans
2344 4703 2679 4774 blaspltemias
2702 4707 2886 4759 erroris
2918 4708 3056 4761 mei?
3091 4707 3229 4763 Vidit
3253 4710 3386 4765 enim
3422 4719 3639 4766 stantem
3666 4730 3725 4769 se

2131 4793 2185 4847 in
2207 4793 2426 4863 quadam
2453 4794 2630 4865 regula
2653 4795 2840 4865 lignea,
2871 4804 2921 4850 et
2948 4797 3292 4854 advenientem
3315 4802 3382 4854 ad
3405 4818 3460 4856 se
3478 4802 3731 4872 juvenem

2130 4884 2475 4958 splendidum,
2501 4887 2714 4941 hilarem
2737 4897 2886 4960 atque
2913 4890 3216 4945 arridenlem
3242 4892 3356 4959 sibi,
3381 4893 3611 4949 cuman
3634 4912 3727 4950 es-

2130 4989 2205 5035 set
2232 4997 2443 5037 mazrens
2467 4991 2514 5036 et
2536 4999 2747 5038 incerare
2764 4988 2992 5055 confecta
3015 5002 3034 5040 .°
3052 4988 3138 5057 qui
3163 5006 3276 5043 cum
3303 5007 3481 5046 causas
3505 4993 3725 5062 quasie-

2130 5084 2203 5130 set
2227 5076 2289 5129 ab
2312 5078 2373 5130 ed
2396 5077 2642 5132 maestitia:
2667 5093 2794 5144 sua,
2823 5080 3324 5154 quotidianarumqus
3346 5085 3723 5157 lacrymarum,

2131 5168 2363 5235 docendi,
2396 5177 2453 5222 ut
2489 5168 2693 5237 assolet,
2731 5187 2833 5226 non
2862 5173 3086 5228 discendi
3120 5176 3307 5246 gratia,
3338 5185 3488 5246 atque
3510 5177 3605 5231 illa
3627 5195 3721 5233 reo

2130 5262 2411 5331 spondisset
2426 5262 2760 5333 perditionem
2779 5280 2941 5318 meam
2956 5282 3009 5320 se
3024 5266 3292 5337 plangere;
3309 5268 3524 5337 jussisse
3536 5268 3714 5337 illum,

2128 5368 2228 5424 quo
2254 5368 2433 5409 secura
2447 5362 2591 5419 esset,
2618 5363 2767 5427 atque
2785 5356 3105 5410 admonuisse
3126 5366 3183 5409 ut
3205 5359 3482 5412 attenderet
3503 5366 3550 5411 et
3569 5359 3721 5413 uide-

2130 5455 2222 5513 ret,
2249 5446 2335 5499 ubi
2356 5454 2481 5501 esset
2504 5446 2617 5513 illa,
2647 5446 2715 5501 ibi
2738 5463 2842 5502 esse
2869 5455 2915 5502 et
2947 5463 3046 5501 me.
3076 5446 3226 5512 Quod
3250 5448 3343 5503 illa
3368 5449 3452 5503 ubi
3473 5450 3719 5518 attendit,

2128 5538 2249 5592 cidit
2276 5553 2354 5592 me
2384 5538 2540 5609 juxta
2564 5554 2619 5595 se
2645 5538 2699 5593 in
2726 5538 2899 5594 eadem
2937 5537 3114 5610 regula
3138 5550 3374 5597 statim.
3406 5540 3554 5597 Unde
3579 5542 3719 5615 hoc,
3758 5566 3761 5569 λ

2129 5630 2228 5684 nisi
2252 5629 2373 5701 quia
2394 5638 2536 5684 erant
2557 5645 2704 5685 aures
2729 5638 2831 5684 tua
2853 5627 2923 5682 ad
2947 5644 3034 5684 cor
3051 5630 3204 5700 ejus?
3224 5630 3375 5688 Unde
3389 5631 3521 5688 illud
3533 5632 3722 5705 etiam,

2128 5721 2265 5795 quod
2283 5738 2398 5781 cum
2417 5722 2541 5782 mihi
2561 5728 2812 5783 narrasset
2834 5722 3004 5795 ipsum
3022 5722 3200 5799 visum,
3222 5731 3270 5783 et
3288 5738 3380 5799 ego
3408 5723 3478 5782 ad
3506 5722 3564 5783 id
3594 5731 3734 5805 ηρ,
