3994 6352
288 291 399 352 149

285 408 411 464 bere
434 421 675 476 conarer,
702 414 759 462 ut
784 406 878 462 illa
905 422 960 463 se
998 408 1166 478 potius
1204 423 1307 463 non
1336 409 1621 480 desperaret
1662 413 1885 483 futuram

281 515 396 555 use
418 499 560 571 quod
586 514 729 553 nam
744 514 766 563 ,'
784 499 1024 553 continuo
1048 500 1157 554 sine
1177 498 1351 570 aliqua
1375 500 1703 569 Iucsitatione,
1738 499 1879 567 Non,

278 592 451 663 inquit
469 605 490 645 :
508 606 614 645 non
634 591 769 646 enim
787 591 914 644 mihi
932 590 1122 646 dictum
1140 598 1232 659 est,
1260 589 1358 646 Ubi
1376 591 1485 657 ille,
1506 591 1577 647 ibi
1594 600 1639 647 et
1659 600 1713 646 tu
1730 609 1751 657 ;
1770 592 1879 659 sed,

282 681 390 739 Ubi
412 692 490 751 tu,
514 682 659 737 ibist
677 682 767 737 ille
787 681 974 753 (Ibid.,
1001 682 1089 737 lib.
1113 684 1166 749 5,
1196 698 1311 755 cap.
1334 683 1422 750 11,
1450 700 1539 737 nn.
1565 682 1653 751 19,
1683 680 1796 755 20).
1825 680 1881 736 Id

277 788 476 830 novem
516 772 691 829 ferme
725 787 900 829 annos
937 782 1065 829 ante
1102 774 1245 830 illius
1280 773 1735 840 emendationem,
1762 787 1881 843 qua:

273 865 382 922 sub
419 881 672 923 mensem
708 876 991 939 augustum
1028 868 1155 923 anni
1185 867 1544 923 trecentesimi
1569 864 1879 937 octogesimi

272 958 424 1013 sexti
450 958 708 1029 contigit,
738 959 1070 1029 proindeque
1094 967 1340 1016 extremo
1375 960 1588 1016 circiter
1609 966 1877 1015 trecente-

269 1047 420 1104 simo
459 1050 859 1121 septuagesimo
895 1058 1055 1107 sexto
1087 1050 1424 1108 factumvest.
1454 1051 1558 1108 Per
1590 1051 1693 1107 hoc
1719 1065 1877 1107 omne

270 1140 516 1211 spatium
545 1142 707 1197 vidua
748 1143 840 1199 illa
865 1152 1009 1199 casta
1029 1185 1045 1211 ,
1070 1144 1159 1214 pia
1186 1152 1241 1200 et
1268 1143 1445 1200 sobria
1466 1187 1480 1211 ,
1506 1159 1606 1215 pro
1631 1144 1741 1200 ﬁlio
1779 1159 1874 1215 ge-

268 1244 432 1286 mere
472 1233 617 1303 apud
656 1233 824 1288 Deum
854 1248 1139 1304 nunquam
1179 1233 1399 1289 destitit.
1443 1235 1654 1291 Etenim
1698 1234 1873 1290 vivida

264 1321 544 1378 factarum
581 1322 683 1378 sibi
720 1324 1135 1394 promissionum
1159 1323 1266 1381 ﬁde
1293 1326 1365 1380 ita
1391 1339 1451 1381 se
1488 1325 1601 1395 ipsa
1628 1325 1871 1380 stimulao

263 1409 400 1477 bat,
444 1418 506 1465 ut
528 1411 674 1467 inde
716 1426 827 1467 non
872 1413 1047 1467 solum
1084 1428 1191 1468 non
1236 1414 1393 1469 ﬁeret
1422 1414 1656 1484 segnior,
1688 1428 1868 1469 verum

262 1501 440 1555 etiam
466 1501 669 1557 nullam
706 1502 951 1573 suSpiriis
975 1504 1231 1575 quietem,
1269 1504 1472 1559 nullam
1508 1504 1721 1560 ﬂetibus
1751 1520 1869 1561 mo-

261 1606 417 1658 ram,
442 1593 649 1648 nullum
666 1593 885 1648 modum
904 1595 1041 1651 votis
1066 1609 1130 1651 ac
1153 1594 1400 1666 precibus
1418 1595 1770 1664 permitteret.
1796 1595 1869 1651 De

262 1686 541 1755 sanguine
562 1685 740 1742 cordis
763 1687 847 1742 sui
873 1687 984 1743 Deo
1010 1702 1106 1758 per
1121 1687 1387 1758 lacrymas
1410 1687 1600 1743 diebus
1618 1701 1681 1743 ac
1699 1688 1869 1742 nocti-

261 1775 374 1833 bus
406 1794 506 1849 pro
532 1780 621 1835 illo
649 1781 981 1837 sacriﬁcabat
1009 1780 1203 1852 (Ibid.,
1233 1781 1402 1847 lib.'5,
1430 1796 1547 1852 cap.
1573 1782 1627 1849 7,
1650 1798 1703 1835 η.
1734 1780 1822 1851 15)
1848 1799 1861 1837 :

259 1882 441 1937 quem
475 1870 652 1924 divina
687 1870 1058 1927 misericordia
1091 1872 1328 1927 servavit
1358 1870 1532 1941 usque
1566 1871 1634 1925 ad
1671 1885 1863 1941 aquam

255 1962 490 2031 gratiae,
516 1977 613 2032 qua
633 1962 822 2019 eodem
846 1964 1050 2031 abluto,
1077 1964 1403 2020 siccarentur
1421 1962 1639 2018 ﬁumina
1666 1970 1863 2018 mater-

260 2067 482 2108 norum
502 2054 781 2123 oculorum,
803 2055 996 2126 quibus
1023 2070 1117 2126 pro
1135 2055 1247 2111 ﬁlio
1265 2055 1502 2127 quotidie
1525 2056 1636 2112 Deo
1659 2055 1863 2127 rigabat

254 2150 478 2197 terram
502 2144 595 2199 sub
620 2145 767 2199 vultu
795 2160 894 2201 suo
919 2145 1100 2216 (Ibid.,
1124 2140 1241 2217 cap.
1269 2145 1324 2214 8,
1346 2163 1401 2201 η.
1425 2145 1538 2216 15).
1562 2146 1727 2202 Porro
1753 2160 1859 2202 non

246 2242 555 2290 contentus
577 2236 716 2292 Deus
739 2238 789 2293 ei
816 2238 1043 2308 primum
1069 2238 1172 2293 hoc
1198 2238 1391 2309 pignus
1418 2238 1607 2293 futura:
1634 2252 1859 2293 conver-

246 2324 438 2381 sionis
461 2326 738 2397 Augustini
764 2327 998 2394 dedisse,
1027 2327 1235 2384 addidit
1262 2336 1317 2384 et
1344 2327 1486 2383 aliud
1525 2342 1623 2398 per
1648 2327 1856 2397 episeo-

246 2429 396 2484 pum
413 2416 467 2470 in
487 2416 724 2472 Ecclesia
747 2416 1007 2473 catholica
1027 2418 1306 2485 nutritum,
1330 2426 1486 2488 atque
1513 2417 1565 2472 in
1582 2416 1757 2472 Libris
1776 2416 1857 2472 di-

246 2506 405 2560 vinis
427 2507 793 2562 exercitatum.
834 2507 995 2573 Quem
1018 2525 1135 2563 cum
1169 2509 1262 2563 illa
1294 2509 1500 2578 femina,
1534 2508 1705 2579 inquit
1741 2509 1853 2562 Aus

246 2600 543 2666 gustinus,
580 2608 801 2669 rogasset
840 2607 896 2653 ut
937 2600 1236 2669 dignaretur
1278 2616 1473 2654 mecum
1514 2600 1763 2667 colloqui,
1807 2608 1854 2654 et

243 2692 495 2763 nfdlere
526 2709 718 2747 errores
756 2709 913 2761 meos,
947 2704 993 2748 et
1026 2694 1270 2749 dedocere
1298 2710 1379 2748 me
1404 2694 1564 2760 mala,
1593 2709 1652 2747 ac
1676 2693 1852 2747 docere

240 2781 393 2836 θοιω
413 2784 653 2854 (faciebat
676 2784 809 2838 enim
837 2785 930 2839 hoc
951 2786 996 2839 si
1011 2801 1134 2856 quos
1156 2789 1284 2857 forte
1306 2786 1513 2841 idoneos
1537 2785 1849 2853 invenisset);

243 2874 423 2929 notuit
450 2875 566 2941 ille,
592 2876 865 2948 prudenter
896 2892 1045 2942 sane,
1077 2874 1320 2948 quantum
1345 2878 1479 2932 sensi
1518 2887 1709 2948 postea.
1742 2878 1849 2932 Re-

246 2967 468 3037 spondit
495 2967 620 3021 enim
648 2983 730 3022 me
764 2968 931 3021 adhuc
956 2984 1061 3022 esse
1086 2968 1378 3037 indocilem,
1401 2985 1459 3023 eo
1484 2970 1618 3039 quod
1643 2970 1848 3039 inflatus

243 3074 424 3113 essent
447 3060 658 3114 novitate
682 3061 886 3115 haeresis
913 3059 1075 3127 illius,
1107 3070 1154 3115 et
1185 3061 1444 3115 nonnullis
1470 3063 1846 3133 qutestiunculis

236 3152 359 3222 iam
385 3151 574 3207 multos
599 3153 858 3223 imperitos
883 3154 1235 3224 exagitassem,
1265 3155 1391 3208 sicut
1418 3153 1510 3207 illa
1537 3153 1846 3207 indicaverat

238 3242 311 3297 ὁ.
357 3239 468 3301 Sed
506 3244 632 3309 sine,
669 3244 852 3316 inquit,
882 3242 1029 3298 illuni
1056 3243 1146 3311 ibi,
1193 3253 1239 3298 et
1279 3252 1477 3298 tantum
1512 3260 1636 3314 roga
1666 3259 1758 3315 pro
1787 3260 1843 3297 eo

239 3332 570 3400 Dominum;
598 3334 707 3404 ipse
750 3333 959 3405 legendo
986 3334 1197 3406 reperiet
1235 3334 1345 3404 quis
1378 3333 1467 3387 ille
1506 3333 1569 3387 sit
1603 3350 1762 3399 error,
1796 3342 1844 3387 et

232 3435 437 3496 quanta
462 3428 715 3497 impietas.
756 3426 929 3482 Simul
957 3427 1105 3481 etiam
1133 3426 1375 3489 narravit,
1405 3442 1458 3480 se
1494 3441 1690 3495 quoque
1716 3442 1840 3495 par-

235 3519 418 3573 uulum
462 3535 499 3573 a
539 3520 743 3574 seducta
777 3528 937 3574 matre
974 3534 1067 3573 sua
1118 3518 1292 3571 datum
1328 3517 1482 3587 fuisse
1519 3516 1837 3586 Manio/tatis,

237 3621 291 3665 et
330 3628 513 3667 omnes
536 3628 663 3683 pene
692 3629 792 3667 non
835 3612 1014 3683 legisse
1050 3619 1275 3678 tantum,
1319 3625 1489 3668 verum
1532 3610 1681 3666 etiam
1717 3614 1842 3666 scri-

236 3701 454 3772 ptitasse
500 3703 654 3758 libros
691 3718 897 3771 eorum;
934 3703 1127 3776 sibique
1166 3705 1463 3776 apparuisse
1495 3705 1637 3758 nullo
1667 3713 1840 3758 contra

231 3792 539 3867 disputante
563 3804 611 3851 et
638 3798 975 3863 convinceute,
999 3812 1149 3867 quant
1169 3804 1289 3849 esset
1311 3796 1399 3848 illa
1420 3805 1550 3848 secta
1572 3795 1834 3867 fugienda,

234 3891 413 3959 itaque
441 3891 651 3962 fugisse.
685 3890 811 3956 Quae
844 3906 958 3943 cum
995 3888 1085 3943 ille
1124 3889 1363 3955 dixisset,
1396 3898 1542 3959 atque
1567 3887 1659 3941 illa
1685 3887 1839 3942 nollet

238 3980 576 4048 acquiescere,
618 3980 706 4034 sed
740 3981 949 4034 instaret
989 3981 1152 4050 magis
1179 3979 1513 4049 deprecando,
1544 3988 1592 4032 et
1621 3979 1834 4032 ubertim

244 4071 445 4141 ﬂendo,
470 4082 523 4125 ut
550 4087 631 4125 me
654 4073 843 4126 videret
864 4082 913 4125 et
939 4087 1128 4125 mecum
1159 4071 1455 4135 dissereret;
1482 4071 1569 4123 ille
1581 4071 1695 4139 jam
1722 4070 1837 4123 sub-

240 4165 563 4218 stantacbans
595 4164 747 4219 ttedio
777 4205 791 4229 ,
831 4162 988 4229 Vade,
1020 4164 1201 4231 inquit,
1226 4178 1259 4215 a
1285 4177 1364 4214 me
1380 4176 1400 4226 ;
1428 4162 1500 4214 ita
1530 4161 1662 4215 vivas
1686 4176 1704 4213 :
1726 4160 1835 4229 ﬁeri

237 4270 347 4308 non
386 4264 548 4324 potest
586 4265 644 4309 ut
682 4256 820 4325 filius
859 4256 1067 4309 istarum
1097 4255 1434 4325 lacrymarum
1464 4262 1655 4323 pereat.
1688 4253 1834 4319 Quod

233 4348 331 4401 illa
351 4348 424 4401 ita
448 4365 503 4402 se
523 4350 793 4418 accepisse,
830 4349 957 4402 inter
983 4346 1239 4417 colloquia
1263 4363 1356 4401 sua
1384 4362 1576 4400 mecum
1598 4362 1731 4416 swpe
1753 4362 1833 4400 re-

232 4439 568 4505 cordabatur,
601 4456 659 4493 ac
681 4440 723 4492 si
747 4440 810 4492 de
833 4439 959 4493 cwlo
1002 4439 1251 4493 sonuisset
1294 4436 1477 4508 (Ibid.,
1508 4437 1592 4491 lib.
1638 4439 1690 4502 5,
1714 4454 1830 4509 cap.

234 4530 327 4596 12,
360 4549 417 4587 n.
457 4532 574 4603 21).
604 4532 732 4587 Data
764 4541 887 4586 sunt
915 4532 961 4588 ei
990 4531 1241 4587 divinitus
1267 4531 1369 4585 alia
1399 4545 1608 4601 quoque
1642 4530 1831 4586 futura:

232 4623 329 4677 ﬁlii
367 4622 760 4678 emendationis
796 4623 1125 4689 testimonia,
1158 4637 1276 4693 quae
1316 4622 1403 4676 illa
1437 4622 1578 4677 ﬁdeli
1617 4631 1829 4692 pectore

234 4714 494 4781 tenebat,
523 4723 580 4768 et
613 4728 824 4783 semper
848 4727 1007 4767 orans
1043 4723 1291 4782 tanquam
1330 4711 1678 4781 chirographa
1720 4712 1829 4767 Deo

229 4818 327 4859 sua
354 4804 637 4875 ingerebat
656 4804 841 4878 (Ibid.,
870 4804 955 4858 lib.
983 4805 1033 4870 5,
1051 4822 1165 4875 cap.
1192 4804 1246 4870 9,
1272 4821 1324 4856 n.
1351 4800 1695 4873 l7).Quando
1719 4806 1825 4858 Au-

227 4896 481 4966 gustinus
508 4898 621 4966 ipsa
648 4897 910 4951 incassum
939 4897 1201 4952 retinente
1227 4910 1292 4950 ac
1332 4895 1385 4949 in
1425 4895 1604 4951 littore
1643 4894 1825 4951 relicta

228 4990 507 5061 nasigavit
546 4991 600 5045 in
631 4990 866 5057 Italiam,
895 4992 1151 5047 remansit
1187 4991 1275 5045 illa
1301 4990 1504 5045 orando
1532 4998 1586 5044 et
1624 4989 1845 5046 ﬁendo.‘

227 5080 304 5135 Et
329 5082 459 5151 quid
484 5099 517 5135 α
542 5092 591 5136 ιε
615 5085 827 5153 petebat,
859 5081 997 5137 Deus
1026 5099 1182 5150 meus,
1212 5082 1383 5152 inquit
1410 5082 1525 5146 ille,
1568 5081 1718 5135 tantis
1743 5082 1823 5136 la-

222 5173 441 5243 ergatis,
474 5174 572 5229 nisi
592 5182 648 5228 ut
667 5174 903 5245 navigare
924 5190 1005 5228 me
1023 5189 1121 5227 non
1139 5174 1325 5227 sineres
1339 5174 1365 5228 ?
1385 5172 1492 5228 Sed
1510 5182 1563 5226 tu
1585 5172 1687 5226 alte
1704 5189 1824 5227 con-

226 5266 425 5333 sulens,
456 5274 503 5319 et
521 5266 795 5321 exaudiens
815 5267 1071 5321 cardinem
1093 5266 1328 5321 desiderii
1350 5268 1479 5339 ejus,
1508 5282 1609 5321 non
1636 5266 1824 5320 curasti

225 5357 373 5426 quod
394 5366 514 5412 tunc
543 5359 757 5430 petebat,
788 5366 843 5413 ut
866 5359 920 5414 in
946 5376 1026 5414 me
1050 5363 1239 5432 faceres
1254 5358 1393 5431 quod
1415 5374 1610 5428 semper
1632 5357 1823 5428 petebat

230 5446 424 5515 (Ibid.,
456 5464 574 5519 cap.
609 5449 665 5516 8,
707 5465 761 5504 η.
802 5450 915 5521 15).
951 5451 1218 5521 Appulsus
1252 5450 1472 5504 Romam
1500 5448 1823 5519 Augustinus

228 5552 453 5607 gravem
481 5540 534 5594 in
565 5538 810 5595 morbum
856 5541 1066 5608 incidit,
1106 5540 1138 5595 ξι
1179 5556 1286 5611 quo
1319 5540 1566 5610 precibus
1602 5541 1817 5608 matris,

228 5628 360 5685 licet
389 5631 560 5703 ipsius
592 5632 887 5703 periculum
914 5633 1199 5688 nescientis
1218 5674 1233 5701 ,
1265 5632 1542 5689 liberatum
1569 5647 1630 5687 se
1657 5632 1818 5702 proﬁ-

227 5728 393 5776 tetur.
422 5720 481 5779 Si
502 5737 635 5779 vero
663 5722 972 5794 contigisset
1002 5724 1151 5780 illum
1179 5725 1230 5781 in
1268 5724 1479 5792 haeresi,
1511 5738 1668 5795 quam
1709 5733 1815 5781 tum

1608 292 1812 351 ιιι)εῆ
1848 292 2220 355 SECUNDUS.

3470 318 3575 376 150

1992 414 2307 481 sectabatur,
2340 424 2565 473 mortem
2594 420 2764 490 obire,
2794 436 2948 479 casus
2973 423 3062 481 ille
3080 427 3225 485 cordi
3254 432 3436 488 matris
3461 440 3572 490 tam

1990 502 2153 557 altum
2178 506 2368 562 vulnus
2396 507 2693 578 indixisset,
2723 522 2780 568 ut
2806 515 3006 572 nullum
3029 518 3234 590 reliquo
3255 522 3378 577 vita:
3397 526 3540 584 curri

1988 594 2110 648 culo
2133 595 2378 651 solatium
2398 608 2541 656 esset
2558 602 2872 660 admissura.
2896 606 3081 679 Neque
3104 611 3246 666 enim
3266 611 3369 667 dici
3393 621 3570 683 potest

1987 700 2089 777 qua
2110 686 2367 745 charitate
2392 690 2559 747 ﬁlium
2584 696 3055 768 complectebatur,
3082 710 3354 773 quantove
3377 706 3568 777 majori

1987 776 2340 838 sollicitudine
2368 796 2487 838 eum
2519 786 2845 854 parturicbat
2867 790 3075 860 spiritu,
3102 807 3260 864 quam
3285 809 3445 851 carne
3464 776 3566 868 pe-

1987 877 2214 934 pererat.
2255 870 2379 927 Non
2419 874 2586 947 itaque
2628 877 2799 946 video,
2828 879 2903 936 ait
2927 881 3283 953 Augustinus,
3314 888 3565 957 quomodo

1983 968 2263 1029 armaretur,
2289 964 2333 1019 si
2359 981 2469 1021 mea
2497 968 2613 1023 talis
2638 969 2729 1024 illa
2753 987 2887 1027 mors
2911 976 3351 1033 transverberasset
3374 980 3565 1035 uiscera

1982 1047 2260 1106 dilectionis
2279 1056 2387 1126 ejus
2408 1054 2591 1129 (Ibid.,
2622 1076 2734 1132 cap.
2758 1062 2926 1131 9,'nn.
2952 1065 3039 1132 16,
3063 1066 3173 1139 17).
3195 1067 3297 1124 Diu
3317 1083 3376 1125 se
3398 1085 3428 1125 a
3451 1071 3561 1127 ﬁlio

1980 1144 2215 1210 separari
2259 1159 2363 1200 non
2392 1149 2543 1215 tulit;
2575 1151 2669 1207 sed
2702 1154 2897 1223 pietate
2934 1155 3117 1223 fortis,
3160 1158 3293 1214 nihil
3331 1161 3559 1219 arduum

1979 1239 2114 1301 rata,
2143 1250 2263 1290 eum
2288 1244 2427 1294 terra
2454 1243 2693 1313 marique
2712 1255 2890 1301 secuta
2916 1254 3017 1316 est,
3038 1260 3103 1305 ac
3122 1251 3335 1307 tandem
3363 1253 3558 1310 Mediob

1978 1323 2104 1392 lant,
2133 1342 2290 1397 quam
2316 1330 2368 1385 in
2394 1333 2825 1394 urbem‘docendi
2844 1355 3002 1396 causa
3023 1356 3164 1399 anno
3184 1348 3555 1405 trecentesimo

1974 1421 2298 1491 octogesimo
2318 1435 2508 1494 quarto
2532 1441 2590 1483 se
2616 1433 2929 1499 contulerat,
2962 1445 3201 1492 assecuta
3229 1438 3408 1509 (Ibid.,
3436 1456 3552 1511 cap.

1976 1511 2062 1579 15,
2085 1528 2137 1567 n.
2160 1514 2274 1585 23).
2306 1515 2474 1572 Divini
2500 1521 2678 1575 auxilii
2701 1521 2888 1578 ﬁducia
2909 1526 3200 1594 periculum
3220 1530 3424 1585 nullum
3446 1546 3553 1587 non

1972 1604 2381 1674 contemnebat,
2410 1608 2544 1664 adeo
2572 1618 2630 1665 ut
2672 1626 2767 1682 per
2813 1615 3014 1670 marina
3057 1617 3361 1675 discrimina
3406 1622 3550 1691 ipsos

1972 1702 2178 1759 nautas,
2205 1709 2234 1749 a
2263 1697 2457 1767 quibus
2482 1700 2727 1757 solatium
2756 1703 2994 1761 adhiberi
3027 1708 3163 1763 solet
3191 1709 3256 1766 iis
3283 1726 3421 1781 quos
3453 1729 3551 1768 na-

1970 1782 2178 1852 vigandi
2209 1785 2443 1843 insuetos
2467 1791 2713 1847 exoriens
2741 1795 2969 1862 procella
3001 1799 3292 1867 perturbat,
3320 1801 3431 1870 ipsa
3458 1816 3550 1858 so-

1970 1872 2185 1940 laretur,
2217 1877 2473 1946 pollicens
2505 1880 2583 1935 eis
2621 1884 3020 1949 perventionem
3050 1902 3172 1942 cum
3192 1890 3394 1955 salute;
3425 1892 3550 1962 quia

1968 1961 2069 2019 hoc
2086 1964 2137 2020 ei
2166 1966 2303 2021 Deus
2325 1983 2418 2038 per
2430 1971 2600 2028 visum
2620 1984 2734 2029 erat
2750 1975 3011 2045 pollicitus
3033 1977 3214 2049 (Ibid.,
3239 1980 3325 2036 lib.
3349 1982 3403 2049 6,
3427 1961 3544 2053 cap.

1948 2054 2019 2120 ,1,
2052 2072 2105 2109 n.
2130 2057 2203 2128 l).
2232 2058 2423 2116 Filium
2443 2062 2681 2134 oﬁ'endit,
2702 2067 2770 2122 ob
2790 2067 3212 2137 desperationem
3245 2073 3547 2129 inveniendi

1965 2145 2095 2212 veri,
2120 2162 2224 2202 non
2248 2151 2592 2208 mediocriter
2620 2157 3023 2225 periclitantem.
3047 2158 3153 2215 Sed
3175 2168 3338 2216 tanien
3365 2163 3411 2216 ei
3430 2178 3545 2217 cunt

1963 2236 2293 2308 iudicassem,
2336 2243 2411 2297 ait
2442 2246 2763 2316 Augustinus
2783 2290 2797 2315 ,
2837 2266 2936 2304 non
2966 2267 3043 2304 me
3066 2252 3266 2323 quidem
3295 2252 3409 2324 jam
3437 2270 3544 2310 esse

1963 2324 2335 2399 Manic/ueum,
2372 2334 2462 2387 sed
2505 2350 2662 2405 neque
2690 2339 2988 2393 catholicum
3021 2341 3378 2409 christianum,
3407 2360 3508 2398 non
3522 2335 3551 2411 ,’

1959 2419 2106 2486 quasi
2129 2419 2444 2491 inopinatum
2469 2426 2663 2495 aliquid
2685 2429 2922 2497 audierit,
2950 2431 3160 2486 exsilivit
3196 2432 3370 2487 lectitia
3386 2449 3407 2498 ,'
3426 2451 3542 2490 cum

1948 2508 2062 2578 jam
2080 2526 2255 2565 secura
2273 2513 2418 2581 fieret
2432 2530 2495 2569 ea:
2507 2532 2566 2570 ea
2583 2528 2724 2588 parte
2742 2519 2957 2573 miserita
2976 2537 3117 2589 mete,
3141 2522 3193 2575 in
3213 2538 3312 2593 qua
3329 2539 3410 2578 me
3427 2532 3541 2578 tan-

1953 2614 2110 2669 quam
2133 2611 2408 2671 mortuum,
2437 2607 2526 2660 sed
2551 2609 2951 2663 resuscitandum
2978 2610 3065 2663 tibi
3081 2611 3254 2680 flebat,
3280 2622 3329 2667 et
3359 2616 3538 2684 feretro

1954 2693 2273 2761 cogitationis
2295 2696 2535 2764 e/ferebat
2553 2740 2566 2764 ,
2611 2709 2669 2753 ut
2704 2702 2894 2756 diceres
2922 2703 3030 2770 ﬁlio
3054 2705 3219 2758 vidua:
3245 2720 3264 2758 :
3286 2705 3536 2773 Iuvenis,

1956 2781 2049 2838 tibi
2071 2784 2209 2849 dico,
2234 2800 2390 2858 surge
2416 2788 2565 2860 (Luc.
2596 2804 2685 2858 vn,
2714 2792 2802 2857 14,
2831 2792 2952 2863 15);
2976 2801 3019 2847 et
3044 2794 3369 2861 revivisceret,
3389 2804 3435 2849 et
3454 2796 3537 2849 in-

1952 2874 2137 2941 ciperet
2177 2875 2333 2945 loqui,
2376 2888 2422 2932 et
2464 2880 2685 2935 traderes
2725 2881 2871 2935 illum
2898 2884 3047 2937 matri
3070 2900 3195 2939 sum.
3226 2883 3389 2938 Nulla
3416 2901 3533 2957 ergo

1952 2962 2235 3018 turbulenta
2258 2968 2591 3024 exsultatione
2614 2972 2879 3042 trepidavit
2897 2990 2983 3027 cor
3011 2977 3142 3044 ejus,
3173 2992 3285 3029 cum
3314 2978 3535 3031 audisset

1949 3070 2013 3107 ex
2041 3064 2182 3109 tanta
2203 3066 2345 3126 parte
2359 3059 2474 3128 jam
2499 3060 2707 3129 factum,
2738 3063 2872 3132 quod
2898 3064 2985 3117 tibi
3002 3065 3231 3135 quotidie
3264 3065 3533 3137 plangebat

1948 3155 2004 3199 ut
2032 3147 2171 3214 ﬁeret
2188 3165 2207 3212 ;
2235 3150 2486 3205 veritatem
2530 3169 2609 3207 me
2640 3156 2862 3208 nondum
2896 3156 3153 3226 adeptum,
3195 3158 3281 3211 sed
3321 3157 3534 3229 falsitati

1938 3237 2053 3305 jam
2078 3248 2303 3308 ereptum
2327 3257 2345 3295 :
2372 3242 2475 3297 imo
2500 3259 2613 3297 vero
2633 3245 2752 3315 quia
2770 3254 2906 3299 certa
2929 3256 3056 3315 erat,
3085 3256 3130 3301 et
3152 3248 3285 3318 quod
3311 3248 3531 3307 restabat

1948 3339 1994 3383 te
2023 3329 2285 3399 daturum,
2317 3335 2403 3404 qui
2429 3345 2584 3389 totum
2614 3340 2946 3408 promiseras;
2975 3340 3311 3413 placidissime
3346 3353 3394 3398 et
3435 3360 3529 3415 pe-

1945 3434 2081 3477 ctare
2098 3424 2249 3494 pleno
2274 3426 2477 3500 ﬁducita
2494 3432 2752 3503 respondit
2772 3436 2914 3502 mihi,
2944 3436 3143 3490 credere
3167 3453 3219 3490 se
3234 3437 3285 3490 in
3306 3436 3527 3504 Christo,

1945 3516 2078 3585 quod
2118 3520 2408 3591 priusquam
2436 3522 2499 3576 de
2535 3524 2631 3576 Itac
2655 3526 2755 3578 vita
2781 3527 3065 3597 emigraret,
3102 3544 3181 3581 me
3206 3528 3375 3581 visura
3404 3537 3548 3581 esset.

1946 3610 2145 3677 fidelem
2184 3613 2504 3666 catholicum.
2542 3614 2606 3668 Et
2653 3616 2746 3670 hoc
2789 3616 3158 3686 quidemmihi.
3201 3616 3309 3670 Tibi
3338 3627 3525 3684 autem,

1945 3703 2059 3771 fons
2094 3703 2568 3771 misericordiarum,
2602 3722 2770 3774 preces
2803 3717 2851 3759 et
2889 3708 3139 3777 lateri/mas
3168 3707 3441 3774 densiores,
3470 3720 3528 3763 ut

1944 3790 2244 3844 accelerarcs
2285 3794 2595 3863 adjutorium
2647 3805 2814 3861 tuum,
2857 3806 2902 3850 et
2941 3796 3253 3851 illuminares
3302 3799 3527 3854 tenebras

1944 3897 2110 3945 meas;
2139 3892 2184 3935 et
2221 3886 2493 3939 studiosius
2522 3886 2588 3938 ad
2619 3887 2881 3939 ecclesiam
2910 3904 3132 3954 currere,
3160 3899 3208 3941 et
3232 3889 3285 3942 in
3316 3888 3528 3942 Ambro-

1940 3975 2069 4026 sium
2112 3991 2201 4027 ora
2239 3978 2505 4047 suspendi,
2546 3978 2613 4031 ad
2656 3983 2844 4049 fontem
2873 3978 3096 4033 salientis
3129 3996 3273 4050 aqua:
3296 3981 3347 4033 in
3373 3981 3525 4034 vitam

1939 4073 2194 4118 azternam.
2242 4065 2494 4137 Diligebat
2530 4079 2695 4123 autem
2734 4069 2882 4123 illum
2919 4070 3081 4123 virum
3118 4071 3244 4125 sicut
3288 4071 3523 4140 angelum

1939 4152 2068 4217 Dei;
2089 4156 2222 4224 quod
2241 4174 2331 4228 per
2350 4159 2495 4211 illum
2523 4171 2821 4229 cognoverat
2847 4176 2926 4213 me
2949 4162 3150 4214 interim
3176 4162 3241 4214 ad
3271 4162 3411 4214 illaut
3430 4177 3523 4214 an-

1935 4248 2138 4318 cipitem
2178 4251 2555 4319 ﬂuctuationem
2585 4254 2700 4323 jam
2738 4270 2845 4308 esse
2883 4255 3211 4323 perductum,
3255 4270 3522 4324 perquam

1940 4340 2270 4394 transiturum
2313 4359 2392 4395 me
2433 4345 2493 4396 ab
2532 4346 2827 4414 wgritudine
2853 4348 2919 4399 ad
2958 4348 3241 4410 sanitatem,
3274 4348 3521 4400 intercur-

1938 4441 2074 4483 rente
2100 4432 2312 4486 arctiore
2336 4435 2590 4503 periculo;
2619 4436 2764 4504 quasi
2784 4453 2875 4506 per
2894 4436 3224 4490 accessionem
3247 4453 3396 4506 quam
3417 4438 3518 4490 cri-

1936 4523 2086 4576 ticam
2112 4525 2294 4578 medici
2320 4536 2518 4593 vocant,
2546 4536 2677 4581 certa
2707 4530 3035 4598 pra'szunebat
3068 4528 3314 4600 (Confess.
3346 4529 3431 4582 lib.
3462 4532 3514 4595 6,

1934 4631 2048 4686 cap.
2080 4616 2131 4680 1,
2165 4634 2218 4671 n.
2246 4617 2323 4689 1).
2353 4617 2608 4673 Votorum
2639 4620 2847 4674 laudent
2874 4635 3093 4690 compos
3119 4620 3331 4676 circiter
3354 4636 3517 4691 augu~

1932 4718 2074 4765 stum
2100 4724 2337 4766 mensem
2365 4712 2488 4765 anni
2515 4713 2870 4768 trecentesimi
2892 4712 3200 4783 octogesimi
3223 4713 3353 4767 sexti
3378 4712 3516 4769 facta

1932 4812 2015 4859 est
2042 4804 2197 4860 beata
2223 4804 2398 4872 vidua,
2418 4818 2543 4861 cum
2569 4814 2797 4874 catenas,
2829 4807 3020 4877 quibus
3044 4815 3095 4862 ct
3123 4805 3320 4862 mundo
3340 4814 3393 4861 et
3412 4805 3513 4862 sibi

1932 4896 2281 4966 colligebatur
2308 4898 2651 4966 Augustinus,
2679 4901 2845 4969 gratia
2874 4899 3068 4953 Christi
3095 4898 3392 4953 liberatoris
3411 4898 3509 4951 nb-

1931 4990 2090 5059 rupit.
2121 4989 2338 5044 Matrem
2380 4991 2466 5044 ille
2503 4992 2782 5046 confestim
2812 4992 3002 5057 adivit,
3041 5006 3159 5059 qua:
3194 4990 3294 5043 hoc
3332 4990 3512 5043 audito

1930 5080 2105 5134 ltetata
2134 5090 2244 5146 est;
2272 5096 2499 5151 cumque
2529 5082 2668 5137 idem
2701 5091 2860 5137 totam
2890 5083 2964 5136 rei
2984 5080 3176 5136 seriem
3198 5082 3507 5151 explicaret,

1929 5172 2229 5227 exsultabat
2251 5174 2360 5240 illa,
2391 5183 2445 5228 et
2470 5174 2841 5243 triumphabat,
2868 5181 2922 5226 et
2950 5171 3293 5227 bcncdicebat
3322 5174 3505 5237 Deum,

1927 5265 2017 5335 qui
2057 5274 2246 5334 potens
2292 5275 2374 5321 est
2416 5267 2552 5320 ultra
2588 5281 2745 5336 quam
2783 5265 3011 5334 petimus
3037 5272 3128 5318 aut
3168 5265 3510 5336 intelligimus

1928 5355 2105 5412 facere
2133 5374 2145 5410 :
2175 5357 2370 5427 quippe
2394 5373 2512 5427 qua:
2539 5366 2782 5412 cerneret
2806 5356 2903 5411 sibi
2938 5358 3105 5411 multo
3133 5358 3248 5430 plus
3279 5373 3375 5428 pro
3399 5357 3509 5412 ﬁlio

1928 5463 2239 5504 concessum
2279 5450 2471 5515 fuisse,
2514 5464 2669 5518 quam
2711 5449 2819 5518 ipsa
2855 5449 3133 5519 gemitibus
3166 5465 3229 5505 ac
3260 5451 3511 5521 laerymis

1928 5549 2109 5608 petere
2133 5540 2286 5595 solita
2314 5550 2449 5594 erat.
2478 5540 2528 5594 is
2554 5540 2696 5595 enim
2726 5542 2793 5594 ita
2822 5541 3135 5611 resipuerat,
3165 5551 3223 5595 ut
3251 5540 3509 5597 ducenda

1930 5632 2109 5685 uxoris
2140 5632 2515 5701 cogitationem
2552 5633 2759 5701 penitus
2782 5633 3055 5703 abjicerct,
3082 5642 3136 5690 et
3163 5648 3376 5689 omnem
3402 5648 3508 5688 sa:-

1928 5721 2034 5778 culi
2058 5719 2215 5793 hujus
2240 5734 2389 5792 spem
2417 5722 2746 5793 proculcarct
2771 5723 2912 5793 :jam
2934 5731 3077 5781 stans
3099 5724 3351 5781 immotus
3371 5723 3431 5779 in
3446 5720 3510 5780 ea
