  <div class='ocr_page' id='page_1' title='image "/cluster/home/n/w/nwhite01/storage/ocr_20150623/32/hvd.32044015706328/083.png"; bbox 0 0 3994 6352; ppageno 0'>
   <div class='ocr_carea' id='block_1_1' title="bbox 366 311 560 371">
    <p class='ocr_par' dir='ltr' id='par_1_1' title="bbox 366 311 560 371">
     <span class='ocr_line' id='line_1_1' title="bbox 366 311 560 371; baseline -0.015 0"><span class='ocrx_word' id='word_1_1' title='bbox 366 318 369 322; x_wconf 86' lang='grc'><em>’</em></span> <span class='ocrx_word' id='word_1_2' title='bbox 459 311 560 371; x_wconf 72' lang='grc'><strong>151</strong></span> 
     </span>
    </p>
   </div>
   <div class='ocr_carea' id='block_1_2' title="bbox 458 407 2051 497">
    <p class='ocr_par' dir='ltr' id='par_1_2' title="bbox 458 407 2051 497">
     <span class='ocr_line' id='line_1_2' title="bbox 458 407 2051 497; baseline -0.014 -16"><span class='ocrx_word' id='word_1_3' title='bbox 458 420 643 497; x_wconf 82' lang='lat' dir='ltr'><strong>regula</strong></span> <span class='ocrx_word' id='word_1_4' title='bbox 666 418 811 489; x_wconf 79' lang='lat' dir='ltr'><strong>lidei,</strong></span> <span class='ocrx_word' id='word_1_5' title='bbox 841 418 897 476; x_wconf 91' lang='lat' dir='ltr'><strong>in</strong></span> <span class='ocrx_word' id='word_1_6' title='bbox 919 430 1023 490; x_wconf 89' lang='lat' dir='ltr'><strong>qua</strong></span> <span class='ocrx_word' id='word_1_7' title='bbox 1048 428 1170 474; x_wconf 90' lang='lat' dir='ltr'><strong>eum</strong></span> <span class='ocrx_word' id='word_1_8' title='bbox 1197 424 1379 471; x_wconf 88' lang='lat' dir='ltr'><strong>secum</strong></span> <span class='ocrx_word' id='word_1_9' title='bbox 1406 409 1691 483; x_wconf 80' lang='lat' dir='ltr'><strong>aliquando</strong></span> <span class='ocrx_word' id='word_1_10' title='bbox 1714 407 1949 464; x_wconf 87' lang='lat' dir='ltr'><strong>futurum</strong></span> <span class='ocrx_word' id='word_1_11' title='bbox 1971 411 2051 497; x_wconf 85' lang='lat' dir='ltr'><strong>tot</strong></span> 
     </span>
    </p>
   </div>
   <div class='ocr_carea' id='block_1_3' title="bbox 459 495 2052 575">
    <p class='ocr_par' dir='ltr' id='par_1_3' title="bbox 459 495 2052 575">
     <span class='ocr_line' id='line_1_3' title="bbox 459 495 2052 575; baseline -0.014 -2"><span class='ocrx_word' id='word_1_12' title='bbox 459 495 617 574; x_wconf 80' lang='lat' dir='ltr'><strong>annis</strong></span> <span class='ocrx_word' id='word_1_13' title='bbox 651 523 826 573; x_wconf 89' lang='lat' dir='ltr'><strong>mater</strong></span> <span class='ocrx_word' id='word_1_14' title='bbox 867 510 1201 570; x_wconf 88' lang='lat' dir='ltr'><strong>revelatione</strong></span> <span class='ocrx_word' id='word_1_15' title='bbox 1241 507 1428 564; x_wconf 86' lang='lat' dir='ltr'><strong>divina</strong></span> <span class='ocrx_word' id='word_1_16' title='bbox 1468 508 1815 575; x_wconf 76' lang='lat' dir='ltr'><strong>cognoverat.</strong></span> <span class='ocrx_word' id='word_1_17' title='bbox 1858 498 1939 554; x_wconf 86' lang='lat' dir='ltr'><strong>Ac</strong></span> <span class='ocrx_word' id='word_1_18' title='bbox 1974 495 2052 551; x_wconf 93' lang='lat' dir='ltr'><strong>sic</strong></span> 
     </span>
    </p>
   </div>
   <div class='ocr_carea' id='block_1_4' title="bbox 457 588 2051 682">
    <p class='ocr_par' dir='ltr' id='par_1_4' title="bbox 457 588 2051 682">
     <span class='ocr_line' id='line_1_4' title="bbox 457 588 2051 682; baseline -0.016 -15"><span class='ocrx_word' id='word_1_19' title='bbox 457 612 725 682; x_wconf 83' lang='lat' dir='ltr'><strong>iacrymas</strong></span> <span class='ocrx_word' id='word_1_20' title='bbox 747 622 872 663; x_wconf 90' lang='lat' dir='ltr'><strong>suas</strong></span> <span class='ocrx_word' id='word_1_21' title='bbox 898 606 952 662; x_wconf 90' lang='lat' dir='ltr'><strong>in</strong></span> <span class='ocrx_word' id='word_1_22' title='bbox 981 604 1310 674; x_wconf 85' lang='lat' dir='ltr'><strong>voluptatem</strong></span> <span class='ocrx_word' id='word_1_23' title='bbox 1336 598 1505 655; x_wconf 90' lang='lat' dir='ltr'><strong>multo</strong></span> <span class='ocrx_word' id='word_1_24' title='bbox 1532 611 1691 667; x_wconf 88' lang='lat' dir='ltr'><strong>quam</strong></span> <span class='ocrx_word' id='word_1_25' title='bbox 1720 592 1822 649; x_wconf 83' lang='lat' dir='ltr'><strong>sibi</strong></span> <span class='ocrx_word' id='word_1_26' title='bbox 1848 588 2051 682; x_wconf 39' lang='lat' dir='ltr'><strong>promi:</strong></span> 
     </span>
    </p>
   </div>
   <div class='ocr_carea' id='block_1_5' title="bbox 455 679 2049 758">
    <p class='ocr_par' dir='ltr' id='par_1_5' title="bbox 455 679 2049 758">
     <span class='ocr_line' id='line_1_5' title="bbox 455 679 2049 758; baseline -0.017 1"><span class='ocrx_word' id='word_1_27' title='bbox 455 679 606 758; x_wconf 77' lang='lat' dir='ltr'><strong>serat</strong></span> <span class='ocrx_word' id='word_1_28' title='bbox 641 700 939 757; x_wconf 83' lang='lat' dir='ltr'><strong>uberiorem</strong></span> <span class='ocrx_word' id='word_1_29' title='bbox 977 702 1209 751; x_wconf 88' lang='lat' dir='ltr'><strong>mutatas</strong></span> <span class='ocrx_word' id='word_1_30' title='bbox 1246 691 1443 758; x_wconf 81' lang='lat' dir='ltr'><strong>sensit,</strong></span> <span class='ocrx_word' id='word_1_31' title='bbox 1485 698 1711 756; x_wconf 81' lang='lat' dir='ltr'><strong>eamque</strong></span> <span class='ocrx_word' id='word_1_32' title='bbox 1752 681 1919 738; x_wconf 91' lang='lat' dir='ltr'><strong>multo</strong></span> <span class='ocrx_word' id='word_1_33' title='bbox 1947 679 2049 734; x_wconf 89' lang='lat' dir='ltr'><strong>sibi</strong></span> 
     </span>
    </p>
   </div>
   <div class='ocr_carea' id='block_1_6' title="bbox 455 777 2052 855">
    <p class='ocr_par' dir='ltr' id='par_1_6' title="bbox 455 777 2052 855">
     <span class='ocr_line' id='line_1_6' title="bbox 455 777 2052 855; baseline -0.016 -4"><span class='ocrx_word' id='word_1_34' title='bbox 455 793 762 850; x_wconf 89' lang='lat' dir='ltr'><strong>chariorem</strong></span> <span class='ocrx_word' id='word_1_35' title='bbox 799 799 855 847; x_wconf 88' lang='lat' dir='ltr'><strong>et</strong></span> <span class='ocrx_word' id='word_1_36' title='bbox 890 788 1212 853; x_wconf 87' lang='lat' dir='ltr'><strong>castiorem,</strong></span> <span class='ocrx_word' id='word_1_37' title='bbox 1246 798 1402 855; x_wconf 87' lang='lat' dir='ltr'><strong>quam</strong></span> <span class='ocrx_word' id='word_1_38' title='bbox 1432 780 1479 836; x_wconf 88' lang='lat' dir='ltr'><strong>si</strong></span> <span class='ocrx_word' id='word_1_39' title='bbox 1507 779 1619 834; x_wconf 82' lang='lat' dir='ltr'><strong>filio</strong></span> <span class='ocrx_word' id='word_1_40' title='bbox 1654 777 1881 838; x_wconf 79' lang='lat' dir='ltr'><strong>liberos.</strong></span> <span class='ocrx_word' id='word_1_41' title='bbox 1918 785 2052 842; x_wconf 89' lang='lat' dir='ltr'><strong>quos</strong></span> 
     </span>
    </p>
   </div>
   <div class='ocr_carea' id='block_1_7' title="bbox 458 861 2050 955">
    <p class='ocr_par' dir='ltr' id='par_1_7' title="bbox 458 861 2050 955">
     <span class='ocr_line' id='line_1_7' title="bbox 458 861 2050 955; baseline -0.016 -15"><span class='ocrx_word' id='word_1_42' title='bbox 458 893 691 955; x_wconf 89' lang='lat' dir='ltr'><strong>optarat,</strong></span> <span class='ocrx_word' id='word_1_43' title='bbox 712 883 762 936; x_wconf 90' lang='lat' dir='ltr'><strong>in</strong></span> <span class='ocrx_word' id='word_1_44' title='bbox 780 879 1019 951; x_wconf 87' lang='lat' dir='ltr'><strong>legitimo</strong></span> <span class='ocrx_word' id='word_1_45' title='bbox 1048 875 1292 947; x_wconf 77' lang='lat' dir='ltr'><strong>coniugio</strong></span> <span class='ocrx_word' id='word_1_46' title='bbox 1326 871 1549 928; x_wconf 79' lang='lat' dir='ltr'><strong>vidisset</strong></span> <span class='ocrx_word' id='word_1_47' title='bbox 1581 865 1849 939; x_wconf 88' lang='lat' dir='ltr'><strong>procreari</strong></span> <span class='ocrx_word' id='word_1_48' title='bbox 1862 861 2050 936; x_wconf 84' lang='lat' dir='ltr'><strong>(Ibid.,</strong></span> 
     </span>
    </p>
   </div>
   <div class='ocr_carea' id='block_1_8' title="bbox 461 969 1111 1044">
    <p class='ocr_par' dir='ltr' id='par_1_8' title="bbox 461 969 1111 1044">
     <span class='ocr_line' id='line_1_8' title="bbox 461 969 1111 1044; baseline -0.011 -14"><span class='ocrx_word' id='word_1_49' title='bbox 461 975 549 1030; x_wconf 86' lang='lat' dir='ltr'><strong>lib.</strong></span> <span class='ocrx_word' id='word_1_50' title='bbox 576 975 632 1043; x_wconf 90' lang='lat'><strong>8,</strong></span> <span class='ocrx_word' id='word_1_51' title='bbox 660 990 777 1044; x_wconf 90' lang='lat' dir='ltr'><strong>cap.</strong></span> <span class='ocrx_word' id='word_1_52' title='bbox 799 972 887 1036; x_wconf 70' lang='grc'><strong>12.</strong></span> <span class='ocrx_word' id='word_1_53' title='bbox 914 988 972 1026; x_wconf 91' lang='lat' dir='ltr'><strong>n.</strong></span> <span class='ocrx_word' id='word_1_54' title='bbox 997 969 1111 1040; x_wconf 76' lang='lat'><strong>30).</strong></span> 
     </span>
    </p>
   </div>
   <div class='ocr_carea' id='block_1_9' title="bbox 533 1048 2052 1132">
    <p class='ocr_par' dir='ltr' id='par_1_9' title="bbox 533 1048 2052 1132">
     <span class='ocr_line' id='line_1_9' title="bbox 533 1048 2052 1132; baseline -0.013 -12"><span class='ocrx_word' id='word_1_55' title='bbox 533 1065 590 1121; x_wconf 83' lang='lat'><strong>5.</strong></span> <span class='ocrx_word' id='word_1_56' title='bbox 636 1062 768 1119; x_wconf 85' lang='lat' dir='ltr'><strong>Cum</strong></span> <span class='ocrx_word' id='word_1_57' title='bbox 806 1060 1134 1132; x_wconf 76' lang='lat' dir='ltr'><strong>Augustinus</strong></span> <span class='ocrx_word' id='word_1_58' title='bbox 1180 1064 1299 1127; x_wconf 86' lang='lat' dir='ltr'><strong>post</strong></span> <span class='ocrx_word' id='word_1_59' title='bbox 1345 1068 1496 1110; x_wconf 89' lang='lat' dir='ltr'><strong>suam</strong></span> <span class='ocrx_word' id='word_1_60' title='bbox 1541 1048 1945 1106; x_wconf 80' lang='lat' dir='ltr'><strong>conversionem</strong></span> <span class='ocrx_word' id='word_1_61' title='bbox 1992 1060 2052 1101; x_wconf 92' lang='lat' dir='ltr'><strong>se</strong></span> 
     </span>
    </p>
   </div>
   <div class='ocr_carea' id='block_1_10' title="bbox 464 1143 2053 1216">
    <p class='ocr_par' dir='ltr' id='par_1_10' title="bbox 464 1143 2053 1216">
     <span class='ocr_line' id='line_1_10' title="bbox 464 1143 2053 1216; baseline -0.012 -3"><span class='ocrx_word' id='word_1_62' title='bbox 464 1172 587 1213; x_wconf 91' lang='lat' dir='ltr'><strong>cum</strong></span> <span class='ocrx_word' id='word_1_63' title='bbox 604 1155 715 1212; x_wconf 88' lang='lat' dir='ltr'><strong>suis</strong></span> <span class='ocrx_word' id='word_1_64' title='bbox 742 1155 799 1209; x_wconf 83' lang='lat' dir='ltr'><strong>in</strong></span> <span class='ocrx_word' id='word_1_65' title='bbox 824 1153 1005 1208; x_wconf 88' lang='lat' dir='ltr'><strong>villam</strong></span> <span class='ocrx_word' id='word_1_66' title='bbox 1032 1150 1387 1208; x_wconf 87' lang='lat' dir='ltr'><strong>Cassiciacum</strong></span> <span class='ocrx_word' id='word_1_67' title='bbox 1415 1146 1645 1216; x_wconf 88' lang='lat' dir='ltr'><strong>recepit,</strong></span> <span class='ocrx_word' id='word_1_68' title='bbox 1673 1144 1757 1198; x_wconf 86' lang='lat' dir='ltr'><strong>his</strong></span> <span class='ocrx_word' id='word_1_69' title='bbox 1790 1143 1842 1198; x_wconf 89' lang='lat' dir='ltr'><strong>in</strong></span> <span class='ocrx_word' id='word_1_70' title='bbox 1873 1156 1939 1197; x_wconf 91' lang='lat' dir='ltr'><strong>eo</strong></span> <span class='ocrx_word' id='word_1_71' title='bbox 1966 1154 2053 1195; x_wconf 86' lang='lat' dir='ltr'><strong>se-</strong></span> 
     </span>
    </p>
   </div>
   <div class='ocr_carea' id='block_1_11' title="bbox 464 1232 2051 1313">
    <p class='ocr_par' dir='ltr' id='par_1_11' title="bbox 464 1232 2051 1313">
     <span class='ocr_line' id='line_1_11' title="bbox 464 1232 2051 1313; baseline -0.011 -10"><span class='ocrx_word' id='word_1_72' title='bbox 464 1261 620 1303; x_wconf 91' lang='lat' dir='ltr'><strong>cessu</strong></span> <span class='ocrx_word' id='word_1_73' title='bbox 641 1245 895 1303; x_wconf 89' lang='lat' dir='ltr'><strong>comitem</strong></span> <span class='ocrx_word' id='word_1_74' title='bbox 922 1258 983 1300; x_wconf 90' lang='lat' dir='ltr'><strong>se</strong></span> <span class='ocrx_word' id='word_1_75' title='bbox 1001 1255 1212 1313; x_wconf 89' lang='lat' dir='ltr'><strong>quoque</strong></span> <span class='ocrx_word' id='word_1_76' title='bbox 1238 1238 1479 1309; x_wconf 88' lang='lat' dir='ltr'><strong>adjunxit</strong></span> <span class='ocrx_word' id='word_1_77' title='bbox 1509 1236 1774 1300; x_wconf 82' lang='lat' dir='ltr'><strong>Monnica,</strong></span> <span class='ocrx_word' id='word_1_78' title='bbox 1802 1232 2051 1288; x_wconf 88' lang='lat' dir='ltr'><strong>muliebri</strong></span> 
     </span>
    </p>
   </div>
   <div class='ocr_carea' id='block_1_12' title="bbox 464 1328 2051 1409">
    <p class='ocr_par' dir='ltr' id='par_1_12' title="bbox 464 1328 2051 1409">
     <span class='ocr_line' id='line_1_12' title="bbox 464 1328 2051 1409; baseline -0.011 -13"><span class='ocrx_word' id='word_1_79' title='bbox 464 1338 681 1409; x_wconf 88' lang='lat' dir='ltr'><strong>quidem</strong></span> <span class='ocrx_word' id='word_1_80' title='bbox 708 1337 894 1393; x_wconf 86' lang='lat' dir='ltr'><strong>habitu</strong></span> <span class='ocrx_word' id='word_1_81' title='bbox 913 1377 928 1403; x_wconf 92' lang='lat'><strong>,</strong></span> <span class='ocrx_word' id='word_1_82' title='bbox 960 1335 1053 1390; x_wconf 91' lang='lat' dir='ltr'><strong>sed</strong></span> <span class='ocrx_word' id='word_1_83' title='bbox 1080 1333 1218 1388; x_wconf 89' lang='lat' dir='ltr'><strong>virili</strong></span> <span class='ocrx_word' id='word_1_84' title='bbox 1248 1332 1387 1397; x_wconf 86' lang='lat' dir='ltr'><strong>fide,</strong></span> <span class='ocrx_word' id='word_1_85' title='bbox 1415 1330 1542 1385; x_wconf 87' lang='lat' dir='ltr'><strong>anili</strong></span> <span class='ocrx_word' id='word_1_86' title='bbox 1582 1328 1866 1384; x_wconf 76' lang='lat' dir='ltr'><strong>securitate</strong></span> <span class='ocrx_word' id='word_1_87' title='bbox 1885 1366 1899 1390; x_wconf 91' lang='lat'><strong>,</strong></span> <span class='ocrx_word' id='word_1_88' title='bbox 1940 1340 2051 1380; x_wconf 87' lang='lat' dir='ltr'><strong>ma-</strong></span> 
     </span>
    </p>
   </div>
   <div class='ocr_carea' id='block_1_13' title="bbox 467 1417 2049 1494">
    <p class='ocr_par' dir='ltr' id='par_1_13' title="bbox 467 1417 2049 1494">
     <span class='ocr_line' id='line_1_13' title="bbox 467 1417 2049 1494; baseline -0.011 -7"><span class='ocrx_word' id='word_1_89' title='bbox 467 1440 619 1486; x_wconf 86' lang='lat' dir='ltr'><strong>terna</strong></span> <span class='ocrx_word' id='word_1_90' title='bbox 667 1428 944 1494; x_wconf 81' lang='lat' dir='ltr'><strong>cbaritate,</strong></span> <span class='ocrx_word' id='word_1_91' title='bbox 985 1425 1271 1481; x_wconf 88' lang='lat' dir='ltr'><strong>christiana</strong></span> <span class='ocrx_word' id='word_1_92' title='bbox 1324 1423 1519 1493; x_wconf 86' lang='lat' dir='ltr'><strong>pietate</strong></span> <span class='ocrx_word' id='word_1_93' title='bbox 1560 1418 1863 1490; x_wconf 67' lang='lat' dir='ltr'><strong>prmstans(</strong></span> <span class='ocrx_word' id='word_1_94' title='bbox 1888 1417 2049 1483; x_wconf 88' lang='lat' dir='ltr'><strong>Ibid.,</strong></span> 
     </span>
    </p>
   </div>
   <div class='ocr_carea' id='block_1_14' title="bbox 471 1508 2055 1590">
    <p class='ocr_par' dir='ltr' id='par_1_14' title="bbox 471 1508 2055 1590">
     <span class='ocr_line' id='line_1_14' title="bbox 471 1508 2055 1590; baseline -0.009 -16"><span class='ocrx_word' id='word_1_95' title='bbox 471 1521 563 1575; x_wconf 95' lang='lat' dir='ltr'><strong>lib.</strong></span> <span class='ocrx_word' id='word_1_96' title='bbox 595 1520 661 1588; x_wconf 90' lang='lat'><strong>9,</strong></span> <span class='ocrx_word' id='word_1_97' title='bbox 689 1536 805 1590; x_wconf 92' lang='lat' dir='ltr'><strong>cap.</strong></span> <span class='ocrx_word' id='word_1_98' title='bbox 836 1518 871 1572; x_wconf 77' lang='grc'><strong>4</strong></span> <span class='ocrx_word' id='word_1_99' title='bbox 890 1558 905 1585; x_wconf 90' lang='lat'><strong>,</strong></span> <span class='ocrx_word' id='word_1_100' title='bbox 932 1534 986 1571; x_wconf 75' lang='grc' dir='ltr'><strong>κ.</strong></span> <span class='ocrx_word' id='word_1_101' title='bbox 1016 1516 1107 1585; x_wconf 91' lang='lat'><strong>8).</strong></span> <span class='ocrx_word' id='word_1_102' title='bbox 1138 1515 1218 1571; x_wconf 91' lang='lat' dir='ltr'><strong>lbi</strong></span> <span class='ocrx_word' id='word_1_103' title='bbox 1255 1511 1637 1584; x_wconf 89' lang='lat' dir='ltr'><strong>philosophicis</strong></span> <span class='ocrx_word' id='word_1_104' title='bbox 1676 1524 1863 1565; x_wconf 86' lang='lat' dir='ltr'><strong>eorum</strong></span> <span class='ocrx_word' id='word_1_105' title='bbox 1892 1508 2055 1563; x_wconf 86' lang='lat' dir='ltr'><strong>collo-</strong></span> 
     </span>
    </p>
   </div>
   <div class='ocr_carea' id='block_1_15' title="bbox 469 1599 2053 1681">
    <p class='ocr_par' dir='ltr' id='par_1_15' title="bbox 469 1599 2053 1681">
     <span class='ocr_line' id='line_1_15' title="bbox 469 1599 2053 1681; baseline -0.009 -16"><span class='ocrx_word' id='word_1_106' title='bbox 469 1610 643 1681; x_wconf 90' lang='lat' dir='ltr'><strong>quiis,</strong></span> <span class='ocrx_word' id='word_1_107' title='bbox 684 1607 1069 1680; x_wconf 84' lang='lat' dir='ltr'><strong>quantumlibet</strong></span> <span class='ocrx_word' id='word_1_108' title='bbox 1102 1604 1348 1661; x_wconf 88' lang='lat' dir='ltr'><strong>sublimia</strong></span> <span class='ocrx_word' id='word_1_109' title='bbox 1380 1603 1466 1657; x_wconf 91' lang='lat' dir='ltr'><strong>illa</strong></span> <span class='ocrx_word' id='word_1_110' title='bbox 1497 1609 1711 1665; x_wconf 86' lang='lat' dir='ltr'><strong>essent,</strong></span> <span class='ocrx_word' id='word_1_111' title='bbox 1749 1600 1910 1655; x_wconf 91' lang='lat' dir='ltr'><strong>etiam</strong></span> <span class='ocrx_word' id='word_1_112' title='bbox 1941 1599 2053 1669; x_wconf 89' lang='lat' dir='ltr'><strong>ipsa</strong></span> 
     </span>
    </p>
   </div>
   <div class='ocr_carea' id='block_1_16' title="bbox 468 1689 2052 1769">
    <p class='ocr_par' dir='ltr' id='par_1_16' title="bbox 468 1689 2052 1769">
     <span class='ocr_line' id='line_1_16' title="bbox 468 1689 2052 1769; baseline -0.009 -13"><span class='ocrx_word' id='word_1_113' title='bbox 468 1702 744 1757; x_wconf 81' lang='lat' dir='ltr'><strong>intererat.</strong></span> <span class='ocrx_word' id='word_1_114' title='bbox 786 1699 1027 1769; x_wconf 84' lang='lat' dir='ltr'><strong>Cumque</strong></span> <span class='ocrx_word' id='word_1_115' title='bbox 1068 1697 1242 1752; x_wconf 91' lang='lat' dir='ltr'><strong>idibus</strong></span> <span class='ocrx_word' id='word_1_116' title='bbox 1285 1693 1593 1750; x_wconf 83' lang='lat' dir='ltr'><strong>novembris</strong></span> <span class='ocrx_word' id='word_1_117' title='bbox 1645 1692 1713 1747; x_wconf 91' lang='lat' dir='ltr'><strong>de</strong></span> <span class='ocrx_word' id='word_1_118' title='bbox 1754 1690 1908 1746; x_wconf 90' lang='lat' dir='ltr'><strong>beata</strong></span> <span class='ocrx_word' id='word_1_119' title='bbox 1946 1689 2052 1743; x_wconf 89' lang='lat' dir='ltr'><strong>vita</strong></span> 
     </span>
    </p>
   </div>
   <div class='ocr_carea' id='block_1_17' title="bbox 468 1782 2052 1863">
    <p class='ocr_par' dir='ltr' id='par_1_17' title="bbox 468 1782 2052 1863">
     <span class='ocr_line' id='line_1_17' title="bbox 468 1782 2052 1863; baseline -0.01 -16"><span class='ocrx_word' id='word_1_120' title='bbox 468 1791 857 1863; x_wconf 87' lang='lat' dir='ltr'><strong>disputaretur,</strong></span> <span class='ocrx_word' id='word_1_121' title='bbox 873 1788 1121 1854; x_wconf 87' lang='lat' dir='ltr'><strong>asseruit,</strong></span> <span class='ocrx_word' id='word_1_122' title='bbox 1149 1786 1293 1842; x_wconf 90' lang='lat' dir='ltr'><strong>nulla</strong></span> <span class='ocrx_word' id='word_1_123' title='bbox 1324 1800 1381 1840; x_wconf 91' lang='lat' dir='ltr'><strong>re</strong></span> <span class='ocrx_word' id='word_1_124' title='bbox 1405 1784 1507 1838; x_wconf 89' lang='lat' dir='ltr'><strong>alia</strong></span> <span class='ocrx_word' id='word_1_125' title='bbox 1528 1782 1598 1837; x_wconf 91' lang='lat' dir='ltr'><strong>ali</strong></span> <span class='ocrx_word' id='word_1_126' title='bbox 1620 1782 1870 1845; x_wconf 90' lang='lat' dir='ltr'><strong>animam,</strong></span> <span class='ocrx_word' id='word_1_127' title='bbox 1895 1792 2052 1849; x_wconf 88' lang='lat' dir='ltr'><strong>quam</strong></span> 
     </span>
    </p>
   </div>
   <div class='ocr_carea' id='block_1_18' title="bbox 470 1876 2057 1944">
    <p class='ocr_par' dir='ltr' id='par_1_18' title="bbox 470 1876 2057 1944">
     <span class='ocr_line' id='line_1_18' title="bbox 470 1876 2057 1944; baseline -0.009 -8"><span class='ocrx_word' id='word_1_128' title='bbox 470 1881 743 1937; x_wconf 87' lang='lat' dir='ltr'><strong>intellectu</strong></span> <span class='ocrx_word' id='word_1_129' title='bbox 775 1894 956 1935; x_wconf 87' lang='lat' dir='ltr'><strong>rerum</strong></span> <span class='ocrx_word' id='word_1_130' title='bbox 983 1886 1037 1933; x_wconf 89' lang='lat' dir='ltr'><strong>et</strong></span> <span class='ocrx_word' id='word_1_131' title='bbox 1076 1876 1328 1939; x_wconf 91' lang='lat' dir='ltr'><strong>scientia;</strong></span> <span class='ocrx_word' id='word_1_132' title='bbox 1369 1887 1542 1944; x_wconf 90' lang='lat' dir='ltr'><strong>neque</strong></span> <span class='ocrx_word' id='word_1_133' title='bbox 1576 1883 1894 1942; x_wconf 85' lang='lat' dir='ltr'><strong>quemquam</strong></span> <span class='ocrx_word' id='word_1_134' title='bbox 1936 1881 2057 1923; x_wconf 91' lang='lat' dir='ltr'><strong>esse</strong></span> 
     </span>
    </p>
   </div>
   <div class='ocr_carea' id='block_1_19' title="bbox 469 1961 2053 2044">
    <p class='ocr_par' dir='ltr' id='par_1_19' title="bbox 469 1961 2053 2044">
     <span class='ocr_line' id='line_1_19' title="bbox 469 1961 2053 2044; baseline -0.011 -14"><span class='ocrx_word' id='word_1_135' title='bbox 469 1988 631 2044; x_wconf 89' lang='lat' dir='ltr'><strong>posse</strong></span> <span class='ocrx_word' id='word_1_136' title='bbox 647 1972 884 2035; x_wconf 86' lang='lat' dir='ltr'><strong>beatum,</strong></span> <span class='ocrx_word' id='word_1_137' title='bbox 906 1974 1033 2042; x_wconf 87' lang='lat' dir='ltr'><strong>quin</strong></span> <span class='ocrx_word' id='word_1_138' title='bbox 1060 1969 1199 2025; x_wconf 91' lang='lat' dir='ltr'><strong>idem</strong></span> <span class='ocrx_word' id='word_1_139' title='bbox 1221 1977 1275 2024; x_wconf 92' lang='lat' dir='ltr'><strong>et</strong></span> <span class='ocrx_word' id='word_1_140' title='bbox 1301 1967 1497 2022; x_wconf 92' lang='lat' dir='ltr'><strong>bonum</strong></span> <span class='ocrx_word' id='word_1_141' title='bbox 1522 1964 1702 2028; x_wconf 86' lang='lat' dir='ltr'><strong>vellet,</strong></span> <span class='ocrx_word' id='word_1_142' title='bbox 1731 1970 1784 2017; x_wconf 88' lang='lat' dir='ltr'><strong>et</strong></span> <span class='ocrx_word' id='word_1_143' title='bbox 1805 1961 2053 2015; x_wconf 86' lang='lat' dir='ltr'><strong>haberet:</strong></span> 
     </span>
    </p>
   </div>
   <div class='ocr_carea' id='block_1_20' title="bbox 470 2054 2057 2135">
    <p class='ocr_par' dir='ltr' id='par_1_20' title="bbox 470 2054 2057 2135">
     <span class='ocr_line' id='line_1_20' title="bbox 470 2054 2057 2135; baseline -0.009 -14"><span class='ocrx_word' id='word_1_144' title='bbox 470 2066 534 2122; x_wconf 88' lang='lat' dir='ltr'><strong>Si</strong></span> <span class='ocrx_word' id='word_1_145' title='bbox 560 2065 708 2130; x_wconf 89' lang='lat' dir='ltr'><strong>bona,</strong></span> <span class='ocrx_word' id='word_1_146' title='bbox 736 2063 1030 2135; x_wconf 83' lang='lat' dir='ltr'><strong>inquiebat,</strong></span> <span class='ocrx_word' id='word_1_147' title='bbox 1049 2062 1165 2116; x_wconf 83' lang='lat' dir='ltr'><strong>uelit</strong></span> <span class='ocrx_word' id='word_1_148' title='bbox 1190 2070 1239 2115; x_wconf 88' lang='lat' dir='ltr'><strong>et</strong></span> <span class='ocrx_word' id='word_1_149' title='bbox 1262 2060 1463 2125; x_wconf 79' lang='lat' dir='ltr'><strong>habeat,</strong></span> <span class='ocrx_word' id='word_1_150' title='bbox 1490 2057 1661 2112; x_wconf 80' lang='lat' dir='ltr'><strong>beatus</strong></span> <span class='ocrx_word' id='word_1_151' title='bbox 1684 2064 1755 2110; x_wconf 91' lang='lat' dir='ltr'><strong>est</strong></span> <span class='ocrx_word' id='word_1_152' title='bbox 1777 2072 1795 2120; x_wconf 87' lang='lat'><strong><em>;</em></strong></span> <span class='ocrx_word' id='word_1_153' title='bbox 1816 2054 1860 2107; x_wconf 96' lang='lat' dir='ltr'><strong>si</strong></span> <span class='ocrx_word' id='word_1_154' title='bbox 1888 2062 2057 2107; x_wconf 78' lang='lat' dir='ltr'><strong>autem</strong></span> 
     </span>
    </p>
   </div>
   <div class='ocr_carea' id='block_1_21' title="bbox 473 2145 2056 2226">
    <p class='ocr_par' dir='ltr' id='par_1_21' title="bbox 473 2145 2056 2226">
     <span class='ocr_line' id='line_1_21' title="bbox 473 2145 2056 2226; baseline -0.007 -16"><span class='ocrx_word' id='word_1_155' title='bbox 473 2156 613 2210; x_wconf 87' lang='lat' dir='ltr'><strong>mala</strong></span> <span class='ocrx_word' id='word_1_156' title='bbox 636 2156 752 2210; x_wconf 78' lang='lat' dir='ltr'><strong>uelit</strong></span> <span class='ocrx_word' id='word_1_157' title='bbox 770 2194 787 2221; x_wconf 91' lang='lat'><strong>,</strong></span> <span class='ocrx_word' id='word_1_158' title='bbox 816 2154 1044 2226; x_wconf 82' lang='lat' dir='ltr'><strong>quamvis</strong></span> <span class='ocrx_word' id='word_1_159' title='bbox 1069 2151 1282 2219; x_wconf 86' lang='lat' dir='ltr'><strong>habeat,</strong></span> <span class='ocrx_word' id='word_1_160' title='bbox 1309 2150 1461 2204; x_wconf 91' lang='lat' dir='ltr'><strong>miser</strong></span> <span class='ocrx_word' id='word_1_161' title='bbox 1485 2158 1579 2204; x_wconf 88' lang='lat' dir='ltr'><strong>est.</strong></span> <span class='ocrx_word' id='word_1_162' title='bbox 1611 2149 1724 2214; x_wconf 89' lang='lat' dir='ltr'><strong>Qua</strong></span> <span class='ocrx_word' id='word_1_163' title='bbox 1750 2147 1804 2201; x_wconf 92' lang='lat' dir='ltr'><strong>in</strong></span> <span class='ocrx_word' id='word_1_164' title='bbox 1833 2161 1891 2201; x_wconf 92' lang='lat' dir='ltr'><strong>re</strong></span> <span class='ocrx_word' id='word_1_165' title='bbox 1911 2145 2056 2199; x_wconf 81' lang='lat' dir='ltr'><strong>afﬁr—</strong></span> 
     </span>
    </p>
   </div>
   <div class='ocr_carea' id='block_1_22' title="bbox 470 2235 2058 2316">
    <p class='ocr_par' dir='ltr' id='par_1_22' title="bbox 470 2235 2058 2316">
     <span class='ocr_line' id='line_1_22' title="bbox 470 2235 2058 2316; baseline -0.007 -15"><span class='ocrx_word' id='word_1_166' title='bbox 470 2246 638 2301; x_wconf 83' lang='lat' dir='ltr'><strong>mavit</strong></span> <span class='ocrx_word' id='word_1_167' title='bbox 669 2245 1039 2316; x_wconf 79' lang='lat' dir='ltr'><strong>Augustinus,</strong></span> <span class='ocrx_word' id='word_1_168' title='bbox 1068 2242 1210 2297; x_wconf 88' lang='lat' dir='ltr'><strong>illam</strong></span> <span class='ocrx_word' id='word_1_169' title='bbox 1250 2254 1518 2295; x_wconf 87' lang='lat' dir='ltr'><strong>summum</strong></span> <span class='ocrx_word' id='word_1_170' title='bbox 1549 2235 1902 2308; x_wconf 71' lang='lat' dir='ltr'><strong>philosophia:</strong></span> <span class='ocrx_word' id='word_1_171' title='bbox 1941 2236 2058 2304; x_wconf 90' lang='lat' dir='ltr'><strong>api-</strong></span> 
     </span>
    </p>
   </div>
   <div class='ocr_carea' id='block_1_23' title="bbox 471 2329 2060 2408">
    <p class='ocr_par' dir='ltr' id='par_1_23' title="bbox 471 2329 2060 2408">
     <span class='ocr_line' id='line_1_23' title="bbox 471 2329 2060 2408; baseline -0.008 -15"><span class='ocrx_word' id='word_1_172' title='bbox 471 2353 594 2393; x_wconf 87' lang='lat' dir='ltr'><strong>cem</strong></span> <span class='ocrx_word' id='word_1_173' title='bbox 643 2337 916 2408; x_wconf 77' lang='lat' dir='ltr'><strong>attigisse;</strong></span> <span class='ocrx_word' id='word_1_174' title='bbox 968 2348 1071 2390; x_wconf 88' lang='lat' dir='ltr'><strong>nec</strong></span> <span class='ocrx_word' id='word_1_175' title='bbox 1123 2333 1223 2404; x_wconf 90' lang='lat' dir='ltr'><strong>ipsi</strong></span> <span class='ocrx_word' id='word_1_176' title='bbox 1266 2331 1547 2396; x_wconf 87' lang='lat' dir='ltr'><strong>Ciceroni,</strong></span> <span class='ocrx_word' id='word_1_177' title='bbox 1597 2331 1642 2385; x_wconf 89' lang='lat' dir='ltr'><strong>si</strong></span> <span class='ocrx_word' id='word_1_178' title='bbox 1684 2345 1781 2399; x_wconf 89' lang='lat' dir='ltr'><strong>par</strong></span> <span class='ocrx_word' id='word_1_179' title='bbox 1830 2329 2060 2384; x_wconf 87' lang='lat' dir='ltr'><strong>elocutio</strong></span> 
     </span>
    </p>
   </div>
   <div class='ocr_carea' id='block_1_24' title="bbox 473 2418 2060 2496">
    <p class='ocr_par' dir='ltr' id='par_1_24' title="bbox 473 2418 2060 2496">
     <span class='ocr_line' id='line_1_24' title="bbox 473 2418 2060 2496; baseline -0.006 -16"><span class='ocrx_word' id='word_1_180' title='bbox 473 2427 755 2493; x_wconf 87' lang='lat' dir='ltr'><strong>adfuisset,</strong></span> <span class='ocrx_word' id='word_1_181' title='bbox 778 2426 1065 2496; x_wconf 87' lang='lat' dir='ltr'><strong>quidquam</strong></span> <span class='ocrx_word' id='word_1_182' title='bbox 1091 2436 1470 2479; x_wconf 86' lang='lat' dir='ltr'><strong>concessuram</strong></span> <span class='ocrx_word' id='word_1_183' title='bbox 1498 2421 1680 2476; x_wconf 89' lang='lat' dir='ltr'><strong>fuisse.</strong></span> <span class='ocrx_word' id='word_1_184' title='bbox 1712 2418 1914 2474; x_wconf 89' lang='lat' dir='ltr'><strong>Deinde</strong></span> <span class='ocrx_word' id='word_1_185' title='bbox 1941 2418 2060 2488; x_wconf 89' lang='lat' dir='ltr'><strong>pul-</strong></span> 
     </span>
    </p>
   </div>
   <div class='ocr_carea' id='block_1_25' title="bbox 474 2507 2064 2581">
    <p class='ocr_par' dir='ltr' id='par_1_25' title="bbox 474 2507 2064 2581">
     <span class='ocr_line' id='line_1_25' title="bbox 474 2507 2064 2581; baseline -0.007 -10"><span class='ocrx_word' id='word_1_186' title='bbox 474 2515 801 2571; x_wconf 87' lang='lat' dir='ltr'><strong>cherrimum</strong></span> <span class='ocrx_word' id='word_1_187' title='bbox 831 2529 896 2569; x_wconf 86' lang='lat' dir='ltr'><strong>cx</strong></span> <span class='ocrx_word' id='word_1_188' title='bbox 926 2512 1214 2569; x_wconf 82' lang='lat' dir='ltr'><strong>Hortensio</strong></span> <span class='ocrx_word' id='word_1_189' title='bbox 1243 2510 1402 2581; x_wconf 89' lang='lat' dir='ltr'><strong>hujus</strong></span> <span class='ocrx_word' id='word_1_190' title='bbox 1426 2508 1653 2564; x_wconf 86' lang='lat' dir='ltr'><strong>oratoris</strong></span> <span class='ocrx_word' id='word_1_191' title='bbox 1679 2509 1852 2563; x_wconf 92' lang='lat' dir='ltr'><strong>locum</strong></span> <span class='ocrx_word' id='word_1_192' title='bbox 1874 2507 2064 2562; x_wconf 87' lang='lat' dir='ltr'><strong>recita-</strong></span> 
     </span>
    </p>
   </div>
   <div class='ocr_carea' id='block_1_26' title="bbox 473 2598 2063 2677">
    <p class='ocr_par' dir='ltr' id='par_1_26' title="bbox 473 2598 2063 2677">
     <span class='ocr_line' id='line_1_26' title="bbox 473 2598 2063 2677; baseline -0.008 -15"><span class='ocrx_word' id='word_1_193' title='bbox 473 2608 589 2662; x_wconf 88' lang='lat' dir='ltr'><strong>vit:</strong></span> <span class='ocrx_word' id='word_1_194' title='bbox 616 2605 688 2661; x_wconf 79' lang='lat' dir='ltr'><strong>In</strong></span> <span class='ocrx_word' id='word_1_195' title='bbox 713 2607 892 2675; x_wconf 78' lang='lat' dir='ltr'><strong>quibus</strong></span> <span class='ocrx_word' id='word_1_196' title='bbox 925 2605 1087 2659; x_wconf 78' lang='lat' dir='ltr'><strong>verbis</strong></span> <span class='ocrx_word' id='word_1_197' title='bbox 1107 2646 1135 2671; x_wconf 88' lang='lat'><strong>,.</strong></span> <span class='ocrx_word' id='word_1_198' title='bbox 1154 2603 1355 2677; x_wconf 91' lang='lat' dir='ltr'><strong>inquit,</strong></span> <span class='ocrx_word' id='word_1_199' title='bbox 1383 2600 1477 2655; x_wconf 86' lang='lat' dir='ltr'><strong>illa</strong></span> <span class='ocrx_word' id='word_1_200' title='bbox 1514 2601 1587 2655; x_wconf 88' lang='lat' dir='ltr'><strong>sic</strong></span> <span class='ocrx_word' id='word_1_201' title='bbox 1625 2598 1971 2664; x_wconf 77' lang='lat' dir='ltr'><strong>exclamabat,</strong></span> <span class='ocrx_word' id='word_1_202' title='bbox 2009 2606 2063 2650; x_wconf 91' lang='lat' dir='ltr'><strong>ut</strong></span> 
     </span>
    </p>
   </div>
   <div class='ocr_carea' id='block_1_27' title="bbox 475 2689 2063 2767">
    <p class='ocr_par' dir='ltr' id='par_1_27' title="bbox 475 2689 2063 2767">
     <span class='ocr_line' id='line_1_27' title="bbox 475 2689 2063 2767; baseline -0.006 -16"><span class='ocrx_word' id='word_1_203' title='bbox 475 2697 619 2752; x_wconf 79' lang='lat' dir='ltr'><strong>obliti</strong></span> <span class='ocrx_word' id='word_1_204' title='bbox 646 2698 845 2767; x_wconf 83' lang='lat' dir='ltr'><strong>penitus</strong></span> <span class='ocrx_word' id='word_1_205' title='bbox 864 2712 1016 2751; x_wconf 70' lang='lat' dir='ltr'><strong>sexus</strong></span> <span class='ocrx_word' id='word_1_206' title='bbox 1048 2697 1177 2766; x_wconf 85' lang='lat' dir='ltr'><strong>ejus,</strong></span> <span class='ocrx_word' id='word_1_207' title='bbox 1209 2709 1447 2764; x_wconf 88' lang='lat' dir='ltr'><strong>magnum</strong></span> <span class='ocrx_word' id='word_1_208' title='bbox 1469 2692 1686 2762; x_wconf 82' lang='lat' dir='ltr'><strong>aliquem</strong></span> <span class='ocrx_word' id='word_1_209' title='bbox 1712 2691 1874 2745; x_wconf 82' lang='lat' dir='ltr'><strong>virum</strong></span> <span class='ocrx_word' id='word_1_210' title='bbox 1895 2689 2063 2743; x_wconf 82' lang='lat' dir='ltr'><strong>consi-</strong></span> 
     </span>
    </p>
   </div>
   <div class='ocr_carea' id='block_1_28' title="bbox 477 2785 2065 2854">
    <p class='ocr_par' dir='ltr' id='par_1_28' title="bbox 477 2785 2065 2854">
     <span class='ocr_line' id='line_1_28' title="bbox 477 2785 2065 2854; baseline -0.004 -12"><span class='ocrx_word' id='word_1_211' title='bbox 477 2787 598 2842; x_wconf 85' lang='lat' dir='ltr'><strong>dere</strong></span> <span class='ocrx_word' id='word_1_212' title='bbox 618 2787 875 2843; x_wconf 79' lang='lat' dir='ltr'><strong>nobiscum</strong></span> <span class='ocrx_word' id='word_1_213' title='bbox 894 2787 1240 2850; x_wconf 84' lang='lat' dir='ltr'><strong>crederemus;</strong></span> <span class='ocrx_word' id='word_1_214' title='bbox 1260 2802 1339 2840; x_wconf 89' lang='lat' dir='ltr'><strong>me</strong></span> <span class='ocrx_word' id='word_1_215' title='bbox 1355 2785 1556 2839; x_wconf 81' lang='lat' dir='ltr'><strong>interim</strong></span> <span class='ocrx_word' id='word_1_216' title='bbox 1580 2791 1821 2853; x_wconf 87' lang='lat' dir='ltr'><strong>quantum</strong></span> <span class='ocrx_word' id='word_1_217' title='bbox 1842 2790 2065 2854; x_wconf 87' lang='lat' dir='ltr'><strong>poteram</strong></span> 
     </span>
    </p>
   </div>
   <div class='ocr_carea' id='block_1_29' title="bbox 477 2876 2067 2951">
    <p class='ocr_par' dir='ltr' id='par_1_29' title="bbox 477 2876 2067 2951">
     <span class='ocr_line' id='line_1_29' title="bbox 477 2876 2067 2951; baseline -0.004 -18"><span class='ocrx_word' id='word_1_218' title='bbox 477 2880 816 2951; x_wconf 68' lang='lat' dir='ltr'><strong>intelligente,</strong></span> <span class='ocrx_word' id='word_1_219' title='bbox 846 2896 910 2934; x_wconf 79' lang='lat' dir='ltr'><strong>ea:</strong></span> <span class='ocrx_word' id='word_1_220' title='bbox 934 2895 1034 2950; x_wconf 87' lang='lat' dir='ltr'><strong>quo</strong></span> <span class='ocrx_word' id='word_1_221' title='bbox 1068 2879 1161 2933; x_wconf 89' lang='lat' dir='ltr'><strong>illa</strong></span> <span class='ocrx_word' id='word_1_222' title='bbox 1191 2888 1238 2932; x_wconf 90' lang='lat' dir='ltr'><strong>et</strong></span> <span class='ocrx_word' id='word_1_223' title='bbox 1264 2894 1416 2948; x_wconf 87' lang='lat' dir='ltr'><strong>quam</strong></span> <span class='ocrx_word' id='word_1_224' title='bbox 1439 2876 1607 2931; x_wconf 79' lang='lat' dir='ltr'><strong>divino</strong></span> <span class='ocrx_word' id='word_1_225' title='bbox 1631 2876 1768 2946; x_wconf 85' lang='lat' dir='ltr'><strong>fonte</strong></span> <span class='ocrx_word' id='word_1_226' title='bbox 1802 2883 2067 2928; x_wconf 80' lang='lat' dir='ltr'><strong>manarent</strong></span> 
     </span>
    </p>
   </div>
   <div class='ocr_carea' id='block_1_30' title="bbox 481 2966 2066 3040">
    <p class='ocr_par' dir='ltr' id='par_1_30' title="bbox 481 2966 2066 3040">
     <span class='ocr_line' id='line_1_30' title="bbox 481 2966 2066 3040; baseline -0.003 -16"><span class='ocrx_word' id='word_1_227' title='bbox 481 2969 593 3040; x_wconf 83' lang='lat' dir='ltr'><strong>(De</strong></span> <span class='ocrx_word' id='word_1_228' title='bbox 609 2970 771 3025; x_wconf 89' lang='lat' dir='ltr'><strong>Beata</strong></span> <span class='ocrx_word' id='word_1_229' title='bbox 805 2968 957 3035; x_wconf 83' lang='lat' dir='ltr'><strong>Vita,</strong></span> <span class='ocrx_word' id='word_1_230' title='bbox 987 2970 1180 3040; x_wconf 85' lang='lat' dir='ltr'><strong>disput.</strong></span> <span class='ocrx_word' id='word_1_231' title='bbox 1206 2969 1258 3037; x_wconf 86' lang='grc'><strong>1,</strong></span> <span class='ocrx_word' id='word_1_232' title='bbox 1291 2985 1380 3022; x_wconf 91' lang='lat' dir='ltr'><strong>nn.</strong></span> <span class='ocrx_word' id='word_1_233' title='bbox 1409 2968 1465 3035; x_wconf 91' lang='lat'><strong>8,</strong></span> <span class='ocrx_word' id='word_1_234' title='bbox 1499 2967 1629 3037; x_wconf 86' lang='grc'><strong>10).</strong></span> <span class='ocrx_word' id='word_1_235' title='bbox 1662 2966 1859 3021; x_wconf 83' lang='lat' dir='ltr'><strong>Eadem</strong></span> <span class='ocrx_word' id='word_1_236' title='bbox 1882 2974 2066 3036; x_wconf 86' lang='lat' dir='ltr'><strong>postea</strong></span> 
     </span>
    </p>
   </div>
   <div class='ocr_carea' id='block_1_31' title="bbox 479 3058 2065 3133">
    <p class='ocr_par' dir='ltr' id='par_1_31' title="bbox 479 3058 2065 3133">
     <span class='ocr_line' id='line_1_31' title="bbox 479 3058 2065 3133; baseline -0.004 -14"><span class='ocrx_word' id='word_1_237' title='bbox 479 3062 709 3133; x_wconf 70' lang='lat' dir='ltr'><strong>adjecit,</strong></span> <span class='ocrx_word' id='word_1_238' title='bbox 738 3062 891 3117; x_wconf 90' lang='lat' dir='ltr'><strong>illum</strong></span> <span class='ocrx_word' id='word_1_239' title='bbox 928 3062 1019 3133; x_wconf 86' lang='lat' dir='ltr'><strong>qui</strong></span> <span class='ocrx_word' id='word_1_240' title='bbox 1053 3061 1135 3117; x_wconf 85' lang='lat' dir='ltr'><strong>vel</strong></span> <span class='ocrx_word' id='word_1_241' title='bbox 1164 3060 1444 3116; x_wconf 86' lang='lat' dir='ltr'><strong>universas</strong></span> <span class='ocrx_word' id='word_1_242' title='bbox 1469 3058 1657 3114; x_wconf 90' lang='lat' dir='ltr'><strong>mundi</strong></span> <span class='ocrx_word' id='word_1_243' title='bbox 1689 3058 1966 3114; x_wconf 84' lang='lat' dir='ltr'><strong>felicitates</strong></span> <span class='ocrx_word' id='word_1_244' title='bbox 1995 3062 2065 3114; x_wconf 81' lang='lat' dir='ltr'><strong>ita</strong></span> 
     </span>
    </p>
   </div>
   <div class='ocr_carea' id='block_1_32' title="bbox 479 3149 2065 3223">
    <p class='ocr_par' dir='ltr' id='par_1_32' title="bbox 479 3149 2065 3223">
     <span class='ocr_line' id='line_1_32' title="bbox 479 3149 2065 3223; baseline -0.004 -14"><span class='ocrx_word' id='word_1_245' title='bbox 479 3153 803 3223; x_wconf 75' lang='lat' dir='ltr'><strong>possideret,</strong></span> <span class='ocrx_word' id='word_1_246' title='bbox 834 3161 893 3208; x_wconf 91' lang='lat' dir='ltr'><strong>ut</strong></span> <span class='ocrx_word' id='word_1_247' title='bbox 915 3166 1133 3207; x_wconf 86' lang='lat' dir='ltr'><strong>securus</strong></span> <span class='ocrx_word' id='word_1_248' title='bbox 1160 3158 1304 3207; x_wconf 87' lang='lat' dir='ltr'><strong>esset</strong></span> <span class='ocrx_word' id='word_1_249' title='bbox 1328 3164 1421 3206; x_wconf 88' lang='lat' dir='ltr'><strong>eas</strong></span> <span class='ocrx_word' id='word_1_250' title='bbox 1447 3164 1508 3205; x_wconf 88' lang='lat' dir='ltr'><strong>se</strong></span> <span class='ocrx_word' id='word_1_251' title='bbox 1545 3164 1813 3220; x_wconf 89' lang='lat' dir='ltr'><strong>nunquam</strong></span> <span class='ocrx_word' id='word_1_252' title='bbox 1834 3149 2065 3204; x_wconf 85' lang='lat' dir='ltr'><strong>amissu-</strong></span> 
     </span>
    </p>
   </div>
   <div class='ocr_carea' id='block_1_33' title="bbox 481 3242 2068 3312">
    <p class='ocr_par' dir='ltr' id='par_1_33' title="bbox 481 3242 2068 3312">
     <span class='ocr_line' id='line_1_33' title="bbox 481 3242 2068 3312; baseline -0.003 -12"><span class='ocrx_word' id='word_1_253' title='bbox 481 3257 603 3300; x_wconf 77' lang='lat' dir='ltr'><strong>rum</strong></span> <span class='ocrx_word' id='word_1_254' title='bbox 624 3284 642 3311; x_wconf 93' lang='lat'><strong>,</strong></span> <span class='ocrx_word' id='word_1_255' title='bbox 665 3251 845 3300; x_wconf 85' lang='lat' dir='ltr'><strong>tamen</strong></span> <span class='ocrx_word' id='word_1_256' title='bbox 870 3258 992 3299; x_wconf 88' lang='lat' dir='ltr'><strong>cum</strong></span> <span class='ocrx_word' id='word_1_257' title='bbox 1024 3243 1128 3298; x_wconf 91' lang='lat' dir='ltr'><strong>illis</strong></span> <span class='ocrx_word' id='word_1_258' title='bbox 1156 3242 1336 3297; x_wconf 88' lang='lat' dir='ltr'><strong>satiari</strong></span> <span class='ocrx_word' id='word_1_259' title='bbox 1364 3256 1470 3297; x_wconf 93' lang='lat' dir='ltr'><strong>non</strong></span> <span class='ocrx_word' id='word_1_260' title='bbox 1499 3251 1706 3312; x_wconf 90' lang='lat' dir='ltr'><strong>posset,</strong></span> <span class='ocrx_word' id='word_1_261' title='bbox 1734 3256 1801 3298; x_wconf 92' lang='lat' dir='ltr'><strong>eo</strong></span> <span class='ocrx_word' id='word_1_262' title='bbox 1822 3243 1937 3311; x_wconf 91' lang='lat' dir='ltr'><strong>ipso</strong></span> <span class='ocrx_word' id='word_1_263' title='bbox 1964 3242 2068 3305; x_wconf 84' lang='lat' dir='ltr'><strong>mi-</strong></span> 
     </span>
    </p>
   </div>
   <div class='ocr_carea' id='block_1_34' title="bbox 485 3332 2071 3404">
    <p class='ocr_par' dir='ltr' id='par_1_34' title="bbox 485 3332 2071 3404">
     <span class='ocr_line' id='line_1_34' title="bbox 485 3332 2071 3404; baseline -0.001 -14"><span class='ocrx_word' id='word_1_264' title='bbox 485 3349 666 3390; x_wconf 87' lang='lat' dir='ltr'><strong>serum</strong></span> <span class='ocrx_word' id='word_1_265' title='bbox 716 3333 865 3402; x_wconf 87' lang='lat' dir='ltr'><strong>fore,</strong></span> <span class='ocrx_word' id='word_1_266' title='bbox 908 3348 1017 3404; x_wconf 89' lang='lat' dir='ltr'><strong>quo</strong></span> <span class='ocrx_word' id='word_1_267' title='bbox 1058 3348 1271 3404; x_wconf 79' lang='lat' dir='ltr'><strong>semper</strong></span> <span class='ocrx_word' id='word_1_268' title='bbox 1311 3342 1457 3389; x_wconf 88' lang='lat' dir='ltr'><strong>esset</strong></span> <span class='ocrx_word' id='word_1_269' title='bbox 1501 3332 1710 3403; x_wconf 89' lang='lat' dir='ltr'><strong>indigus</strong></span> <span class='ocrx_word' id='word_1_270' title='bbox 1744 3350 1757 3386; x_wconf 92' lang='lat'><strong>:</strong></span> <span class='ocrx_word' id='word_1_271' title='bbox 1800 3348 1904 3387; x_wconf 90' lang='lat' dir='ltr'><strong>non</strong></span> <span class='ocrx_word' id='word_1_272' title='bbox 1943 3347 2071 3403; x_wconf 88' lang='lat' dir='ltr'><strong>ergo</strong></span> 
     </span>
    </p>
   </div>
   <div class='ocr_carea' id='block_1_35' title="bbox 484 3422 2072 3495">
    <p class='ocr_par' dir='ltr' id='par_1_35' title="bbox 484 3422 2072 3495">
     <span class='ocr_line' id='line_1_35' title="bbox 484 3422 2072 3495; baseline 0.001 -18"><span class='ocrx_word' id='word_1_273' title='bbox 484 3438 805 3495; x_wconf 87' lang='lat' dir='ltr'><strong>quemquam</strong></span> <span class='ocrx_word' id='word_1_274' title='bbox 850 3424 959 3479; x_wconf 89' lang='lat' dir='ltr'><strong>illis</strong></span> <span class='ocrx_word' id='word_1_275' title='bbox 997 3424 1194 3491; x_wconf 91' lang='lat' dir='ltr'><strong>rebus,</strong></span> <span class='ocrx_word' id='word_1_276' title='bbox 1243 3422 1341 3479; x_wconf 88' lang='lat' dir='ltr'><strong>sed</strong></span> <span class='ocrx_word' id='word_1_277' title='bbox 1385 3423 1550 3479; x_wconf 90' lang='lat' dir='ltr'><strong>animi</strong></span> <span class='ocrx_word' id='word_1_278' title='bbox 1594 3424 1676 3478; x_wconf 91' lang='lat' dir='ltr'><strong>sui</strong></span> <span class='ocrx_word' id='word_1_279' title='bbox 1707 3423 2072 3479; x_wconf 82' lang='lat' dir='ltr'><strong>moderatione</strong></span> 
     </span>
    </p>
   </div>
   <div class='ocr_carea' id='block_1_36' title="bbox 486 3513 2070 3584">
    <p class='ocr_par' dir='ltr' id='par_1_36' title="bbox 486 3513 2070 3584">
     <span class='ocr_line' id='line_1_36' title="bbox 486 3513 2070 3584; baseline -0.001 -14"><span class='ocrx_word' id='word_1_280' title='bbox 486 3516 699 3570; x_wconf 77' lang='lat' dir='ltr'><strong>beatum</strong></span> <span class='ocrx_word' id='word_1_281' title='bbox 728 3529 873 3571; x_wconf 87' lang='lat' dir='ltr'><strong>esse.</strong></span> <span class='ocrx_word' id='word_1_282' title='bbox 897 3514 1098 3582; x_wconf 89' lang='lat' dir='ltr'><strong>Quibus</strong></span> <span class='ocrx_word' id='word_1_283' title='bbox 1118 3514 1335 3580; x_wconf 85' lang='lat' dir='ltr'><strong>auditis,</strong></span> <span class='ocrx_word' id='word_1_284' title='bbox 1366 3513 1497 3569; x_wconf 81' lang='lat' dir='ltr'><strong>nihil</strong></span> <span class='ocrx_word' id='word_1_285' title='bbox 1525 3528 1644 3569; x_wconf 90' lang='lat' dir='ltr'><strong>eam</strong></span> <span class='ocrx_word' id='word_1_286' title='bbox 1670 3529 1844 3584; x_wconf 88' lang='lat' dir='ltr'><strong>neque</strong></span> <span class='ocrx_word' id='word_1_287' title='bbox 1870 3515 2070 3579; x_wconf 86' lang='lat' dir='ltr'><strong>verius,</strong></span> 
     </span>
    </p>
   </div>
   <div class='ocr_carea' id='block_1_37' title="bbox 489 3605 2073 3677">
    <p class='ocr_par' dir='ltr' id='par_1_37' title="bbox 489 3605 2073 3677">
     <span class='ocr_line' id='line_1_37' title="bbox 489 3605 2073 3677; baseline 0 -16"><span class='ocrx_word' id='word_1_288' title='bbox 489 3620 664 3677; x_wconf 89' lang='lat' dir='ltr'><strong>neque</strong></span> <span class='ocrx_word' id='word_1_289' title='bbox 693 3606 804 3675; x_wconf 87' lang='lat' dir='ltr'><strong>ipsa</strong></span> <span class='ocrx_word' id='word_1_290' title='bbox 833 3606 1045 3677; x_wconf 89' lang='lat' dir='ltr'><strong>dignius</strong></span> <span class='ocrx_word' id='word_1_291' title='bbox 1082 3606 1263 3662; x_wconf 87' lang='lat' dir='ltr'><strong>dicere</strong></span> <span class='ocrx_word' id='word_1_292' title='bbox 1296 3605 1568 3676; x_wconf 88' lang='lat' dir='ltr'><strong>potuisse,</strong></span> <span class='ocrx_word' id='word_1_293' title='bbox 1605 3605 1932 3673; x_wconf 85' lang='lat' dir='ltr'><strong>Augustinus</strong></span> <span class='ocrx_word' id='word_1_294' title='bbox 1984 3622 2073 3661; x_wconf 85' lang='lat' dir='ltr'><strong>re-</strong></span> 
     </span>
    </p>
   </div>
   <div class='ocr_carea' id='block_1_38' title="bbox 485 3698 2070 3771">
    <p class='ocr_par' dir='ltr' id='par_1_38' title="bbox 485 3698 2070 3771">
     <span class='ocr_line' id='line_1_38' title="bbox 485 3698 2070 3771; baseline -0.002 -17"><span class='ocrx_word' id='word_1_295' title='bbox 485 3700 701 3771; x_wconf 87' lang='lat' dir='ltr'><strong>spondit</strong></span> <span class='ocrx_word' id='word_1_296' title='bbox 728 3699 928 3771; x_wconf 83' lang='lat' dir='ltr'><strong>(Ibid.,</strong></span> <span class='ocrx_word' id='word_1_297' title='bbox 951 3718 1004 3754; x_wconf 91' lang='lat' dir='ltr'><strong>n.</strong></span> <span class='ocrx_word' id='word_1_298' title='bbox 1024 3701 1084 3756; x_wconf 93' lang='grc'><strong>11</strong></span> <span class='ocrx_word' id='word_1_299' title='bbox 1108 3700 1148 3770; x_wconf 86' lang='grc'><strong>).</strong></span> <span class='ocrx_word' id='word_1_300' title='bbox 1168 3699 1300 3755; x_wconf 90' lang='lat' dir='ltr'><strong>Cum</strong></span> <span class='ocrx_word' id='word_1_301' title='bbox 1322 3707 1499 3753; x_wconf 89' lang='lat' dir='ltr'><strong>autem</strong></span> <span class='ocrx_word' id='word_1_302' title='bbox 1515 3699 1563 3753; x_wconf 90' lang='lat' dir='ltr'><strong>ei</strong></span> <span class='ocrx_word' id='word_1_303' title='bbox 1582 3698 1881 3767; x_wconf 87' lang='lat' dir='ltr'><strong>expositum</strong></span> <span class='ocrx_word' id='word_1_304' title='bbox 1907 3708 2070 3765; x_wconf 90' lang='lat' dir='ltr'><strong>esset,</strong></span> 
     </span>
    </p>
   </div>
   <div class='ocr_carea' id='block_1_39' title="bbox 483 3789 2073 3863">
    <p class='ocr_par' dir='ltr' id='par_1_39' title="bbox 483 3789 2073 3863">
     <span class='ocr_line' id='line_1_39' title="bbox 483 3789 2073 3863; baseline -0.001 -16"><span class='ocrx_word' id='word_1_305' title='bbox 483 3793 703 3863; x_wconf 85' lang='lat' dir='ltr'><strong>quinam</strong></span> <span class='ocrx_word' id='word_1_306' title='bbox 734 3800 918 3848; x_wconf 89' lang='lat' dir='ltr'><strong>essent</strong></span> <span class='ocrx_word' id='word_1_307' title='bbox 944 3790 1286 3857; x_wconf 89' lang='lat' dir='ltr'><strong>Academici,</strong></span> <span class='ocrx_word' id='word_1_308' title='bbox 1313 3789 1411 3845; x_wconf 84' lang='lat' dir='ltr'><strong>Isti</strong></span> <span class='ocrx_word' id='word_1_309' title='bbox 1439 3790 1691 3856; x_wconf 81' lang='lat' dir='ltr'><strong>homines,</strong></span> <span class='ocrx_word' id='word_1_310' title='bbox 1723 3790 1889 3860; x_wconf 90' lang='lat' dir='ltr'><strong>inquit</strong></span> <span class='ocrx_word' id='word_1_311' title='bbox 1919 3791 2073 3846; x_wconf 82' lang='lat' dir='ltr'><strong>Mon-</strong></span> 
     </span>
    </p>
   </div>
   <div class='ocr_carea' id='block_1_40' title="bbox 487 3883 2072 3954">
    <p class='ocr_par' dir='ltr' id='par_1_40' title="bbox 487 3883 2072 3954">
     <span class='ocr_line' id='line_1_40' title="bbox 487 3883 2072 3954; baseline -0.001 -15"><span class='ocrx_word' id='word_1_312' title='bbox 487 3884 637 3951; x_wconf 87' lang='lat' dir='ltr'><strong>nica,</strong></span> <span class='ocrx_word' id='word_1_313' title='bbox 680 3884 940 3937; x_wconf 88' lang='lat' dir='ltr'><strong>caducarii</strong></span> <span class='ocrx_word' id='word_1_314' title='bbox 982 3893 1146 3937; x_wconf 86' lang='lat' dir='ltr'><strong>sunt:</strong></span> <span class='ocrx_word' id='word_1_315' title='bbox 1171 3897 1277 3954; x_wconf 91' lang='lat' dir='ltr'><strong>quo</strong></span> <span class='ocrx_word' id='word_1_316' title='bbox 1308 3883 1525 3938; x_wconf 88' lang='lat' dir='ltr'><strong>nomine</strong></span> <span class='ocrx_word' id='word_1_317' title='bbox 1568 3883 1727 3952; x_wconf 84' lang='lat' dir='ltr'><strong>vulgo</strong></span> <span class='ocrx_word' id='word_1_318' title='bbox 1772 3883 2072 3952; x_wconf 87' lang='lat' dir='ltr'><strong>vocabant,</strong></span> 
     </span>
    </p>
   </div>
   <div class='ocr_carea' id='block_1_41' title="bbox 486 3974 2072 4050">
    <p class='ocr_par' dir='ltr' id='par_1_41' title="bbox 486 3974 2072 4050">
     <span class='ocr_line' id='line_1_41' title="bbox 486 3974 2072 4050; baseline -0.001 -20"><span class='ocrx_word' id='word_1_319' title='bbox 486 3990 622 4046; x_wconf 87' lang='lat' dir='ltr'><strong>quos</strong></span> <span class='ocrx_word' id='word_1_320' title='bbox 658 3977 940 4031; x_wconf 82' lang='lat' dir='ltr'><strong>comitialis</strong></span> <span class='ocrx_word' id='word_1_321' title='bbox 976 3975 1195 4031; x_wconf 91' lang='lat' dir='ltr'><strong>morbus</strong></span> <span class='ocrx_word' id='word_1_322' title='bbox 1231 3975 1569 4031; x_wconf 81' lang='lat' dir='ltr'><strong>subverteret</strong></span> <span class='ocrx_word' id='word_1_323' title='bbox 1602 3976 1627 4050; x_wconf 90' lang='lat'><strong>(</strong></span> <span class='ocrx_word' id='word_1_324' title='bbox 1646 3974 1808 4044; x_wconf 86' lang='lat' dir='ltr'><strong>Ibid.,</strong></span> <span class='ocrx_word' id='word_1_325' title='bbox 1854 3994 1907 4031; x_wconf 78' lang='grc' dir='ltr'><strong>η.</strong></span> <span class='ocrx_word' id='word_1_326' title='bbox 1946 3976 2072 4047; x_wconf 85' lang='grc'><strong>16).</strong></span> 
     </span>
    </p>
   </div>
   <div class='ocr_carea' id='block_1_42' title="bbox 489 4065 2073 4138">
    <p class='ocr_par' dir='ltr' id='par_1_42' title="bbox 489 4065 2073 4138">
     <span class='ocr_line' id='line_1_42' title="bbox 489 4065 2073 4138; baseline 0.001 -17"><span class='ocrx_word' id='word_1_327' title='bbox 489 4065 547 4121; x_wconf 92' lang='lat' dir='ltr'><strong>In</strong></span> <span class='ocrx_word' id='word_1_328' title='bbox 576 4067 844 4138; x_wconf 85' lang='lat' dir='ltr'><strong>colloquio</strong></span> <span class='ocrx_word' id='word_1_329' title='bbox 872 4068 1032 4123; x_wconf 85' lang='lat' dir='ltr'><strong>etiam</strong></span> <span class='ocrx_word' id='word_1_330' title='bbox 1061 4066 1317 4137; x_wconf 86' lang='lat' dir='ltr'><strong>postridie</strong></span> <span class='ocrx_word' id='word_1_331' title='bbox 1351 4065 1533 4122; x_wconf 88' lang='lat' dir='ltr'><strong>habito</strong></span> <span class='ocrx_word' id='word_1_332' title='bbox 1571 4068 1732 4123; x_wconf 87' lang='lat' dir='ltr'><strong>verba</strong></span> <span class='ocrx_word' id='word_1_333' title='bbox 1776 4078 2073 4124; x_wconf 89' lang='lat' dir='ltr'><strong>memoratu</strong></span> 
     </span>
    </p>
   </div>
   <div class='ocr_carea' id='block_1_43' title="bbox 489 4158 2075 4230">
    <p class='ocr_par' dir='ltr' id='par_1_43' title="bbox 489 4158 2075 4230">
     <span class='ocr_line' id='line_1_43' title="bbox 489 4158 2075 4230; baseline 0.001 -17"><span class='ocrx_word' id='word_1_334' title='bbox 489 4159 647 4230; x_wconf 91' lang='lat' dir='ltr'><strong>digna</strong></span> <span class='ocrx_word' id='word_1_335' title='bbox 677 4159 915 4230; x_wconf 88' lang='lat' dir='ltr'><strong>protulit.</strong></span> <span class='ocrx_word' id='word_1_336' title='bbox 945 4158 1126 4213; x_wconf 90' lang='lat' dir='ltr'><strong>Tertio</strong></span> <span class='ocrx_word' id='word_1_337' title='bbox 1155 4167 1333 4214; x_wconf 87' lang='lat' dir='ltr'><strong>autem</strong></span> <span class='ocrx_word' id='word_1_338' title='bbox 1359 4158 1447 4214; x_wconf 90' lang='lat' dir='ltr'><strong>die</strong></span> <span class='ocrx_word' id='word_1_339' title='bbox 1477 4173 1600 4213; x_wconf 92' lang='lat' dir='ltr'><strong>cum</strong></span> <span class='ocrx_word' id='word_1_340' title='bbox 1625 4169 1982 4229; x_wconf 63' lang='lat' dir='ltr'><strong>quaereretur,</strong></span> <span class='ocrx_word' id='word_1_341' title='bbox 2007 4161 2075 4214; x_wconf 86' lang='lat' dir='ltr'><strong>il—</strong></span> 
     </span>
    </p>
   </div>
   <div class='ocr_carea' id='block_1_44' title="bbox 372 4250 2076 4321">
    <p class='ocr_par' dir='ltr' id='par_1_44' title="bbox 372 4250 2076 4321">
     <span class='ocr_line' id='line_1_44' title="bbox 372 4250 2076 4321; baseline 0 -15"><span class='ocrx_word' id='word_1_342' title='bbox 372 4270 377 4274; x_wconf 93' lang='grc'>·</span> <span class='ocrx_word' id='word_1_343' title='bbox 490 4253 599 4307; x_wconf 89' lang='lat' dir='ltr'><strong>line</strong></span> <span class='ocrx_word' id='word_1_344' title='bbox 618 4265 827 4318; x_wconf 88' lang='lat' dir='ltr'><strong>omnes,</strong></span> <span class='ocrx_word' id='word_1_345' title='bbox 850 4251 939 4321; x_wconf 91' lang='lat' dir='ltr'><strong>qui</strong></span> <span class='ocrx_word' id='word_1_346' title='bbox 961 4252 1012 4305; x_wconf 91' lang='lat' dir='ltr'><strong>in</strong></span> <span class='ocrx_word' id='word_1_347' title='bbox 1036 4259 1245 4306; x_wconf 77' lang='lat' dir='ltr'><strong>terrena</strong></span> <span class='ocrx_word' id='word_1_348' title='bbox 1264 4250 1535 4315; x_wconf 87' lang='lat' dir='ltr'><strong>felicitate,</strong></span> <span class='ocrx_word' id='word_1_349' title='bbox 1558 4265 1681 4304; x_wconf 90' lang='lat' dir='ltr'><strong>cum</strong></span> <span class='ocrx_word' id='word_1_350' title='bbox 1704 4266 1911 4304; x_wconf 89' lang='lat' dir='ltr'><strong>summo</strong></span> <span class='ocrx_word' id='word_1_351' title='bbox 1935 4251 2076 4306; x_wconf 87' lang='lat' dir='ltr'><strong>bono</strong></span> 
     </span>
    </p>
   </div>
   <div class='ocr_carea' id='block_1_45' title="bbox 490 4341 2073 4415">
    <p class='ocr_par' dir='ltr' id='par_1_45' title="bbox 490 4341 2073 4415">
     <span class='ocr_line' id='line_1_45' title="bbox 490 4341 2073 4415; baseline -0.001 -16"><span class='ocrx_word' id='word_1_352' title='bbox 490 4345 797 4415; x_wconf 87' lang='lat' dir='ltr'><strong>priventur,</strong></span> <span class='ocrx_word' id='word_1_353' title='bbox 828 4343 1010 4397; x_wconf 88' lang='lat' dir='ltr'><strong>miseri</strong></span> <span class='ocrx_word' id='word_1_354' title='bbox 1050 4350 1207 4410; x_wconf 91' lang='lat' dir='ltr'><strong>sunt,</strong></span> <span class='ocrx_word' id='word_1_355' title='bbox 1245 4341 1457 4397; x_wconf 88' lang='lat' dir='ltr'><strong>dicendi</strong></span> <span class='ocrx_word' id='word_1_356' title='bbox 1492 4357 1703 4413; x_wconf 87' lang='lat' dir='ltr'><strong>quoque</strong></span> <span class='ocrx_word' id='word_1_357' title='bbox 1739 4344 1846 4398; x_wconf 87' lang='lat' dir='ltr'><strong>sint</strong></span> <span class='ocrx_word' id='word_1_358' title='bbox 1882 4345 2073 4413; x_wconf 85' lang='lat' dir='ltr'><strong>egeni:</strong></span> 
     </span>
    </p>
   </div>
   <div class='ocr_carea' id='block_1_46' title="bbox 496 4433 2053 4505">
    <p class='ocr_par' dir='ltr' id='par_1_46' title="bbox 496 4433 2053 4505">
     <span class='ocr_line' id='line_1_46' title="bbox 496 4433 2053 4505; baseline -0.002 -16"><span class='ocrx_word' id='word_1_359' title='bbox 496 4435 706 4503; x_wconf 84' lang='lat' dir='ltr'><strong>Nescio,</strong></span> <span class='ocrx_word' id='word_1_360' title='bbox 730 4435 899 4503; x_wconf 88' lang='lat' dir='ltr'><strong>inquit</strong></span> <span class='ocrx_word' id='word_1_361' title='bbox 920 4434 1185 4499; x_wconf 82' lang='lat' dir='ltr'><strong>Monnica,</strong></span> <span class='ocrx_word' id='word_1_362' title='bbox 1204 4442 1249 4489; x_wconf 87' lang='lat' dir='ltr'><strong>et</strong></span> <span class='ocrx_word' id='word_1_363' title='bbox 1269 4433 1492 4487; x_wconf 88' lang='lat' dir='ltr'><strong>nondum</strong></span> <span class='ocrx_word' id='word_1_364' title='bbox 1514 4433 1660 4503; x_wconf 86' lang='lat' dir='ltr'><strong>plene</strong></span> <span class='ocrx_word' id='word_1_365' title='bbox 1678 4433 1926 4505; x_wconf 85' lang='lat' dir='ltr'><strong>intelligo,</strong></span> <span class='ocrx_word' id='word_1_366' title='bbox 1954 4451 2053 4501; x_wconf 87' lang='lat' dir='ltr'><strong>quo</strong></span> 
     </span>
    </p>
   </div>
   <div class='ocr_carea' id='block_1_47' title="bbox 492 4524 2080 4595">
    <p class='ocr_par' dir='ltr' id='par_1_47' title="bbox 492 4524 2080 4595">
     <span class='ocr_line' id='line_1_47' title="bbox 492 4524 2080 4595; baseline -0.001 -16"><span class='ocrx_word' id='word_1_367' title='bbox 492 4526 644 4579; x_wconf 86' lang='lat' dir='ltr'><strong>modo</strong></span> <span class='ocrx_word' id='word_1_368' title='bbox 676 4526 740 4579; x_wconf 90' lang='lat' dir='ltr'><strong>ab</strong></span> <span class='ocrx_word' id='word_1_369' title='bbox 778 4533 993 4595; x_wconf 82' lang='lat' dir='ltr'><strong>egestate</strong></span> <span class='ocrx_word' id='word_1_370' title='bbox 1028 4525 1184 4595; x_wconf 85' lang='lat' dir='ltr'><strong>possit</strong></span> <span class='ocrx_word' id='word_1_371' title='bbox 1212 4524 1447 4589; x_wconf 83' lang='lat' dir='ltr'><strong>miseria,</strong></span> <span class='ocrx_word' id='word_1_372' title='bbox 1485 4533 1574 4577; x_wconf 89' lang='lat' dir='ltr'><strong>aut</strong></span> <span class='ocrx_word' id='word_1_373' title='bbox 1603 4534 1797 4595; x_wconf 78' lang='lat' dir='ltr'><strong>egestas</strong></span> <span class='ocrx_word' id='word_1_374' title='bbox 1821 4541 1853 4577; x_wconf 91' lang='lat' dir='ltr'><strong>a</strong></span> <span class='ocrx_word' id='word_1_375' title='bbox 1878 4525 2080 4579; x_wconf 81' lang='lat' dir='ltr'><strong>miseria</strong></span> 
     </span>
    </p>
   </div>
   <div class='ocr_carea' id='block_1_48' title="bbox 493 4614 2076 4687">
    <p class='ocr_par' dir='ltr' id='par_1_48' title="bbox 493 4614 2076 4687">
     <span class='ocr_line' id='line_1_48' title="bbox 493 4614 2076 4687; baseline -0.001 -17"><span class='ocrx_word' id='word_1_376' title='bbox 493 4616 745 4686; x_wconf 79' lang='lat' dir='ltr'><strong>separari.</strong></span> <span class='ocrx_word' id='word_1_377' title='bbox 767 4615 906 4670; x_wconf 88' lang='lat' dir='ltr'><strong>Nam</strong></span> <span class='ocrx_word' id='word_1_378' title='bbox 927 4626 974 4670; x_wconf 91' lang='lat' dir='ltr'><strong>et</strong></span> <span class='ocrx_word' id='word_1_379' title='bbox 994 4617 1106 4682; x_wconf 88' lang='lat' dir='ltr'><strong>iste,</strong></span> <span class='ocrx_word' id='word_1_380' title='bbox 1125 4614 1210 4685; x_wconf 86' lang='lat' dir='ltr'><strong>qui</strong></span> <span class='ocrx_word' id='word_1_381' title='bbox 1231 4616 1365 4669; x_wconf 82' lang='lat' dir='ltr'><strong>diues</strong></span> <span class='ocrx_word' id='word_1_382' title='bbox 1388 4623 1436 4670; x_wconf 90' lang='lat' dir='ltr'><strong>et</strong></span> <span class='ocrx_word' id='word_1_383' title='bbox 1461 4615 1685 4687; x_wconf 84' lang='lat' dir='ltr'><strong>locuples</strong></span> <span class='ocrx_word' id='word_1_384' title='bbox 1710 4626 1837 4682; x_wconf 87' lang='lat' dir='ltr'><strong>erat,</strong></span> <span class='ocrx_word' id='word_1_385' title='bbox 1858 4626 1905 4671; x_wconf 92' lang='lat' dir='ltr'><strong>et</strong></span> <span class='ocrx_word' id='word_1_386' title='bbox 1929 4618 2076 4684; x_wconf 80' lang='lat' dir='ltr'><strong>nihil,</strong></span> 
     </span>
    </p>
   </div>
   <div class='ocr_carea' id='block_1_49' title="bbox 494 4705 2082 4776">
    <p class='ocr_par' dir='ltr' id='par_1_49' title="bbox 494 4705 2082 4776">
     <span class='ocr_line' id='line_1_49' title="bbox 494 4705 2082 4776; baseline 0.003 -16"><span class='ocrx_word' id='word_1_387' title='bbox 494 4715 550 4760; x_wconf 90' lang='lat' dir='ltr'><strong>ut</strong></span> <span class='ocrx_word' id='word_1_388' title='bbox 574 4706 758 4773; x_wconf 82' lang='lat' dir='ltr'><strong>dicitis,</strong></span> <span class='ocrx_word' id='word_1_389' title='bbox 789 4706 1011 4776; x_wconf 86' lang='lat' dir='ltr'><strong>amplius</strong></span> <span class='ocrx_word' id='word_1_390' title='bbox 1034 4705 1388 4771; x_wconf 89' lang='lat' dir='ltr'><strong>desiderabat;</strong></span> <span class='ocrx_word' id='word_1_391' title='bbox 1418 4716 1582 4761; x_wconf 89' lang='lat' dir='ltr'><strong>tamen</strong></span> <span class='ocrx_word' id='word_1_392' title='bbox 1606 4709 1725 4776; x_wconf 86' lang='lat' dir='ltr'><strong>quia</strong></span> <span class='ocrx_word' id='word_1_393' title='bbox 1743 4710 1990 4763; x_wconf 85' lang='lat' dir='ltr'><strong>metuebat</strong></span> <span class='ocrx_word' id='word_1_394' title='bbox 2019 4728 2082 4764; x_wconf 90' lang='lat' dir='ltr'><strong>ne</strong></span> 
     </span>
    </p>
   </div>
   <div class='ocr_carea' id='block_1_50' title="bbox 495 4796 2082 4870">
    <p class='ocr_par' dir='ltr' id='par_1_50' title="bbox 495 4796 2082 4870">
     <span class='ocr_line' id='line_1_50' title="bbox 495 4796 2082 4870; baseline 0.003 -21"><span class='ocrx_word' id='word_1_395' title='bbox 495 4797 762 4863; x_wconf 86' lang='lat' dir='ltr'><strong>amitteret,</strong></span> <span class='ocrx_word' id='word_1_396' title='bbox 792 4796 964 4867; x_wconf 88' lang='lat' dir='ltr'><strong>egebat</strong></span> <span class='ocrx_word' id='word_1_397' title='bbox 982 4796 1250 4868; x_wconf 85' lang='lat' dir='ltr'><strong>sapientia.</strong></span> <span class='ocrx_word' id='word_1_398' title='bbox 1274 4797 1480 4868; x_wconf 79' lang='lat' dir='ltr'><strong>Ergone</strong></span> <span class='ocrx_word' id='word_1_399' title='bbox 1495 4799 1628 4852; x_wconf 86' lang='lat' dir='ltr'><strong>hunc</strong></span> <span class='ocrx_word' id='word_1_400' title='bbox 1644 4810 1865 4870; x_wconf 88' lang='lat' dir='ltr'><strong>egentem</strong></span> <span class='ocrx_word' id='word_1_401' title='bbox 1892 4800 2082 4854; x_wconf 84' lang='lat' dir='ltr'><strong>dicere-</strong></span> 
     </span>
    </p>
   </div>
   <div class='ocr_carea' id='block_1_51' title="bbox 495 4888 2078 4963">
    <p class='ocr_par' dir='ltr' id='par_1_51' title="bbox 495 4888 2078 4963">
     <span class='ocr_line' id='line_1_51' title="bbox 495 4888 2078 4963; baseline 0.003 -20"><span class='ocrx_word' id='word_1_402' title='bbox 495 4903 629 4954; x_wconf 86' lang='lat' dir='ltr'><strong>mus,</strong></span> <span class='ocrx_word' id='word_1_403' title='bbox 660 4888 705 4941; x_wconf 88' lang='lat' dir='ltr'><strong>si</strong></span> <span class='ocrx_word' id='word_1_404' title='bbox 729 4896 892 4959; x_wconf 85' lang='lat' dir='ltr'><strong>egeret</strong></span> <span class='ocrx_word' id='word_1_405' title='bbox 910 4897 1122 4959; x_wconf 89' lang='lat' dir='ltr'><strong>argento</strong></span> <span class='ocrx_word' id='word_1_406' title='bbox 1145 4898 1192 4943; x_wconf 91' lang='lat' dir='ltr'><strong>et</strong></span> <span class='ocrx_word' id='word_1_407' title='bbox 1217 4891 1430 4959; x_wconf 86' lang='lat' dir='ltr'><strong>pecunia</strong></span> <span class='ocrx_word' id='word_1_408' title='bbox 1451 4908 1471 4957; x_wconf 88' lang='lat'><em>;</em></span> <span class='ocrx_word' id='word_1_409' title='bbox 1491 4907 1607 4945; x_wconf 89' lang='lat' dir='ltr'><strong>cum</strong></span> <span class='ocrx_word' id='word_1_410' title='bbox 1624 4902 1785 4962; x_wconf 87' lang='lat' dir='ltr'><strong>egeret</strong></span> <span class='ocrx_word' id='word_1_411' title='bbox 1812 4895 2078 4963; x_wconf 83' lang='lat' dir='ltr'><strong>sapientia,</strong></span> 
     </span>
    </p>
   </div>
   <div class='ocr_carea' id='block_1_52' title="bbox 496 4980 2085 5055">
    <p class='ocr_par' dir='ltr' id='par_1_52' title="bbox 496 4980 2085 5055">
     <span class='ocr_line' id='line_1_52' title="bbox 496 4980 2085 5055; baseline 0.004 -20"><span class='ocrx_word' id='word_1_412' title='bbox 496 4996 600 5035; x_wconf 89' lang='lat' dir='ltr'><strong>non</strong></span> <span class='ocrx_word' id='word_1_413' title='bbox 637 4980 955 5036; x_wconf 80' lang='lat' dir='ltr'><strong>diceremus?</strong></span> <span class='ocrx_word' id='word_1_414' title='bbox 981 4982 1425 5039; x_wconf 88' lang='lat' dir='ltr'><strong>Exclamaverunt</strong></span> <span class='ocrx_word' id='word_1_415' title='bbox 1452 4992 1713 5055; x_wconf 88' lang='lat' dir='ltr'><strong>quotquot</strong></span> <span class='ocrx_word' id='word_1_416' title='bbox 1737 4984 1989 5051; x_wconf 86' lang='lat' dir='ltr'><strong>aderant,</strong></span> <span class='ocrx_word' id='word_1_417' title='bbox 2029 4995 2085 5041; x_wconf 86' lang='lat' dir='ltr'><strong>et</strong></span> 
     </span>
    </p>
   </div>
   <div class='ocr_carea' id='block_1_53' title="bbox 495 5072 2082 5146">
    <p class='ocr_par' dir='ltr' id='par_1_53' title="bbox 495 5072 2082 5146">
     <span class='ocr_line' id='line_1_53' title="bbox 495 5072 2082 5146; baseline 0.003 -18"><span class='ocrx_word' id='word_1_418' title='bbox 495 5072 697 5129; x_wconf 88' lang='lat' dir='ltr'><strong>dictum</strong></span> <span class='ocrx_word' id='word_1_419' title='bbox 723 5072 848 5127; x_wconf 91' lang='lat' dir='ltr'><strong>illud</strong></span> <span class='ocrx_word' id='word_1_420' title='bbox 875 5080 1000 5127; x_wconf 85' lang='lat' dir='ltr'><strong>sunt</strong></span> <span class='ocrx_word' id='word_1_421' title='bbox 1025 5073 1290 5130; x_wconf 87' lang='lat' dir='ltr'><strong>admirati.</strong></span> <span class='ocrx_word' id='word_1_422' title='bbox 1324 5076 1441 5145; x_wconf 89' lang='lat' dir='ltr'><strong>ipse</strong></span> <span class='ocrx_word' id='word_1_423' title='bbox 1478 5090 1607 5130; x_wconf 90' lang='lat' dir='ltr'><strong>vero</strong></span> <span class='ocrx_word' id='word_1_424' title='bbox 1632 5076 1959 5146; x_wconf 84' lang='lat' dir='ltr'><strong>Augustinus</strong></span> <span class='ocrx_word' id='word_1_425' title='bbox 1990 5092 2082 5132; x_wconf 84' lang='lat' dir='ltr'><strong>so-</strong></span> 
     </span>
    </p>
   </div>
   <div class='ocr_carea' id='block_1_54' title="bbox 496 5168 2083 5241">
    <p class='ocr_par' dir='ltr' id='par_1_54' title="bbox 496 5168 2083 5241">
     <span class='ocr_line' id='line_1_54' title="bbox 496 5168 2083 5241; baseline 0.001 -16"><span class='ocrx_word' id='word_1_426' title='bbox 496 5168 753 5225; x_wconf 90' lang='lat' dir='ltr'><strong>lutionem</strong></span> <span class='ocrx_word' id='word_1_427' title='bbox 790 5168 967 5234; x_wconf 88' lang='lat' dir='ltr'><strong>illam,</strong></span> <span class='ocrx_word' id='word_1_428' title='bbox 998 5184 1155 5239; x_wconf 89' lang='lat' dir='ltr'><strong>quam</strong></span> <span class='ocrx_word' id='word_1_429' title='bbox 1186 5185 1250 5225; x_wconf 88' lang='lat' dir='ltr'><strong>ex</strong></span> <span class='ocrx_word' id='word_1_430' title='bbox 1281 5169 1721 5241; x_wconf 84' lang='lat' dir='ltr'><strong>philosOphorum</strong></span> <span class='ocrx_word' id='word_1_431' title='bbox 1757 5169 1908 5226; x_wconf 89' lang='lat' dir='ltr'><strong>libris</strong></span> <span class='ocrx_word' id='word_1_432' title='bbox 1944 5173 2083 5241; x_wconf 81' lang='lat' dir='ltr'><strong>peti-</strong></span> 
     </span>
    </p>
   </div>
   <div class='ocr_carea' id='block_1_55' title="bbox 497 5258 2086 5329">
    <p class='ocr_par' dir='ltr' id='par_1_55' title="bbox 497 5258 2086 5329">
     <span class='ocr_line' id='line_1_55' title="bbox 497 5258 2086 5329; baseline 0.004 -16"><span class='ocrx_word' id='word_1_433' title='bbox 497 5268 607 5313; x_wconf 87' lang='lat' dir='ltr'><strong>tam</strong></span> <span class='ocrx_word' id='word_1_434' title='bbox 624 5258 789 5315; x_wconf 84' lang='lat' dir='ltr'><strong>veluti</strong></span> <span class='ocrx_word' id='word_1_435' title='bbox 813 5259 1223 5329; x_wconf 87' lang='lat' dir='ltr'><strong>pulcherrimam</strong></span> <span class='ocrx_word' id='word_1_436' title='bbox 1253 5262 1308 5316; x_wconf 91' lang='lat' dir='ltr'><strong>in</strong></span> <span class='ocrx_word' id='word_1_437' title='bbox 1331 5261 1490 5316; x_wconf 85' lang='lat' dir='ltr'><strong>ﬁnem</strong></span> <span class='ocrx_word' id='word_1_438' title='bbox 1511 5260 1839 5328; x_wconf 86' lang='lat' dir='ltr'><strong>reservabat,</strong></span> <span class='ocrx_word' id='word_1_439' title='bbox 1857 5276 1887 5315; x_wconf 91' lang='lat' dir='ltr'><strong>a</strong></span> <span class='ocrx_word' id='word_1_440' title='bbox 1913 5270 2086 5319; x_wconf 88' lang='lat' dir='ltr'><strong>matre</strong></span> 
     </span>
    </p>
   </div>
   <div class='ocr_carea' id='block_1_56' title="bbox 497 5350 2082 5422">
    <p class='ocr_par' dir='ltr' id='par_1_56' title="bbox 497 5350 2082 5422">
     <span class='ocr_line' id='line_1_56' title="bbox 497 5350 2082 5422; baseline 0.003 -17"><span class='ocrx_word' id='word_1_441' title='bbox 497 5350 666 5407; x_wconf 88' lang='lat' dir='ltr'><strong>fuisse</strong></span> <span class='ocrx_word' id='word_1_442' title='bbox 705 5350 971 5407; x_wconf 88' lang='lat' dir='ltr'><strong>inventam</strong></span> <span class='ocrx_word' id='word_1_443' title='bbox 994 5393 1010 5419; x_wconf 90' lang='lat'><strong>,</strong></span> <span class='ocrx_word' id='word_1_444' title='bbox 1049 5368 1157 5408; x_wconf 90' lang='lat' dir='ltr'><strong>non</strong></span> <span class='ocrx_word' id='word_1_445' title='bbox 1193 5352 1534 5409; x_wconf 89' lang='lat' dir='ltr'><strong>mediocriter</strong></span> <span class='ocrx_word' id='word_1_446' title='bbox 1575 5352 1774 5407; x_wconf 73' lang='lat' dir='ltr'><strong>laetus:</strong></span> <span class='ocrx_word' id='word_1_447' title='bbox 1807 5351 2082 5422; x_wconf 82' lang='lat' dir='ltr'><strong>Videtisne,</strong></span> 
     </span>
    </p>
   </div>
   <div class='ocr_carea' id='block_1_57' title="bbox 498 5443 2083 5515">
    <p class='ocr_par' dir='ltr' id='par_1_57' title="bbox 498 5443 2083 5515">
     <span class='ocr_line' id='line_1_57' title="bbox 498 5443 2083 5515; baseline -0.001 -14"><span class='ocrx_word' id='word_1_448' title='bbox 498 5443 690 5515; x_wconf 73' lang='lat' dir='ltr'><strong>inquit,</strong></span> <span class='ocrx_word' id='word_1_449' title='bbox 721 5445 864 5499; x_wconf 89' lang='lat' dir='ltr'><strong>aliud</strong></span> <span class='ocrx_word' id='word_1_450' title='bbox 889 5461 995 5501; x_wconf 88' lang='lat' dir='ltr'><strong>esse</strong></span> <span class='ocrx_word' id='word_1_451' title='bbox 1011 5446 1198 5501; x_wconf 87' lang='lat' dir='ltr'><strong>multas</strong></span> <span class='ocrx_word' id='word_1_452' title='bbox 1217 5447 1480 5515; x_wconf 80' lang='lat' dir='ltr'><strong>variasque</strong></span> <span class='ocrx_word' id='word_1_453' title='bbox 1503 5444 1780 5510; x_wconf 85' lang='lat' dir='ltr'><strong>doctrinas,</strong></span> <span class='ocrx_word' id='word_1_454' title='bbox 1802 5445 1945 5499; x_wconf 88' lang='lat' dir='ltr'><strong>aliud</strong></span> <span class='ocrx_word' id='word_1_455' title='bbox 1968 5447 2083 5500; x_wconf 81' lang='lat' dir='ltr'><strong>ani-</strong></span> 
     </span>
    </p>
   </div>
   <div class='ocr_carea' id='block_1_58' title="bbox 502 5538 2087 5609">
    <p class='ocr_par' dir='ltr' id='par_1_58' title="bbox 502 5538 2087 5609">
     <span class='ocr_line' id='line_1_58' title="bbox 502 5538 2087 5609; baseline -0.001 -15"><span class='ocrx_word' id='word_1_456' title='bbox 502 5555 645 5594; x_wconf 84' lang='lat' dir='ltr'><strong>mum</strong></span> <span class='ocrx_word' id='word_1_457' title='bbox 672 5541 1054 5595; x_wconf 87' lang='lat' dir='ltr'><strong>attentissimum</strong></span> <span class='ocrx_word' id='word_1_458' title='bbox 1077 5542 1129 5594; x_wconf 91' lang='lat' dir='ltr'><strong>in</strong></span> <span class='ocrx_word' id='word_1_459' title='bbox 1150 5540 1355 5594; x_wconf 83' lang='lat' dir='ltr'><strong>Deum?</strong></span> <span class='ocrx_word' id='word_1_460' title='bbox 1376 5538 1515 5593; x_wconf 90' lang='lat' dir='ltr'><strong>Nam</strong></span> <span class='ocrx_word' id='word_1_461' title='bbox 1544 5539 1676 5592; x_wconf 84' lang='lat' dir='ltr'><strong>unde</strong></span> <span class='ocrx_word' id='word_1_462' title='bbox 1709 5539 1825 5603; x_wconf 84' lang='lat' dir='ltr'><strong>ista,</strong></span> <span class='ocrx_word' id='word_1_463' title='bbox 1857 5555 1972 5609; x_wconf 72' lang='lat' dir='ltr'><strong>qua:</strong></span> <span class='ocrx_word' id='word_1_464' title='bbox 1992 5539 2087 5593; x_wconf 88' lang='lat' dir='ltr'><strong>mi-</strong></span> 
     </span>
    </p>
   </div>
   <div class='ocr_carea' id='block_1_59' title="bbox 504 5628 2087 5702">
    <p class='ocr_par' dir='ltr' id='par_1_59' title="bbox 504 5628 2087 5702">
     <span class='ocr_line' id='line_1_59' title="bbox 504 5628 2087 5702; baseline 0.001 -18"><span class='ocrx_word' id='word_1_465' title='bbox 504 5645 703 5696; x_wconf 82' lang='lat' dir='ltr'><strong>ramur,</strong></span> <span class='ocrx_word' id='word_1_466' title='bbox 732 5631 831 5685; x_wconf 87' lang='lat' dir='ltr'><strong>nisi</strong></span> <span class='ocrx_word' id='word_1_467' title='bbox 858 5632 975 5686; x_wconf 88' lang='lat' dir='ltr'><strong>inde</strong></span> <span class='ocrx_word' id='word_1_468' title='bbox 1002 5631 1318 5702; x_wconf 80' lang='lat' dir='ltr'><strong>procedunt?</strong></span> <span class='ocrx_word' id='word_1_469' title='bbox 1346 5632 1365 5700; x_wconf 87' lang='lat'><strong>(</strong></span> <span class='ocrx_word' id='word_1_470' title='bbox 1391 5628 1550 5694; x_wconf 72' lang='lat' dir='ltr'><strong>Ibid,</strong></span> <span class='ocrx_word' id='word_1_471' title='bbox 1576 5630 1766 5699; x_wconf 79' lang='lat' dir='ltr'><strong>disput.</strong></span> <span class='ocrx_word' id='word_1_472' title='bbox 1794 5630 1848 5693; x_wconf 80' lang='grc'><strong>5,</strong></span> <span class='ocrx_word' id='word_1_473' title='bbox 1877 5646 1927 5682; x_wconf 92' lang='lat' dir='ltr'><strong>n.</strong></span> <span class='ocrx_word' id='word_1_474' title='bbox 1959 5628 2087 5699; x_wconf 69' lang='lat'><strong>27.)</strong></span> 
     </span>
    </p>
   </div>
   <div class='ocr_carea' id='block_1_60' title="bbox 501 5722 2087 5799">
    <p class='ocr_par' dir='ltr' id='par_1_60' title="bbox 501 5722 2087 5799">
     <span class='ocr_line' id='line_1_60' title="bbox 501 5722 2087 5799; baseline -0.003 -16"><span class='ocrx_word' id='word_1_475' title='bbox 501 5725 657 5783; x_wconf 71' lang='lat' dir='ltr'><strong>Circa</strong></span> <span class='ocrx_word' id='word_1_476' title='bbox 686 5725 903 5799; x_wconf 88' lang='lat' dir='ltr'><strong>hujusce</strong></span> <span class='ocrx_word' id='word_1_477' title='bbox 940 5725 1311 5798; x_wconf 87' lang='lat' dir='ltr'><strong>disputationis</strong></span> <span class='ocrx_word' id='word_1_478' title='bbox 1346 5724 1524 5795; x_wconf 88' lang='lat' dir='ltr'><strong>tinem,</strong></span> <span class='ocrx_word' id='word_1_479' title='bbox 1548 5737 1669 5782; x_wconf 87' lang='lat' dir='ltr'><strong>cum</strong></span> <span class='ocrx_word' id='word_1_480' title='bbox 1699 5722 1767 5779; x_wconf 90' lang='lat' dir='ltr'><strong>ab</strong></span> <span class='ocrx_word' id='word_1_481' title='bbox 1795 5722 2087 5795; x_wconf 79' lang='lat' dir='ltr'><strong>Augustino</strong></span> 
     </span>
    </p>
   </div>
   <div class='ocr_carea' id='block_1_61' title="bbox 1559 287 2578 355">
    <p class='ocr_par' dir='ltr' id='par_1_61' title="bbox 1559 287 2578 355">
     <span class='ocr_line' id='line_1_61' title="bbox 1559 287 2578 355; baseline -0.007 0"><span class='ocrx_word' id='word_1_482' title='bbox 1559 296 1718 355; x_wconf 76' lang='lat' dir='ltr'><strong>VITA</strong></span> <span class='ocrx_word' id='word_1_483' title='bbox 1755 294 1811 352; x_wconf 89' lang='lat' dir='ltr'><strong>S.</strong></span> <span class='ocrx_word' id='word_1_484' title='bbox 1851 287 2219 349; x_wconf 81' lang='lat' dir='ltr'><strong>AUGUSTINI</strong></span> <span class='ocrx_word' id='word_1_485' title='bbox 2254 287 2578 350; x_wconf 82' lang='lat' dir='ltr'><strong>EPISCOPI.</strong></span> 
     </span>
    </p>
   </div>
   <div class='ocr_carea' id='block_1_62' title="bbox 3641 288 3749 348">
    <p class='ocr_par' dir='ltr' id='par_1_62' title="bbox 3641 288 3749 348">
     <span class='ocr_line' id='line_1_62' title="bbox 3641 288 3749 348; baseline 0.019 -2"><span class='ocrx_word' id='word_1_486' title='bbox 3641 288 3749 348; x_wconf 65' lang='grc'><strong>183</strong></span> 
     </span>
    </p>
   </div>
   <div class='ocr_carea' id='block_1_63' title="bbox 2154 398 3747 477">
    <p class='ocr_par' dir='ltr' id='par_1_63' title="bbox 2154 398 3747 477">
     <span class='ocr_line' id='line_1_63' title="bbox 2154 398 3747 477; baseline 0.003 -19"><span class='ocrx_word' id='word_1_487' title='bbox 2154 403 2428 467; x_wconf 79' lang='lat' dir='ltr'><strong>Trinitatis</strong></span> <span class='ocrx_word' id='word_1_488' title='bbox 2471 401 2674 460; x_wconf 84' lang='lat' dir='ltr'><strong>mentio</strong></span> <span class='ocrx_word' id='word_1_489' title='bbox 2711 400 2905 474; x_wconf 85' lang='lat' dir='ltr'><strong>injecta</strong></span> <span class='ocrx_word' id='word_1_490' title='bbox 2948 398 3431 469; x_wconf 64' lang='lat' dir='ltr'><strong>fuissetJIonnica</strong></span> <span class='ocrx_word' id='word_1_491' title='bbox 3453 402 3747 477; x_wconf 81' lang='lat' dir='ltr'><strong>recognitis</strong></span> 
     </span>
    </p>
   </div>
   <div class='ocr_carea' id='block_1_64' title="bbox 2154 493 3747 566">
    <p class='ocr_par' dir='ltr' id='par_1_64' title="bbox 2154 493 3747 566">
     <span class='ocr_line' id='line_1_64' title="bbox 2154 493 3747 566; baseline 0.002 -16"><span class='ocrx_word' id='word_1_492' title='bbox 2154 494 2332 551; x_wconf 86' lang='lat' dir='ltr'><strong>verbis</strong></span> <span class='ocrx_word' id='word_1_493' title='bbox 2350 537 2365 561; x_wconf 93' lang='lat'><strong>,</strong></span> <span class='ocrx_word' id='word_1_494' title='bbox 2415 510 2535 566; x_wconf 71' lang='lat' dir='ltr'><strong>quae</strong></span> <span class='ocrx_word' id='word_1_495' title='bbox 2575 509 2688 551; x_wconf 68' lang='lat' dir='ltr'><strong>suae</strong></span> <span class='ocrx_word' id='word_1_496' title='bbox 2722 494 2997 551; x_wconf 62' lang='lat' dir='ltr'><strong>memorie</strong></span> <span class='ocrx_word' id='word_1_497' title='bbox 3028 494 3238 566; x_wconf 89' lang='lat' dir='ltr'><strong>penitus</strong></span> <span class='ocrx_word' id='word_1_498' title='bbox 3281 493 3646 564; x_wconf 63' lang='lat' dir='ltr'><strong>inhaerebant,</strong></span> <span class='ocrx_word' id='word_1_499' title='bbox 3687 506 3747 554; x_wconf 84' lang='lat' dir='ltr'><strong>et</strong></span> 
     </span>
    </p>
   </div>
   <div class='ocr_carea' id='block_1_65' title="bbox 2155 585 3743 657">
    <p class='ocr_par' dir='ltr' id='par_1_65' title="bbox 2155 585 3743 657">
     <span class='ocr_line' id='line_1_65' title="bbox 2155 585 3743 657; baseline 0.004 -17"><span class='ocrx_word' id='word_1_500' title='bbox 2155 586 2305 655; x_wconf 89' lang='lat' dir='ltr'><strong>quasi</strong></span> <span class='ocrx_word' id='word_1_501' title='bbox 2325 586 2580 657; x_wconf 79' lang='lat' dir='ltr'><strong>evigilans</strong></span> <span class='ocrx_word' id='word_1_502' title='bbox 2606 586 2661 642; x_wconf 85' lang='lat' dir='ltr'><strong>in</strong></span> <span class='ocrx_word' id='word_1_503' title='bbox 2680 585 2841 642; x_wconf 82' lang='lat' dir='ltr'><strong>fidem</strong></span> <span class='ocrx_word' id='word_1_504' title='bbox 2867 599 3039 653; x_wconf 87' lang='lat' dir='ltr'><strong>suam,</strong></span> <span class='ocrx_word' id='word_1_505' title='bbox 3067 601 3284 643; x_wconf 86' lang='lat' dir='ltr'><strong>versum</strong></span> <span class='ocrx_word' id='word_1_506' title='bbox 3311 587 3462 643; x_wconf 80' lang='lat' dir='ltr'><strong>illum</strong></span> <span class='ocrx_word' id='word_1_507' title='bbox 3490 588 3743 646; x_wconf 83' lang='lat' dir='ltr'><strong>sacerdo-</strong></span> 
     </span>
    </p>
   </div>
   <div class='ocr_carea' id='block_1_66' title="bbox 2156 675 3739 748">
    <p class='ocr_par' dir='ltr' id='par_1_66' title="bbox 2156 675 3739 748">
     <span class='ocr_line' id='line_1_66' title="bbox 2156 675 3739 748; baseline 0.004 -18"><span class='ocrx_word' id='word_1_508' title='bbox 2156 676 2224 731; x_wconf 89' lang='lat' dir='ltr'><strong>tis</strong></span> <span class='ocrx_word' id='word_1_509' title='bbox 2254 676 2519 733; x_wconf 84' lang='lat' dir='ltr'><strong>Ambrosii</strong></span> <span class='ocrx_word' id='word_1_510' title='bbox 2537 716 2554 743; x_wconf 93' lang='lat'><strong>,</strong></span> <span class='ocrx_word' id='word_1_511' title='bbox 2596 675 2743 732; x_wconf 71' lang='lat' dir='ltr'><strong>Fove&#39;</strong></span> <span class='ocrx_word' id='word_1_512' title='bbox 2761 686 3041 748; x_wconf 83' lang='lat' dir='ltr'><strong>precantes,</strong></span> <span class='ocrx_word' id='word_1_513' title='bbox 3072 675 3333 745; x_wconf 84' lang='lat' dir='ltr'><strong>Trinitas,</strong></span> <span class='ocrx_word' id='word_1_514' title='bbox 3365 677 3484 733; x_wconf 72' lang='lat' dir='ltr'><strong>laeta</strong></span> <span class='ocrx_word' id='word_1_515' title='bbox 3514 678 3739 747; x_wconf 71' lang='lat' dir='ltr'><strong>effudit,</strong></span> 
     </span>
    </p>
   </div>
   <div class='ocr_carea' id='block_1_67' title="bbox 2154 767 3746 839">
    <p class='ocr_par' dir='ltr' id='par_1_67' title="bbox 2154 767 3746 839">
     <span class='ocr_line' id='line_1_67' title="bbox 2154 767 3746 839; baseline 0.002 -17"><span class='ocrx_word' id='word_1_516' title='bbox 2154 777 2314 839; x_wconf 88' lang='lat' dir='ltr'><strong>atque</strong></span> <span class='ocrx_word' id='word_1_517' title='bbox 2353 767 2579 837; x_wconf 88' lang='lat' dir='ltr'><strong>subjecit</strong></span> <span class='ocrx_word' id='word_1_518' title='bbox 2608 786 2624 822; x_wconf 87' lang='lat'><strong>:</strong></span> <span class='ocrx_word' id='word_1_519' title='bbox 2651 767 2778 823; x_wconf 66' lang='lat' dir='ltr'><strong>Haec</strong></span> <span class='ocrx_word' id='word_1_520' title='bbox 2804 777 2909 833; x_wconf 90' lang='lat' dir='ltr'><strong>est,</strong></span> <span class='ocrx_word' id='word_1_521' title='bbox 2942 767 3084 822; x_wconf 91' lang='lat' dir='ltr'><strong>nullo</strong></span> <span class='ocrx_word' id='word_1_522' title='bbox 3112 767 3411 839; x_wconf 86' lang='lat' dir='ltr'><strong>ambigente,</strong></span> <span class='ocrx_word' id='word_1_523' title='bbox 3444 769 3590 824; x_wconf 89' lang='lat' dir='ltr'><strong>beata</strong></span> <span class='ocrx_word' id='word_1_524' title='bbox 3619 770 3746 838; x_wconf 79' lang='lat' dir='ltr'><strong>vita,</strong></span> 
     </span>
    </p>
   </div>
   <div class='ocr_carea' id='block_1_68' title="bbox 2154 859 3750 934">
    <p class='ocr_par' dir='ltr' id='par_1_68' title="bbox 2154 859 3750 934">
     <span class='ocr_line' id='line_1_68' title="bbox 2154 859 3750 934; baseline 0.002 -19"><span class='ocrx_word' id='word_1_525' title='bbox 2154 874 2268 929; x_wconf 77' lang='lat' dir='ltr'><strong>qua:</strong></span> <span class='ocrx_word' id='word_1_526' title='bbox 2289 859 2391 913; x_wconf 68' lang='lat' dir='ltr'><strong>vita</strong></span> <span class='ocrx_word' id='word_1_527' title='bbox 2415 863 2636 931; x_wconf 75' lang='lat' dir='ltr'><strong>perfecta</strong></span> <span class='ocrx_word' id='word_1_528' title='bbox 2658 869 2767 925; x_wconf 88' lang='lat' dir='ltr'><strong>est;</strong></span> <span class='ocrx_word' id='word_1_529' title='bbox 2787 859 2855 913; x_wconf 90' lang='lat' dir='ltr'><strong>ad</strong></span> <span class='ocrx_word' id='word_1_530' title='bbox 2872 876 3025 932; x_wconf 89' lang='lat' dir='ltr'><strong>quam</strong></span> <span class='ocrx_word' id='word_1_531' title='bbox 3044 875 3137 915; x_wconf 90' lang='lat' dir='ltr'><strong>nos</strong></span> <span class='ocrx_word' id='word_1_532' title='bbox 3155 862 3449 932; x_wconf 82' lang='lat' dir='ltr'><strong>festinantes</strong></span> <span class='ocrx_word' id='word_1_533' title='bbox 3464 878 3609 932; x_wconf 84' lang='lat' dir='ltr'><strong>posse</strong></span> <span class='ocrx_word' id='word_1_534' title='bbox 3629 880 3750 934; x_wconf 86' lang='lat' dir='ltr'><strong>per-</strong></span> 
     </span>
    </p>
   </div>
   <div class='ocr_carea' id='block_1_69' title="bbox 2156 949 3747 1025">
    <p class='ocr_par' dir='ltr' id='par_1_69' title="bbox 2156 949 3747 1025">
     <span class='ocr_line' id='line_1_69' title="bbox 2156 949 3747 1025; baseline 0.004 -22"><span class='ocrx_word' id='word_1_535' title='bbox 2156 949 2274 1005; x_wconf 84' lang='lat' dir='ltr'><strong>duci</strong></span> <span class='ocrx_word' id='word_1_536' title='bbox 2298 950 2464 1005; x_wconf 88' lang='lat' dir='ltr'><strong>solida</strong></span> <span class='ocrx_word' id='word_1_537' title='bbox 2490 951 2592 1019; x_wconf 78' lang='lat' dir='ltr'><strong>ﬁde</strong></span> <span class='ocrx_word' id='word_1_538' title='bbox 2610 992 2626 1017; x_wconf 90' lang='lat'><strong>,</strong></span> <span class='ocrx_word' id='word_1_539' title='bbox 2653 951 2811 1006; x_wconf 86' lang='lat' dir='ltr'><strong>alacri</strong></span> <span class='ocrx_word' id='word_1_540' title='bbox 2835 968 2925 1021; x_wconf 89' lang='lat' dir='ltr'><strong>spe</strong></span> <span class='ocrx_word' id='word_1_541' title='bbox 2942 993 2958 1017; x_wconf 93' lang='lat'><strong>,</strong></span> <span class='ocrx_word' id='word_1_542' title='bbox 2986 953 3237 1023; x_wconf 78' lang='lat' dir='ltr'><strong>ﬂagrante</strong></span> <span class='ocrx_word' id='word_1_543' title='bbox 3259 952 3525 1018; x_wconf 84' lang='lat' dir='ltr'><strong>charitate,</strong></span> <span class='ocrx_word' id='word_1_544' title='bbox 3546 971 3747 1025; x_wconf 65' lang='lat' dir='ltr'><strong>presu-</strong></span> 
     </span>
    </p>
   </div>
   <div class='ocr_carea' id='block_1_70' title="bbox 2156 1039 3745 1113">
    <p class='ocr_par' dir='ltr' id='par_1_70' title="bbox 2156 1039 3745 1113">
     <span class='ocr_line' id='line_1_70' title="bbox 2156 1039 3745 1113; baseline 0.004 -19"><span class='ocrx_word' id='word_1_545' title='bbox 2156 1040 2392 1094; x_wconf 89' lang='lat' dir='ltr'><strong>mendum</strong></span> <span class='ocrx_word' id='word_1_546' title='bbox 2423 1049 2496 1093; x_wconf 88' lang='lat' dir='ltr'><strong>est</strong></span> <span class='ocrx_word' id='word_1_547' title='bbox 2526 1039 2722 1111; x_wconf 84' lang='lat' dir='ltr'><strong>(Ibid.,</strong></span> <span class='ocrx_word' id='word_1_548' title='bbox 2753 1058 2805 1095; x_wconf 88' lang='lat' dir='ltr'><strong>n.</strong></span> <span class='ocrx_word' id='word_1_549' title='bbox 2839 1042 2908 1097; x_wconf 77' lang='lat'><strong>35</strong></span> <span class='ocrx_word' id='word_1_550' title='bbox 2923 1039 2970 1113; x_wconf 90' lang='lat'><strong>).</strong></span> <span class='ocrx_word' id='word_1_551' title='bbox 2997 1040 3312 1111; x_wconf 84' lang='lat' dir='ltr'><strong>Quanquam</strong></span> <span class='ocrx_word' id='word_1_552' title='bbox 3346 1042 3534 1098; x_wconf 90' lang='lat' dir='ltr'><strong>matris</strong></span> <span class='ocrx_word' id='word_1_553' title='bbox 3560 1043 3745 1100; x_wconf 46' lang='lat' dir='ltr'><strong>excel‘</strong></span> 
     </span>
    </p>
   </div>
   <div class='ocr_carea' id='block_1_71' title="bbox 2157 1129 3746 1204">
    <p class='ocr_par' dir='ltr' id='par_1_71' title="bbox 2157 1129 3746 1204">
     <span class='ocr_line' id='line_1_71' title="bbox 2157 1129 3746 1204; baseline 0.002 -20"><span class='ocrx_word' id='word_1_554' title='bbox 2157 1130 2275 1185; x_wconf 91' lang='lat' dir='ltr'><strong>lens</strong></span> <span class='ocrx_word' id='word_1_555' title='bbox 2314 1129 2581 1201; x_wconf 89' lang='lat' dir='ltr'><strong>ingenium</strong></span> <span class='ocrx_word' id='word_1_556' title='bbox 2617 1130 2729 1201; x_wconf 91' lang='lat' dir='ltr'><strong>jam</strong></span> <span class='ocrx_word' id='word_1_557' title='bbox 2772 1141 2897 1188; x_wconf 92' lang='lat' dir='ltr'><strong>ante</strong></span> <span class='ocrx_word' id='word_1_558' title='bbox 2936 1148 3003 1187; x_wconf 83' lang='lat' dir='ltr'><strong>ex</strong></span> <span class='ocrx_word' id='word_1_559' title='bbox 3049 1132 3300 1187; x_wconf 89' lang='lat' dir='ltr'><strong>diuturno</strong></span> <span class='ocrx_word' id='word_1_560' title='bbox 3331 1132 3576 1187; x_wconf 89' lang='lat' dir='ltr'><strong>convictu</strong></span> <span class='ocrx_word' id='word_1_561' title='bbox 3620 1149 3746 1204; x_wconf 77' lang='lat' dir='ltr'><strong>per-</strong></span> 
     </span>
    </p>
   </div>
   <div class='ocr_carea' id='block_1_72' title="bbox 2157 1229 3747 1303">
    <p class='ocr_par' dir='ltr' id='par_1_72' title="bbox 2157 1229 3747 1303">
     <span class='ocr_line' id='line_1_72' title="bbox 2157 1229 3747 1303; baseline 0.004 -19"><span class='ocrx_word' id='word_1_562' title='bbox 2157 1229 2422 1300; x_wconf 87' lang='lat' dir='ltr'><strong>spexisset</strong></span> <span class='ocrx_word' id='word_1_563' title='bbox 2471 1230 2835 1300; x_wconf 85' lang='lat' dir='ltr'><strong>Augustinus;</strong></span> <span class='ocrx_word' id='word_1_564' title='bbox 2890 1230 2945 1285; x_wconf 92' lang='lat' dir='ltr'><strong>in</strong></span> <span class='ocrx_word' id='word_1_565' title='bbox 3004 1231 3094 1287; x_wconf 89' lang='lat' dir='ltr'><strong>illa</strong></span> <span class='ocrx_word' id='word_1_566' title='bbox 3150 1237 3327 1289; x_wconf 84' lang='lat' dir='ltr'><strong>tamen</strong></span> <span class='ocrx_word' id='word_1_567' title='bbox 3383 1232 3747 1303; x_wconf 83' lang='lat' dir='ltr'><strong>disputatione</strong></span> 
     </span>
    </p>
   </div>
   <div class='ocr_carea' id='block_1_73' title="bbox 2157 1322 3745 1396">
    <p class='ocr_par' dir='ltr' id='par_1_73' title="bbox 2157 1322 3745 1396">
     <span class='ocr_line' id='line_1_73' title="bbox 2157 1322 3745 1396; baseline 0.002 -19"><span class='ocrx_word' id='word_1_568' title='bbox 2157 1331 2394 1378; x_wconf 85' lang='lat' dir='ltr'><strong>mentem</strong></span> <span class='ocrx_word' id='word_1_569' title='bbox 2424 1322 2542 1393; x_wconf 89' lang='lat' dir='ltr'><strong>ejus</strong></span> <span class='ocrx_word' id='word_1_570' title='bbox 2579 1323 2793 1393; x_wconf 83' lang='lat' dir='ltr'><strong>agnovit</strong></span> <span class='ocrx_word' id='word_1_571' title='bbox 2817 1323 2954 1379; x_wconf 91' lang='lat' dir='ltr'><strong>adeo</strong></span> <span class='ocrx_word' id='word_1_572' title='bbox 2989 1324 3272 1381; x_wconf 90' lang='lat' dir='ltr'><strong>sublimem</strong></span> <span class='ocrx_word' id='word_1_573' title='bbox 3305 1333 3463 1396; x_wconf 86' lang='lat' dir='ltr'><strong>atque</strong></span> <span class='ocrx_word' id='word_1_574' title='bbox 3488 1334 3745 1394; x_wconf 86' lang='lat' dir='ltr'><strong>erectam,</strong></span> 
     </span>
    </p>
   </div>
   <div class='ocr_carea' id='block_1_74' title="bbox 2159 1415 3749 1495">
    <p class='ocr_par' dir='ltr' id='par_1_74' title="bbox 2159 1415 3749 1495">
     <span class='ocr_line' id='line_1_74' title="bbox 2159 1415 3749 1495; baseline 0.002 -27"><span class='ocrx_word' id='word_1_575' title='bbox 2159 1423 2218 1470; x_wconf 94' lang='lat' dir='ltr'><strong>ut</strong></span> <span class='ocrx_word' id='word_1_576' title='bbox 2245 1415 2595 1471; x_wconf 81' lang='lat' dir='ltr'><strong>arbitraretur</strong></span> <span class='ocrx_word' id='word_1_577' title='bbox 2618 1431 2737 1472; x_wconf 89' lang='lat' dir='ltr'><strong>esse</strong></span> <span class='ocrx_word' id='word_1_578' title='bbox 2765 1416 3033 1472; x_wconf 86' lang='lat' dir='ltr'><strong>neminem</strong></span> <span class='ocrx_word' id='word_1_579' title='bbox 3049 1457 3070 1484; x_wconf 88' lang='lat'><strong>,</strong></span> <span class='ocrx_word' id='word_1_580' title='bbox 3094 1418 3184 1488; x_wconf 91' lang='lat' dir='ltr'><strong>qui</strong></span> <span class='ocrx_word' id='word_1_581' title='bbox 3214 1417 3281 1473; x_wconf 90' lang='lat' dir='ltr'><strong>ad</strong></span> <span class='ocrx_word' id='word_1_582' title='bbox 3310 1432 3489 1473; x_wconf 85' lang='lat' dir='ltr'><strong>veram</strong></span> <span class='ocrx_word' id='word_1_583' title='bbox 3511 1417 3749 1495; x_wconf 80' lang='lat' dir='ltr'><strong>philoso-</strong></span> 
     </span>
    </p>
   </div>
   <div class='ocr_carea' id='block_1_75' title="bbox 2160 1507 3746 1579">
    <p class='ocr_par' dir='ltr' id='par_1_75' title="bbox 2160 1507 3746 1579">
     <span class='ocr_line' id='line_1_75' title="bbox 2160 1507 3746 1579; baseline 0.003 -18"><span class='ocrx_word' id='word_1_584' title='bbox 2160 1507 2337 1576; x_wconf 89' lang='lat' dir='ltr'><strong>phiam</strong></span> <span class='ocrx_word' id='word_1_585' title='bbox 2363 1523 2425 1563; x_wconf 89' lang='lat' dir='ltr'><strong>ea</strong></span> <span class='ocrx_word' id='word_1_586' title='bbox 2451 1508 2622 1579; x_wconf 89' lang='lat' dir='ltr'><strong>magis</strong></span> <span class='ocrx_word' id='word_1_587' title='bbox 2653 1508 2876 1565; x_wconf 88' lang='lat' dir='ltr'><strong>idoneus</strong></span> <span class='ocrx_word' id='word_1_588' title='bbox 2901 1509 3237 1579; x_wconf 78' lang='lat' dir='ltr'><strong>reperiretur</strong></span> <span class='ocrx_word' id='word_1_589' title='bbox 3255 1510 3276 1579; x_wconf 82' lang='lat'>(</span> <span class='ocrx_word' id='word_1_590' title='bbox 3294 1509 3376 1569; x_wconf 84' lang='lat' dir='ltr'><strong>De</strong></span> <span class='ocrx_word' id='word_1_591' title='bbox 3401 1509 3631 1576; x_wconf 85' lang='lat' dir='ltr'><strong>Ordine,</strong></span> <span class='ocrx_word' id='word_1_592' title='bbox 3652 1509 3746 1565; x_wconf 85' lang='lat' dir='ltr'><strong>lib.</strong></span> 
     </span>
    </p>
   </div>
   <div class='ocr_carea' id='block_1_76' title="bbox 2158 1599 3750 1671">
    <p class='ocr_par' dir='ltr' id='par_1_76' title="bbox 2158 1599 3750 1671">
     <span class='ocr_line' id='line_1_76' title="bbox 2158 1599 3750 1671; baseline 0.003 -18"><span class='ocrx_word' id='word_1_593' title='bbox 2158 1600 2213 1663; x_wconf 73' lang='lat'><strong>2,</strong></span> <span class='ocrx_word' id='word_1_594' title='bbox 2240 1617 2293 1653; x_wconf 81' lang='grc' dir='ltr'><em>η.</em></span> <span class='ocrx_word' id='word_1_595' title='bbox 2318 1599 2410 1670; x_wconf 90' lang='grc'><strong>1).</strong></span> <span class='ocrx_word' id='word_1_596' title='bbox 2436 1601 2772 1671; x_wconf 84' lang='lat' dir='ltr'><strong>Quapropter</strong></span> <span class='ocrx_word' id='word_1_597' title='bbox 2795 1600 2983 1671; x_wconf 88' lang='lat' dir='ltr'><strong>agebat</strong></span> <span class='ocrx_word' id='word_1_598' title='bbox 3011 1600 3148 1670; x_wconf 89' lang='lat' dir='ltr'><strong>ipse,</strong></span> <span class='ocrx_word' id='word_1_599' title='bbox 3176 1600 3344 1655; x_wconf 86' lang='lat' dir='ltr'><strong>utilia</strong></span> <span class='ocrx_word' id='word_1_600' title='bbox 3365 1599 3750 1671; x_wconf 82' lang='lat' dir='ltr'><strong>pbilosophicis</strong></span> 
     </span>
    </p>
   </div>
   <div class='ocr_carea' id='block_1_77' title="bbox 2158 1689 3745 1761">
    <p class='ocr_par' dir='ltr' id='par_1_77' title="bbox 2158 1689 3745 1761">
     <span class='ocr_line' id='line_1_77' title="bbox 2158 1689 3745 1761; baseline 0.001 -17"><span class='ocrx_word' id='word_1_601' title='bbox 2158 1689 2418 1761; x_wconf 92' lang='lat' dir='ltr'><strong>ejusmodi</strong></span> <span class='ocrx_word' id='word_1_602' title='bbox 2469 1690 2933 1747; x_wconf 87' lang='lat' dir='ltr'><strong>dissertationibus</strong></span> <span class='ocrx_word' id='word_1_603' title='bbox 2954 1732 2970 1757; x_wconf 90' lang='lat'><strong>,</strong></span> <span class='ocrx_word' id='word_1_604' title='bbox 3011 1705 3134 1746; x_wconf 91' lang='lat' dir='ltr'><strong>cum</strong></span> <span class='ocrx_word' id='word_1_605' title='bbox 3180 1690 3345 1745; x_wconf 92' lang='lat' dir='ltr'><strong>otium</strong></span> <span class='ocrx_word' id='word_1_606' title='bbox 3394 1696 3745 1761; x_wconf 78' lang='lat' dir='ltr'><strong>suppeteret,</strong></span> 
     </span>
    </p>
   </div>
   <div class='ocr_carea' id='block_1_78' title="bbox 2130 1776 3751 1851">
    <p class='ocr_par' dir='ltr' id='par_1_78' title="bbox 2130 1776 3751 1851">
     <span class='ocr_line' id='line_1_78' title="bbox 2130 1776 3751 1851; baseline 0.001 -16"><span class='ocrx_word' id='word_1_607' title='bbox 2130 1776 2133 1777; x_wconf 55' lang='grc'><strong><em>⁷</em></strong></span> <span class='ocrx_word' id='word_1_608' title='bbox 2159 1795 2428 1851; x_wconf 90' lang='lat' dir='ltr'><strong>nunquam</strong></span> <span class='ocrx_word' id='word_1_609' title='bbox 2448 1795 2555 1836; x_wconf 90' lang='lat' dir='ltr'><strong>non</strong></span> <span class='ocrx_word' id='word_1_610' title='bbox 2582 1780 2814 1836; x_wconf 89' lang='lat' dir='ltr'><strong>adesset.</strong></span> <span class='ocrx_word' id='word_1_611' title='bbox 2839 1781 2899 1836; x_wconf 91' lang='lat' dir='ltr'><strong>In</strong></span> <span class='ocrx_word' id='word_1_612' title='bbox 2918 1780 3151 1836; x_wconf 90' lang='lat' dir='ltr'><strong>secundo</strong></span> <span class='ocrx_word' id='word_1_613' title='bbox 3170 1779 3239 1837; x_wconf 94' lang='lat' dir='ltr'><strong>de</strong></span> <span class='ocrx_word' id='word_1_614' title='bbox 3258 1780 3457 1836; x_wconf 88' lang='lat' dir='ltr'><strong>Ordine</strong></span> <span class='ocrx_word' id='word_1_615' title='bbox 3479 1779 3751 1850; x_wconf 73' lang='lat' dir='ltr'><strong>colloquio</strong></span> 
     </span>
    </p>
   </div>
   <div class='ocr_carea' id='block_1_79' title="bbox 2162 1870 3751 1944">
    <p class='ocr_par' dir='ltr' id='par_1_79' title="bbox 2162 1870 3751 1944">
     <span class='ocr_line' id='line_1_79' title="bbox 2162 1870 3751 1944; baseline 0 -17"><span class='ocrx_word' id='word_1_616' title='bbox 2162 1871 2473 1942; x_wconf 68' lang='lat' dir='ltr'><strong>praeclarum</strong></span> <span class='ocrx_word' id='word_1_617' title='bbox 2502 1871 2607 1927; x_wconf 91' lang='lat' dir='ltr'><strong>hoc</strong></span> <span class='ocrx_word' id='word_1_618' title='bbox 2628 1870 2782 1926; x_wconf 80' lang='lat' dir='ltr'><strong>etfata</strong></span> <span class='ocrx_word' id='word_1_619' title='bbox 2803 1880 2885 1926; x_wconf 90' lang='lat' dir='ltr'><strong>est</strong></span> <span class='ocrx_word' id='word_1_620' title='bbox 2909 1890 2922 1925; x_wconf 88' lang='lat'><strong>:</strong></span> <span class='ocrx_word' id='word_1_621' title='bbox 2947 1871 3092 1944; x_wconf 88' lang='lat' dir='ltr'><strong>Ego,</strong></span> <span class='ocrx_word' id='word_1_622' title='bbox 3122 1872 3311 1943; x_wconf 85' lang='lat' dir='ltr'><strong>inquit,</strong></span> <span class='ocrx_word' id='word_1_623' title='bbox 3341 1888 3443 1926; x_wconf 89' lang='lat' dir='ltr'><strong>non</strong></span> <span class='ocrx_word' id='word_1_624' title='bbox 3471 1881 3595 1942; x_wconf 90' lang='lat' dir='ltr'><strong>puto</strong></span> <span class='ocrx_word' id='word_1_625' title='bbox 3618 1871 3751 1927; x_wconf 76' lang='lat' dir='ltr'><strong>nihil</strong></span> 
     </span>
    </p>
   </div>
   <div class='ocr_carea' id='block_1_80' title="bbox 2161 1962 3750 2035">
    <p class='ocr_par' dir='ltr' id='par_1_80' title="bbox 2161 1962 3750 2035">
     <span class='ocr_line' id='line_1_80' title="bbox 2161 1962 3750 2035; baseline 0.001 -19"><span class='ocrx_word' id='word_1_626' title='bbox 2161 1963 2381 2035; x_wconf 87' lang='lat' dir='ltr'><strong>potuisse</strong></span> <span class='ocrx_word' id='word_1_627' title='bbox 2421 1971 2603 2034; x_wconf 62' lang='lat' dir='ltr'><strong>praeter</strong></span> <span class='ocrx_word' id='word_1_628' title='bbox 2639 1962 2737 2017; x_wconf 89' lang='lat' dir='ltr'><strong>Dei</strong></span> <span class='ocrx_word' id='word_1_629' title='bbox 2765 1963 2995 2017; x_wconf 89' lang='lat' dir='ltr'><strong>ordinem</strong></span> <span class='ocrx_word' id='word_1_630' title='bbox 3032 1964 3143 2032; x_wconf 80' lang='lat' dir='ltr'><strong>fieri</strong></span> <span class='ocrx_word' id='word_1_631' title='bbox 3154 1979 3175 2027; x_wconf 85' lang='lat'><strong><em>;</em></strong></span> <span class='ocrx_word' id='word_1_632' title='bbox 3206 1964 3325 2033; x_wconf 82' lang='lat' dir='ltr'><strong>quia</strong></span> <span class='ocrx_word' id='word_1_633' title='bbox 3351 1964 3517 2033; x_wconf 87' lang='lat' dir='ltr'><strong>ipsum</strong></span> <span class='ocrx_word' id='word_1_634' title='bbox 3554 1962 3750 2018; x_wconf 72' lang='lat' dir='ltr'><strong>&quot;talum</strong></span> 
     </span>
    </p>
   </div>
   <div class='ocr_carea' id='block_1_81' title="bbox 2161 2052 3750 2121">
    <p class='ocr_par' dir='ltr' id='par_1_81' title="bbox 2161 2052 3750 2121">
     <span class='ocr_line' id='line_1_81' title="bbox 2161 2052 3750 2121; baseline 0.002 -15"><span class='ocrx_word' id='word_1_635' title='bbox 2161 2053 2296 2121; x_wconf 88' lang='lat' dir='ltr'><strong>quod</strong></span> <span class='ocrx_word' id='word_1_636' title='bbox 2325 2062 2498 2107; x_wconf 88' lang='lat' dir='ltr'><strong>natum</strong></span> <span class='ocrx_word' id='word_1_637' title='bbox 2526 2062 2632 2121; x_wconf 85' lang='lat' dir='ltr'><strong>est,</strong></span> <span class='ocrx_word' id='word_1_638' title='bbox 2653 2054 2794 2109; x_wconf 90' lang='lat' dir='ltr'><strong>nullo</strong></span> <span class='ocrx_word' id='word_1_639' title='bbox 2819 2054 2970 2108; x_wconf 89' lang='lat' dir='ltr'><strong>modo</strong></span> <span class='ocrx_word' id='word_1_640' title='bbox 3004 2053 3102 2109; x_wconf 88' lang='lat' dir='ltr'><strong>Dei</strong></span> <span class='ocrx_word' id='word_1_641' title='bbox 3127 2054 3309 2109; x_wconf 86' lang='lat' dir='ltr'><strong>ordine</strong></span> <span class='ocrx_word' id='word_1_642' title='bbox 3324 2063 3494 2109; x_wconf 89' lang='lat' dir='ltr'><strong>natum</strong></span> <span class='ocrx_word' id='word_1_643' title='bbox 3514 2063 3630 2118; x_wconf 89' lang='lat' dir='ltr'><strong>est;</strong></span> <span class='ocrx_word' id='word_1_644' title='bbox 3657 2052 3750 2109; x_wconf 89' lang='lat' dir='ltr'><strong>sed</strong></span> 
     </span>
    </p>
   </div>
   <div class='ocr_carea' id='block_1_82' title="bbox 2160 2142 3753 2210">
    <p class='ocr_par' dir='ltr' id='par_1_82' title="bbox 2160 2142 3753 2210">
     <span class='ocr_line' id='line_1_82' title="bbox 2160 2142 3753 2210; baseline 0.001 -12"><span class='ocrx_word' id='word_1_645' title='bbox 2160 2142 2254 2198; x_wconf 84' lang='lat' dir='ltr'><strong>illa</strong></span> <span class='ocrx_word' id='word_1_646' title='bbox 2274 2144 2469 2209; x_wconf 82' lang='lat' dir='ltr'><strong>iustitia</strong></span> <span class='ocrx_word' id='word_1_647' title='bbox 2490 2144 2547 2197; x_wconf 90' lang='lat' dir='ltr'><strong>id</strong></span> <span class='ocrx_word' id='word_1_648' title='bbox 2569 2144 2914 2199; x_wconf 86' lang='lat' dir='ltr'><strong>inordinatum</strong></span> <span class='ocrx_word' id='word_1_649' title='bbox 2933 2161 3040 2200; x_wconf 89' lang='lat' dir='ltr'><strong>esse</strong></span> <span class='ocrx_word' id='word_1_650' title='bbox 3062 2161 3162 2199; x_wconf 91' lang='lat' dir='ltr'><strong>non</strong></span> <span class='ocrx_word' id='word_1_651' title='bbox 3181 2145 3316 2210; x_wconf 85' lang='lat' dir='ltr'><strong>sivit,</strong></span> <span class='ocrx_word' id='word_1_652' title='bbox 3338 2154 3385 2199; x_wconf 90' lang='lat' dir='ltr'><strong>et</strong></span> <span class='ocrx_word' id='word_1_653' title='bbox 3403 2145 3456 2199; x_wconf 90' lang='lat' dir='ltr'><strong>in</strong></span> <span class='ocrx_word' id='word_1_654' title='bbox 3476 2145 3572 2199; x_wconf 88' lang='lat' dir='ltr'><strong>sibi</strong></span> <span class='ocrx_word' id='word_1_655' title='bbox 3598 2144 3753 2199; x_wconf 81' lang='lat' dir='ltr'><strong>meri-</strong></span> 
     </span>
    </p>
   </div>
   <div class='ocr_carea' id='block_1_83' title="bbox 2164 2234 3754 2308">
    <p class='ocr_par' dir='ltr' id='par_1_83' title="bbox 2164 2234 3754 2308">
     <span class='ocr_line' id='line_1_83' title="bbox 2164 2234 3754 2308; baseline 0.002 -18"><span class='ocrx_word' id='word_1_656' title='bbox 2164 2246 2268 2290; x_wconf 87' lang='lat' dir='ltr'><strong>tum</strong></span> <span class='ocrx_word' id='word_1_657' title='bbox 2288 2235 2515 2290; x_wconf 88' lang='lat' dir='ltr'><strong>ordinem</strong></span> <span class='ocrx_word' id='word_1_658' title='bbox 2534 2236 2727 2308; x_wconf 88' lang='lat' dir='ltr'><strong>redegit</strong></span> <span class='ocrx_word' id='word_1_659' title='bbox 2749 2244 2798 2291; x_wconf 90' lang='lat' dir='ltr'><strong>et</strong></span> <span class='ocrx_word' id='word_1_660' title='bbox 2815 2237 3057 2307; x_wconf 87' lang='lat' dir='ltr'><strong>compulit</strong></span> <span class='ocrx_word' id='word_1_661' title='bbox 3088 2235 3282 2306; x_wconf 83' lang='lat' dir='ltr'><strong>(Ibid.,</strong></span> <span class='ocrx_word' id='word_1_662' title='bbox 3314 2252 3368 2290; x_wconf 85' lang='lat' dir='ltr'><strong>n.</strong></span> <span class='ocrx_word' id='word_1_663' title='bbox 3397 2234 3522 2307; x_wconf 59' lang='grc' dir='ltr'><strong>εδ).</strong></span> <span class='ocrx_word' id='word_1_664' title='bbox 3546 2235 3754 2302; x_wconf 76' lang='lat' dir='ltr'><strong>Quibus</strong></span> 
     </span>
    </p>
   </div>
   <div class='ocr_carea' id='block_1_84' title="bbox 2162 2325 3755 2398">
    <p class='ocr_par' dir='ltr' id='par_1_84' title="bbox 2162 2325 3755 2398">
     <span class='ocr_line' id='line_1_84' title="bbox 2162 2325 3755 2398; baseline 0.002 -18"><span class='ocrx_word' id='word_1_665' title='bbox 2162 2326 2341 2382; x_wconf 87' lang='lat' dir='ltr'><strong>verbis</strong></span> <span class='ocrx_word' id='word_1_666' title='bbox 2378 2325 2430 2380; x_wconf 91' lang='lat' dir='ltr'><strong>id</strong></span> <span class='ocrx_word' id='word_1_667' title='bbox 2459 2325 2669 2381; x_wconf 85' lang='lat' dir='ltr'><strong>videtur</strong></span> <span class='ocrx_word' id='word_1_668' title='bbox 2692 2326 2993 2397; x_wconf 82' lang='lat' dir='ltr'><strong>signiﬁcare</strong></span> <span class='ocrx_word' id='word_1_669' title='bbox 3021 2326 3251 2382; x_wconf 85' lang='lat' dir='ltr'><strong>voluisse</strong></span> <span class='ocrx_word' id='word_1_670' title='bbox 3268 2368 3287 2393; x_wconf 91' lang='lat'><strong>,</strong></span> <span class='ocrx_word' id='word_1_671' title='bbox 3315 2327 3457 2398; x_wconf 89' lang='lat' dir='ltr'><strong>quod</strong></span> <span class='ocrx_word' id='word_1_672' title='bbox 3481 2326 3623 2382; x_wconf 86' lang='lat' dir='ltr'><strong>adeo</strong></span> <span class='ocrx_word' id='word_1_673' title='bbox 3643 2327 3755 2383; x_wconf 83' lang='lat' dir='ltr'><strong>ire-</strong></span> 
     </span>
    </p>
   </div>
   <div class='ocr_carea' id='block_1_85' title="bbox 2164 2416 3756 2489">
    <p class='ocr_par' dir='ltr' id='par_1_85' title="bbox 2164 2416 3756 2489">
     <span class='ocr_line' id='line_1_85' title="bbox 2164 2416 3756 2489; baseline 0.003 -18"><span class='ocrx_word' id='word_1_674' title='bbox 2164 2425 2387 2487; x_wconf 89' lang='lat' dir='ltr'><strong>quenter</strong></span> <span class='ocrx_word' id='word_1_675' title='bbox 2406 2417 2758 2487; x_wconf 83' lang='lat' dir='ltr'><strong>Augustinum</strong></span> <span class='ocrx_word' id='word_1_676' title='bbox 2786 2416 2983 2489; x_wconf 83' lang='lat' dir='ltr'><strong>legenti</strong></span> <span class='ocrx_word' id='word_1_677' title='bbox 3009 2418 3259 2483; x_wconf 90' lang='lat' dir='ltr'><strong>occurrit,</strong></span> <span class='ocrx_word' id='word_1_678' title='bbox 3289 2416 3544 2473; x_wconf 89' lang='lat' dir='ltr'><strong>videlicet</strong></span> <span class='ocrx_word' id='word_1_679' title='bbox 3569 2426 3756 2475; x_wconf 85' lang='lat' dir='ltr'><strong>aucto-</strong></span> 
     </span>
    </p>
   </div>
   <div class='ocr_carea' id='block_1_86' title="bbox 2165 2507 3757 2578">
    <p class='ocr_par' dir='ltr' id='par_1_86' title="bbox 2165 2507 3757 2578">
     <span class='ocr_line' id='line_1_86' title="bbox 2165 2507 3757 2578; baseline 0.001 -14"><span class='ocrx_word' id='word_1_680' title='bbox 2165 2523 2280 2564; x_wconf 91' lang='lat' dir='ltr'><strong>rem</strong></span> <span class='ocrx_word' id='word_1_681' title='bbox 2318 2508 2523 2578; x_wconf 87' lang='lat' dir='ltr'><strong>peccati</strong></span> <span class='ocrx_word' id='word_1_682' title='bbox 2557 2509 2728 2563; x_wconf 88' lang='lat' dir='ltr'><strong>Deum</strong></span> <span class='ocrx_word' id='word_1_683' title='bbox 2767 2523 2874 2564; x_wconf 90' lang='lat' dir='ltr'><strong>non</strong></span> <span class='ocrx_word' id='word_1_684' title='bbox 2906 2523 3061 2577; x_wconf 89' lang='lat' dir='ltr'><strong>esse,</strong></span> <span class='ocrx_word' id='word_1_685' title='bbox 3103 2507 3198 2564; x_wconf 90' lang='lat' dir='ltr'><strong>sed</strong></span> <span class='ocrx_word' id='word_1_686' title='bbox 3228 2508 3611 2564; x_wconf 89' lang='lat' dir='ltr'><strong>ordinatorem.</strong></span> <span class='ocrx_word' id='word_1_687' title='bbox 3643 2507 3757 2565; x_wconf 74' lang='lat' dir='ltr'><strong>Sub</strong></span> 
     </span>
    </p>
   </div>
   <div class='ocr_carea' id='block_1_87' title="bbox 2168 2599 3760 2671">
    <p class='ocr_par' dir='ltr' id='par_1_87' title="bbox 2168 2599 3760 2671">
     <span class='ocr_line' id='line_1_87' title="bbox 2168 2599 3760 2671; baseline 0.001 -16"><span class='ocrx_word' id='word_1_688' title='bbox 2168 2608 2466 2655; x_wconf 83' lang='lat' dir='ltr'><strong>extremum</strong></span> <span class='ocrx_word' id='word_1_689' title='bbox 2503 2599 2635 2655; x_wconf 89' lang='lat' dir='ltr'><strong>illud</strong></span> <span class='ocrx_word' id='word_1_690' title='bbox 2678 2600 3002 2671; x_wconf 86' lang='lat' dir='ltr'><strong>colloquium</strong></span> <span class='ocrx_word' id='word_1_691' title='bbox 3044 2614 3163 2656; x_wconf 90' lang='lat' dir='ltr'><strong>eam</strong></span> <span class='ocrx_word' id='word_1_692' title='bbox 3207 2600 3532 2671; x_wconf 87' lang='lat' dir='ltr'><strong>Augustinus</strong></span> <span class='ocrx_word' id='word_1_693' title='bbox 3574 2599 3760 2658; x_wconf 81' lang='lat' dir='ltr'><strong>laudat</strong></span> 
     </span>
    </p>
   </div>
   <div class='ocr_carea' id='block_1_88' title="bbox 2169 2692 3761 2767">
    <p class='ocr_par' dir='ltr' id='par_1_88' title="bbox 2169 2692 3761 2767">
     <span class='ocr_line' id='line_1_88' title="bbox 2169 2692 3761 2767; baseline 0.001 -18"><span class='ocrx_word' id='word_1_694' title='bbox 2169 2694 2560 2763; x_wconf 86' lang='lat' dir='ltr'><strong>compellatque</strong></span> <span class='ocrx_word' id='word_1_695' title='bbox 2587 2694 2641 2749; x_wconf 90' lang='lat' dir='ltr'><strong>in</strong></span> <span class='ocrx_word' id='word_1_696' title='bbox 2666 2693 2809 2750; x_wconf 86' lang='lat' dir='ltr'><strong>hunc</strong></span> <span class='ocrx_word' id='word_1_697' title='bbox 2846 2694 3063 2749; x_wconf 89' lang='lat' dir='ltr'><strong>modum</strong></span> <span class='ocrx_word' id='word_1_698' title='bbox 3094 2711 3107 2748; x_wconf 94' lang='lat'><strong>:</strong></span> <span class='ocrx_word' id='word_1_699' title='bbox 3141 2692 3355 2749; x_wconf 86' lang='lat' dir='ltr'><strong>Oremus</strong></span> <span class='ocrx_word' id='word_1_700' title='bbox 3379 2711 3499 2767; x_wconf 86' lang='lat' dir='ltr'><strong>ergo</strong></span> <span class='ocrx_word' id='word_1_701' title='bbox 3518 2737 3534 2763; x_wconf 92' lang='lat'><strong>,</strong></span> <span class='ocrx_word' id='word_1_702' title='bbox 3565 2712 3667 2750; x_wconf 88' lang='lat' dir='ltr'><strong>non</strong></span> <span class='ocrx_word' id='word_1_703' title='bbox 3700 2701 3761 2751; x_wconf 87' lang='lat' dir='ltr'><strong>ut</strong></span> 
     </span>
    </p>
   </div>
   <div class='ocr_carea' id='block_1_89' title="bbox 2169 2783 3763 2855">
    <p class='ocr_par' dir='ltr' id='par_1_89' title="bbox 2169 2783 3763 2855">
     <span class='ocr_line' id='line_1_89' title="bbox 2169 2783 3763 2855; baseline 0.002 -17"><span class='ocrx_word' id='word_1_704' title='bbox 2169 2783 2312 2839; x_wconf 87' lang='lat' dir='ltr'><strong>nobis</strong></span> <span class='ocrx_word' id='word_1_705' title='bbox 2338 2784 2544 2851; x_wconf 69' lang='lat' dir='ltr'><strong>divitia,</strong></span> <span class='ocrx_word' id='word_1_706' title='bbox 2570 2785 2648 2839; x_wconf 83' lang='lat' dir='ltr'><strong>uel</strong></span> <span class='ocrx_word' id='word_1_707' title='bbox 2669 2784 2904 2850; x_wconf 85' lang='lat' dir='ltr'><strong>honores,</strong></span> <span class='ocrx_word' id='word_1_708' title='bbox 2920 2784 2997 2838; x_wconf 84' lang='lat' dir='ltr'><strong>vel</strong></span> <span class='ocrx_word' id='word_1_709' title='bbox 3020 2783 3311 2854; x_wconf 81' lang='lat' dir='ltr'><strong>hujusmodi</strong></span> <span class='ocrx_word' id='word_1_710' title='bbox 3328 2800 3409 2838; x_wconf 90' lang='lat' dir='ltr'><strong>res</strong></span> <span class='ocrx_word' id='word_1_711' title='bbox 3432 2785 3589 2854; x_wconf 71' lang='lat' dir='ltr'><strong>ﬂuxa:</strong></span> <span class='ocrx_word' id='word_1_712' title='bbox 3613 2791 3763 2855; x_wconf 74' lang='lat' dir='ltr'><strong>atque</strong></span> 
     </span>
    </p>
   </div>
   <div class='ocr_carea' id='block_1_90' title="bbox 2172 2874 3764 2947">
    <p class='ocr_par' dir='ltr' id='par_1_90' title="bbox 2172 2874 3764 2947">
     <span class='ocr_line' id='line_1_90' title="bbox 2172 2874 3764 2947; baseline -0.001 -16"><span class='ocrx_word' id='word_1_713' title='bbox 2172 2884 2421 2942; x_wconf 82' lang='lat' dir='ltr'><strong>nutantes,</strong></span> <span class='ocrx_word' id='word_1_714' title='bbox 2456 2886 2504 2930; x_wconf 88' lang='lat' dir='ltr'><strong>et</strong></span> <span class='ocrx_word' id='word_1_715' title='bbox 2525 2876 2700 2947; x_wconf 78' lang='lat' dir='ltr'><strong>quovis</strong></span> <span class='ocrx_word' id='word_1_716' title='bbox 2725 2876 2981 2930; x_wconf 85' lang='lat' dir='ltr'><strong>resistente</strong></span> <span class='ocrx_word' id='word_1_717' title='bbox 3009 2883 3345 2941; x_wconf 87' lang='lat' dir='ltr'><strong>transeuntes,</strong></span> <span class='ocrx_word' id='word_1_718' title='bbox 3370 2874 3460 2930; x_wconf 80' lang='lat' dir='ltr'><strong>sed</strong></span> <span class='ocrx_word' id='word_1_719' title='bbox 3484 2883 3539 2928; x_wconf 74' lang='lat' dir='ltr'><strong>ut</strong></span> <span class='ocrx_word' id='word_1_720' title='bbox 3564 2890 3623 2929; x_wconf 89' lang='lat' dir='ltr'><strong>ea</strong></span> <span class='ocrx_word' id='word_1_721' title='bbox 3642 2890 3764 2945; x_wconf 81' lang='lat' dir='ltr'><strong>pro-</strong></span> 
     </span>
    </p>
   </div>
   <div class='ocr_carea' id='block_1_91' title="bbox 2171 2964 3767 3037">
    <p class='ocr_par' dir='ltr' id='par_1_91' title="bbox 2171 2964 3767 3037">
     <span class='ocr_line' id='line_1_91' title="bbox 2171 2964 3767 3037; baseline -0.001 -14"><span class='ocrx_word' id='word_1_722' title='bbox 2171 2969 2394 3035; x_wconf 79' lang='lat' dir='ltr'><strong>ueniant,</strong></span> <span class='ocrx_word' id='word_1_723' title='bbox 2422 2983 2534 3037; x_wconf 71' lang='lat' dir='ltr'><strong>quis</strong></span> <span class='ocrx_word' id='word_1_724' title='bbox 2561 2984 2653 3021; x_wconf 91' lang='lat' dir='ltr'><strong>nos</strong></span> <span class='ocrx_word' id='word_1_725' title='bbox 2680 2966 2837 3021; x_wconf 90' lang='lat' dir='ltr'><strong>bonos</strong></span> <span class='ocrx_word' id='word_1_726' title='bbox 2868 2966 3061 3036; x_wconf 79' lang='lat' dir='ltr'><strong>faciant</strong></span> <span class='ocrx_word' id='word_1_727' title='bbox 3092 2981 3155 3020; x_wconf 87' lang='lat' dir='ltr'><strong>ac</strong></span> <span class='ocrx_word' id='word_1_728' title='bbox 3189 2967 3376 3021; x_wconf 88' lang='lat' dir='ltr'><strong>beatos.</strong></span> <span class='ocrx_word' id='word_1_729' title='bbox 3410 2964 3541 3032; x_wconf 68' lang='lat' dir='ltr'><strong>Qua</strong></span> <span class='ocrx_word' id='word_1_730' title='bbox 3561 2975 3678 3021; x_wconf 77' lang='lat' dir='ltr'><strong>vota</strong></span> <span class='ocrx_word' id='word_1_731' title='bbox 3706 2972 3767 3021; x_wconf 78' lang='lat' dir='ltr'><strong>ut</strong></span> 
     </span>
    </p>
   </div>
   <div class='ocr_carea' id='block_1_92' title="bbox 2173 3055 3768 3130">
    <p class='ocr_par' dir='ltr' id='par_1_92' title="bbox 2173 3055 3768 3130">
     <span class='ocr_line' id='line_1_92' title="bbox 2173 3055 3768 3130; baseline -0.003 -17"><span class='ocrx_word' id='word_1_732' title='bbox 2173 3060 2489 3115; x_wconf 81' lang='lat' dir='ltr'><strong>deuotissime</strong></span> <span class='ocrx_word' id='word_1_733' title='bbox 2511 3058 2818 3130; x_wconf 80' lang='lat' dir='ltr'><strong>intpleantur</strong></span> <span class='ocrx_word' id='word_1_734' title='bbox 2839 3055 2949 3121; x_wconf 90' lang='lat' dir='ltr'><strong>tibi,</strong></span> <span class='ocrx_word' id='word_1_735' title='bbox 2972 3056 3191 3110; x_wconf 75' lang='lat' dir='ltr'><strong>maxime</strong></span> <span class='ocrx_word' id='word_1_736' title='bbox 3212 3057 3308 3110; x_wconf 81' lang='lat' dir='ltr'><strong>hoc</strong></span> <span class='ocrx_word' id='word_1_737' title='bbox 3339 3056 3615 3127; x_wconf 82' lang='lat' dir='ltr'><strong>negotium,</strong></span> <span class='ocrx_word' id='word_1_738' title='bbox 3646 3070 3768 3110; x_wconf 81' lang='lat' dir='ltr'><strong>nta-</strong></span> 
     </span>
    </p>
   </div>
   <div class='ocr_carea' id='block_1_93' title="bbox 2173 3146 3769 3220">
    <p class='ocr_par' dir='ltr' id='par_1_93' title="bbox 2173 3146 3769 3220">
     <span class='ocr_line' id='line_1_93' title="bbox 2173 3146 3769 3220; baseline 0.001 -18"><span class='ocrx_word' id='word_1_739' title='bbox 2173 3159 2269 3216; x_wconf 91' lang='lat' dir='ltr'><strong>ter,</strong></span> <span class='ocrx_word' id='word_1_740' title='bbox 2296 3150 2639 3220; x_wconf 85' lang='lat' dir='ltr'><strong>injungimus;</strong></span> <span class='ocrx_word' id='word_1_741' title='bbox 2655 3148 2800 3218; x_wconf 81' lang='lat' dir='ltr'><strong>cujus</strong></span> <span class='ocrx_word' id='word_1_742' title='bbox 2821 3146 3050 3217; x_wconf 88' lang='lat' dir='ltr'><strong>precibus</strong></span> <span class='ocrx_word' id='word_1_743' title='bbox 3069 3146 3411 3201; x_wconf 87' lang='lat' dir='ltr'><strong>indubitanter</strong></span> <span class='ocrx_word' id='word_1_744' title='bbox 3436 3148 3584 3202; x_wconf 89' lang='lat' dir='ltr'><strong>credo</strong></span> <span class='ocrx_word' id='word_1_745' title='bbox 3612 3157 3769 3217; x_wconf 83' lang='lat' dir='ltr'><strong>atque</strong></span> 
     </span>
    </p>
   </div>
   <div class='ocr_carea' id='block_1_94' title="bbox 2174 3237 3772 3311">
    <p class='ocr_par' dir='ltr' id='par_1_94' title="bbox 2174 3237 3772 3311">
     <span class='ocr_line' id='line_1_94' title="bbox 2174 3237 3772 3311; baseline -0.001 -15"><span class='ocrx_word' id='word_1_746' title='bbox 2174 3242 2421 3311; x_wconf 80' lang='lat' dir='ltr'><strong>conﬁrmo</strong></span> <span class='ocrx_word' id='word_1_747' title='bbox 2442 3240 2568 3294; x_wconf 89' lang='lat' dir='ltr'><strong>mihi</strong></span> <span class='ocrx_word' id='word_1_748' title='bbox 2593 3240 2745 3294; x_wconf 89' lang='lat' dir='ltr'><strong>istam</strong></span> <span class='ocrx_word' id='word_1_749' title='bbox 2762 3248 2975 3294; x_wconf 89' lang='lat' dir='ltr'><strong>mentem</strong></span> <span class='ocrx_word' id='word_1_750' title='bbox 2999 3237 3166 3293; x_wconf 88' lang='lat' dir='ltr'><strong>Deum</strong></span> <span class='ocrx_word' id='word_1_751' title='bbox 3186 3239 3401 3305; x_wconf 85' lang='lat' dir='ltr'><strong>dedisse,</strong></span> <span class='ocrx_word' id='word_1_752' title='bbox 3425 3249 3481 3295; x_wconf 83' lang='lat' dir='ltr'><strong>ut</strong></span> <span class='ocrx_word' id='word_1_753' title='bbox 3504 3240 3772 3295; x_wconf 84' lang='lat' dir='ltr'><strong>inuenien-</strong></span> 
     </span>
    </p>
   </div>
   <div class='ocr_carea' id='block_1_95' title="bbox 2176 3329 3771 3403">
    <p class='ocr_par' dir='ltr' id='par_1_95' title="bbox 2176 3329 3771 3403">
     <span class='ocr_line' id='line_1_95' title="bbox 2176 3329 3771 3403; baseline -0.001 -15"><span class='ocrx_word' id='word_1_754' title='bbox 2176 3329 2482 3388; x_wconf 69' lang='lat' dir='ltr'><strong>dat&#39;ueritati</strong></span> <span class='ocrx_word' id='word_1_755' title='bbox 2509 3331 2641 3387; x_wconf 83' lang='lat' dir='ltr'><strong>nihil</strong></span> <span class='ocrx_word' id='word_1_756' title='bbox 2668 3333 2871 3387; x_wconf 84' lang='lat' dir='ltr'><strong>omnino</strong></span> <span class='ocrx_word' id='word_1_757' title='bbox 2902 3348 3226 3402; x_wconf 73' lang='lat' dir='ltr'><strong>prwponam,</strong></span> <span class='ocrx_word' id='word_1_758' title='bbox 3269 3333 3400 3387; x_wconf 76' lang='lat' dir='ltr'><strong>nihil</strong></span> <span class='ocrx_word' id='word_1_759' title='bbox 3423 3331 3569 3387; x_wconf 86' lang='lat' dir='ltr'><strong>aliud</strong></span> <span class='ocrx_word' id='word_1_760' title='bbox 3593 3334 3771 3403; x_wconf 80' lang='lat' dir='ltr'><strong>uelint,</strong></span> 
     </span>
    </p>
   </div>
   <div class='ocr_carea' id='block_1_96' title="bbox 2177 3424 3771 3498">
    <p class='ocr_par' dir='ltr' id='par_1_96' title="bbox 2177 3424 3771 3498">
     <span class='ocr_line' id='line_1_96' title="bbox 2177 3424 3771 3498; baseline 0.001 -18"><span class='ocrx_word' id='word_1_761' title='bbox 2177 3426 2306 3481; x_wconf 86' lang='lat' dir='ltr'><strong>nihil</strong></span> <span class='ocrx_word' id='word_1_762' title='bbox 2332 3426 2565 3498; x_wconf 86' lang='lat' dir='ltr'><strong>cogitem,</strong></span> <span class='ocrx_word' id='word_1_763' title='bbox 2595 3424 2725 3479; x_wconf 86' lang='lat' dir='ltr'><strong>nihil</strong></span> <span class='ocrx_word' id='word_1_764' title='bbox 2746 3441 2932 3479; x_wconf 85' lang='lat' dir='ltr'><strong>amem.</strong></span> <span class='ocrx_word' id='word_1_765' title='bbox 2957 3425 3069 3479; x_wconf 88' lang='lat' dir='ltr'><strong>Nec</strong></span> <span class='ocrx_word' id='word_1_766' title='bbox 3095 3426 3269 3480; x_wconf 80' lang='lat' dir='ltr'><strong>desino</strong></span> <span class='ocrx_word' id='word_1_767' title='bbox 3295 3425 3531 3491; x_wconf 85' lang='lat' dir='ltr'><strong>credere,</strong></span> <span class='ocrx_word' id='word_1_768' title='bbox 3555 3442 3646 3481; x_wconf 88' lang='lat' dir='ltr'><strong>nos</strong></span> <span class='ocrx_word' id='word_1_769' title='bbox 3670 3426 3771 3481; x_wconf 83' lang='lat' dir='ltr'><strong>hoc</strong></span> 
     </span>
    </p>
   </div>
   <div class='ocr_carea' id='block_1_97' title="bbox 2178 3516 3770 3587">
    <p class='ocr_par' dir='ltr' id='par_1_97' title="bbox 2178 3516 3770 3587">
     <span class='ocr_line' id='line_1_97' title="bbox 2178 3516 3770 3587; baseline -0.001 -15"><span class='ocrx_word' id='word_1_770' title='bbox 2178 3526 2375 3572; x_wconf 75' lang='lat' dir='ltr'><strong>tantum</strong></span> <span class='ocrx_word' id='word_1_771' title='bbox 2407 3516 2614 3583; x_wconf 83' lang='lat' dir='ltr'><strong>bonum,</strong></span> <span class='ocrx_word' id='word_1_772' title='bbox 2651 3516 2787 3587; x_wconf 85' lang='lat' dir='ltr'><strong>quod</strong></span> <span class='ocrx_word' id='word_1_773' title='bbox 2826 3525 2873 3570; x_wconf 89' lang='lat' dir='ltr'><strong>te</strong></span> <span class='ocrx_word' id='word_1_774' title='bbox 2905 3524 3215 3587; x_wconf 77' lang='lat' dir='ltr'><strong>promercale</strong></span> <span class='ocrx_word' id='word_1_775' title='bbox 3245 3516 3649 3586; x_wconf 82' lang='lat' dir='ltr'><strong>concupiuimu-s,</strong></span> <span class='ocrx_word' id='word_1_776' title='bbox 3673 3533 3770 3571; x_wconf 87' lang='lat' dir='ltr'><strong>ea-</strong></span> 
     </span>
    </p>
   </div>
   <div class='ocr_carea' id='block_1_98' title="bbox 2178 3608 3772 3680">
    <p class='ocr_par' dir='ltr' id='par_1_98' title="bbox 2178 3608 3772 3680">
     <span class='ocr_line' id='line_1_98' title="bbox 2178 3608 3772 3680; baseline 0 -17"><span class='ocrx_word' id='word_1_777' title='bbox 2178 3611 2292 3664; x_wconf 88' lang='lat' dir='ltr'><strong>dem</strong></span> <span class='ocrx_word' id='word_1_778' title='bbox 2321 3618 2368 3663; x_wconf 91' lang='lat' dir='ltr'><strong>te</strong></span> <span class='ocrx_word' id='word_1_779' title='bbox 2411 3618 2605 3680; x_wconf 83' lang='lat' dir='ltr'><strong>petente</strong></span> <span class='ocrx_word' id='word_1_780' title='bbox 2633 3609 2909 3680; x_wconf 90' lang='lat' dir='ltr'><strong>adepturos</strong></span> <span class='ocrx_word' id='word_1_781' title='bbox 2935 3608 3117 3679; x_wconf 89' lang='lat' dir='ltr'><strong>(Ibid.,</strong></span> <span class='ocrx_word' id='word_1_782' title='bbox 3144 3626 3195 3663; x_wconf 88' lang='lat' dir='ltr'><strong>n.</strong></span> <span class='ocrx_word' id='word_1_783' title='bbox 3216 3608 3329 3679; x_wconf 70' lang='lat'><strong>5%).</strong></span> <span class='ocrx_word' id='word_1_784' title='bbox 3356 3609 3641 3678; x_wconf 86' lang='lat' dir='ltr'><strong>Postquam</strong></span> <span class='ocrx_word' id='word_1_785' title='bbox 3666 3623 3772 3663; x_wconf 85' lang='lat' dir='ltr'><strong>au-</strong></span> 
     </span>
    </p>
   </div>
   <div class='ocr_carea' id='block_1_99' title="bbox 2181 3700 3767 3773">
    <p class='ocr_par' dir='ltr' id='par_1_99' title="bbox 2181 3700 3767 3773">
     <span class='ocr_line' id='line_1_99' title="bbox 2181 3700 3767 3773; baseline 0.001 -18"><span class='ocrx_word' id='word_1_786' title='bbox 2181 3710 2288 3756; x_wconf 91' lang='lat' dir='ltr'><strong>tem</strong></span> <span class='ocrx_word' id='word_1_787' title='bbox 2327 3701 2623 3771; x_wconf 84' lang='lat' dir='ltr'><strong>baptizatus</strong></span> <span class='ocrx_word' id='word_1_788' title='bbox 2677 3700 2869 3757; x_wconf 84' lang='lat' dir='ltr'><strong>fuisset</strong></span> <span class='ocrx_word' id='word_1_789' title='bbox 2911 3702 3233 3772; x_wconf 82' lang='lat' dir='ltr'><strong>Augustinus</strong></span> <span class='ocrx_word' id='word_1_790' title='bbox 3277 3717 3401 3757; x_wconf 87' lang='lat' dir='ltr'><strong>eum</strong></span> <span class='ocrx_word' id='word_1_791' title='bbox 3444 3701 3767 3773; x_wconf 83' lang='lat' dir='ltr'><strong>quibusdam</strong></span> 
     </span>
    </p>
   </div>
   <div class='ocr_carea' id='block_1_100' title="bbox 2180 3793 3773 3865">
    <p class='ocr_par' dir='ltr' id='par_1_100' title="bbox 2180 3793 3773 3865">
     <span class='ocr_line' id='line_1_100' title="bbox 2180 3793 3773 3865; baseline -0.001 -16"><span class='ocrx_word' id='word_1_792' title='bbox 2180 3794 2365 3849; x_wconf 81' lang='lat' dir='ltr'><strong>amicis</strong></span> <span class='ocrx_word' id='word_1_793' title='bbox 2390 3803 2445 3849; x_wconf 90' lang='lat' dir='ltr'><strong>et</strong></span> <span class='ocrx_word' id='word_1_794' title='bbox 2469 3794 2783 3849; x_wconf 90' lang='lat' dir='ltr'><strong>necessariis</strong></span> <span class='ocrx_word' id='word_1_795' title='bbox 2806 3835 2822 3861; x_wconf 93' lang='lat'><strong>,</strong></span> <span class='ocrx_word' id='word_1_796' title='bbox 2848 3794 2939 3865; x_wconf 91' lang='lat' dir='ltr'><strong>qui</strong></span> <span class='ocrx_word' id='word_1_797' title='bbox 2967 3808 3069 3848; x_wconf 89' lang='lat' dir='ltr'><strong>una</strong></span> <span class='ocrx_word' id='word_1_798' title='bbox 3103 3794 3213 3864; x_wconf 89' lang='lat' dir='ltr'><strong>jam</strong></span> <span class='ocrx_word' id='word_1_799' title='bbox 3250 3793 3303 3848; x_wconf 88' lang='lat' dir='ltr'><strong>in</strong></span> <span class='ocrx_word' id='word_1_800' title='bbox 3333 3795 3443 3849; x_wconf 90' lang='lat' dir='ltr'><strong>Deo</strong></span> <span class='ocrx_word' id='word_1_801' title='bbox 3475 3794 3773 3851; x_wconf 81' lang='lat' dir='ltr'><strong>consociati</strong></span> 
     </span>
    </p>
   </div>
   <div class='ocr_carea' id='block_1_101' title="bbox 2179 3883 3776 3955">
    <p class='ocr_par' dir='ltr' id='par_1_101' title="bbox 2179 3883 3776 3955">
     <span class='ocr_line' id='line_1_101' title="bbox 2179 3883 3776 3955; baseline 0 -16"><span class='ocrx_word' id='word_1_802' title='bbox 2179 3884 2465 3950; x_wconf 85' lang='lat' dir='ltr'><strong>vivebant,</strong></span> <span class='ocrx_word' id='word_1_803' title='bbox 2507 3884 2563 3938; x_wconf 88' lang='lat' dir='ltr'><strong>in</strong></span> <span class='ocrx_word' id='word_1_804' title='bbox 2588 3884 2810 3953; x_wconf 75' lang='lat' dir='ltr'><strong>illorum</strong></span> <span class='ocrx_word' id='word_1_805' title='bbox 2838 3883 3208 3940; x_wconf 78' lang='lat' dir='ltr'><strong>contubernio</strong></span> <span class='ocrx_word' id='word_1_806' title='bbox 3249 3883 3424 3940; x_wconf 88' lang='lat' dir='ltr'><strong>adhuc</strong></span> <span class='ocrx_word' id='word_1_807' title='bbox 3460 3883 3776 3955; x_wconf 80' lang='lat' dir='ltr'><strong>aliquandiu</strong></span> 
     </span>
    </p>
   </div>
   <div class='ocr_carea' id='block_1_102' title="bbox 2181 3976 3776 4047">
    <p class='ocr_par' dir='ltr' id='par_1_102' title="bbox 2181 3976 3776 4047">
     <span class='ocr_line' id='line_1_102' title="bbox 2181 3976 3776 4047; baseline 0.002 -17"><span class='ocrx_word' id='word_1_808' title='bbox 2181 3977 2311 4030; x_wconf 80' lang='lat' dir='ltr'><strong>vixit</strong></span> <span class='ocrx_word' id='word_1_809' title='bbox 2337 3976 2581 4031; x_wconf 78' lang='lat' dir='ltr'><strong>Monnica</strong></span> <span class='ocrx_word' id='word_1_810' title='bbox 2608 3976 2836 4047; x_wconf 88' lang='lat' dir='ltr'><strong>:quibus</strong></span> <span class='ocrx_word' id='word_1_811' title='bbox 2859 3976 3106 4032; x_wconf 90' lang='lat' dir='ltr'><strong>omnibus</strong></span> <span class='ocrx_word' id='word_1_812' title='bbox 3134 3986 3334 4032; x_wconf 88' lang='lat' dir='ltr'><strong>tantum</strong></span> <span class='ocrx_word' id='word_1_813' title='bbox 3363 3992 3510 4034; x_wconf 74' lang='lat' dir='ltr'><strong>cura:</strong></span> <span class='ocrx_word' id='word_1_814' title='bbox 3542 3976 3776 4033; x_wconf 78' lang='lat' dir='ltr'><strong>adhibe-</strong></span> 
     </span>
    </p>
   </div>
   <div class='ocr_carea' id='block_1_103' title="bbox 2182 4068 3778 4139">
    <p class='ocr_par' dir='ltr' id='par_1_103' title="bbox 2182 4068 3778 4139">
     <span class='ocr_line' id='line_1_103' title="bbox 2182 4068 3778 4139; baseline 0.002 -17"><span class='ocrx_word' id='word_1_815' title='bbox 2182 4068 2301 4134; x_wconf 90' lang='lat' dir='ltr'><strong>bat,</strong></span> <span class='ocrx_word' id='word_1_816' title='bbox 2342 4078 2599 4139; x_wconf 87' lang='lat' dir='ltr'><strong>quantum</strong></span> <span class='ocrx_word' id='word_1_817' title='bbox 2638 4071 2682 4124; x_wconf 89' lang='lat' dir='ltr'><strong>si</strong></span> <span class='ocrx_word' id='word_1_818' title='bbox 2720 4077 2892 4125; x_wconf 89' lang='lat' dir='ltr'><strong>mater</strong></span> <span class='ocrx_word' id='word_1_819' title='bbox 2926 4070 3163 4125; x_wconf 90' lang='lat' dir='ltr'><strong>omnium</strong></span> <span class='ocrx_word' id='word_1_820' title='bbox 3205 4070 3533 4136; x_wconf 79' lang='lat' dir='ltr'><strong>exstitisset;</strong></span> <span class='ocrx_word' id='word_1_821' title='bbox 3565 4078 3778 4125; x_wconf 83' lang='lat' dir='ltr'><strong>tantum</strong></span> 
     </span>
    </p>
   </div>
   <div class='ocr_carea' id='block_1_104' title="bbox 2182 4161 3779 4234">
    <p class='ocr_par' dir='ltr' id='par_1_104' title="bbox 2182 4161 3779 4234">
     <span class='ocr_line' id='line_1_104' title="bbox 2182 4161 3779 4234; baseline 0 -19"><span class='ocrx_word' id='word_1_822' title='bbox 2182 4161 2535 4217; x_wconf 72' lang='lat' dir='ltr'><strong>observantiae</strong></span> <span class='ocrx_word' id='word_1_823' title='bbox 2553 4201 2569 4225; x_wconf 87' lang='lat'><strong>,</strong></span> <span class='ocrx_word' id='word_1_824' title='bbox 2597 4170 2849 4232; x_wconf 88' lang='lat' dir='ltr'><strong>quantum</strong></span> <span class='ocrx_word' id='word_1_825' title='bbox 2878 4162 2924 4216; x_wconf 91' lang='lat' dir='ltr'><strong>si</strong></span> <span class='ocrx_word' id='word_1_826' title='bbox 2959 4162 3197 4217; x_wconf 89' lang='lat' dir='ltr'><strong>omnium</strong></span> <span class='ocrx_word' id='word_1_827' title='bbox 3222 4161 3325 4216; x_wconf 82' lang='lat' dir='ltr'><strong>lilia</strong></span> <span class='ocrx_word' id='word_1_828' title='bbox 3353 4161 3779 4234; x_wconf 78' lang='lat' dir='ltr'><strong>(Confessionum</strong></span> 
     </span>
    </p>
   </div>
   <div class='ocr_carea' id='block_1_105' title="bbox 2185 4249 3779 4323">
    <p class='ocr_par' dir='ltr' id='par_1_105' title="bbox 2185 4249 3779 4323">
     <span class='ocr_line' id='line_1_105' title="bbox 2185 4249 3779 4323; baseline 0.001 -17"><span class='ocrx_word' id='word_1_829' title='bbox 2185 4253 2272 4306; x_wconf 87' lang='lat' dir='ltr'><strong>lib.</strong></span> <span class='ocrx_word' id='word_1_830' title='bbox 2300 4252 2354 4318; x_wconf 89' lang='lat'><strong>9,</strong></span> <span class='ocrx_word' id='word_1_831' title='bbox 2382 4270 2497 4322; x_wconf 88' lang='lat' dir='ltr'><strong>cap.</strong></span> <span class='ocrx_word' id='word_1_832' title='bbox 2528 4254 2584 4319; x_wconf 90' lang='lat'><strong>9,</strong></span> <span class='ocrx_word' id='word_1_833' title='bbox 2608 4269 2660 4307; x_wconf 93' lang='lat' dir='ltr'><strong>n.</strong></span> <span class='ocrx_word' id='word_1_834' title='bbox 2682 4252 2755 4306; x_wconf 73' lang='lat'><strong>22</strong></span> <span class='ocrx_word' id='word_1_835' title='bbox 2773 4253 2812 4323; x_wconf 91' lang='lat'><strong>).</strong></span> <span class='ocrx_word' id='word_1_836' title='bbox 2843 4251 2936 4307; x_wconf 86' lang='lat' dir='ltr'><strong>His</strong></span> <span class='ocrx_word' id='word_1_837' title='bbox 2962 4261 3139 4306; x_wconf 90' lang='lat' dir='ltr'><strong>autem</strong></span> <span class='ocrx_word' id='word_1_838' title='bbox 3168 4251 3369 4321; x_wconf 87' lang='lat' dir='ltr'><strong>pariter</strong></span> <span class='ocrx_word' id='word_1_839' title='bbox 3407 4249 3779 4307; x_wconf 79' lang='lat' dir='ltr'><strong>remeantibus</strong></span> 
     </span>
    </p>
   </div>
   <div class='ocr_carea' id='block_1_106' title="bbox 2185 4342 3782 4412">
    <p class='ocr_par' dir='ltr' id='par_1_106' title="bbox 2185 4342 3782 4412">
     <span class='ocr_line' id='line_1_106' title="bbox 2185 4342 3782 4412; baseline 0.001 -14"><span class='ocrx_word' id='word_1_840' title='bbox 2185 4344 2241 4398; x_wconf 88' lang='lat' dir='ltr'><strong>in</strong></span> <span class='ocrx_word' id='word_1_841' title='bbox 2266 4343 2519 4409; x_wconf 85' lang='lat' dir='ltr'><strong>Africam,</strong></span> <span class='ocrx_word' id='word_1_842' title='bbox 2541 4359 2661 4399; x_wconf 89' lang='lat' dir='ltr'><strong>cum</strong></span> <span class='ocrx_word' id='word_1_843' title='bbox 2682 4343 2746 4397; x_wconf 88' lang='lat' dir='ltr'><strong>ad</strong></span> <span class='ocrx_word' id='word_1_844' title='bbox 2769 4343 2913 4398; x_wconf 86' lang='lat' dir='ltr'><strong>Ostia</strong></span> <span class='ocrx_word' id='word_1_845' title='bbox 2934 4342 3180 4399; x_wconf 87' lang='lat' dir='ltr'><strong>Tiberina</strong></span> <span class='ocrx_word' id='word_1_846' title='bbox 3199 4342 3583 4412; x_wconf 87' lang='lat' dir='ltr'><strong>pervenissent,</strong></span> <span class='ocrx_word' id='word_1_847' title='bbox 3605 4354 3782 4411; x_wconf 76' lang='lat' dir='ltr'><strong>seque</strong></span> 
     </span>
    </p>
   </div>
   <div class='ocr_carea' id='block_1_107' title="bbox 2185 4433 3805 4506">
    <p class='ocr_par' dir='ltr' id='par_1_107' title="bbox 2185 4433 3805 4506">
     <span class='ocr_line' id='line_1_107' title="bbox 2185 4433 3805 4506; baseline 0.001 -18"><span class='ocrx_word' id='word_1_848' title='bbox 2185 4434 2256 4489; x_wconf 91' lang='lat' dir='ltr'><strong>ibi</strong></span> <span class='ocrx_word' id='word_1_849' title='bbox 2294 4434 2363 4490; x_wconf 90' lang='lat' dir='ltr'><strong>ad</strong></span> <span class='ocrx_word' id='word_1_850' title='bbox 2406 4434 2755 4506; x_wconf 87' lang='lat' dir='ltr'><strong>navigandum</strong></span> <span class='ocrx_word' id='word_1_851' title='bbox 2800 4443 3205 4505; x_wconf 88' lang='lat' dir='ltr'><strong>compararent,</strong></span> <span class='ocrx_word' id='word_1_852' title='bbox 3249 4433 3490 4489; x_wconf 85' lang='lat' dir='ltr'><strong>Monnica</strong></span> <span class='ocrx_word' id='word_1_853' title='bbox 3528 4442 3805 4499; x_wconf 52' lang='lat' dir='ltr'><strong>extremo,</strong></span> 
     </span>
    </p>
   </div>
   <div class='ocr_carea' id='block_1_108' title="bbox 2184 4523 3779 4597">
    <p class='ocr_par' dir='ltr' id='par_1_108' title="bbox 2184 4523 3779 4597">
     <span class='ocr_line' id='line_1_108' title="bbox 2184 4523 3779 4597; baseline 0 -16"><span class='ocrx_word' id='word_1_854' title='bbox 2184 4534 2429 4595; x_wconf 86' lang='lat' dir='ltr'><strong>correpta</strong></span> <span class='ocrx_word' id='word_1_855' title='bbox 2453 4526 2659 4594; x_wconf 92' lang='lat' dir='ltr'><strong>morbo,</strong></span> <span class='ocrx_word' id='word_1_856' title='bbox 2687 4533 2891 4581; x_wconf 67' lang='lat' dir='ltr'><strong>natura:</strong></span> <span class='ocrx_word' id='word_1_857' title='bbox 2916 4524 3152 4581; x_wconf 88' lang='lat' dir='ltr'><strong>debitum</strong></span> <span class='ocrx_word' id='word_1_858' title='bbox 3177 4525 3335 4581; x_wconf 90' lang='lat' dir='ltr'><strong>solvit</strong></span> <span class='ocrx_word' id='word_1_859' title='bbox 3355 4523 3557 4597; x_wconf 84' lang='lat' dir='ltr'><strong>(Ibid.,</strong></span> <span class='ocrx_word' id='word_1_860' title='bbox 3578 4540 3697 4595; x_wconf 86' lang='lat' dir='ltr'><strong>cap.</strong></span> <span class='ocrx_word' id='word_1_861' title='bbox 3715 4524 3779 4592; x_wconf 82' lang='lat'><strong>8,</strong></span> 
     </span>
    </p>
   </div>
   <div class='ocr_carea' id='block_1_109' title="bbox 2186 4620 2396 4691">
    <p class='ocr_par' dir='ltr' id='par_1_109' title="bbox 2186 4620 2396 4691">
     <span class='ocr_line' id='line_1_109' title="bbox 2186 4620 2396 4691; baseline -0.005 -18"><span class='ocrx_word' id='word_1_862' title='bbox 2186 4636 2238 4673; x_wconf 79' lang='grc' dir='ltr'><strong>η.</strong></span> <span class='ocrx_word' id='word_1_863' title='bbox 2273 4620 2396 4691; x_wconf 80' lang='lat' dir='ltr'><strong>t7).</strong></span> 
     </span>
    </p>
   </div>
   <div class='ocr_carea' id='block_1_110' title="bbox 2786 4708 3190 4766">
    <p class='ocr_par' dir='ltr' id='par_1_110' title="bbox 2786 4708 3190 4766">
     <span class='ocr_line' id='line_1_110' title="bbox 2786 4708 3190 4766; baseline -0.01 0"><span class='ocrx_word' id='word_1_864' title='bbox 2786 4710 3011 4766; x_wconf 84' lang='lat' dir='ltr'><strong>CAPUT</strong></span> <span class='ocrx_word' id='word_1_865' title='bbox 3050 4708 3190 4765; x_wconf 85' lang='lat' dir='ltr'><strong>XIII.</strong></span> 
     </span>
    </p>
   </div>
   <div class='ocr_carea' id='block_1_111' title="bbox 2189 4798 3787 4874">
    <p class='ocr_par' dir='ltr' id='par_1_111' title="bbox 2189 4798 3787 4874">
     <span class='ocr_line' id='line_1_111' title="bbox 2189 4798 3787 4874; baseline -0.002 -15"><span class='ocrx_word' id='word_1_866' title='bbox 2189 4806 2214 4859; x_wconf 96' lang='grc'><strong>1</strong></span> <span class='ocrx_word' id='word_1_867' title='bbox 2251 4802 2505 4858; x_wconf 73' lang='grc' dir='ltr'><strong>Μοηηὶεω</strong></span> <span class='ocrx_word' id='word_1_868' title='bbox 2521 4820 2634 4857; x_wconf 90' lang='lat' dir='ltr'><strong>cum</strong></span> <span class='ocrx_word' id='word_1_869' title='bbox 2657 4802 2939 4873; x_wconf 79' lang='lat' dir='ltr'><strong>Augustino</strong></span> <span class='ocrx_word' id='word_1_870' title='bbox 2966 4802 3028 4857; x_wconf 90' lang='lat' dir='ltr'><strong>de</strong></span> <span class='ocrx_word' id='word_1_871' title='bbox 3052 4811 3252 4857; x_wconf 67' lang='lat' dir='ltr'><strong>interna:</strong></span> <span class='ocrx_word' id='word_1_872' title='bbox 3268 4801 3387 4857; x_wconf 63' lang='lat' dir='ltr'><strong>vita</strong></span> <span class='ocrx_word' id='word_1_873' title='bbox 3410 4801 3646 4874; x_wconf 79' lang='lat' dir='ltr'><strong>felicitate</strong></span> <span class='ocrx_word' id='word_1_874' title='bbox 3667 4798 3787 4857; x_wconf 71' lang='lat' dir='ltr'><strong>eel-</strong></span> 
     </span>
    </p>
   </div>
   <div class='ocr_carea' id='block_1_112' title="bbox 2260 4893 3790 4965">
    <p class='ocr_par' dir='ltr' id='par_1_112' title="bbox 2260 4893 3790 4965">
     <span class='ocr_line' id='line_1_112' title="bbox 2260 4893 3790 4965; baseline -0.001 -16"><span class='ocrx_word' id='word_1_875' title='bbox 2260 4895 2463 4949; x_wconf 90' lang='lat' dir='ltr'><strong>locutio.</strong></span> <span class='ocrx_word' id='word_1_876' title='bbox 2489 4894 2526 4948; x_wconf 74' lang='grc'><strong>2</strong></span> <span class='ocrx_word' id='word_1_877' title='bbox 2554 4893 2867 4948; x_wconf 61' lang='lat' dir='ltr'><strong>Praeclarum</strong></span> <span class='ocrx_word' id='word_1_878' title='bbox 2896 4893 3086 4947; x_wconf 79' lang='lat' dir='ltr'><strong>dictant</strong></span> <span class='ocrx_word' id='word_1_879' title='bbox 3119 4894 3449 4948; x_wconf 72' lang='lat' dir='ltr'><strong>sanctissima:</strong></span> <span class='ocrx_word' id='word_1_880' title='bbox 3485 4893 3687 4965; x_wconf 68' lang='lat' dir='ltr'><strong>femina:</strong></span> <span class='ocrx_word' id='word_1_881' title='bbox 3715 4893 3790 4949; x_wconf 76' lang='lat' dir='ltr'><strong>de</strong></span> 
     </span>
    </p>
   </div>
   <div class='ocr_carea' id='block_1_113' title="bbox 2260 4986 3784 5060">
    <p class='ocr_par' dir='ltr' id='par_1_113' title="bbox 2260 4986 3784 5060">
     <span class='ocr_line' id='line_1_113' title="bbox 2260 4986 3784 5060; baseline 0.001 -19"><span class='ocrx_word' id='word_1_882' title='bbox 2260 4988 2544 5060; x_wconf 87' lang='lat' dir='ltr'><strong>abjicienda</strong></span> <span class='ocrx_word' id='word_1_883' title='bbox 2586 4986 2807 5057; x_wconf 87' lang='lat' dir='ltr'><strong>sepulcri</strong></span> <span class='ocrx_word' id='word_1_884' title='bbox 2846 4987 2926 5039; x_wconf 82' lang='lat' dir='ltr'><strong>sui</strong></span> <span class='ocrx_word' id='word_1_885' title='bbox 2963 5002 3130 5041; x_wconf 90' lang='lat' dir='ltr'><strong>cura:</strong></span> <span class='ocrx_word' id='word_1_886' title='bbox 3160 4987 3284 5056; x_wconf 70' lang='lat' dir='ltr'><strong>felix</strong></span> <span class='ocrx_word' id='word_1_887' title='bbox 3324 4987 3545 5058; x_wconf 84' lang='lat' dir='ltr'><strong>ejusdem</strong></span> <span class='ocrx_word' id='word_1_888' title='bbox 3589 4986 3784 5042; x_wconf 83' lang='lat' dir='ltr'><strong>obitus.</strong></span> 
     </span>
    </p>
   </div>
   <div class='ocr_carea' id='block_1_114' title="bbox 2261 5076 3789 5148">
    <p class='ocr_par' dir='ltr' id='par_1_114' title="bbox 2261 5076 3789 5148">
     <span class='ocr_line' id='line_1_114' title="bbox 2261 5076 3789 5148; baseline -0.004 -12"><span class='ocrx_word' id='word_1_889' title='bbox 2261 5082 2296 5136; x_wconf 76' lang='lat'><strong>3</strong></span> <span class='ocrx_word' id='word_1_890' title='bbox 2339 5078 2592 5133; x_wconf 70' lang='lat' dir='ltr'><strong>Mannicii:</strong></span> <span class='ocrx_word' id='word_1_891' title='bbox 2634 5079 2788 5147; x_wconf 81' lang='lat' dir='ltr'><strong>[unus</strong></span> <span class='ocrx_word' id='word_1_892' title='bbox 2816 5094 2835 5131; x_wconf 92' lang='lat'><strong><em>:</em></strong></span> <span class='ocrx_word' id='word_1_893' title='bbox 2860 5077 3131 5148; x_wconf 84' lang='lat' dir='ltr'><strong>Augustini</strong></span> <span class='ocrx_word' id='word_1_894' title='bbox 3172 5077 3321 5132; x_wconf 89' lang='lat' dir='ltr'><strong>dolor</strong></span> <span class='ocrx_word' id='word_1_895' title='bbox 3360 5078 3425 5131; x_wconf 88' lang='lat' dir='ltr'><strong>de</strong></span> <span class='ocrx_word' id='word_1_896' title='bbox 3458 5077 3596 5132; x_wconf 86' lang='lat' dir='ltr'><strong>illius</strong></span> <span class='ocrx_word' id='word_1_897' title='bbox 3637 5076 3789 5131; x_wconf 68' lang='lat' dir='ltr'><strong>obitas</strong></span> 
     </span>
    </p>
   </div>
   <div class='ocr_carea' id='block_1_115' title="bbox 2261 5170 3084 5238">
    <p class='ocr_par' dir='ltr' id='par_1_115' title="bbox 2261 5170 3084 5238">
     <span class='ocr_line' id='line_1_115' title="bbox 2261 5170 3084 5238; baseline -0.004 -13"><span class='ocrx_word' id='word_1_898' title='bbox 2261 5171 2629 5237; x_wconf 76' lang='lat' dir='ltr'><strong>acerbissimas,</strong></span> <span class='ocrx_word' id='word_1_899' title='bbox 2661 5170 2809 5238; x_wconf 82' lang='lat' dir='ltr'><strong>ﬂetus</strong></span> <span class='ocrx_word' id='word_1_900' title='bbox 2836 5170 3084 5222; x_wconf 86' lang='lat' dir='ltr'><strong>modicus.</strong></span> 
     </span>
    </p>
   </div>
   <div class='ocr_carea' id='block_1_116' title="bbox 2264 5257 3786 5333">
    <p class='ocr_par' dir='ltr' id='par_1_116' title="bbox 2264 5257 3786 5333">
     <span class='ocr_line' id='line_1_116' title="bbox 2264 5257 3786 5333; baseline -0.002 -14"><span class='ocrx_word' id='word_1_901' title='bbox 2264 5266 2316 5320; x_wconf 91' lang='grc'><strong>1.</strong></span> <span class='ocrx_word' id='word_1_902' title='bbox 2338 5263 2581 5333; x_wconf 91' lang='lat' dir='ltr'><strong>Quinque</strong></span> <span class='ocrx_word' id='word_1_903' title='bbox 2601 5270 2691 5316; x_wconf 90' lang='lat' dir='ltr'><strong>aut</strong></span> <span class='ocrx_word' id='word_1_904' title='bbox 2720 5261 2855 5317; x_wconf 91' lang='lat' dir='ltr'><strong>forte</strong></span> <span class='ocrx_word' id='word_1_905' title='bbox 2880 5276 2975 5316; x_wconf 89' lang='lat' dir='ltr'><strong>sex</strong></span> <span class='ocrx_word' id='word_1_906' title='bbox 3008 5268 3132 5315; x_wconf 87' lang='lat' dir='ltr'><strong>ante</strong></span> <span class='ocrx_word' id='word_1_907' title='bbox 3169 5260 3389 5328; x_wconf 89' lang='lat' dir='ltr'><strong>diebus,</strong></span> <span class='ocrx_word' id='word_1_908' title='bbox 3424 5274 3583 5331; x_wconf 87' lang='lat' dir='ltr'><strong>quam</strong></span> <span class='ocrx_word' id='word_1_909' title='bbox 3620 5257 3786 5316; x_wconf 76' lang='lat' dir='ltr'><strong>beata</strong></span> 
     </span>
    </p>
   </div>
   <div class='ocr_carea' id='block_1_117' title="bbox 2192 5349 3785 5421">
    <p class='ocr_par' dir='ltr' id='par_1_117' title="bbox 2192 5349 3785 5421">
     <span class='ocr_line' id='line_1_117' title="bbox 2192 5349 3785 5421; baseline -0.003 -11"><span class='ocrx_word' id='word_1_910' title='bbox 2192 5354 2434 5411; x_wconf 73' lang='lat' dir='ltr'><strong>lionnica</strong></span> <span class='ocrx_word' id='word_1_911' title='bbox 2456 5354 2509 5407; x_wconf 89' lang='lat' dir='ltr'><strong>in</strong></span> <span class='ocrx_word' id='word_1_912' title='bbox 2533 5352 2780 5407; x_wconf 90' lang='lat' dir='ltr'><strong>morbum</strong></span> <span class='ocrx_word' id='word_1_913' title='bbox 2800 5351 3077 5418; x_wconf 87' lang='lat' dir='ltr'><strong>incideret,</strong></span> <span class='ocrx_word' id='word_1_914' title='bbox 3100 5366 3221 5406; x_wconf 91' lang='lat' dir='ltr'><strong>cum</strong></span> <span class='ocrx_word' id='word_1_915' title='bbox 3252 5352 3366 5421; x_wconf 87' lang='lat' dir='ltr'><strong>ipsa</strong></span> <span class='ocrx_word' id='word_1_916' title='bbox 3392 5360 3447 5406; x_wconf 90' lang='lat' dir='ltr'><strong>et</strong></span> <span class='ocrx_word' id='word_1_917' title='bbox 3471 5350 3610 5406; x_wconf 87' lang='lat' dir='ltr'><strong>lilius</strong></span> <span class='ocrx_word' id='word_1_918' title='bbox 3635 5349 3785 5420; x_wconf 88' lang='lat' dir='ltr'><strong>apud</strong></span> 
     </span>
    </p>
   </div>
   <div class='ocr_carea' id='block_1_118' title="bbox 2191 5440 3788 5511">
    <p class='ocr_par' dir='ltr' id='par_1_118' title="bbox 2191 5440 3788 5511">
     <span class='ocr_line' id='line_1_118' title="bbox 2191 5440 3788 5511; baseline -0.003 -9"><span class='ocrx_word' id='word_1_919' title='bbox 2191 5447 2339 5504; x_wconf 91' lang='lat' dir='ltr'><strong>Ostia</strong></span> <span class='ocrx_word' id='word_1_920' title='bbox 2358 5445 2605 5500; x_wconf 90' lang='lat' dir='ltr'><strong>Tiberina</strong></span> <span class='ocrx_word' id='word_1_921' title='bbox 2636 5444 3008 5506; x_wconf 86' lang='lat' dir='ltr'><strong>incumberent</strong></span> <span class='ocrx_word' id='word_1_922' title='bbox 3032 5442 3098 5497; x_wconf 90' lang='lat' dir='ltr'><strong>ad</strong></span> <span class='ocrx_word' id='word_1_923' title='bbox 3129 5442 3451 5509; x_wconf 89' lang='lat' dir='ltr'><strong>fenestram,</strong></span> <span class='ocrx_word' id='word_1_924' title='bbox 3481 5440 3623 5496; x_wconf 89' lang='lat' dir='ltr'><strong>unde</strong></span> <span class='ocrx_word' id='word_1_925' title='bbox 3654 5455 3788 5511; x_wconf 82' lang='lat' dir='ltr'><strong>pro-</strong></span> 
     </span>
    </p>
   </div>
   <div class='ocr_carea' id='block_1_119' title="bbox 2193 5531 3785 5610">
    <p class='ocr_par' dir='ltr' id='par_1_119' title="bbox 2193 5531 3785 5610">
     <span class='ocr_line' id='line_1_119' title="bbox 2193 5531 3785 5610; baseline -0.005 -15"><span class='ocrx_word' id='word_1_926' title='bbox 2193 5548 2406 5610; x_wconf 86' lang='lat' dir='ltr'><strong>spectus</strong></span> <span class='ocrx_word' id='word_1_927' title='bbox 2431 5544 2545 5593; x_wconf 89' lang='lat' dir='ltr'><strong>erat</strong></span> <span class='ocrx_word' id='word_1_928' title='bbox 2571 5537 2623 5591; x_wconf 92' lang='lat' dir='ltr'><strong>in</strong></span> <span class='ocrx_word' id='word_1_929' title='bbox 2652 5535 2863 5590; x_wconf 87' lang='lat' dir='ltr'><strong>hortum</strong></span> <span class='ocrx_word' id='word_1_930' title='bbox 2889 5534 3101 5600; x_wconf 90' lang='lat' dir='ltr'><strong>domus,</strong></span> <span class='ocrx_word' id='word_1_931' title='bbox 3132 5535 3185 5589; x_wconf 89' lang='lat' dir='ltr'><strong>in</strong></span> <span class='ocrx_word' id='word_1_932' title='bbox 3211 5548 3311 5604; x_wconf 90' lang='lat' dir='ltr'><strong>qua</strong></span> <span class='ocrx_word' id='word_1_933' title='bbox 3341 5531 3785 5603; x_wconf 87' lang='lat' dir='ltr'><strong>diversabantur;</strong></span> 
     </span>
    </p>
   </div>
   <div class='ocr_carea' id='block_1_120' title="bbox 2192 5623 3779 5697">
    <p class='ocr_par' dir='ltr' id='par_1_120' title="bbox 2192 5623 3779 5697">
     <span class='ocr_line' id='line_1_120' title="bbox 2192 5623 3779 5697; baseline -0.006 -10"><span class='ocrx_word' id='word_1_934' title='bbox 2192 5640 2250 5687; x_wconf 89' lang='lat' dir='ltr'><strong>et</strong></span> <span class='ocrx_word' id='word_1_935' title='bbox 2276 5629 2466 5686; x_wconf 88' lang='lat' dir='ltr'><strong>remoti</strong></span> <span class='ocrx_word' id='word_1_936' title='bbox 2488 5644 2519 5685; x_wconf 89' lang='lat' dir='ltr'><strong>a</strong></span> <span class='ocrx_word' id='word_1_937' title='bbox 2540 5627 2709 5683; x_wconf 88' lang='lat' dir='ltr'><strong>turbis</strong></span> <span class='ocrx_word' id='word_1_938' title='bbox 2731 5634 2847 5697; x_wconf 90' lang='lat' dir='ltr'><strong>post</strong></span> <span class='ocrx_word' id='word_1_939' title='bbox 2874 5624 3017 5696; x_wconf 84' lang='lat' dir='ltr'><strong>longi</strong></span> <span class='ocrx_word' id='word_1_940' title='bbox 3044 5625 3248 5681; x_wconf 89' lang='lat' dir='ltr'><strong>itineris</strong></span> <span class='ocrx_word' id='word_1_941' title='bbox 3276 5624 3536 5691; x_wconf 89' lang='lat' dir='ltr'><strong>laborem,</strong></span> <span class='ocrx_word' id='word_1_942' title='bbox 3568 5623 3779 5678; x_wconf 84' lang='lat' dir='ltr'><strong>instau-</strong></span> 
     </span>
    </p>
   </div>
   <div class='ocr_carea' id='block_1_121' title="bbox 2194 5715 3775 5791">
    <p class='ocr_par' dir='ltr' id='par_1_121' title="bbox 2194 5715 3775 5791">
     <span class='ocr_line' id='line_1_121' title="bbox 2194 5715 3775 5791; baseline -0.004 -12"><span class='ocrx_word' id='word_1_943' title='bbox 2194 5720 2383 5779; x_wconf 82' lang='lat' dir='ltr'><strong>rabant</strong></span> <span class='ocrx_word' id='word_1_944' title='bbox 2424 5734 2482 5777; x_wconf 87' lang='lat' dir='ltr'><strong>se</strong></span> <span class='ocrx_word' id='word_1_945' title='bbox 2518 5715 2865 5791; x_wconf 82' lang='lat' dir='ltr'><strong>navigationi,</strong></span> <span class='ocrx_word' id='word_1_946' title='bbox 2910 5715 2978 5772; x_wconf 90' lang='lat' dir='ltr'><strong>de</strong></span> <span class='ocrx_word' id='word_1_947' title='bbox 3020 5715 3126 5773; x_wconf 89' lang='lat' dir='ltr'><strong>vita</strong></span> <span class='ocrx_word' id='word_1_948' title='bbox 3166 5723 3361 5773; x_wconf 67' lang='lat' dir='ltr'><strong>aeterna</strong></span> <span class='ocrx_word' id='word_1_949' title='bbox 3400 5727 3527 5771; x_wconf 86' lang='lat' dir='ltr'><strong>cum</strong></span> <span class='ocrx_word' id='word_1_950' title='bbox 3561 5725 3775 5772; x_wconf 73' lang='lat' dir='ltr'><strong>summa</strong></span> 
     </span>
    </p>
   </div>
  </div>
