3994 6352
246 252 355 313 153

243 373 417 431 ιηἰωί
458 371 743 444 voluptate
784 382 1091 427 sermonem
1146 364 1526 433 contulerunt,
1576 366 1847 436 printer-ita

242 464 656 530 obliviseeutes,
681 478 746 518 ac
772 462 825 517 in
858 477 921 517 ea
950 476 1074 533 quae
1100 468 1225 516 ante
1252 466 1378 514 sunt
1409 458 1631 514 extenti.
1662 456 1845 511 Initia-

240 559 448 623 bms,
471 556 645 626 inquit
665 554 1014 625 Augustinus,
1036 568 1122 607 ore
1151 550 1317 606 cordis
1336 551 1388 604 in
1411 565 1632 621 superna
1655 550 1848 620 ﬂuenta

242 651 407 721 fontis
425 651 525 716 tui,
549 649 704 718 fontis
732 650 848 703 vine
865 647 954 719 qui
980 656 1053 700 est
1075 645 1213 714 apud
1233 654 1317 709 te;
1348 653 1406 698 ut
1426 643 1548 698 inde
1574 661 1665 714 pro
1691 653 1843 714 captu

243 754 420 799 nostro
450 745 672 813 aspersi,
700 759 900 814 quoque
939 742 1089 795 modo
1122 756 1227 794 rem
1256 748 1449 793 tantam
1488 740 1842 808 cogitaremus.

241 834 475 906 Cumque
494 836 566 888 ad
591 852 704 889 eum
728 835 880 902 finem
904 850 1067 888 sermo
1093 832 1467 902 perduceretur,
1490 840 1547 885 ut
1565 831 1846 885 carnalium

239 944 483 983 sensuum
514 928 781 982 delectatio
799 924 1104 996 quantalibet
1124 925 1175 978 in
1202 923 1508 993 quantalibet
1529 924 1641 977 luce
1662 938 1844 991 corpo-

240 1035 325 1073 rea
362 1034 476 1086 pra
504 1018 648 1073 illius
679 1019 793 1071 vita:
806 1016 1162 1088 jucunditate,
1198 1030 1300 1068 non
1338 1014 1730 1082 comparatione,
1758 1012 1847 1065 sed

239 1126 302 1164 ne
338 1110 826 1163 commoratione
866 1108 1065 1178 quidem
1100 1106 1255 1177 digna
1284 1105 1572 1170 videretur;
1603 1105 1846 1175 erigentes

240 1217 331 1255 nos
359 1200 660 1254 ardentiore
686 1198 870 1264 affectu
898 1198 953 1251 in
979 1198 1200 1267 idipsum
1219 1238 1235 1264 ,
1266 1196 1390 1249 dum
1414 1196 1666 1265 loquimur
1693 1205 1739 1249 et
1762 1196 1844 1249 in-

241 1293 447 1347 hiamus
470 1292 589 1357 illi,
633 1292 889 1361 attigimus
915 1306 1030 1343 eam
1068 1290 1261 1342 modice
1295 1298 1398 1343 toto
1425 1288 1530 1343 ictu
1565 1288 1764 1352 cordis;
1798 1297 1846 1342 et

238 1384 640 1453 suspiruvimus,
659 1392 710 1438 et
729 1383 1021 1451 reliquimus
1044 1381 1113 1435 ibi
1140 1380 1380 1451 religatas
1416 1380 1665 1448 primitias
1692 1380 1845 1449 spiri-

240 1484 345 1539 tus,
378 1485 426 1528 et
453 1476 788 1529 remeavimus
811 1473 879 1526 ad
907 1473 1169 1543 strepitum
1194 1472 1297 1526 oris
1318 1471 1505 1535 nostri,
1536 1471 1622 1525 ubi
1646 1471 1845 1526 verbum

239 1574 285 1619 et
303 1566 559 1636 incipitur
580 1575 629 1620 et
653 1565 848 1634 ﬁnitur.
878 1565 927 1619 ls
952 1563 1109 1634 hujus
1134 1562 1386 1630 colloquii
1413 1570 1468 1616 et
1491 1562 1713 1618 ecstasis
1737 1561 1845 1617 fru-

237 1665 367 1712 ctus
414 1655 550 1721 fuit,
590 1664 651 1709 ut
682 1655 812 1724 ipsis
850 1655 1029 1708 omnia
1070 1652 1253 1708 mundi
1279 1652 1704 1716 oblectamenta,
1732 1666 1845 1721 prae

239 1747 334 1801 illa
361 1746 616 1802 delibata:
655 1745 924 1800 felicitatis
961 1743 1248 1808 suavitate,
1282 1742 1624 1798 vilescerent.
1655 1742 1723 1797 Et
1752 1742 1842 1796 illa

238 1838 471 1908 quidem
515 1838 579 1892 ad
623 1838 975 1908 Augustinum
1012 1854 1025 1890 :
1056 1833 1201 1899 Fili,
1238 1834 1338 1899 ait,
1383 1843 1626 1902 quantum
1665 1833 1733 1886 ad
1765 1849 1845 1887 me

238 1933 457 1998 attinet,
486 1932 622 1985 nulla
641 1932 754 2000 jam
782 1947 838 1983 re
868 1929 1088 1983 delector
1110 1928 1165 1982 in
1200 1927 1295 1981 hac
1324 1927 1445 1980 vita.
1490 1926 1625 1992 Quid
1658 1927 1738 1981 hic
1756 1927 1843 1997 fa-

240 2023 402 2076 ciam
426 2022 601 2083 adhuc,
620 2032 665 2075 et
690 2038 784 2075 cur
810 2022 892 2075 hic
924 2021 1020 2075 sim
1049 2020 1236 2084 nescio,
1266 2019 1383 2088 jam
1416 2026 1715 2087 consumpta
1755 2034 1846 2089 spe

240 2115 422 2182 hujus
440 2112 623 2167 seculi.
656 2111 829 2167 Unum
852 2120 959 2165 erat
989 2118 1194 2181 propter
1218 2109 1354 2176 quod
1383 2109 1438 2164 in
1477 2108 1573 2162 hac
1605 2109 1706 2162 vita
1742 2109 1843 2163 ali-

236 2213 501 2273 quantum
525 2202 781 2257 immorari
801 2202 1085 2273 cupiebam,
1117 2209 1172 2254 ut
1197 2208 1245 2253 te
1264 2200 1593 2253 christianum
1625 2199 1842 2253 catholi-

236 2310 367 2346 cum
392 2293 610 2347 viderem
643 2293 937 2362 priusquam
968 2306 1207 2345 morerer.
1245 2289 1557 2344 Cumulatius
1596 2290 1691 2345 hoc
1719 2289 1844 2344 mihi

238 2384 393 2441 Deus
424 2402 569 2441 meus
611 2386 865 2457 praestitit,
896 2393 951 2438 ut
980 2393 1027 2438 te
1062 2383 1243 2447 etiam,
1292 2389 1576 2452 contempta
1605 2381 1843 2450 felicitate

234 2488 468 2546 terrena,
484 2494 681 2533 servum
700 2479 809 2543 eius
829 2474 1045 2530 videam.
1067 2474 1202 2542 Quid
1244 2474 1325 2530 hic
1355 2474 1524 2544 facio?
1567 2474 1839 2546 (Confess.

235 2570 333 2624 lib.
366 2571 423 2635 9,
454 2571 653 2641 cap.9,
684 2588 737 2624 n.
768 2567 1003 2640 25-26.)

308 2663 371 2716 2.
401 2663 527 2721 Alio
550 2664 675 2717 item
699 2662 787 2717 die
807 2660 1047 2716 Monnica
1069 2659 1234 2717 Ostiis
1255 2659 1523 2716 Tiberinis
1551 2674 1674 2715 cum
1701 2674 1840 2715 non-

236 2753 409 2809 nullis
432 2754 625 2810 amicis
642 2753 921 2824 Augustini
950 2753 1100 2825 (ipse
1123 2755 1268 2809 enim
1296 2752 1511 2823 aberat)
1536 2767 1838 2810 sermonem

237 2844 311 2900 de
330 2854 641 2915 contemptu
662 2846 785 2900 vitae
817 2845 973 2913 hujus
998 2852 1052 2899 et
1077 2844 1144 2900 de
1168 2844 1312 2900 bono
1334 2846 1521 2899 mortis
1542 2845 1843 2901 familiaris-

240 2936 389 2991 sime
413 2935 722 2992 conferebat
742 2953 756 2990 :
775 2935 864 3006 qui
886 2935 1098 2990 feminae
1120 2934 1371 2991 virtutem
1396 2944 1691 3006 stupentes,
1715 2950 1837 2991 cum

245 3027 323 3081 ab
348 3041 409 3082 ea
440 3027 786 3097 quaesiissent,
829 3025 1085 3097 numquid
1119 3026 1352 3094 timeret,
1386 3043 1456 3084 ne
1484 3036 1591 3082 tam
1623 3029 1778 3098 longe
1806 3044 1839 3084 a

237 3131 339 3173 sua
364 3119 578 3176 civitate
600 3134 797 3190 corpus
814 3119 1165 3189 relinqueret:
1185 3118 1354 3185 Nihil,
1378 3120 1547 3189 inquit
1562 3120 1670 3186 illa,
1692 3120 1839 3192 longe

239 3218 313 3263 est
354 3208 505 3275 Deo;
540 3226 699 3281 neque
723 3210 997 3265 timendum
1022 3220 1128 3277 est,
1159 3227 1224 3265 ne
1259 3211 1347 3265 ille
1385 3227 1485 3265 non
1513 3222 1749 3283 agnoscat
1782 3213 1837 3267 in

236 3302 341 3368 ﬁne
367 3302 570 3366 seculi,
600 3304 731 3356 unde
759 3319 838 3356 me
860 3303 1139 3357 resuscitat.
1167 3302 1334 3357 Porro
1356 3302 1550 3357 mirum
1580 3312 1833 3372 quantum

236 3392 410 3448 fuerat
432 3402 562 3448 ante
588 3394 657 3449 de
686 3394 931 3463 sepulcro
952 3393 1197 3459 sollicita,
1225 3392 1367 3464 quod
1404 3394 1523 3449 ideo
1546 3394 1695 3463 juxta
1722 3410 1836 3449 ma-

236 3484 323 3539 riti
352 3498 556 3555 corpus
582 3485 683 3539 sibi
708 3484 1006 3553 providerat
1038 3491 1094 3538 et
1126 3492 1535 3553 praeparaverat,
1565 3485 1685 3553 quia
1709 3500 1833 3554 per-

235 3574 370 3628 actis
406 3590 534 3629 cum
570 3575 665 3629 illo
691 3590 894 3628 summa
917 3577 1274 3630 consensione
1300 3576 1624 3630 matrimonii
1653 3577 1829 3642 annis,

235 3664 489 3736 cupiebat
517 3665 645 3719 illud
674 3665 795 3720 huic
825 3665 1063 3720 felicitati
1096 3665 1273 3735 adjici,
1303 3680 1409 3735 quo
1438 3680 1832 3722 commemora-

237 3766 386 3811 retur
402 3757 473 3811 ab
505 3756 812 3811 hominibus
831 3771 1142 3811 concessum
1172 3756 1272 3811 sibi
1294 3771 1412 3811 esse
1434 3765 1555 3826 post
1570 3767 1833 3811 transma-

236 3849 411 3903 rinam
448 3849 934 3918 peregrinationem
955 3889 971 3915 ,
994 3857 1053 3902 ut
1079 3848 1361 3917 conjuncta
1388 3858 1526 3903 terra
1555 3850 1829 3904 amborum

237 3942 528 4011 conjugum
562 3951 701 3996 terra
733 3950 999 4012 tegeretur
1025 3941 1151 3997 :sed
1179 3941 1288 4010 jam
1319 3949 1428 3995 tum
1471 3941 1828 3997 inﬁrmitatem

238 4033 386 4087 hanc
417 4033 560 4088 Deus
594 4041 892 4097 sanaverat,
914 4044 965 4089 et
981 4032 1158 4087 cordis
1183 4033 1299 4102 ejus
1318 4034 1623 4090 inanitatem
1649 4036 1832 4106 gratiae

244 4123 571 4193 plenitudine
591 4124 953 4193 compleverat
984 4122 1171 4194 (Ibid.,
1198 4141 1312 4196 cap.
1344 4126 1431 4193 10,
1456 4143 1506 4179 η.
1535 4124 1648 4198 28).
1680 4127 1831 4195 Quod

238 4230 377 4269 sane
400 4216 702 4285 Augustino
718 4218 845 4270 satis
866 4216 979 4284 ipsa
1007 4216 1415 4287 signiﬁcaverat,
1444 4233 1565 4272 cum
1593 4219 1645 4273 in
1674 4234 1830 4288 supra

237 4316 542 4363 memorato
562 4324 812 4363 sermone
834 4309 898 4362 ad
928 4308 1211 4364 fenestram
1233 4312 1407 4380 erupit
1430 4313 1481 4365 in
1505 4312 1618 4366 lucc
1638 4315 1827 4368 verba:

241 4397 379 4464 Quid
404 4399 493 4451 hic
518 4399 651 4468 facio
671 4399 698 4452 ?
724 4398 827 4454 Sed
852 4399 969 4470 ejus
1008 4410 1242 4455 mentem
1273 4402 1363 4456 ille
1398 4402 1534 4456 haud
1569 4418 1830 4474 quaquam

234 4494 392 4563 plene
420 4502 508 4546 est
530 4500 826 4557 assecutus,
848 4492 1020 4548 donec
1041 4494 1093 4548 in
1121 4495 1375 4549 extremis
1406 4496 1572 4564 posita
1599 4511 1717 4551 sese
1744 4496 1830 4552 illa

235 4584 451 4653 planius
472 4584 701 4651 aperuit.
719 4583 850 4637 Nam
878 4584 1065 4654 quinto
1079 4584 1291 4639 circiter
1318 4594 1436 4654 post
1456 4586 1612 4639 istum
1630 4602 1835 4643 sermo-

236 4690 358 4731 nem
376 4676 469 4730 die
495 4675 550 4729 in
570 4675 755 4729 febrim
785 4675 971 4730 incidit
994 4693 1007 4729 :
1028 4691 1129 4746 qua
1152 4677 1362 4745 quidem
1381 4692 1569 4732 novem
1598 4678 1712 4734 dies
1732 4679 1831 4734 du-

235 4778 412 4835 rante,
436 4767 714 4837 obsequiis
735 4768 937 4823 interea
964 4767 1067 4822 sibi
1079 4768 1148 4822 ab
1168 4764 1459 4837 Augustino
1480 4770 1733 4840 impensis
1753 4771 1835 4825 in-

237 4857 643 4926 terblaudiens,
696 4858 838 4927 pium
878 4858 1024 4913 illum
1078 4859 1404 4929 appellabat,
1444 4874 1507 4915 ac
1545 4861 1834 4917 tenerrimo

239 4949 419 5005 cordis
448 4949 644 5005 affectu
672 4950 1146 5017 commemorabat,
1178 4967 1445 5021 nunquam
1476 4968 1540 5006 ex
1571 4952 1711 5006 illius
1740 4968 1834 5008 ore

240 5041 489 5097 voculam
521 5040 819 5105 excidisse,
849 5056 969 5111 qua:
993 5041 1164 5111 ipsam
1192 5042 1273 5096 vel
1296 5042 1484 5097 leviter
1512 5043 1705 5098 laedere
1738 5060 1831 5113 po-

242 5136 433 5191 tuisset
455 5135 480 5209 (
502 5135 669 5201 lbid.,
696 5152 811 5207 cap.
842 5138 931 5201 12,
960 5154 1014 5191 n.
1043 5138 1167 5207 50).
1199 5138 1437 5205 Quodam
1468 5148 1644 5194 autem
1676 5142 1833 5211 :cgri-

241 5226 443 5283 tudinis
487 5227 578 5284 die
618 5227 882 5284 defectum
911 5229 1105 5283 animae
1145 5244 1296 5299 passa
1322 5241 1433 5298 est,
1465 5246 1528 5287 ac
1564 5232 1832 5301 paululum

242 5318 513 5373 subtracta
562 5320 912 5389 praesentibus
949 5336 965 5375 :
995 5319 1106 5374 Nos
1146 5324 1488 5376 concurrimus
1516 5325 1832 5395 (Augustini

244 5409 405 5464 verba
434 5408 553 5464 haec
581 5412 753 5481 sunt),
781 5413 867 5466 sed
894 5412 992 5466 cito
1026 5412 1222 5466 reddita
1247 5423 1319 5467 est
1347 5416 1534 5479 sensui,
1565 5426 1612 5469 et
1639 5417 1834 5487 aspexit

246 5509 471 5556 astantes
493 5518 575 5556 me
593 5510 640 5556 et
663 5503 871 5571 fratrem
896 5522 1081 5569 meum,
1110 5514 1156 5560 et
1175 5507 1248 5560 ait
1272 5507 1414 5562 nobis
1434 5510 1578 5578 quasi
1597 5512 1834 5580 quaerenti

244 5594 425 5650 similis
447 5611 467 5649 :
486 5595 530 5651 Π
535 5595 587 5650 bi
599 5612 740 5652 eram
752 5599 777 5651 Ρ
796 5597 992 5653 Deinde
1013 5616 1106 5655 nos
1124 5600 1322 5655 intuens
1337 5616 1547 5657 umore
1562 5604 1797 5658 attonitos
1815 5619 1836 5660 :

249 5684 455 5743 Paucis
482 5688 601 5757 hic,
627 5690 825 5763 inquit,
861 5700 1071 5748 matrem
1112 5702 1345 5749 vestram.
1385 5692 1492 5766 Ego
1520 5694 1760 5765 silebum,
1789 5705 1835 5751 et

1592 241 1797 304 LIBER
1833 235 2211 296 SECUNDUS.

3438 258 3540 321 156

1951 361 2127 432 ﬂetum
2155 362 2435 437 frenabam.
2480 365 2662 423 Frater
2687 377 2855 427 autent
2886 388 3025 428 meus
3060 373 3302 445 quiddam
3343 375 3540 435 locutus

1952 465 2060 521 est,
2087 473 2185 526 quo
2214 474 2324 511 eam
2362 474 2463 512 non
2498 476 2726 531 peregre,
2754 462 2842 516 sed
2867 464 2921 517 in
2948 465 3116 534 patria
3157 465 3382 538 defungi,
3425 479 3540 523 tan-

1951 564 2101 616 quam
2126 551 2343 621 felicius,
2368 562 2583 623 0ptaret.
2619 555 2733 621 Quo
2758 556 2963 624 audito,
2989 558 3083 612 illa
3106 560 3247 615 vultu
3272 562 3424 615 anxio
3456 577 3541 615 re-

1952 639 2213 695 verberans
2254 658 2367 695 eum
2413 645 2570 698 oculis
2589 686 2604 711 ,
2645 646 2778 714 quod
2814 648 2938 700 talia
2984 659 3210 719 saperet,
3239 660 3395 723 atque
3422 651 3542 705 inde

1951 748 2029 785 me
2048 733 2246 788 intuens
2269 749 2287 787 :
2322 733 2465 802 Vide,
2487 736 2579 799 ait,
2602 737 2724 806 quid
2745 738 2883 792 dicit.
2908 738 2976 792 Et
3001 756 3119 793 mox
3137 739 3375 795 ambobus
3398 757 3417 795 :
3436 739 3542 796 Ρο-

1951 824 2072 889 nite,
2100 825 2293 894 inquit,
2322 825 2417 879 hoc
2444 843 2627 898 corpus
2653 828 2986 898 ubicumque;
3013 831 3142 885 nihil
3169 848 3253 886 vos
3283 833 3392 903 ejus
3418 850 3540 887 cura

1950 914 2208 968 conturbet
2251 931 2269 968 :
2315 925 2510 969 tantum
2576 916 2707 971 illud
2758 934 2843 972 vos
2894 936 3048 988 rogo,
3090 931 3146 974 ut
3198 922 3266 974 ad
3328 921 3540 977 Domini

1954 1004 2118 1059 altare
2164 1006 2487 1061 memineritis
2522 1008 2649 1074 mei,
2691 1008 2772 1061 ubi
2808 1008 2891 1062 ubi
2924 1011 3120 1081 fueritis
3152 1011 3334 1082 (Ibid.,
3363 1014 3453 1067 lib.
3479 1014 3537 1081 9,

1950 1115 2063 1170 cap.
2096 1100 2183 1164 ll,
2210 1115 2263 1150 n.
2300 1098 2424 1166 27).
2466 1098 2604 1170 Ergo
2637 1102 2728 1155 illa
2765 1104 3054 1157 imminente
3090 1104 3171 1158 die
3210 1107 3531 1163 resolutionis

1950 1208 2075 1257 suat,
2112 1194 2280 1261 pergit
2307 1192 2462 1261 paulo
2492 1202 2611 1261 post
2632 1195 2981 1264 Augustinus,
3007 1212 3105 1249 non
3130 1197 3366 1267 cogitavit
3389 1214 3538 1253 suum

1950 1299 2130 1353 corpus
2172 1292 2461 1350 sumptuose
2498 1286 2725 1355 contegi,
2757 1296 2843 1339 aut
2870 1287 3065 1340 condiri
3092 1290 3420 1356 aromatibus,
3447 1299 3539 1346 aut

1950 1384 2324 1427 monumentum
2350 1375 2559 1427 electum
2585 1376 2886 1446 concupivit,
2920 1387 3005 1429 aut
3031 1379 3221 1431 curavit
3250 1381 3538 1450 sepulcrum

1951 1465 2208 1534 patrium;
2235 1481 2335 1517 non
2358 1465 2455 1518 ista
2480 1466 2734 1519 mandavit
2756 1466 2897 1521 nobis
2926 1484 2943 1521 :
2965 1468 3052 1521 sed
3072 1471 3417 1526 tantummodo
3432 1488 3538 1526 me-

1950 1557 2163 1611 moriam
2191 1557 2271 1611 sui
2304 1557 2369 1609 ad
2404 1557 2564 1610 altare
2588 1566 2728 1609 tuum
2754 1558 2863 1627 ﬁeri
2889 1559 3206 1624 desideravit,
3234 1562 3315 1617 cui
3348 1565 3537 1619 nullius

1949 1648 2049 1701 diei
2078 1648 2495 1717 praetermissione
2517 1649 2787 1713 servierat;
2813 1652 2946 1703 unde
2965 1651 3109 1704 sciret
3137 1651 3421 1722 dispensari
3446 1653 3536 1709 Vi-

1948 1741 2152 1794 ctimam
2189 1750 2415 1794 sanctam
2435 1782 2449 1806 ,
2486 1757 2584 1808 qua
2613 1740 2829 1793 deletum
2858 1750 2929 1795 est
2960 1741 3370 1813 chirographum,
3401 1747 3536 1816 quod

1948 1842 2053 1889 erat
2078 1835 2387 1888 contrarium
2416 1834 2556 1887 nobis
2600 1832 2804 1907 (Ibid.,
2834 1851 2950 1904 cap.
2980 1835 3069 1899 l3,
3108 1853 3160 1889 n.
3198 1837 3265 1891 56
3284 1836 3322 1908 ).
3354 1838 3537 1908 Itaque

1948 1943 2069 1982 cum
2096 1936 2328 1982 mentem
2355 1942 2528 1993 suam,
2560 1937 2714 1996 prout
2739 1932 2787 1980 ei
2819 1943 2911 1996 per
2934 1928 3290 1985 valetudinem
3319 1931 3533 1995 licebat,

1948 2018 2284 2086 explicasset,
2314 2018 2717 2087 ingravescente
2739 2018 2928 2072 morbo
2956 2018 3322 2074 exercebatur.
3353 2019 3408 2073 In
3429 2035 3536 2091 quo

1946 2109 2183 2166 cruciatu
2211 2109 2364 2163 beata
2394 2109 2482 2163 illa
2510 2110 2687 2164 anima
2716 2125 2911 2180 corpus
2935 2111 3183 2180 reliquit,
3216 2111 3281 2166 ad
3311 2128 3535 2182 superos

1948 2202 2254 2267 evolatura,
2295 2200 2383 2256 die
2428 2201 2756 2270 aegritudinis
2785 2216 2896 2256 sua:
2939 2217 3115 2267 nono,
3160 2203 3333 2258 (etatis
3372 2203 3537 2273 ipsius

1946 2305 2087 2345 anno
2124 2290 2562 2360 quinquagesimo
2603 2299 2785 2355 sexto,
2828 2292 3002 2345 aetatis
3034 2300 3212 2346 autem
3250 2293 3533 2363 Augustini

1948 2384 2219 2453 trigesimo
2240 2382 2414 2445 tertio,
2437 2382 2619 2453 paucis
2644 2382 2779 2437 forte
2804 2382 2991 2437 diebus
3014 2394 3139 2437 ante
3168 2383 3284 2438 idus
3312 2399 3535 2440 novem-

1944 2476 2070 2531 bres
2110 2475 2237 2530 anni
2274 2489 2434 2544 supra
2468 2476 2902 2529 trecentesimum
2943 2474 3255 2544 octogesimi
3294 2475 3529 2545 septimi.

1944 2568 2184 2623 Natalem
2206 2576 2383 2622 tamen
2413 2567 2528 2636 ejus
2558 2567 2796 2621 Ecclesia
2824 2576 3012 2636 quarto
3039 2582 3207 2623 nonas
3241 2567 3365 2622 maii
3392 2568 3533 2624 cele-

1945 2662 2064 2718 brat
2090 2680 2103 2715 :
2132 2661 2272 2731 quod
2298 2676 2393 2715 cur
2419 2662 2487 2714 ita
2518 2660 2629 2725 ﬁat,
2660 2659 2821 2713 nobis
2849 2660 3085 2727 ignotum
3110 2669 3210 2714 est-

2015 2753 2069 2808 3.
2098 2752 2282 2807 Matris
2308 2752 2494 2807 oculos
2520 2751 2709 2820 pressit
2734 2751 3078 2821 Augustinus,
3106 2764 3168 2804 ac
3191 2750 3369 2805 statim
3390 2763 3533 2806 acer-

1942 2845 2197 2903 bissimus
2224 2846 2379 2901 dolor
2407 2844 2650 2900 intimum
2676 2844 2793 2913 ejus
2820 2852 3004 2913 pectus
3035 2842 3265 2913 pervasit
3289 2860 3304 2897 :
3330 2851 3529 2898 etcum

1942 2955 2039 3011 per
2067 2941 2332 3011 lacrymas
2359 2939 2560 2994 exitum
2592 2944 2888 3007 quaireret.
2937 2937 3048 2991 suis
3085 2935 3175 2989 ille
3214 2934 3382 2990 oculis
3422 2934 3529 2990 vim

1941 3030 2164 3096 faciens,
2187 3045 2280 3085 eas
2301 3030 2442 3084 intus
2463 3028 2787 3083 retrudebat.
2810 3027 2919 3083 Nec
2947 3026 3077 3082 levis
3096 3036 3211 3083 erat
3238 3027 3528 3097 cruciatus,

1939 3139 2097 3194 quem
2131 3123 2185 3177 in
2212 3122 2299 3176 illa
2329 3122 2485 3191 longe
2509 3121 2822 3192 gravissima
2852 3120 2933 3174 sui
2961 3128 3144 3175 contra
3176 3134 3237 3175 se
3266 3119 3406 3174 lucta
3433 3134 3528 3189 pa-

1940 3215 2186 3270 tiebatur.
2207 3211 2517 3267 indecorum
2536 3212 2783 3267 videlicet
2801 3213 3071 3275 censebat,
3092 3210 3279 3264 matris
3297 3219 3527 3266 mortem

1940 3305 2189 3376 lacrymis
2212 3304 2459 3374 prosequi
2481 3321 2496 3370 ;
2522 3319 2643 3359 cum
2672 3305 2722 3357 in
2744 3303 2961 3357 dubium
2983 3316 3172 3358 vocare
3192 3316 3297 3357 non
3322 3307 3526 3371 posset,

1937 3397 2062 3467 quin
2093 3396 2179 3450 illa
2208 3396 2429 3450 meliore
2456 3394 2537 3448 sui
2566 3404 2713 3463 parte
2735 3394 2934 3448 viveret
2958 3411 2971 3448 :
2994 3392 3097 3448 hoc
3119 3401 3170 3448 et
3192 3391 3529 3447 documentis

1938 3504 2147 3544 morum
2176 3488 2311 3557 ejus,
2336 3497 2391 3542 et
2416 3486 2520 3542 ﬁde
2547 3502 2650 3540 non
2677 3485 2817 3552 ﬁcta,
2846 3486 3246 3555 rationibusque
3264 3486 3428 3541 certis
3449 3494 3529 3541 te-

1937 3582 2096 3639 nebat
2119 3580 2302 3652 (Ibid.,
2326 3598 2440 3652 cap.
2465 3579 2552 3645 12,
2581 3598 2633 3634 n.
2650 3578 2768 3647 29).
2785 3579 2960 3633 Nihilo
2988 3586 3166 3632 tamen
3196 3578 3370 3633 minus
3394 3592 3522 3635 sua-

1936 3674 2205 3728 vissimam
2249 3673 2391 3727 illius
2419 3671 2859 3727 consuetudinem
2888 3670 2986 3724 sibi
3017 3676 3189 3725 morte
3216 3668 3520 3738 ademptam

1934 3764 2163 3834 graviter
2184 3762 2413 3817 dolebat.
2432 3760 2589 3826 Quasi
2599 3761 2938 3814 dilaniabatur
2950 3760 3068 3820 vita.
3085 3758 3273 3828 inquit,
3288 3773 3401 3828 quae
3418 3774 3523 3811 una

1936 3862 2071 3929 facta
2097 3867 2203 3910 erat
2231 3872 2294 3910 ea:
2318 3872 2430 3909 mea
2457 3866 2502 3909 et
2528 3856 2663 3908 illius
2682 3852 2866 3924 (Ibid.,
2890 3870 2940 3906 n.
2967 3852 3078 3924 50).
3099 3852 3232 3906 Tum
3253 3866 3378 3905 vero
3399 3866 3520 3905 cum

1935 3947 2133 4002 efﬂavit
2159 3956 2456 4002 extremum
2487 3945 2748 4013 spiritum,
2776 3958 2908 4012 puer
2926 3942 3232 3997 Adeodatus
3255 3941 3522 4003 exclama-

1935 4041 2011 4094 vit
2038 4039 2090 4093 in
2124 4039 2421 4108 planctum;
2448 4046 2607 4105 atque
2630 4036 2699 4089 ab
2727 4036 2976 4090 omnibus
3004 4033 3353 4104 priesentibus
3372 4048 3524 4088 eoero

1936 4133 2072 4187 citus
2092 4131 2274 4185 tacuit.
2299 4128 2547 4185 Cohibito
2577 4143 2705 4199 ergo
2733 4145 2760 4181 a
2792 4128 2914 4182 ﬁetu
2935 4125 3521 4189 Adeodato.confestim

1938 4225 2172 4281 Evodius
2198 4224 2421 4293 arripuit
2447 4222 2784 4287 Psalterium,
2815 4236 2879 4275 ac
2905 4220 3167 4290 psalmum
3196 4233 3390 4274 canere
3413 4231 3506 4274 cui

1938 4317 2328 4388 pitAugustino
2365 4322 2419 4370 et
2462 4314 2582 4368 aliis
2619 4312 2982 4367 accinentihus
3007 4329 3020 4365 :
3047 4310 3450 4364 Misericordiant
3476 4316 3523 4362 et

1926 4410 2185 4480 judicium
2215 4406 2429 4461 cantabo
2467 4405 2555 4459 tibi
2574 4447 2587 4469 ,
2624 4404 2841 4459 Domine
2870 4401 3053 4473 (Ibid.,
3082 4420 3134 4456 η.
3159 4400 3269 4472 5i).
3303 4400 3403 4457 Ubi
3431 4415 3523 4469 per

1934 4503 2124 4557 urbem
2169 4510 2366 4556 sanctm
2409 4500 2583 4553 vidum
2629 4499 2804 4553 obitus
2856 4495 3189 4567 percrebuit,
3234 4494 3523 4550 Christiani

1936 4595 2240 4664 complures
2264 4609 2327 4648 ac
2353 4594 2613 4662 religiosa:
2652 4591 2862 4645 femina:
2888 4590 3104 4644 domum
3137 4594 3502 4644 convenerunt

1937 4689 2152 4744 Interim
2182 4687 2340 4741 funus
2363 4685 2672 4740 curantibus
2703 4683 2788 4749 iis,
2810 4698 3036 4752 quorum
3062 4680 3111 4735 id
3129 4680 3366 4736 muneris
3386 4684 3520 4745 erat,

1936 4778 2159 4835 secessit
2184 4778 2511 4847 Augustinus
2549 4776 2600 4829 in
2638 4774 2809 4829 locum
2829 4815 2843 4841 ,
2875 4773 2964 4828 ubi
2992 4774 3246 4828 decenter
3274 4786 3394 4827 esse
3424 4785 3518 4840 po-

1939 4880 2074 4926 terat
2099 4872 2150 4926 in
2180 4871 2393 4925 illorum
2423 4869 2695 4932 societate,
2724 4868 2813 4938 qui
2838 4882 2960 4922 eum
2986 4867 3038 4921 in
3067 4866 3168 4921 hac
3191 4865 3351 4920 animi
3371 4863 3525 4933 aegri-

1938 4966 2121 5020 tudine
2166 4963 2521 5019 deserendum
2565 4978 2669 5017 non
2712 4976 2833 5017 esse
2871 4960 3177 5015 censebant.
3204 4958 3350 5023 Quod
3384 4967 3522 5021 erat,

1939 5056 2141 5125 inquit,
2171 5054 2382 5123 tempori
2422 5069 2702 5124 congruum
2726 5050 3045 5121 disputabant
3066 5090 3081 5112 ,
3111 5063 3263 5116 eoque
3302 5048 3525 5116 fomento

1938 5148 2158 5202 veritatis
2187 5146 2475 5217 mitigabant
2506 5146 2784 5198 cruciatum
2813 5142 2898 5195 tibi
2931 5150 3121 5205 notum,
3149 5137 3255 5192 illis
3284 5138 3527 5209 ignoran—

1939 5240 2090 5303 tibus,
2115 5249 2160 5293 et
2183 5239 2367 5292 intente
2385 5237 2720 5297 audientibus,
2744 5244 2790 5288 et
2814 5234 2922 5287 sine
2940 5249 3088 5287 sensu
3110 5231 3300 5287 doloris
3320 5249 3398 5287 me
3420 5248 3527 5289 esse

1938 5330 2313 5385 arbitrantibus.
2343 5329 2407 5382 At
2435 5344 2525 5399 ego
2558 5328 2609 5381 in
2648 5326 2850 5379 auribus
2881 5325 2979 5379 tuis
2997 5366 3012 5389 ,
3046 5326 3129 5379 ubi
3155 5342 3327 5380 eorum
3355 5326 3526 5381 nullus

1938 5424 2191 5485 audiebat,
2214 5419 2535 5491 increpabam
2557 5418 2819 5472 mollitiem
2841 5415 3052 5483 affectus
3070 5418 3187 5481 mei,
3209 5429 3256 5471 et
3276 5417 3522 5472 constrin-

1938 5513 2113 5584 gebam
2133 5514 2333 5583 ﬂuxum
2352 5510 2578 5565 mmoris
2601 5524 2620 5563 .'
2639 5507 2934 5579 cedebatque
2958 5508 3082 5563 mihi
3103 5509 3390 5578 paululum,
3411 5523 3519 5562 τινι

1939 5619 2123 5673 susque
2146 5602 2333 5671 impetu
2363 5617 2453 5656 suo
2481 5599 2754 5671 ferebatur,
2785 5616 2886 5654 non
2916 5615 3071 5669 usque
3106 5600 3174 5651 ad
3211 5598 3522 5669 eruptionem

1940 5695 2312 5766 lacrynmrunt,
2345 5710 2431 5748 nec
2458 5710 2612 5766 usque
2638 5693 2707 5748 ad
2735 5692 2899 5749 vultus
2929 5692 3292 5758 mutationem;
3322 5689 3411 5747 sed
3432 5704 3525 5760 ego
