3994 6352
433 280 538 337 155

432 395 652 454 sciebam
678 390 800 464 quid
827 390 976 447 corde
1000 404 1290 459 premerem.
1317 386 1381 440 Et
1409 386 1528 457 quia
1556 384 1681 438 mihi
1707 382 2017 438 vehementer

442 488 755 559 displicebat,
776 495 971 539 tantum
980 500 987 511 “
996 485 1051 538 in
1070 499 1148 537 me
1176 497 1322 551 posse
1337 482 1441 535 haec
1458 480 1699 544 humana,
1718 491 1831 547 qua:
1844 475 2019 530 ordine

436 581 603 636 debito
618 590 665 634 et
682 586 815 634 sorte
831 577 1053 631 conditio
1061 576 1138 630 nis
1155 583 1340 628 nostra:
1354 572 1581 626 accidere
1596 586 1790 623 necesse
1807 577 1900 634 est,
1916 568 2017 621 alio

439 673 618 728 dolore
643 669 873 724 dolebdm
901 669 1125 722 dolorem
1153 680 1319 719 meum
1338 698 1354 730 ,
1383 672 1432 717 et
1456 661 1645 732 duplici
1674 661 1876 714 tristitia
1903 675 2017 712 ma-

441 763 649 820 cerabar
679 762 930 833 (Confess.
963 761 1050 815 lib.
1070 759 1123 825 9,
1146 776 1191 812 ε.
1213 758 1299 821 12,
1318 775 1373 811 n.
1392 754 1504 827 5|).
1520 755 1671 809 Elato
1689 767 1933 823 corpore,
1958 766 2022 806 ac

445 868 613 926 prope
638 852 938 924 sepulcrum
958 850 1154 921 posito,
1178 856 1236 903 ut
1265 846 1335 902 ibi
1360 845 1525 901 moris
1538 852 1669 909 erat,
1694 842 2022 897 liberationis

444 952 643 1001 nostra:
659 943 976 998 sacrificium
996 957 1091 1011 pro
1107 955 1171 996 ea
1184 940 1419 995 oblatum
1435 944 1536 993 est.
1550 937 1725 1007 Atque
1741 935 1943 990 interea
1954 934 2025 988 la-

441 1049 655 1107 crymas
684 1049 810 1089 suas
837 1033 1145 1089 continebat
1165 1030 1509 1101 Augustinus.
1541 1028 1692 1094 Ecce,
1722 1027 1815 1093 ait,
1841 1042 2026 1096 corpus

443 1127 633 1181 elatum
661 1133 770 1190 est;
796 1126 947 1191 imus,
974 1125 1194 1178 redimus
1222 1124 1329 1177 sine
1358 1120 1613 1191 lacrymis.
1640 1118 1779 1173 Nam
1798 1133 1956 1189 neque
1973 1119 2027 1170 in

442 1219 517 1274 eis
541 1218 791 1289 precibus,
810 1234 934 1288 quas
950 1218 1037 1271 tibi
1060 1216 1284 1289 fudimus
1307 1232 1421 1270 cum
1446 1212 1710 1280 offerretur
1735 1228 1828 1283 pro
1856 1227 1916 1265 ea
1939 1226 2025 1268 sa-

444 1309 692 1378 criﬁcium
722 1310 867 1379 pretii
895 1308 1079 1371 nostri,
1100 1309 1211 1377 jam
1233 1309 1386 1377 juxta
1422 1306 1707 1376 sepulcrum
1742 1304 1906 1375 posito
1939 1318 2029 1357 ca-

447 1399 647 1469 davere,
671 1400 963 1470 priusquam
992 1399 1339 1469 deponeretur,
1362 1397 1491 1451 sicut
1518 1397 1621 1451 illic
1641 1396 1752 1466 fieri
1773 1396 1917 1461 solet,
1938 1409 2030 1449 nec

445 1492 500 1546 in
529 1492 600 1547 eis
625 1491 851 1563 precibus
876 1507 968 1562 ego
990 1491 1106 1561 ﬂevi
1129 1489 1252 1544 :sed
1279 1498 1381 1543 toto
1408 1489 1488 1542 die
1516 1490 1733 1559 graviter
1755 1489 1809 1542 in
1838 1487 2030 1542 occulto

447 1592 655 1637 maestus
680 1599 838 1647 eram,
862 1592 909 1635 et
933 1591 1096 1635 mente
1126 1580 1323 1634 turbata
1350 1580 1589 1651 ragabam
1618 1590 1682 1646 te,
1708 1588 1764 1634 ut
1784 1588 2028 1646 poteram,

446 1691 546 1745 quo
583 1691 789 1729 sanares
827 1674 1051 1729 dolorem
1088 1690 1289 1738 meum;
1322 1690 1410 1726 nec
1437 1673 1655 1744 faciebas
1674 1712 1689 1736 ,
1715 1671 1864 1726 credo
1894 1685 2033 1725 com-

446 1765 693 1819 mendans
718 1766 974 1819 memoria:
1002 1779 1126 1818 mete
1158 1765 1236 1818 vel
1262 1765 1357 1818 hoc
1382 1780 1481 1816 uno
1511 1764 1806 1817 documento
1826 1803 1840 1827 ,
1873 1761 2035 1815 omnis

448 1855 827 1910 consuetudinis
852 1856 1107 1909 vinculum
1135 1856 1284 1909 etiam
1308 1854 1546 1908 adversus
1568 1862 1777 1907 mentem
1797 1868 1910 1923 quae
1930 1853 2036 1920 iam

449 1963 554 2000 non
568 1947 743 2017 fallaci
758 1947 903 2002 verbo
920 1948 1163 2017 pascitur.
1184 1947 1368 2001 Visum
1390 1956 1472 1999 est
1491 1945 1562 1998 illi
1584 1953 1764 2014 petere
1783 1944 2033 2009 balneas;

452 2036 596 2108 quod
626 2037 690 2092 iis
715 2037 1034 2092 anxietatem
1064 2053 1128 2092 ex
1148 2037 1335 2092 animo
1363 2036 1489 2105 pelli
1519 2035 1802 2100 audiisset,
1825 2048 1925 2089 nec
1952 2041 2036 2088 ta-

452 2142 580 2184 men
612 2128 753 2184 illius
780 2130 935 2185 dolor
967 2130 1049 2185 his
1074 2129 1225 2199 aquis
1259 2130 1533 2183 abstersus
1561 2135 1661 2182 est.
1694 2126 1890 2182 Verum
1915 2141 2038 2182 cum

452 2220 845 2288 obdormisset,
882 2222 1050 2276 sensit
1085 2229 1426 2291 experrectus
1464 2220 1703 2274 dolorem
1739 2233 1892 2275 suum
1928 2233 2040 2273 non

451 2312 793 2368 mediocriter
841 2328 1029 2368 somno
1084 2314 1376 2382 mitigatum
1396 2311 1687 2386 (Ibid.,lib.
1734 2312 1788 2381 9,
1808 2329 1922 2383 cap.
1945 2312 2036 2379 12,

452 2418 508 2457 η.
540 2403 653 2476 32).
683 2406 929 2458 Attamen
959 2418 1080 2459 cum
1106 2404 1325 2474 jacturae
1351 2420 1463 2460 sua:
1486 2414 1540 2460 et
1564 2405 1803 2460 orbitatis
1830 2419 2040 2460 memo-

453 2495 589 2548 riam
618 2495 870 2564 paulatim
900 2496 954 2549 in
982 2507 1215 2551 mentem
1244 2505 1539 2561 revocaret,
1571 2497 1637 2552 de
1664 2506 1834 2552 matre
1860 2506 1915 2553 et
1942 2512 2041 2568 pro

452 2594 645 2651 matre,
668 2585 737 2640 de
761 2600 820 2640 se
845 2594 900 2641 et
925 2601 1023 2656 pro
1054 2601 1113 2642 se
1137 2588 1237 2642 sub
1257 2588 1425 2642 oculis
1450 2588 1542 2642 Dei
1576 2588 1704 2644 flere
1730 2589 1902 2643 libuit.
1934 2589 2039 2643 La-

454 2694 668 2750 crymas
696 2681 873 2750 itaque
893 2721 909 2747 ,
941 2696 1073 2751 quas
1103 2681 1361 2737 hactenus
1388 2697 1723 2752 compressas
1769 2689 2041 2749 tenuerat,

452 2770 696 2842 disrupto
720 2773 880 2827 veluti
910 2773 1162 2844 repagulo
1187 2774 1401 2841 laxavit,
1431 2782 1484 2829 et
1514 2783 1571 2829 ut
1598 2775 1835 2830 dolorem
1858 2774 2037 2829 cordis

456 2879 554 2934 per
578 2880 670 2921 eas
694 2875 954 2937 egereret,
987 2866 1152 2921 libere
1178 2881 1395 2937 prorsus
1423 2866 1643 2923 effluere
1672 2868 1929 2938 permisit.
1953 2866 2041 2923 Sic

456 2953 673 3010 demum
705 2957 1001 3026 requievit;
1032 2958 1280 3027 quoniam
1310 2957 1427 3013 illas
1451 2972 1629 3012 coram
1659 2958 1785 3024 Deo,
1816 2973 1925 3013 non
1945 2973 2037 3013 au-

454 3053 564 3101 tem
592 3046 645 3101 in
674 3048 844 3103 oculis
874 3048 1107 3102 hominis
1126 3089 1141 3114 ,
1171 3063 1263 3103 eas
1288 3048 1423 3103 forte
1450 3064 1547 3120 per
1574 3050 1874 3119 superbiam
1904 3048 2045 3106 male

458 3137 856 3207 interpretaturi
878 3181 892 3205 ,
920 3138 1198 3194 effuderat.
1228 3140 1371 3194 Illius
1414 3150 1589 3195 tamen
1621 3140 1777 3195 fletus
1801 3142 2046 3211 exiguam

458 3226 609 3282 horse
634 3237 839 3297 partem
870 3244 975 3283 non
1000 3229 1248 3284 excessit.
1270 3228 1449 3299 Legat,
1472 3230 1573 3295 ait,
1596 3230 1682 3302 qui
1705 3230 1860 3297 volet,
1891 3241 1935 3284 et
1960 3232 2047 3285 in-

459 3330 759 3392 terpretetur
797 3330 853 3375 ut
888 3322 1018 3375 volet
1049 3338 1069 3376 :
1097 3331 1144 3376 et
1180 3322 1225 3375 si
1263 3333 1519 3393 peccatum
1555 3323 1823 3388 invenerit,
1852 3324 2048 3393 flevisse

459 3426 541 3464 me
567 3419 777 3465 matrem
799 3412 979 3482 exigua
999 3420 1143 3483 parte
1164 3413 1322 3478 horae,
1352 3422 1560 3466 matrem
1585 3414 1743 3466 oculis
1772 3414 1895 3466 meis
1919 3414 2048 3468 inte-

457 3501 559 3555 rim
586 3511 865 3569 mortuam,
896 3519 1010 3574 quae
1035 3520 1114 3557 me
1136 3503 1321 3557 multos
1354 3520 1515 3557 annos
1540 3505 1769 3573 fleverat,
1804 3512 1858 3557 ut
1888 3504 2046 3561 oculis

457 3593 558 3646 tuis
583 3594 831 3660 viverem;
853 3610 955 3647 non
983 3595 1213 3657 irrideat,
1241 3594 1329 3648 sed
1359 3595 1525 3664 potius
1552 3596 1597 3648 si
1621 3605 1691 3647 est
1716 3596 1896 3664 grandi
1919 3596 2045 3649 cha-

450 3684 623 3751 ritate,
650 3700 742 3754 pro
764 3686 981 3755 peccatis
1008 3686 1131 3738 meis
1155 3687 1275 3754 fleat
1299 3685 1407 3755 ipse
1429 3687 1495 3737 ad
1521 3694 1567 3739 te
1587 3683 1795 3739 Patrem
1820 3687 2046 3741 omnium

454 3774 680 3843 fratrum
708 3775 894 3831 Christi
924 3778 996 3831 tui
1013 3775 1196 3847 (Ibid.,
1216 3794 1269 3829 η.
1288 3778 1402 3847 55).

1062 3867 1287 3923 CAPUT
1326 3869 1397 3923 XI
1407 3868 1465 3923 V.

461 3958 489 4012 1
516 3957 690 4012 Dilata
715 3958 878 4012 reditu
900 3959 967 4012 ad
988 3962 1222 4029 patriam,
1250 3959 1560 4029 Augustinus
1582 3959 1760 4014 Romae
1779 3961 2044 4016 conscribit

529 4050 723 4119 aliquot
752 4048 926 4117 libros,
954 4050 1141 4103 scilicet
1162 4050 1225 4103 de
1245 4050 1471 4103 Moribus
1493 4050 1736 4105 Ecclesiae
1761 4052 2039 4106 catholica.

532 4142 570 4196 2
587 4142 662 4196 De
684 4141 914 4196 Moribus
940 4141 1361 4195 Manichaeorum.
1385 4143 1419 4197 5
1435 4141 1512 4195 De
1532 4142 1821 4206 Quantitate
1839 4144 2041 4199 animle.

526 4233 568 4287 4
594 4230 814 4286 Inchoat
842 4249 971 4303 opus
1007 4233 1071 4287 de
1100 4232 1281 4287 Libero
1302 4232 1519 4287 Arbitrio
1538 4273 1552 4300 ,
1583 4242 1631 4286 et
1657 4233 1905 4304 quasdam
1932 4234 2043 4288 Ro-

532 4338 700 4376 manae
722 4321 965 4377 Ecclesiae
991 4324 1372 4378 consuetudines
1397 4324 1561 4377 discit.

534 4414 589 4468 1.
611 4413 966 4485 Augustinum
1003 4415 1068 4469 ad
1110 4412 1257 4469 Ostia
1286 4414 1532 4470 Tiberina
1560 4416 1869 4485 pervenisse
1905 4415 2042 4471 vidi-

461 4519 585 4561 mus
606 4546 622 4572 ,
652 4513 713 4560 ut
738 4521 797 4561 se
825 4506 931 4561 illic
960 4506 1281 4561 instauraret
1319 4506 1676 4577 navigationi,
1706 4522 1965 4577 suumque
1990 4508 2042 4561 in

462 4596 700 4652 Africam
729 4598 956 4652 reditum
985 4597 1289 4653 adornaret.
1318 4598 1434 4653 Non
1464 4599 1672 4669 trajecit
1700 4607 1910 4667 tamen,
1943 4599 2045 4654 nisi

464 4696 588 4758 post
606 4687 820 4743 Maximi
852 4702 1067 4755 necem,
1097 4688 1198 4744 hoc
1224 4698 1335 4757 est,
1365 4704 1550 4745 mense
1578 4698 1800 4761 augusto
1834 4690 1918 4746 vel
1953 4705 2045 4746 se-

467 4779 698 4849 ptembri
718 4781 843 4834 anni
862 4780 1222 4836 trecentesimi
1236 4782 1545 4852 octogesimi
1568 4783 1762 4836 octavi.
1776 4782 1889 4849 Qua
1905 4781 1972 4837 de
1986 4797 2047 4839 re

463 4874 598 4930 satis
625 4874 803 4944 ample
833 4874 1065 4929 diximus
1095 4888 1253 4945 supra
1284 4872 1437 4947 (Lib.
1466 4874 1521 4940 2,
1553 4891 1668 4945 cap.
1697 4875 1787 4945 7).
1823 4874 2048 4944 lpsemet

466 4974 714 5034 testatur,
741 4982 801 5023 se
826 4976 947 5038 post
974 4967 1299 5039 Baptismum
1319 5008 1333 5034 ,
1364 4969 1670 5038 priusquam
1717 4968 1772 5022 in
1812 4966 2045 5023 Africam

467 5068 752 5127 remearet,
774 5059 1077 5131 aliquandiu
1096 5064 1280 5118 Romae
1298 5062 1597 5118 constitisse
1617 5062 1867 5133 (Retract.
1885 5062 1974 5116 lib.
1991 5063 2044 5129 l,

467 5169 515 5206 c.
540 5153 594 5219 7,
622 5171 677 5208 η.
701 5156 754 5221 1;
777 5171 823 5208 c.
855 5154 909 5221 8,
943 5172 998 5209 η.
1023 5156 1073 5221 1;
1100 5172 1147 5210 c.
1175 5156 1230 5222 9,
1260 5172 1315 5209 n.
1339 5152 1414 5230 t).
1437 5155 1540 5209 Per
1564 5152 1662 5209 hos
1687 5153 1802 5210 dies
1826 5154 1961 5210 duos
1984 5153 2050 5209 li-

468 5254 597 5301 bros
625 5248 958 5317 conscripsit,
982 5248 1205 5304 alterum
1233 5249 1302 5305 de
1330 5245 1564 5303 Moribus
1589 5249 1839 5304 Ecclesiae
1866 5248 2051 5304 catho-

471 5337 626 5405 lictn,
664 5339 889 5394 alterum
930 5341 998 5396 de
1030 5340 1264 5397 Moribus
1288 5340 1719 5397 Manichaeorum.
1748 5341 1971 5412 Scripsit
1996 5350 2051 5398 et

471 5428 743 5502 dialogum
764 5431 832 5487 de
851 5433 1154 5501 Quantitate
1168 5433 1380 5500 animae,
1394 5448 1456 5489 ac
1471 5434 1755 5489 treslibros
1772 5435 1840 5492 de
1858 5436 2050 5493 Libero

472 5523 728 5581 Arbitrio.
752 5526 911 5583 Liber
938 5527 1006 5584 de
1032 5528 1266 5585 Moribus
1289 5528 1541 5584 Ecclesiae
1562 5528 1737 5585 editus
1760 5538 1842 5585 est
1867 5538 2051 5586 contra

471 5614 815 5675 Manichteos.
842 5619 972 5675 Nam
1001 5634 1121 5675 cum
1150 5619 1474 5690 Augustinus
1498 5629 1657 5692 quam
1685 5620 1913 5677 maxime
1933 5635 2053 5692 gra-

474 5706 567 5765 tia
585 5707 784 5770 Christi
810 5713 1122 5771 obstrictum
1150 5727 1209 5770 se
1237 5723 1585 5784 agnosceret,
1620 5713 1771 5785 cujus
1803 5714 2053 5772 nimirum

1552 268 1707 324 VlTA
1746 264 1807 322 s.
1842 262 2210 321 AUGUSTlNl
2247 252 2564 328 EPlSCOPl.

3603 280 3714 340 156

2127 383 2322 438 auxilio
2346 400 2413 440 ex
2444 385 2582 442 illius
2614 387 2881 445 haereseos
2908 378 3114 461 gurgite
3141 388 3354 445 tandem
3378 402 3719 451 emerserat:

2125 474 2261 529 alios
2281 492 2503 547 quoque
2526 479 2783 547 periculo,
2817 480 2958 550 quod
2990 481 3104 550 ipse
3132 481 3354 549 adierat,
3386 482 3517 551 eripi
3546 484 3717 540 vehe-

2126 578 2335 623 menter
2362 569 2597 638 optabat.
2625 571 2692 625 Et
2720 571 2895 642 reipsa
2924 571 2976 627 id
3004 573 3179 627 solatii
3205 576 3458 644 percepit,
3481 584 3541 630 ut
3564 577 3710 634 Deus

2126 660 2242 731 ejus
2266 662 2562 719 ministerio
2582 664 2837 735 librisque
2857 680 2955 735 per
2973 681 3093 721 eum
3115 666 3296 721 divino
3316 668 3567 724 instinctu
3587 684 3724 724 con-

2131 752 2363 822 scriptis,
2388 769 2545 823 quam
2571 755 2828 825 plurimos
2850 771 2879 808 a
2904 755 3109 811 nefario
3130 756 3222 811 illo
3245 772 3429 812 errore
3458 759 3715 814 liberarit.

2129 843 2258 898 Dua:
2278 846 2330 897 in
2354 845 2539 914 primis
2566 846 2825 901 illecebras
2846 847 2913 901 ad
2936 847 3182 902 incautos
3202 857 3255 902 et
3278 849 3436 903 rudes
3450 849 3720 919 decipien-

2130 938 2228 993 dos
2274 936 2485 992 fuerunt
2531 938 2832 994 Manichaeis
2862 956 2875 994 :
2907 956 3011 995 una
3033 981 3049 1005 ,
3086 942 3469 1010 scripturarum
3510 942 3724 997 Veteris

2132 1028 2475 1095 Testamenti,
2496 1043 2626 1099 quas
2648 1030 2972 1100 ignorarent,
2992 1031 3369 1102 reprehensio;
3392 1033 3578 1099 altera,
3592 1032 3720 1087 vita:

2131 1126 2292 1173 castte
2315 1129 2369 1174 et
2393 1119 2674 1189 singularis
2699 1123 3039 1177 continentiae
3064 1123 3311 1179 simulata
3333 1123 3593 1194 professio
3616 1124 3722 1197 (De

2134 1209 2319 1264 Morib.
2336 1210 2478 1265 Eccl.
2499 1212 2817 1283 cath.,n.2).
2841 1212 2908 1268 Ut
2929 1214 3086 1284 igitur
3108 1215 3175 1269 ab
3201 1214 3303 1269 hoc
3322 1214 3616 1285 posteriore
3640 1215 3723 1268 la-

2133 1316 2273 1371 queo
2297 1301 2480 1357 fideles
2504 1311 2768 1359 averteret
2788 1304 3134 1374 Augustinus,
3163 1305 3459 1360 doctrinam
3484 1305 3723 1374 discipli-

2134 1405 2368 1462 namque
2394 1392 2670 1448 catholicae
2697 1393 2952 1449 Ecclesia:
2978 1396 3242 1465 explicare
3271 1396 3565 1461 constituit,
3592 1407 3723 1464 spe-

2135 1499 2262 1539 rans
2292 1484 2437 1553 fore,
2469 1494 2528 1540 ut
2555 1502 2622 1541 ex
2654 1486 2754 1541 hoc
2793 1487 2930 1542 libro
2969 1488 3302 1544 innotescere
3332 1498 3534 1558 posset,
3561 1503 3728 1559 quam

2136 1575 2279 1630 facili
2304 1578 2517 1646 negotio
2540 1577 2707 1632 virtus
2737 1578 3034 1644 simuletur,
3056 1589 3109 1635 et
3134 1594 3290 1649 quam
3314 1579 3511 1635 difﬁcili
3542 1587 3727 1636 tenea—

2136 1674 2245 1721 tur.
2266 1664 2387 1736 lpso
2406 1667 2555 1721 initio
2578 1676 2815 1735 testatur,
2841 1679 2924 1724 sat
2946 1668 2998 1724 in
3019 1670 3135 1725 aliis
3154 1670 3301 1726 libris
3321 1670 3620 1725 ostendisse
3636 1685 3723 1738 se,

2138 1758 2588 1829 quemadmodum
2614 1776 2764 1815 error
2787 1769 2842 1815 et
2863 1760 3127 1832 impietas,
3150 1778 3252 1834 qua
3275 1763 3328 1817 in
3347 1763 3510 1819 Vetus
3531 1762 3727 1819 Testa-

2139 1859 2377 1904 mentum
2400 1849 2722 1905 invehuntur
2738 1852 3033 1919 Manichazi,
3056 1854 3224 1924 possit
3249 1853 3569 1924 impugnari.
3584 1855 3727 1910 Eum

2143 1949 2320 1997 tamen
2348 1941 2449 1997 hac
2468 1943 2536 1998 de
2556 1959 2617 1999 re
2643 1945 3006 2015 superioribus
3025 1947 3296 2016 opusculis
3318 1947 3491 2017 egisse
3516 1962 3620 2001 non
3642 1946 3729 2002 le-

2141 2032 2335 2102 gimus.
2357 2032 2691 2104 Quapropter
2714 2050 2821 2090 non
2847 2037 2982 2091 alios
3003 2038 3283 2107 Opinamur
3304 2048 3627 2093 memoratos
3655 2039 3730 2093 ibi

2143 2124 2209 2178 ab
2231 2138 2295 2178 eo
2315 2125 2501 2192 libros,
2523 2127 2624 2181 nisi
2646 2128 2886 2197 geminos
2909 2127 3048 2193 illos,
3073 2130 3262 2199 quibus
3283 2130 3487 2184 initium
3505 2130 3733 2186 Genesis

2144 2223 2329 2270 contra
2353 2216 2764 2273 Manichaeorum
2795 2219 3087 2274 calumnias
3113 2229 3232 2290 post
3254 2221 3482 2276 reditum
3511 2222 3561 2276 in
3586 2222 3735 2277 Afri-

2147 2322 2263 2361 cam
2286 2311 2553 2380 eXposuit.
2577 2311 2726 2378 Quod
2758 2308 2801 2366 si
2830 2312 2898 2366 ita
2919 2321 3022 2379 est,
3046 2312 3167 2367 libri
3192 2313 3258 2367 de
3277 2313 3509 2368 Moribus
3539 2313 3733 2369 Eccle-

2148 2398 2242 2453 sia:
2263 2408 2316 2453 et
2337 2399 2404 2454 dc
2420 2400 2656 2455 Moribus
2676 2402 3086 2458 Manichaeorum
3113 2403 3293 2474 scripti
3318 2405 3533 2476 quidem
3549 2406 3737 2461 Roma:

2150 2491 2368 2560 fuerint,
2392 2494 2605 2563 quando
2627 2495 2739 2564 ipse
2768 2503 2954 2551 auctor
2982 2496 3034 2550 id
3070 2504 3321 2552 testatur:
3341 2514 3446 2553 non
3464 2507 3645 2553 tamen
3661 2497 3739 2553 ibi

2152 2585 2400 2653 publicati
2441 2602 2613 2656 neque
2650 2585 2867 2656 perfecti
2910 2602 3163 2656 prorsus,
3206 2589 3308 2643 nisi
3344 2589 3643 2660 Augustino
3681 2590 3737 2643 in

2153 2675 2330 2731 Africa
2354 2677 2465 2746 jam
2496 2677 2802 2732 constituto.
2832 2677 3120 2733 Enimvero
3159 2678 3289 2734 locis
3313 2680 3579 2735 nonnullis
3609 2695 3738 2750 per-

2154 2768 2279 2822 inde
2334 2777 2416 2823 est
2445 2768 2672 2837 locutus,
2700 2783 2763 2823 ac
2790 2770 2833 2825 si
2864 2769 3032 2824 Roma
3059 2779 3169 2824 tum
3194 2771 3436 2837 abesset,
3467 2780 3527 2825 ut
3553 2772 3739 2827 videre

2152 2868 2235 2916 est
2263 2860 2385 2915 libri
2414 2861 2570 2934 primi
2595 2863 2768 2932 capite
2795 2862 3068 2932 trigesimo
3088 2863 3266 2930 tertio,
3291 2871 3346 2918 et
3369 2863 3486 2917 libri
3511 2863 3738 2919 secundi

2151 2956 2325 3025 capite
2345 2956 2619 3026 vigesimo.
2645 2953 2811 3022 Quid,
2845 2955 2987 3026 quod
3018 2956 3071 3010 in
3100 2954 3338 3025 ejusdem
3366 2956 3487 3011 libri
3515 2955 3738 3011 secundi

2152 3046 2325 3114 capite
2360 3044 2678 3100 duodecimo
2714 3054 2979 3100 memorat
3004 3044 3290 3115 quodpiam
3327 3060 3423 3114 pro
3448 3044 3739 3099 Manichaza

2154 3133 2348 3190 haeresi
2381 3150 2578 3190 novum
2613 3149 2959 3205 responsum,
2990 3135 3132 3205 quod
3161 3150 3221 3190 se
3246 3150 3416 3204 nuper
3435 3134 3571 3204 apud
3599 3133 3743 3189 Car-

2153 3227 2423 3298 thaginem
2441 3226 2708 3282 audivisse
2735 3228 2985 3283 testatur?
3000 3227 3249 3293 Quaedam
3267 3228 3467 3282 scilicet
3485 3226 3567 3281 his
3585 3225 3741 3282 libris

2153 3316 2339 3373 Romae
2367 3318 2600 3387 primum
2630 3318 2841 3388 scriptis
2868 3319 3105 3374 accessio
3130 3308 3310 3388 postea
3334 3318 3449 3372 fieri
3475 3318 3528 3372 in
3557 3318 3740 3373 Africa

2152 3410 2345 3480 potuit,
2373 3418 2658 3481 antequam
2688 3411 3051 3480 vulgarentur.
3079 3411 3406 3481 Augustinus
3434 3410 3591 3481 igitur
3615 3424 3739 3464 cum

2152 3504 2344 3558 tacitus
2370 3503 2509 3557 ferre
2540 3518 2643 3558 non
2671 3513 2849 3573 posset
2868 3502 3283 3558 Maniehteorum
3313 3502 3380 3557 de
3409 3501 3539 3558 falsa
3563 3501 3739 3557 conti-

2152 3596 2331 3651 nentia
2354 3602 2410 3650 et
2433 3594 2610 3650 fallaci
2632 3596 2949 3651 abstinentia
2975 3611 3069 3652 sua
3091 3595 3416 3665 jactantiam,
3443 3608 3545 3665 qua
3568 3596 3739 3665 impe-

2150 3688 2284 3742 ritos
2308 3688 2361 3741 in
2388 3702 2628 3743 errorem
2654 3688 2992 3755 inducebant,
3016 3704 3136 3743 cum
3160 3705 3219 3743 se
3239 3689 3378 3743 veris
3399 3687 3731 3758 Christianis,

2150 3781 2340 3851 quibus
2355 3781 2702 3851 comparandi
2717 3796 2822 3836 non
2842 3790 3013 3848 erant,
3034 3782 3326 3836 insolenter
3342 3788 3732 3851 praeponerent,

2149 3872 2415 3927 silentium
2437 3872 2623 3939 solvit,
2646 3881 2699 3927 et
2718 3873 2894 3927 stilum
2917 3872 3157 3943 arripuit.
3182 3873 3241 3926 In
3274 3888 3380 3942 quo
3411 3880 3586 3926 tamen
3612 3887 3737 3926 eum

2148 3964 2366 4019 modum
2398 3972 2581 4020 tenere
2608 3965 2803 4031 voluit,
2834 3973 2893 4020 ut
2918 3965 2969 4018 in
3000 3964 3232 4035 perditos
3270 3965 3483 4019 illorum
3518 3978 3696 4019 mores
3718 4006 3733 4029 ,

2149 4058 2249 4114 sibi
2272 4057 2599 4123 notissimos,
2619 4072 2724 4113 non
2748 4070 2852 4112 tam
2880 4058 3074 4113 acriter
3100 4056 3459 4124 inveheretur,
3480 4072 3637 4127 quam
3659 4057 3737 4110 illi

2150 4150 2387 4205 hmretici
2427 4151 2480 4204 in
2510 4165 2573 4205 ea
2598 4166 2715 4220 qua:
2745 4149 3073 4219 ignorarent.
3103 4149 3207 4204 Eos
3235 4149 3377 4204 enim
3418 4162 3607 4202 sanare
3637 4162 3737 4217 po-

2150 4242 2286 4308 tius,
2316 4257 2475 4311 quam
2520 4256 2826 4312 oppugnare
2862 4249 2916 4296 et
2954 4242 3167 4296 vincere
3212 4240 3478 4311 cupiebat.
3507 4239 3616 4293 Nec
3660 4238 3739 4293 ibi

2149 4333 2399 4402 mysteria
2423 4372 2439 4399 ,
2473 4346 2590 4401 quae
2621 4334 2683 4391 in,
2704 4331 2991 4402 Seripturis
3037 4332 3152 4402 ipse
3179 4331 3493 4401 detegebat,
3530 4331 3734 4400 aperit;

2150 4437 2270 4476 cum
2298 4438 2392 4477 eos
2418 4438 2523 4477 non
2544 4438 2725 4478 verum
2756 4423 2971 4491 docere,
2997 4423 3091 4478 sed
3122 4422 3313 4477 falsum
3342 4423 3623 4484 dedocere,
3655 4421 3739 4476 fa-

2150 4524 2309 4569 vente
2336 4515 2482 4580 Deo,
2524 4513 2710 4570 fuisset
2750 4514 2986 4569 adortus.
3017 4514 3128 4569 Sub
3165 4513 3283 4568 libri
3322 4513 3479 4584 primi
3517 4514 3675 4567 finem
3704 4528 3737 4567 a

2150 4624 2360 4664 morum
2387 4608 2628 4665 doctrina
2654 4607 2720 4663 ad
2748 4607 2958 4662 virtutis
2981 4607 3239 4677 exempla,
3271 4621 3388 4675 quae
3416 4606 3467 4659 in
3497 4604 3737 4659 Ecclesia

2148 4700 2463 4768 elucebant,
2494 4698 2778 4775 delapsus,
2809 4696 3025 4753 disserit
3051 4696 3119 4752 de
3149 4695 3396 4767 perfectis
3429 4694 3537 4749 illis
3567 4694 3739 4749 eremi

2149 4790 2461 4855 cultoribus,
2486 4790 2575 4860 qui
2603 4805 2663 4846 se
2682 4789 2749 4844 ab
2776 4788 2919 4842 onmi
2945 4784 3219 4843 hominum
3246 4785 3567 4842 commercio
3588 4784 3739 4854 peni-

2150 4890 2235 4937 tus
2261 4882 2626 4951 disjunxerant
2650 4897 2664 4934 :
2696 4879 2762 4935 de
2790 4880 2923 4933 mira
2951 4878 3335 4933 cmnobitarum
3365 4876 3733 4941 multitudine,

2151 4975 2237 5045 qui
2265 4974 2369 5029 sub
2392 4973 2549 5028 unius
2576 4971 2740 5043 patris
2769 4969 3131 5025 moderamine
3153 4969 3206 5023 in
3231 4968 3459 5024 desertis
3487 4967 3616 5022 locis
3641 4966 3739 5022 de-

2151 5074 2368 5137 gentes,
2398 5080 2457 5121 sc
2484 5078 2734 5118 manuum
2763 5078 2976 5118 suarum
3011 5062 3192 5117 labore
3220 5060 3587 5117 sustentabant
3620 5078 3633 5113 :
3667 5058 3739 5117 de

2152 5157 2665 5223 Sanctimonialibus,
2690 5171 2807 5226 qum
2831 5155 2899 5210 ab
2921 5154 3067 5210 omni
3089 5155 3321 5209 virorum
3344 5161 3633 5222 conspectu
3652 5166 3739 5206 se-

2148 5252 2347 5324 junctte
2366 5292 2381 5317 ,
2418 5249 2606 5305 eodem
2633 5250 2737 5304 ritu
2766 5248 3016 5304 vivebant
3043 5263 3059 5301 :
3088 5246 3156 5302 de
3182 5246 3362 5301 multis
3390 5246 3653 5316 episcopis
3682 5252 3738 5300 et

2153 5343 2362 5399 clericis
2383 5341 2751 5408 sanctissimis,
2774 5354 3000 5411 quorum
3022 5337 3190 5393 virtus
3208 5352 3273 5394 eo
3288 5337 3580 5392 mirabilior
3599 5326 3751 5404 erat,’

2154 5450 2264 5506 quo
2290 5434 2557 5490 difficilius
2582 5442 2663 5489 est
2691 5449 2806 5488 eam
2838 5431 2977 5487 inter
3004 5432 3275 5501 improbos
3303 5431 3438 5486 tueri
3467 5447 3480 5484 :
3507 5428 3751 5505 denique

2156 5525 2225 5582 de
2265 5524 2428 5581 variis
2473 5525 2746 5595 utriusque
2789 5537 2947 5577 sexus
2972 5519 3319 5587 Christianis,
3347 5521 3436 5592 qui
3466 5518 3738 5575 mediisin

2157 5618 2377 5675 urbibus
2406 5617 2567 5685 idem,
2592 5616 2730 5687 quod
2752 5614 2838 5670 alii
2864 5614 2915 5669 in
2936 5612 3240 5681 solitudine,
3265 5613 3387 5668 vita:
3412 5621 3584 5683 genus
3604 5625 3735 5667 eon-

2102 5789 2113 5795 ~
2159 5713 2517 5773 sectabantur.
2564 5710 2775 5767 Viderat
2822 5708 2995 5767 simile
3033 5707 3383 5766 diversorium
3428 5712 3739 5769 sanctomm
