3994 6352
204 314 303 371 15⁸1

202 424 497 488 Iediolani
521 442 538 481 :
560 425 745 481 Roma:
769 424 929 480 etiam
957 422 1110 495 plura
1138 432 1477 494 cognoverat.
1504 430 1505 433 ‘

260 522 325 578 2.
378 520 441 577 In
494 535 561 576 eo
598 519 733 574 libro
773 517 1025 572 volumen
1064 515 1209 571 aliud
1236 515 1533 586 pollicetur,
1565 528 1671 586 quo
1718 506 1794 570 sit

198 621 537 675 ostensurus,
569 624 727 680 quam
757 623 895 662 vana
934 609 1021 673 sit,
1066 607 1174 661 imo
1202 622 1359 675 quam
1399 605 1580 670 noxia,
1633 620 1793 675 quam

198 705 462 773 sacrilega
487 703 675 765 virtus,
706 715 806 770 qua
828 700 1188 770 gloriabantur
1209 696 1517 761 Manichazi;
1548 704 1603 750 et
1630 695 1714 749 vix
1732 710 1793 749 ac

199 812 262 853 ne
289 796 380 849 vix
407 794 632 865 quidem
661 807 824 847 unum
850 807 914 846 ex
941 791 1045 845 illis
1075 789 1241 859 leges,
1273 803 1405 859 quas
1446 787 1792 842 irrationabili

198 889 584 959 superstitione
611 886 711 942 sibi
738 883 1163 955 prtescriberent,
1189 882 1472 937 observare
1487 879 1586 952 (De
1603 879 1788 933 Morib.

199 979 337 1036 Eccl.
378 981 550 1043 cath.,
580 996 635 1032 n.
669 976 779 1049 75).
811 975 869 1031 ld
906 982 1121 1045 prmstat
1163 974 1214 1028 in
1264 972 1402 1027 libro
1444 973 1511 1027 de
1557 971 1791 1027 Moribus

197 1070 637 1135 lanicbzcorum,
666 1069 717 1123 in
747 1083 853 1138 quo
882 1067 971 1121 ubi
1003 1065 1296 1135 theologica
1323 1079 1507 1119 eorum
1536 1063 1791 1134 principia

197 1163 513 1227 confutavit,
542 1161 874 1215 demonstrat
922 1160 975 1213 in
1024 1173 1130 1228 quo
1157 1156 1373 1212 tandem
1410 1155 1629 1210 moralis
1668 1155 1789 1210 illo-

198 1270 308 1312 rum
337 1253 595 1308 doctrina
621 1252 955 1307 consisteret.
983 1250 1205 1305 Demum
1236 1248 1609 1303 animadvertit
1633 1264 1789 1319 quam

197 1352 440 1400 accurate
474 1342 623 1396 illam
652 1343 1031 1406 observarent,
1077 1356 1144 1395 ex
1187 1340 1253 1393 iis
1282 1354 1399 1410 quae
1428 1346 1521 1393 aut
1564 1339 1681 1409 ipse
1708 1340 1789 1394 vi-

196 1434 358 1498 derat,
390 1442 491 1487 aut
518 1432 592 1487 ab
615 1431 839 1487 oculatis
873 1430 1094 1485 testibus
1121 1438 1417 1501 acceperat.
1445 1429 1603 1483 Varia
1632 1444 1785 1500 supe-

197 1528 299 1581 rius
326 1525 585 1593 exempla
610 1524 932 1589 notavimus,
962 1506 1079 1591 qua:
1106 1521 1196 1575 ille
1224 1536 1387 1591 super
1416 1520 1516 1575 hac
1558 1535 1617 1575 re
1646 1535 1793 1576 com-

197 1623 460 1672 memont
486 1614 713 1685 (Supra,
738 1613 826 1667 lib.
854 1614 906 1679 1,
933 1629 1047 1682 cap.
1072 1611 1152 1681 9).

257 1707 311 1763 3.
352 1706 549 1761 Roma:
600 1705 759 1760 etiam
807 1719 910 1758 non
952 1705 1119 1759 multo
1156 1711 1275 1772 post
1321 1710 1595 1774 tempore,
1629 1721 1787 1775 quam

196 1798 493 1855 Mediolano
532 1797 890 1859 discessisset,
929 1795 1121 1849 librum
1158 1794 1225 1849 de
1251 1795 1554 1863 Quantitate
1594 1797 1787 1852 animm

197 1890 533 1958 conscripsit.
558 1888 810 1957 Dialogus
838 1895 937 1952 est,
971 1887 1058 1956 qui
1088 1887 1217 1941 satis
1242 1887 1451 1941 nativus
1480 1895 1534 1941 et
1555 1887 1620 1941 ad
1649 1889 1787 1943 veri-

196 1990 361 2037 tatem
389 1980 603 2035 videtnr
628 1979 910 2043 adductus,
944 1986 1005 2033 ut
1034 1993 1138 2032 non
1177 1978 1395 2032 omnino
1431 1978 1643 2033 lictitius
1669 1982 1783 2033 exi-

194 2073 469 2127 stimetur.
490 2069 735 2125 Habitum
767 2084 889 2124 cum
904 2069 1105 2123 Evodio
1131 2068 1304 2137 prodit
1328 2069 1442 2139 ipse
1462 2070 1785 2139 Augustinus

195 2164 251 2218 in
280 2163 501 2232 epistola
530 2162 598 2215 ad
619 2161 868 2216 eumdem
894 2161 1013 2215 data
1034 2160 1227 2231 (Epist.
1258 2161 1382 2226 l62,
1410 2178 1461 2215 n.
1488 2160 1567 2233 2).
1597 2162 1651 2216 ln
1684 2162 1785 2219 hoc

196 2254 325 2308 libro
349 2254 521 2307 multa
551 2252 621 2307 de
645 2255 823 2307 anima
853 2254 1044 2324 quzcrit
1068 2262 1123 2309 et
1149 2254 1401 2324 expendit
1428 2272 1440 2307 :
1470 2270 1661 2325 nempe
1686 2272 1783 2310 un-

196 2344 379 2399 deuam
409 2343 575 2398 ducat
600 2344 880 2413 originem,
917 2345 1087 2414 qualis
1122 2346 1209 2409 sit,
1239 2354 1432 2415 quanta
1458 2345 1552 2408 sit;
1595 2361 1691 2399 cur
1710 2347 1783 2400 in-

196 2432 303 2488 fusa
338 2434 577 2503 corpori,
609 2434 784 2504 qualis
810 2434 998 2489 evadat
1022 2435 1233 2505 corpori
1263 2436 1429 2499 unita,
1459 2435 1629 2505 qualis
1659 2450 1779 2489 cum

1574 278 1785 364 (LIBER
1821 296 2137 359 manus.

3382 288 3483 360 tsi;

1897 421 2043 477 illius
2065 421 2405 494 compagibus
2430 422 2601 480 soluta
2626 424 2801 481 fuerit.
2829 426 3025 483 Verum
3046 428 3167 500 quia
3191 435 3246 486 et
3262 422 3482 491 uberius

1897 522 1950 569 et
1977 514 2277 569 accuratius
2300 514 2532 585 disputat
2547 526 2738 587 quanta
2757 518 2843 584 sit,
2861 528 2917 574 ut
2941 533 3057 574 eam
3085 529 3140 575 et
3168 508 3480 591 quantitatis

1897 613 1949 660 ct
1987 607 2224 675 corporis
2248 616 2517 677 expertem
2546 623 2684 675 esse,
2713 618 2765 663 et
2795 620 2972 665 tamen
3000 627 3249 681 magnum
3277 611 3475 683 aliquid

1896 710 2015 751 esse
2056 696 2410 763 demonstret;
2439 713 2503 752 ex
2536 698 2635 753 hac
2674 699 3012 770 inquisitione
3054 702 3248 756 iactum
3283 712 3383 768 est,
3422 711 3483 759 ut

1896 788 2029 845 liber
2058 790 2158 845 iste
2176 791 2243 845 de
2263 791 2567 858 Quantitate
2595 794 2783 846 animae
2805 804 3225 863 nuncuparetur.

1964 882 2017 935 4.
2062 882 2296 952 Denique
2326 891 2436 937 tres
2481 883 2642 938 libros
2666 885 2732 939 de
2768 885 2960 939 Libero
2984 887 3220 941 Arbitrio
3240 887 3397 943 etiam
3422 887 3475 942 in

1894 971 2038 1028 Urbe
2065 974 2380 1029 constitutus
2412 975 2678 1029 inchoavit
2716 994 2727 1029 :
2774 976 2908 1030 duos
2954 976 3095 1031 enim
3125 977 3472 1047 posteriores,

1894 1066 2093 1137 aliquot
2119 1066 2271 1121 annis
2296 1066 2605 1137 intcrjectis,
2633 1067 2742 1137 jam
2772 1068 3046 1139 presbyter
3077 1068 3353 1124 ordinatus
3376 1070 3472 1125 ab-

1895 1156 2071 1211 solvit.
2101 1156 2283 1210 Roma:
2306 1172 2423 1211 cum
2447 1166 2645 1227 ageret,
2667 1157 3001 1212 didicitbaud
3028 1159 3185 1214 dubie
3209 1158 3466 1229 quasdam

1894 1246 2298 1303 consuetudines
2324 1247 2575 1302 Ecclesia:
2604 1248 2855 1302 Romana:
2893 1250 3133 1321 proprias
3161 1249 3229 1304 ab
3265 1251 3381 1319 ipso
3423 1251 3475 1305 in

1894 1340 2004 1394 suis
2042 1338 2310 1409 opusculis
2345 1348 2681 1405 memoratas,
2733 1339 2904 1408 qualis
2954 1348 3037 1394 est
3082 1339 3171 1393 illa
3202 1338 3475 1410 jejunandi

1893 1432 2079 1487 crebro
2108 1432 2274 1485 tribus
2297 1430 2481 1487 diebus
2507 1431 2872 1497 hebdomadas,
2893 1446 3085 1501 nempe
3108 1431 3235 1486 feria
3261 1442 3471 1503 quarta,

1893 1530 2039 1578 sexta
2068 1532 2122 1578 et
2145 1522 2391 1589 sabbato;
2420 1530 2478 1576 ut
2496 1522 2777 1591 plurimum
2806 1530 2981 1576 autem
3012 1522 3250 1590 sabbato,
3281 1533 3477 1594 preter

1891 1614 2325 1670 consuetudinem
2351 1613 2585 1666 omnium
2618 1611 2784 1665 ferme
2827 1610 3173 1667 Orientalium
3222 1621 3275 1667 et
3318 1612 3474 1667 Occi-

1892 1705 2636 1769 dentaliumChristianorum,
2655 1703 2743 1772 qui
2760 1702 2978 1757 sabbato
3016 1719 3119 1756 non
3142 1702 3471 1772 jejunabant.

1897 1798 2088 1853 Verum
2105 1814 2173 1853 ne
2192 1798 2372 1851 Roma:
2397 1795 2607 1866 quidem
2630 1811 2725 1865 per
2746 1804 2952 1863 tempus
2980 1794 3231 1849 Paschale
3252 1794 3475 1849 sabbato

1886 1889 2144 1960 jejunium
2169 1888 2497 1953 servabatur,
2526 1886 2613 1941 ubi
2643 1885 2801 1939 etiam
2832 1899 2935 1938 non
2976 1885 3257 1954 putabatur
3282 1885 3465 1955 quinta

1891 1985 2019 2038 feria
2060 1998 2179 2038 esse
2218 1981 2564 2053 jejunandum
2608 1979 2811 2051 (Epist.
2848 1979 2937 2044 36,
2972 1996 3060 2031 nn.
3099 1978 3152 2043 8,
3182 1978 3258 2047 9).
3289 1978 3472 2032 Roma:

1891 2092 2104 2147 quoque
2156 2074 2425 2130 auditione
2466 2075 2670 2143 accepit
2716 2071 3040 2127 exsecranda
3090 2070 3304 2140 ﬂagitia,
3354 2086 3474 2140 qua:

1890 2168 2162 2223 Manichaci
2189 2169 2297 2221 suis
2329 2168 2378 2221 in
2408 2166 2678 2221 sacriﬁciis
2700 2173 3088 2235 perpetrarant,
3119 2173 3175 2218 ut
3200 2178 3265 2218 ex
3286 2178 3471 2218 eorum

1888 2260 2221 2315 confessione
2246 2259 2298 2313 in
2338 2257 2523 2313 Galliis
2552 2257 2761 2326 publico
2787 2257 2839 2310 in
2861 2256 3061 2326 judicio
3090 2256 3225 2311 iacta
3256 2262 3473 2312 consta-

1889 2351 1979 2405 bat
2006 2348 2109 2421 (De
2134 2348 2261 2402 Nat.
2287 2347 2414 2401 Boni
2442 2356 2613 2401 contra
2645 2346 2895 2411 Manich.,
2926 2363 3039 2418 cap.
3064 2345 3142 2419 4).

3090 2542 3433 2557 -—_

1200 2663 1679 2771 LIBER
1775 2663 2077 2769 TER
2094 2662 2265 2767 TI
2275 2661 2490 2768 US.

643 2878 717 2921 De
750 2870 999 2934 Augustini
1023 2868 1182 2919 reditu
1213 2870 1261 2917 in
1284 2866 1482 2918 Africam
1516 2880 1572 2917 ac
1602 2867 1666 2916 de
1699 2866 1850 2916 rebus
1876 2866 1944 2915 ibi
1972 2866 2129 2929 gestis
2159 2865 2220 2915 ab
2253 2866 2358 2928 ipso
2380 2877 2537 2929 usque
2575 2866 2634 2915 ad
2667 2867 3011 2929 Episeoliatum.

1560 2992 1876 3069 mg

707 3161 935 3217 CAPUT
972 3158 1254 3217 PRIMUM.

200 3302 224 3357 i
251 3301 474 3371 Africani
499 3301 706 3371 repetit,
733 3301 817 3354 ubi
846 3316 899 3355 se
933 3317 1049 3353 cum
1088 3300 1368 3354 Mediolani
1392 3308 1580 3370 ageret,
1616 3298 1777 3353 Eulo-

255 3394 332 3463 g’o
353 3392 678 3462 Carthagine
696 3392 894 3445 docenti
932 3392 1234 3463 apparuisse
1258 3392 1309 3445 in
1340 3393 1548 3456 somnis,
1579 3407 1645 3445 ea:
1668 3392 1779 3459 ipso

255 3485 522 3556 comperit.
553 3485 593 3537 2
632 3482 848 3537 Interest
868 3482 1112 3536 miraculo
1137 3483 1410 3537 curationis
1438 3481 1741 3536 Innocentii.

256 3620 304 3675 Ι.
325 3617 625 3684 Maximus,
647 3616 739 3687 qui
754 3615 1006 3672 Gratiano
1027 3616 1304 3686 imperium
1327 3631 1422 3685 per
1449 3616 1777 3687 tyrannidem

195 3712 458 3767 ademerat
479 3726 629 3765 anno
646 3709 1019 3764 trecentesimo
1036 3709 1359 3776 octogesimo
1382 3709 1558 3771 tertio,
1588 3708 1781 3777 quique

198 3802 633 3858 Valentinianum
659 3800 921 3869 juniorem
945 3800 1092 3854 ltalia
1115 3800 1390 3869 expulerat
1415 3814 1555 3852 anno
1578 3806 1782 3852 trecen-

197 3897 375 3950 tesimo
409 3893 742 3963 octogesimo
762 3892 1009 3960 septimo,
1029 3892 1233 3945 occisus
1253 3900 1333 3945 est
1360 3904 1501 3943 anno
1517 3890 1777 3959 sequenti,

195 3987 365 4054 quinto
383 3983 646 4038 kalendas
663 3982 882 4051 Augusti
903 3990 993 4035 aut
1011 3990 1160 4035 sexto
1180 3979 1432 4035 kalendas
1445 3980 1778 4048 septembris.

196 4075 320 4130 Post
378 4076 493 4143 ejus
548 4089 736 4128 necem
800 4073 1129 4141 Augustinus
1183 4073 1233 4125 in
1298 4071 1527 4125 Africam
1577 4071 1783 4139 trajecit

199 4165 417 4235 (Contra
439 4166 529 4218 litt.
564 4164 828 4228 Petiliani,
863 4162 949 4216 lib.
975 4165 1028 4227 '5,
1055 4180 1107 4215 n.
1133 4161 1254 4231 50);
1280 4162 1372 4215 sed
1400 4170 1652 4231 quantum
1678 4178 1783 4215 mu-

195 4267 329 4310 tatus
354 4256 426 4310 ab
459 4253 558 4311 Illo
588 4254 900 4323 Augustino,
934 4253 1021 4322 qui
1063 4267 1125 4306 ex
1156 4267 1219 4306 ea
1247 4252 1477 4306 solverat
1502 4268 1642 4305 anno
1674 4262 1780 4305 tre-

193 4349 483 4403 centesimo
507 4346 837 4416 octogesimo
861 4345 1047 4399 tertio!
1078 4344 1275 4408 Sciunt,
1305 4345 1397 4408 ait,
1425 4344 1543 4415 quia
1567 4353 1609 4397 et
1645 4346 1785 4397 navi-

192 4441 411 4510 gerimus
442 4436 743 4507 aliquando,
768 4437 930 4489 sciunt
967 4436 1087 4507 quia
1130 4444 1176 4488 et
1218 4435 1522 4505 peregrinati
1565 4452 1736 4488 sumus
1766 4451 1783 4489 .'

191 4530 340 4582 sciunt
382 4528 511 4599 quia
559 4527 648 4579 alii
676 4527 873 4592 ivimus,
911 4534 956 4579 et
1003 4525 1091 4579 alii
1138 4526 1413 4579 redivimus
1464 4524 1684 4598 (Enarr.
1726 4527 1777 4579 in

195 4617 325 4673 Ρωι.
362 4634 575 4682 xxxvr,
596 4634 745 4672 serm.
777 4618 832 4683 5,
862 4634 913 4670 n.
942 4618 1006 4672 19
1027 4616 1065 4688 ).
1093 4615 1463 4687 Carthaginem
1514 4618 1781 4687 appulisse

191 4711 443 4773 creditur,
474 4717 531 4763 et
555 4708 663 4762 illic
692 4708 857 4776 prius,
898 4723 1055 4776 quam
1086 4722 1144 4761 se
1169 4707 1451 4777 Tagastam
1479 4707 1764 4770 conferret.

191 4799 494 4869 aliquandiu
525 4798 849 4853 constitisse.
875 4798 947 4851 lbi
969 4798 1238 4868 quippiam
1270 4798 1469 4853 audivit
1492 4800 1635 4853 dictu
1677 4802 1777 4854 mi-

192 4891 371 4956 rabile,
413 4888 566 4959 quod
612 4889 727 4953 ipso
772 4887 1050 4943 Mediolani
1082 4898 1272 4959 agente
1303 4890 1618 4958 contigerat.
1655 4891 1779 4944 Car-

193 4981 407 5052 thaginis
428 4980 605 5033 rhetor
626 4978 895 5050 Eulogius,
920 4979 1108 5048 inquit,
1128 4980 1215 5049 qui
1236 4996 1375 5033 meus
1402 4982 1452 5033 in
1473 4980 1645 5033 eadem
1670 4992 1777 5035 arte

191 5072 471 5143 iscipulus
492 5071 612 5142 fuit,
645 5072 773 5124 sicut
805 5071 930 5124 mihi
962 5072 1091 5139 ipse,
1124 5080 1447 5145 posteaquam
1476 5074 1528 5126 in
1555 5074 1778 5142 Africum

191 5164 545 5227 remeavimus,
576 5162 763 5225 retulit,
788 5178 902 5214 cum
928 5162 1202 5215 rhetoricos
1231 5162 1480 5216 Ciceronis
1507 5164 1660 5218 libros
1695 5166 1776 5217 di-

190 5252 396 5323 scipulis
424 5253 535 5306 suis
558 5252 791 5318 traderet,
819 5268 1079 5305 recensens
1105 5252 1384 5316 lectionem,
1406 5270 1555 5323 quant
1588 5256 1776 5323 postri-

191 5344 267 5398 die
285 5345 459 5414 fuerat
481 5344 781 5409 traditurus,
799 5344 1064 5414 quemdam
1078 5344 1241 5397 locum
1258 5343 1468 5411 offendit
1485 5346 1633 5400 obscu
1642 5365 1775 5414 rum,

192 5452 287 5506 quo
326 5452 435 5490 non
474 5434 747 5499 intellecto,
789 5434 874 5488 vix
902 5436 1062 5505 potuit
1098 5434 1317 5488 dormire
1346 5436 1589 5491 sollicitus
1630 5454 1649 5492 :
1681 5456 1779 5507 qua

192 5535 332 5581 nocte
354 5524 658 5590 somnianti,
679 5540 771 5595 ego
799 5524 878 5578 illi
903 5524 1037 5595 quod
1062 5542 1163 5579 non
1188 5523 1495 5597 intelligebat
1518 5530 1727 5598 exposui
1761 5544 1779 5583 :

191 5617 291 5671 ho
312 5634 418 5672 non
442 5634 557 5689 ego,
584 5616 674 5671 sed
699 5618 865 5689 imago
891 5634 999 5671 mea
1029 5617 1273 5671 nesciente
1299 5634 1395 5685 me,
1426 5628 1473 5672 et
1502 5628 1603 5671 tam
1633 5622 1781 5691 longe

195 5714 332 5779 tum
357 5723 499 5765 mare
528 5706 725 5778 aliquid
757 5706 900 5763 aliud
922 5707 1024 5765 sive
1042 5718 1237 5781 agente,
1274 5709 1375 5765 sive
1405 5710 1705 5781 somniante,
1732 5721 1779 5767 et

1881 3020 2123 3044 Μὴν-

1886 3159 2013 3213 nihil
2038 3159 2100 3213 de
2122 3158 2257 3212 illius
2282 3158 2417 3212 curis
2441 3158 2643 3212 omnino
2670 3165 2875 3211 curante
2900 3155 3001 3229 (De
3027 3156 3159 3212 Cura
3181 3175 3271 3229 pro
3313 3168 3463 3213 mort.

1886 3250 2124 3322 gerenda,
2148 3266 2200 3303 n.
2235 3249 2347 3313 l3).

1956 3342 2011 3395 2.
2041 3340 2240 3395 Verum
2271 3339 2413 3393 aliud
2442 3340 2595 3409 longe
2621 3339 2903 3408 jucundius
2932 3347 3334 3403 commemorat,
3370 3336 3481 3394 hoc

1887 3435 2002 3506 ipso
2024 3444 2225 3505 gestum
2246 3442 2504 3503 tempore,
2529 3433 2853 3486 curationem
2882 3433 3083 3486 scilicet
3109 3433 3325 3487 illustris
3373 3435 3471 3487 viri

1888 3526 2217 3592 Innocentii,
2262 3524 2572 3581 cxadvocati
2634 3525 2842 3579 vicaria:
2899 3524 3227 3593 prrefectnrtc
3268 3542 3279 3576 :
3320 3524 3481 3593 cujus

1890 3620 2001 3689 ipse
2028 3618 2369 3688 Augustinus,
2402 3617 2442 3669 si
2461 3626 2645 3669 auctor
2676 3630 2777 3668 non
2806 3615 2979 3677 fuerit,
3000 3624 3144 3668 certe
3170 3614 3320 3668 testis
3345 3630 3473 3669 ocu-

1888 3710 2023 3763 latus
2057 3709 2275 3763 exstitit.
2328 3707 2474 3762 llanc
2528 3715 2770 3760 accurate
2821 3705 3073 3759 describit
3114 3705 3198 3759 his
3238 3705 3415 3760 verbis
3449 3724 3461 3759 :

1898 3802 2160 3857 Venientes
2189 3803 2321 3855 enim
2350 3801 2412 3855 de
2446 3800 2797 3853 transmarinis
2817 3842 2831 3866 ,
2867 3815 2944 3853 me
2982 3806 3026 3851 et
3056 3800 3261 3869 fratrem
3305 3814 3477 3851 meum

1889 3894 2149 3965 Alypium,
2176 3893 2399 3945 nondum
2419 3891 2617 3960 quidem
2641 3891 2869 3955 clericos,
2889 3889 2978 3942 sed
2990 3890 3103 3957 jam
3127 3886 3231 3941 Deo
3248 3888 3471 3941 servien-

1890 3996 1981 4052 tes,
1996 3995 2050 4039 ut
2067 3992 2171 4037 erat
2191 3982 2548 4055 (Innocentius
2566 3982 2672 4052 ille)
2698 3999 2809 4034 cum
2823 3989 2926 4034 tota
2938 3979 3087 4032 domo
3103 3995 3193 4033 sua
3210 3978 3473 4049 religiosis-

1889 4076 2068 4139 simus,
2095 4076 2205 4143 ipse
2230 4082 2535 4143 susceperat,
2559 4082 2604 4125 et
2634 4072 2770 4141 apud
2796 4088 2907 4124 eum
2939 4079 3056 4123 tunc
3102 4069 3467 4122 habitabamus.

1889 4165 2173 4222 Curabatur
2212 4184 2243 4219 a
2282 4166 2486 4218 medicis
2519 4180 2535 4217 :
2580 4164 2797 4233 ﬁstulas,
2832 4179 2955 4232 quas
2999 4178 3288 4214 numerosas
3326 4171 3479 4230 atque

1890 4260 2155 4330 perplexas
2180 4259 2352 4312 habuit
2369 4259 2419 4311 in
2451 4258 2722 4327 posteriore
2757 4266 2905 4325 atque
2924 4256 3025 4307 ima
3046 4254 3271 4324 corporis
3309 4262 3471 4323 parte,

1880 4351 1995 4420 jam
2023 4358 2286 4403 secuerunt
2315 4349 2379 4415 ei,
2405 4357 2448 4402 et
2474 4349 2598 4400 artis
2623 4362 2730 4400 sua:
2749 4356 2929 4399 ctctera
2964 4345 3336 4398 medicamentis
3356 4361 3469 4416 age-

1889 4442 2027 4494 bant.
2058 4440 2251 4494 Passus
2268 4450 2431 4493 autem
2450 4442 2615 4510 fuerat
2635 4439 2687 4490 in
2714 4438 2930 4491 sectione
2953 4436 3044 4490 illa
3070 4444 3113 4489 et
3136 4436 3403 4489 diuturnos
3427 4446 3479 4488 et

1889 4531 2090 4584 acerbos
2117 4531 2331 4583 dolores.
2367 4529 2473 4584 Sed
2502 4545 2631 4581 unus
2674 4529 2803 4581 inter
2831 4527 3017 4581 multos
3046 4527 3185 4581 sinus
3221 4526 3476 4597 fefellerat

1889 4623 2125 4689 medicos,
2153 4631 2299 4691 atque
2320 4622 2389 4673 ita
2410 4622 2647 4685 latuerat,
2682 4628 2735 4672 ut
2764 4634 2874 4672 cum
2900 4634 2998 4671 non
3026 4627 3305 4687 tangerent,
3327 4634 3474 4687 quem

1888 4718 2023 4784 ferro
2050 4713 2246 4783 aperire
2279 4712 2571 4766 debuerant.
2604 4710 2829 4778 Denique
2853 4710 3042 4763 sanatis
3070 4710 3319 4776 omnibus,
3360 4725 3481 4780 quas

1887 4814 2060 4873 aperta
2085 4805 2347 4869 curabant,
2383 4804 2477 4857 iste
2502 4811 2811 4856 remanserat
2836 4801 2996 4868 solus,
3031 4802 3111 4854 cui
3150 4801 3338 4871 frustra
3371 4802 3472 4853 im-

1888 4897 2193 4965 pendebatur
2230 4898 2388 4949 labor.
2438 4894 2578 4960 Quas
2628 4910 2794 4948 moras
2838 4894 2926 4947 ille
2962 4902 3221 4962 suSpcctas
3259 4893 3473 4956 habens,

1887 4988 2195 5057 multumque
2223 4986 2502 5055 formidans
2525 5003 2584 5039 ne
2610 4986 2790 5039 iterum
2813 4995 3085 5050 secaretur,
3109 4983 3243 5053 quod
3266 4984 3308 5036 ei
3340 4999 3474 5053 prte~

1887 5076 2080 5130 dixerat
2102 5076 2231 5129 alius
2261 5075 2479 5129 medicus
2521 5075 2821 5128 domesticus
2849 5074 2977 5143 ejus,
3004 5089 3148 5141 quem
3177 5088 3275 5125 non
3303 5072 3474 5125 admi~

1886 5177 2051 5220 serant
2088 5167 2184 5227 illi,
2228 5175 2280 5219 ut
2313 5168 2492 5220 saltem
2528 5166 2735 5228 videret,
2779 5181 2894 5217 cum
2925 5164 3142 5232 primum
3171 5173 3333 5218 sectus
3377 5174 3471 5232 est,

1885 5258 2134 5327 quomodo
2174 5258 2228 5311 id
2257 5258 2496 5327 facerent,
2548 5258 2805 5322 iratusque
2834 5254 2978 5307 illum
3005 5253 3154 5307 domo
3199 5255 3472 5324 abjeccrai,

1885 5348 2064 5417 vixque
2088 5356 2370 5417 receperat;
2410 5347 2593 5417 erupit,
2623 5355 2770 5413 atque
2807 5346 2878 5397 ait
2909 5360 2925 5397 :
2963 5342 3155 5398 Iterum
3182 5361 3259 5399 me
3290 5347 3474 5400 secturi

1885 5440 2046 5495 estis?
2088 5438 2167 5492 Ad
2193 5440 2349 5504 illius,
2382 5454 2526 5508 queat
2566 5436 2796 5490 noluistis
2837 5452 2941 5490 esse
2978 5446 3291 5506 prtescntcm,
3325 5437 3474 5490 verba

1885 5540 2119 5585 venturus
2141 5533 2290 5586 sum?
2310 5530 2536 5587 Irridere.
2564 5529 2640 5583 illi
2660 5530 2911 5583 medicum
2932 5530 3234 5600 imperitum,
3256 5538 3469 5583 metum-

1884 5638 1978 5691 que
2004 5621 2218 5675 Itominis
2242 5621 2382 5675 bonis
2406 5620 2563 5675 verbis
2585 5620 3093 5693 promissionibusque
3118 5620 3288 5674 lenire.
3317 5619 3439 5673 Prtc
3462 5614 3467 5623 ’

1888 5713 2124 5769 terierunt
2153 5721 2198 5769 et
2240 5713 2328 5769 alii
2368 5714 2473 5769 dics
2502 5714 2726 5787 plurimi,
2756 5714 2978 5786 nihilque
3005 5712 3293 5784 proficiebat
3324 5702 3471 5766 omne
