3994 6352
534 265 646 325 159

534 375 672 444 quod
710 375 881 446 ﬁebat.
924 372 1111 429 Medici
1138 373 1378 428 tamenin
1407 389 1500 428 sua
1544 372 1907 444 pollicitatione
1950 370 2114 438 persi-

534 468 748 532 stebant,
779 484 879 522 non
898 485 951 522 se
970 468 1115 521 illum
1136 466 1303 521 sinum
1327 466 1481 534 ferro,
1508 465 1595 520 sed
1620 462 1992 518 medicamentis
2008 477 2117 515 esse

534 561 819 615 clausuros.
851 559 1192 613 Adhibuerunt
1213 568 1262 611 et
1300 559 1455 611 alium
1481 557 1803 628 grandaevum
1814 556 1926 623 jam
1950 551 2112 606 medi-

533 668 670 718 cum,
697 653 915 721 satisque
938 652 989 704 in
1012 652 1102 704 illa
1122 660 1230 703 arte
1250 651 1511 704 laudatum
1528 648 1717 719 (adhuc
1745 647 1876 699 enim
1898 643 2112 715 vivebat)

534 741 874 807 Ammonium,
905 743 988 811 qui
1018 744 1127 795 loco
1157 743 1396 811 inspecto.
1424 741 1553 793 idem
1576 738 1710 807 quod
1735 738 1811 791 illi
1852 753 1914 791 ex
1941 751 2115 789 eorum

532 831 793 903 diligentia
822 833 1099 902 peritiaque
1123 832 1367 901 promisit.
1392 831 1548 898 Cujus
1575 829 1662 881 ille
1698 831 1860 899 factus
1889 825 2114 881 auctori-

531 928 634 975 tate
651 938 877 986 securus,
909 921 1177 974 domestico
1205 936 1297 974 suo
1338 919 1549 983 medico,
1590 918 1674 986 qui
1703 920 1932 988 futuram
1974 931 2111 986 pra:-

536 1014 733 1067 dixcrat
758 1013 913 1066 aliam
932 1014 1217 1075 sectionem,
1242 1013 1404 1082 faceta
1424 1012 1695 1075 hilaritate,
1720 1010 1849 1083 velut
1860 1012 1973 1082 jam
2001 1009 2111 1063 sal-

538 1120 661 1168 vus,
695 1105 873 1158 illusit.
910 1106 1044 1169 Quid
1077 1105 1266 1175 plura?
1294 1103 1479 1158 Postea
1517 1111 1586 1155 tot
1612 1102 1717 1155 dies
1757 1102 1973 1155 inaniter
1992 1117 2115 1154 con-

530 1197 717 1267 sumpti
746 1198 1066 1261 transierunt,
1098 1206 1152 1249 ut
1173 1196 1291 1265 fessi
1326 1206 1471 1265 atque
1491 1196 1686 1266 confusi
1708 1198 1983 1265 faterentur
1998 1210 2111 1247 eum

530 1290 625 1342 nisi
645 1294 780 1360 ferro
810 1290 950 1343 nullo
984 1286 1132 1341 modo
1172 1304 1316 1357 posse
1349 1288 1542 1341 sanari.
1585 1285 1824 1355 Expavit,
1863 1284 2109 1355 expalluit

536 1384 690 1437 nimio
719 1383 895 1437 timore
920 1382 1144 1436 turbatus
1177 1396 1196 1434 :
1219 1390 1366 1445 atque
1384 1379 1467 1432 ubi
1493 1396 1545 1433 se
1559 1379 1776 1449 collegit,
1801 1378 1996 1449 farique
2014 1393 2104 1447 po-

528 1474 643 1540 tuit,
671 1472 807 1527 abire
844 1472 957 1527 illos
967 1472 1145 1541 jussit,
1188 1480 1237 1524 et
1279 1470 1347 1523 ad
1387 1487 1441 1523 se
1478 1470 1694 1539 amplius
1724 1485 1823 1521 non
1852 1468 2105 1522 accedere.

530 1562 643 1618 Nec
670 1562 813 1616 aliud
843 1564 1060 1616 occurrit
1087 1563 1298 1633 fatigato
1316 1560 1552 1631 lacrymis
1574 1570 1619 1613 et
1645 1560 1737 1613 illa
1757 1560 1869 1629 jam
1892 1558 2109 1612 necessi-

526 1664 628 1709 tate
646 1654 935 1717 constricto,
949 1654 1045 1708 nisi
1062 1662 1115 1707 ut
1135 1653 1390 1706 adhiberet
1407 1653 1800 1706 Alexandrinum
1815 1651 2105 1723 quemdam,

527 1746 616 1815 qui
662 1756 779 1800 tunc
805 1746 1072 1815 chirurgus
1110 1744 1353 1799 mirabilis
1399 1742 1691 1809 habebatur,
1716 1751 1767 1794 ut
1793 1743 1900 1812 ipse
1924 1742 2108 1810 faceret

522 1836 657 1906 quod
684 1836 747 1889 ab
784 1836 886 1889 illis
916 1836 1028 1904 fieri
1064 1836 1261 1888 nolebat
1288 1835 1467 1888 iratus.
1497 1834 1601 1887 Sed
1626 1843 1950 1904 posteaquam
1976 1832 2109 1886 venit

523 1925 629 1988 ille,
662 1925 977 1994 laboremque
1007 1925 1211 1978 illorum
1238 1925 1292 1978 in
1318 1924 1631 1977 cicatricibus
1660 1924 1788 1976 sicut
1814 1922 1999 1993 artifex
2024 1922 2101 1974 vi-

524 2016 619 2082 dit,
646 2015 763 2069 boni
789 2016 880 2069 viri
923 2020 1126 2087 functus
1170 2016 1347 2085 ofﬁcio,
1398 2014 1644 2085 persuasit
1680 2014 1889 2077 homini,
1937 2021 1990 2065 ut
2029 2012 2109 2065 illi

522 2107 689 2178 potius
717 2107 802 2177 qui
826 2107 877 2159 in
918 2123 975 2160 eo
999 2117 1193 2160 tantum
1222 2106 1589 2171 laboraverant,
1618 2114 1861 2175 quantum
1886 2105 1992 2173 ipse
2022 2104 2106 2159 in-

522 2196 738 2265 spiciens
764 2195 1055 2259 mirabatur,
1081 2195 1352 2249 curationis
1380 2211 1485 2249 saw
1505 2196 1605 2263 ﬁne
1621 2199 1944 2265 fruerentur;
1966 2194 2106 2266 adji-

525 2286 664 2341 ciens
683 2288 818 2357 quod
846 2303 1015 2340 revera
1043 2286 1139 2340 nisi
1168 2296 1327 2341 sectus
1354 2296 1498 2352 esset,
1528 2287 1696 2341 salvus
1725 2304 1831 2341 esse
1854 2304 1952 2340 non
1983 2303 2103 2356 pos-

522 2386 631 2443 set;
669 2376 757 2431 sed
780 2376 923 2429 valde
947 2376 1215 2431 abhorrere
1241 2394 1274 2430 a
1300 2377 1404 2431 suis
1444 2378 1686 2442 moribus,
1728 2386 1782 2430 ut
1821 2376 2105 2431 hominibus

519 2482 733 2536 quorum
766 2468 1234 2536 artiﬁciosiuimam
1273 2486 1498 2535 operam,
1541 2469 1864 2536 industriam,
1891 2469 2107 2539 diligen-

517 2557 643 2611 tiam
667 2557 927 2611 admirans
962 2560 1016 2611 in
1041 2558 1354 2613 cicatricibus
1392 2560 1503 2628 ejus
1531 2558 1734 2622 videret,
1765 2569 1969 2629 propter
1992 2560 2102 2613 exi-

519 2663 675 2719 guum
714 2649 849 2718 quod
885 2651 1145 2716 remansit,
1195 2650 1417 2719 palmam
1461 2651 1589 2704 tanti
1624 2650 1810 2704 laboris
1856 2654 2097 2722 auferret.

521 2737 727 2793 Redditi
767 2749 883 2793 sunt
920 2741 1089 2795 animo
1131 2742 1260 2811 ejus,
1303 2750 1350 2794 et
1385 2741 1575 2812 placuit
1602 2750 1656 2794 ut
1682 2742 1852 2795 eodem
1880 2742 2106 2797 Alexan-

520 2828 668 2883 drino
696 2830 956 2884 assistente
981 2831 1079 2902 ipsi
1101 2832 1268 2885 sinum
1292 2826 1437 2884 illum
1455 2835 1608 2901 ferro,
1626 2832 1713 2900 qui
1719 2833 1834 2903 jam
1855 2849 2101 2887 consensu

519 2920 743 2974 omnium
767 2921 915 2975 aliter
938 2921 1231 2975 insanabilis
1260 2922 1551 2992 putabatur,
1581 2923 1850 2991 aperirent.
1875 2922 2002 2987 Qua:
2022 2941 2101 2978 res

519 3011 681 3065 dilata
708 3021 779 3065 est
802 3013 855 3067 in
888 3023 1264 3082 consequentem
1294 3013 1442 3066 diem.
1469 3011 1574 3067 Sed
1599 3028 1715 3065 cum
1740 3012 1973 3067 abiissent
2000 3014 2096 3081 illi,

518 3119 583 3157 ex
606 3120 814 3160 nnerorc
832 3105 986 3159 nimio
1002 3105 1196 3159 domini
1221 3114 1388 3159 tantus
1417 3114 1490 3160 est
1521 3104 1573 3158 in
1600 3105 1749 3158 domo
1778 3105 1868 3160 illa
1896 3117 2100 3162 exortus

518 3193 686 3262 dolor,
713 3204 768 3248 ut
794 3205 1033 3267 tanquam
1053 3197 1245 3267 funeris
1271 3196 1502 3265 planctus
1528 3196 1611 3249 vix
1638 3196 2099 3265 comprimeretura

519 3288 681 3341 nobis.
710 3287 988 3343 Visitabant
1011 3306 1122 3342 eum
1140 3289 1360 3359 quotidie
1379 3290 1540 3343 sancti
1564 3289 1676 3355 viri,
1699 3289 1961 3359 episcopus
1980 3299 2099 3345 tunc

523 3377 803 3445 Uzalensis,
831 3379 987 3433 beatae
1009 3380 1261 3433 memoriis
1291 3380 1615 3445 Saturninus,
1646 3388 1691 3433 et
1718 3381 1972 3450 presbyter
2000 3379 2101 3434 Ge-

521 3470 679 3536 losus,
716 3488 776 3524 ac
824 3472 1026 3525 diaconi
1056 3471 1460 3543 Carthaginensis
1510 3471 1750 3526 Ecclesia:
1779 3488 1799 3526 :
1821 3473 1872 3526 in
1918 3472 2098 3541 quibus

520 3573 650 3626 erat,
669 3572 715 3615 et
745 3579 808 3616 ex
830 3563 1007 3633 quibus
1024 3564 1160 3617 solus
1188 3573 1260 3617 est
1284 3580 1415 3616 nunc
1446 3564 1498 3616 in
1523 3566 1669 3617 rebus
1705 3563 1956 3628 humanis,
1981 3564 2097 3635 jun

514 3656 776 3725 episc0pus
802 3671 916 3707 cum
951 3654 1141 3707 honore
1161 3671 1191 3706 a
1220 3655 1359 3707 nobis
1385 3653 1545 3707 debito
1572 3654 1908 3708 nominandus
1935 3656 2097 3708 Aure-

516 3744 634 3806 lius,
662 3762 776 3799 cum
803 3762 899 3815 quo
926 3746 1242 3798 recordantes
1270 3744 1518 3798 mirabilia
1543 3759 1697 3814 Opera
1723 3744 1819 3799 Dei
1848 3745 1910 3798 de
1932 3745 2026 3799 hac
2042 3762 2096 3800 re

512 3853 648 3907 saepe
672 3837 904 3890 collocuti
939 3852 1133 3901 sumus,
1177 3852 1385 3901 eumque
1427 3835 1571 3889 valde
1612 3836 1912 3901 meminisse,
1960 3835 2096 3905 quod

512 3944 973 3993 commemoramus,
1006 3928 1302 3981 invenimus.
1356 3927 1453 3993 Qui
1490 3945 1606 3980 cum
1631 3944 1763 3993 eum,
1806 3928 1932 3981 sicut
1959 3927 2094 3981 sole-

514 4019 653 4084 bant,
679 4036 881 4091 vespere
908 4021 1184 4087 visitarent,
1214 4022 1405 4091 rogavit
1438 4037 1520 4075 eos
1537 4021 1895 4076 miserabilibus
1928 4021 2095 4094 lacrg-

512 4111 630 4177 mis,
653 4121 708 4164 ut
732 4129 877 4165 mane
904 4113 1230 4184 dignarentur
1257 4130 1361 4167 esse
1386 4123 1652 4184 prarsentes
1692 4130 1782 4167 suo
1807 4116 1973 4185 funeri
1997 4132 2089 4184 po-

514 4202 613 4256 tius
640 4218 790 4274 quam
815 4202 998 4256 dolori.
1032 4202 1225 4257 Tantus
1260 4204 1391 4256 enim
1421 4220 1531 4257 eum
1559 4214 1716 4257 metus
1754 4220 1816 4258 ex
1841 4205 2093 4274 prioribus

512 4292 762 4347 invaserat
788 4294 966 4364 panis,
996 4302 1051 4347 ut
1076 4311 1128 4347 se
1152 4294 1279 4348 inter
1304 4295 1606 4349 medicorum
1631 4312 1808 4349 manus
1829 4313 1927 4349 non
1950 4296 2094 4349 dubi-

514 4395 641 4442 taret
666 4403 770 4443 esse
797 4389 1108 4443 moriturum.
1143 4388 1397 4444 Cousolati
1424 4398 1537 4443 sunt
1564 4406 1677 4443 eum
1713 4388 1812 4455 illi,
1840 4398 1884 4443 et
1904 4389 2091 4443 hortati

514 4487 569 4532 ut
588 4479 639 4533 in
662 4478 767 4533 Deo
796 4480 989 4548 ﬁderet,
1015 4482 1216 4552 ejusque
1232 4482 1537 4535 voluntatem
1562 4480 1771 4535 viriliter
1791 4486 1962 4549 ferret.
1994 4480 2089 4535 In-

512 4568 576 4623 de
596 4569 666 4624 ad
687 4572 960 4625 orationem
986 4573 1197 4643 ingressi
1232 4589 1405 4626 sumus
1434 4588 1453 4626 :
1475 4572 1560 4625 ubi
1584 4571 1724 4625 nobis
1749 4588 1813 4625 ex
1835 4589 1973 4625 more
1998 4590 2089 4643 ge-

512 4676 615 4715 nua
644 4662 927 4733 ﬁgentibus,
967 4671 1112 4734 atque
1155 4662 1545 4717 incumbentibus
1591 4672 1755 4729 terrte,
1804 4662 1892 4716 ille
1927 4679 1980 4717 se
2019 4664 2091 4716 ita

513 4752 743 4824 projecit,
769 4764 1006 4824 tanquam
1033 4755 1206 4826 fuisset
1225 4756 1395 4825 aliquo
1420 4754 1704 4824 impellente
1727 4755 1944 4821 graviter
1971 4770 2089 4823 pro-

511 4852 719 4910 stratus,
747 4852 793 4897 et
820 4846 964 4913 cmpit
992 4862 1136 4898 orare
1164 4860 1182 4898 :
1217 4844 1393 4915 quibus
1422 4844 1603 4907 modis,
1639 4860 1738 4913 quo
1764 4842 1966 4910 affectu,
1989 4860 2088 4911 quo

510 4943 649 4987 motu
676 4935 852 4998 animi,
885 4952 983 5007 quo
1019 4936 1173 5006 ﬂuvio
1215 4936 1572 5006 lacrymarum,
1608 4932 1787 5004 quibus
1825 4931 2088 5003 gemitibus

508 5034 656 5094 atque
695 5024 996 5095 singultibus
1020 5024 1409 5078 succutientibus
1446 5025 1617 5078 omnia
1658 5023 1878 5077 membra
1905 5024 2014 5094 ejus
2042 5031 2088 5075 et

507 5113 1087 5173 peneintercludentibus
1107 5115 1359 5186 spiritum,
1387 5115 1498 5183 quis
1514 5113 1633 5168 ullis
1652 5114 1861 5184 explicet
1885 5113 2042 5166 verbis
2063 5113 2089 5167 .9

511 5201 695 5257 Utrum
716 5214 917 5259 orarent
945 5204 1056 5270 alii,
1080 5222 1169 5258 nec
1192 5205 1245 5258 in
1266 5205 1373 5258 hazc
1398 5220 1569 5257 eorum
1594 5212 1896 5257 averteretur
1922 5203 2089 5256 inten-

504 5296 598 5364 tio,
623 5296 897 5353 nesciebam
926 5300 1055 5369 :ego
1084 5306 1250 5351 tamen
1280 5312 1487 5367 prorsus
1514 5311 1661 5349 orare
1689 5311 1789 5348 non
1810 5304 2035 5364 poteram
2065 5307 2091 5375 :7

505 5387 600 5444 hoc
629 5392 975 5445 tantummodo
1022 5390 1243 5455 breviter
1269 5390 1322 5443 in
1350 5388 1500 5443 corde
1538 5402 1646 5441 meo
1673 5385 1819 5439 dixi:
1844 5384 2081 5451 Domine,

502 5495 629 5549 quas
668 5489 869 5536 tuorum
898 5497 1066 5552 preces
1100 5480 1330 5547 exaudis,
1352 5479 1398 5534 si
1423 5479 1514 5532 has
1540 5494 1640 5531 non
1664 5475 1910 5531 exaudis?
1939 5474 2087 5529 Nihil

500 5572 638 5626 enim
666 5572 790 5626 mihi
813 5571 1070 5626 videbatur
1101 5571 1223 5624 addi
1258 5572 1371 5641 jam
1402 5586 1565 5641 posse,
1608 5568 1704 5623 nisi
1728 5575 1781 5621 ut
1809 5567 2085 5637 exspiraret

502 5663 715 5720 orando.
742 5663 1087 5731 Surreximus,
1116 5673 1162 5718 et
1182 5673 1387 5739 accepta
1414 5662 1473 5716 ab
1507 5661 1755 5734 Episcopo
1780 5658 2082 5714 benedictio-

1665 257 1823 316 νιτΑ
1863 258 1921 315 S.
1961 252 2329 317 AUGUSTINI
2368 254 2687 321 EPISCOPL

3699 276 3805 335 160

2226 386 2290 427 ne
2328 373 2681 444 discessimus;
2721 386 2927 450 rogante
2965 381 3053 436 illo
3081 391 3134 436 ut
3163 400 3309 438 mane
3331 384 3579 455 adessent,
3610 387 3714 445 illis
3746 394 3801 446 ut

2220 477 2361 534 aqua
2385 466 2555 521 animo
2578 476 2701 523 esset
2726 470 3057 526 hortantibus.
3090 472 3274 529 Illuxit
3299 477 3404 532 dies
3432 481 3518 548 qui
3539 484 3799 537 metueba-

2222 563 2321 621 tur,
2352 556 2563 612 aderant
2578 561 2705 613 servi
2732 559 2848 628 Dei,
2888 564 3016 616 sicut
3042 580 3096 619 se
3127 566 3398 637 adfuturos
3426 587 3531 626 esse
3554 577 3802 643 promise-

2220 655 2333 699 rant
2361 663 2381 700 :
2405 648 2616 718 ingressi
2652 660 2766 703 sunt
2813 654 3028 717 medici;
3057 667 3301 722 parantur
3327 661 3496 715 omnia
3535 680 3648 732 qua
3673 665 3800 722 hora

2219 738 2310 791 illa
2340 742 2587 808 poscebat,
2610 745 2863 797 tremenda
2886 749 3191 815 ferramenta
3206 756 3553 821 proferuntur,
3577 759 3797 812 attonitis

2218 832 2568 901 suspensisque
2597 833 2844 885 omnibus.
2893 833 2984 889 Eis
3012 847 3200 905 autem,
3242 856 3457 909 quorum
3491 854 3598 896 erat
3636 862 3799 916 major

2218 920 2509 981 auctoritas,
2538 920 2782 989 defectum
2816 923 2972 976 animi
2998 925 3107 991 ejus
3137 928 3444 983 consolando
3472 932 3799 1002 erigentibus,

2218 1005 2286 1059 ad
2313 1024 2492 1062 manus
2517 1012 2697 1064 sectari
2727 1013 2948 1066 membra
2972 1013 3023 1067 in
3054 1014 3235 1070 lectulo
3260 1033 3650 1087 componuntur,
3688 1026 3799 1078 sol-

2218 1108 2397 1151 vuntur
2411 1100 2530 1153 nodi
2556 1102 2959 1171 ligamentorum,
2989 1107 3386 1175 nudatur-locus,
3419 1112 3619 1181 inspicit
3646 1116 3803 1169 medi-

2215 1202 2323 1250 cus,
2352 1198 2398 1241 et
2421 1194 2691 1244 secandum
2716 1192 2859 1247 illum
2884 1196 3048 1249 sinum
3069 1208 3289 1252 armatus
3318 1210 3466 1272 atque
3484 1202 3699 1258 intentus
3720 1206 3803 1260 in-

2215 1279 2385 1347 quirit.
2419 1279 2687 1334 Scrutatur
2714 1285 2891 1349 oculis,
2919 1287 3183 1357 digitisque
3207 1300 3498 1358 contrectat,
3529 1302 3684 1348 tentat
3706 1296 3801 1349 de-

2216 1371 2365 1441 nique
2398 1372 2559 1427 modis
2587 1375 2813 1430 omnibus
2843 1392 2862 1429 :
2898 1378 3081 1431 invenit
3121 1380 3461 1448 ﬁrmissimam
3489 1384 3795 1440 cicatricem.

2214 1464 2333 1519 Iam
2358 1468 2448 1522 illa
2474 1470 2648 1523 la’titia
2675 1481 2722 1525 et
2749 1471 2859 1525 laus
2883 1486 3028 1543 atque
3052 1476 3331 1544 gratiarum
3357 1478 3487 1531 actio
3516 1479 3801 1533 misericor-

2215 1555 2269 1607 di
2296 1567 2342 1610 et
2366 1561 2691 1630 omnipotenti
2718 1561 2844 1627 Deo,
2874 1580 2987 1633 qua!
3012 1569 3129 1636 fusa
3148 1577 3219 1619 est
3234 1583 3319 1620 ore
3349 1570 3592 1633 onmium,
3620 1570 3799 1642 lacry-

2216 1649 2463 1702 montibus
2500 1651 2719 1719 gaudiis,
2769 1669 2869 1706 non
2917 1663 2990 1707 est
3032 1656 3385 1710 committenda
3426 1660 3548 1713 mcis
3591 1661 3752 1714 verbis
3777 1677 3799 1716 :

2213 1740 2452 1808 cogitetur
2497 1744 2685 1810 potius,
2727 1759 2877 1813 quam
2918 1744 3114 1798 dicatur
3145 1745 3244 1818 (De
3270 1746 3376 1801 Civ.
3410 1748 3525 1818 Dei,
3556 1750 3644 1804 lib.
3692 1750 3791 1820 εἰ,

2212 1844 2331 1894 cap.
2356 1828 2411 1897 8,
2443 1847 2495 1883 η.
2526 1829 2604 1902 '5).

2840 1923 3066 1982 CAPUT
3105 1927 3168 1982 ll.

2214 2009 2239 2065 1
2276 2009 2580 2081 Augustinus
2610 2013 2875 2084 facultates
2894 2035 3011 2071 suas
3031 2020 3332 2089 pauperibus
3355 2031 3543 2093 erogat.
3566 2023 3601 2078 Ξ
3640 2018 3800 2079 Com-

2281 2102 2446 2155 munis
2466 2104 2581 2157 vitre
2604 2104 2889 2160 institutum
2904 2118 3120 2162 sectatur
3141 2126 3255 2163 cum
3279 2112 3428 2166 sociis
3448 2111 3551 2167 Deo
3570 2115 3800 2170 servien-

2281 2192 2432 2258 tibus,
2459 2210 2671 2265 quorum
2699 2196 2805 2265 ipse
2828 2214 2999 2252 curam
3023 2202 3168 2271 gerit.
3202 2202 3236 2256 5
3266 2201 3367 2257 Per
3396 2204 3588 2260 litteras
3626 2205 3801 2262 collo-

2287 2284 2457 2350 quitur
2478 2302 2591 2339 cum
2615 2285 2880 2356 Nebridio,
2910 2300 2957 2345 et
2988 2292 3096 2361 ejus
3115 2295 3409 2363 questiones
3428 2298 3683 2367 expendit.

2280 2375 2331 2429 1.
2350 2374 2585 2431 Tandem
2614 2379 2895 2449 aliquando
2914 2390 3157 2437 votorum
3180 2398 3441 2440 summam
3469 2387 3692 2458 adeptus
3711 2397 3803 2444 est

2210 2466 2556 2536 Augustinus,
2597 2469 2722 2524 dum
2749 2471 2888 2541 quod
2923 2474 3101 2528 animo
3143 2475 3441 2531 intenderat
3469 2492 3499 2531 a
3544 2488 3800 2549 suscepto

2207 2556 2529 2625 Baptismate
2549 2558 2813 2632 (Confess.
2838 2561 2925 2615 lib.
2947 2563 2999 2627 9,
3027 2580 3141 2635 cap.
3172 2565 3226 2629 8,
3247 2582 3298 2619 η.
3324 2567 3411 2629 i7,
3431 2577 3476 2621 et
3503 2566 3795 2638 Possidius,

2207 2665 2252 2701 c.
2274 2650 2350 2719 3),
2377 2650 2483 2703 imo
2503 2655 2613 2719 jam
2639 2652 2761 2707 inde
2780 2668 2809 2707 a
2831 2663 3065 2724 tempore
3085 2657 3471 2725 conversionis,
3498 2674 3602 2729 quo
3629 2660 3797 2731 longe

2206 2748 2327 2793 ante
2353 2740 2677 2810 Baptismum
2705 2758 2856 2797 suum
2886 2746 3085 2801 servire
3137 2746 3246 2803 Deo
3281 2747 3551 2818 delegerat
3588 2749 3788 2821 (lbid.,

2208 2830 2295 2884 lib.
2313 2832 2367 2898 9,
2393 2850 2507 2903 cap.
2536 2835 2591 2900 5,
2618 2852 2671 2888 η.
2698 2837 2810 2907 15),
2830 2836 3106 2905 Tagastam
3129 2854 3399 2905 reversus,
3418 2840 3640 2896 feliciter
3659 2858 3791 2912 per-

2206 2920 2348 2977 fecit.
2384 2926 2457 2977 Ac
2500 2926 2729 2993 primum
2759 2926 2972 2995 quidem
3008 2943 3164 2998 agros
3188 2945 3218 2983 a
3249 2939 3399 2999 patre
3429 2932 3662 2999 relictos,
3694 2934 3794 3003 qui

2204 3012 2539 3069 hrnrcditario
2566 3016 2664 3070 sibi
2699 3018 2819 3087 jure
2845 3019 3162 3089 obtigerant,
3189 3021 3462 3087 alienavit,
3498 3038 3798 3095 eorumque

2204 3106 2431 3174 pretium
2473 3107 2789 3175 pauperibus
2815 3109 3064 3163 continuo
3093 3109 3377 3177 distribuit,
3412 3111 3538 3167 nihil
3566 3114 3801 3169 omnino

2202 3197 2303 3251 sibi
2342 3213 2639 3265 reservans,
2690 3214 2795 3269 quo
2843 3199 3140 3271 expeditior
3195 3201 3359 3256 libera
3403 3203 3493 3256 Dei
3525 3203 3796 3260 servitute

2202 3286 2670 3361 frueretur(Epist.
2701 3290 2821 3351 126,
2846 3308 2897 3344 n.
2916 3292 3061 3363 7).ln
3087 3292 3176 3347 illo
3202 3294 3394 3363 quippe
3412 3304 3466 3350 et
3484 3312 3550 3350 ex
3575 3294 3667 3349 illo
3691 3312 3798 3366 pu-

2208 3377 2326 3431 sillo
2354 3394 2513 3448 grege
2538 3394 2658 3434 esse
2705 3381 2969 3448 studebat,
3008 3398 3165 3452 quem
3213 3384 3466 3439 Dominus
3499 3387 3799 3456 alloquitur

2200 3468 2383 3524 dicens
2413 3487 2426 3521 :
2458 3468 2631 3524 Nolite
2660 3472 2849 3537 timere,
2870 3474 3083 3542 pusillus
3106 3491 3248 3545 grex,
3289 3478 3524 3545 quoniam
3553 3480 3796 3548 compla-

2199 3560 2300 3611 cuit
2335 3558 2481 3612 Patri
2501 3572 2663 3614 vestro
2691 3563 2813 3614 dare
2848 3563 2981 3617 vobis
3011 3580 3241 3633 regnum.
3296 3564 3501 3619 Vendite
3528 3583 3638 3636 qua:
3658 3584 3793 3638 pos-

2199 3653 2388 3718 sidetis,
2438 3663 2485 3707 et
2531 3654 2645 3707 date
2679 3654 3039 3725 eleemosynam
3072 3656 3230 3727 (Luc.
3266 3673 3362 3722 xtl,
3417 3658 3507 3725 52,
3551 3659 3662 3730 55).
3715 3661 3798 3715 Et.

2198 3760 2358 3814 super
2388 3743 2505 3799 ﬁdei
2549 3744 2943 3799 fundamentum
2981 3747 3245 3802 arduﬁcarc
3288 3747 3644 3816 desiderabat,
3674 3766 3791 3807 non

2198 3835 2355 3904 ligna,
2388 3834 2562 3889 fenum
2583 3846 2636 3891 et
2662 3836 2925 3905 stipulam,
2951 3837 3042 3893 sed
3073 3854 3278 3904 aurum,
3310 3850 3585 3910 argentum
3620 3850 3675 3897 et
3700 3843 3790 3897 la-

2200 3925 2350 3993 pides
2380 3926 2642 3994 pretiosos
2670 3925 2986 3996 (Possidius,
3006 3944 3052 3980 c.
3074 3928 3150 3998 ἓ).
3173 3928 3325 3984 Unde
3348 3945 3466 3984 cum
3494 3931 3565 3984 illi
3599 3941 3794 4001 postea

2198 4019 2487 4073 necessitas
2520 4020 2849 4074 incumberet
2894 4022 3220 4091 reprimendi
3254 4023 3647 4093 Pelagianorum
3689 4040 3792 4079 ar-

2196 4110 2513 4178 rogantiam,
2548 4111 2635 4179 qui
2661 4112 2850 4165 divites
2879 4128 2970 4165 sua
3002 4128 3105 4166 non
3132 4112 3460 4167 dimittentes
3500 4114 3709 4169 excludi
3747 4130 3792 4172 a

2196 4216 2362 4269 regno
2400 4202 2490 4255 Dei
2522 4203 2765 4257 volebant
2795 4204 2811 4271 (
2836 4203 2999 4273 Epist.
3034 4203 3180 4276 l56),
3219 4214 3277 4259 ut
3304 4204 3692 4261 demonstraret
3719 4222 3791 4264 se

2196 4306 2300 4344 non
2329 4291 2542 4360 privatis
2563 4292 2627 4346 ad
2648 4308 2740 4346 eos
2761 4292 3077 4360 refellendos
3100 4294 3393 4349 rationibus
3414 4304 3464 4350 et
3484 4297 3790 4353 commodis

2194 4382 2382 4436 adduci
2413 4401 2424 4437 :
2456 4383 2587 4453 Ego,
2618 4385 2710 4451 ait,
2744 4386 2828 4449 qui
2852 4384 2957 4437 htcc
2986 4385 3167 4451 scribo,
3195 4386 3549 4457 perfectionem
3588 4386 3649 4440 de
3676 4404 3791 4457 qua

2196 4469 2443 4527 Dominus
2494 4472 2688 4527 locutus
2735 4483 2834 4541 est,
2886 4475 3088 4544 quando
3135 4475 3204 4528 ait
3251 4475 3391 4529 diviti
3435 4476 3782 4543 adolescenti,

2199 4580 2217 4613 ι
2268 4561 2422 4626 Vade,
2465 4562 2619 4617 vende
2656 4566 2824 4616 omnia
2853 4580 2965 4635 qua:
2994 4565 3163 4631 habes,
3194 4574 3239 4619 et
3279 4567 3345 4618 da
3375 4567 3699 4637 pauperibus,
3728 4577 3790 4623 et

2194 4652 2392 4706 habebis
2417 4654 2705 4707 thesaurum
2730 4656 2782 4708 in
2806 4656 2953 4719 caelo;
2977 4664 3022 4708 et
3042 4656 3171 4721 veni,
3195 4672 3398 4725 sequere
3413 4673 3490 4709 me
3514 4676 3531 4709 ι
3557 4656 3782 4728 (Matth.

2197 4761 2312 4807 XIX,
2341 4745 2454 4815 2|),
2486 4746 2793 4800 vehementer
2818 4748 3069 4813 adamavi,
3101 4756 3146 4801 et
3177 4765 3277 4802 non
3303 4750 3423 4803 meis
3449 4750 3654 4816 viribus,
3686 4750 3791 4807 sed

2191 4841 2353 4909 gratia
2381 4841 2539 4910 ipsius
2565 4840 2834 4909 adjuvante
2862 4846 2933 4893 sic
2968 4840 3083 4909 feci.
3137 4838 3317 4908 Neque
3340 4844 3471 4895 enim
3495 4842 3613 4913 quia
3638 4842 3788 4900 dives

2191 4948 2289 4985 non
2316 4932 2410 5000 fui,
2440 4932 2550 4986 ideo
2578 4932 2743 4985 minus
2768 4933 2890 4985 mihi
2925 4933 3273 5003 imputabitur.
3309 4932 3448 4988 Nam
3475 4952 3630 5005 neque
3669 4936 3789 5006 ipsi

2190 5022 2434 5094 Apostoli,
2464 5024 2549 5093 qui
2575 5024 2765 5094 priores
2792 5024 2885 5076 hoc
2912 5027 3156 5093 fecerunt,
3195 5024 3369 5079 divites
3399 5026 3620 5095 fuerunt.
3663 5026 3786 5081 Sed

2191 5122 2348 5167 totum
2374 5113 2615 5166 mundum
2642 5114 2864 5180 dimittit,
2894 5114 2980 5183 qui
3007 5123 3054 5168 et
3074 5114 3202 5167 illud
3227 5115 3362 5184 quod
3385 5115 3551 5183 habet,
3570 5126 3615 5169 et
3634 5119 3786 5186 quod

2191 5212 2330 5273 Optat
2378 5204 2557 5256 habere
2608 5204 2829 5256 dimittit.
2881 5204 3139 5268 Quantum
3178 5214 3344 5259 autem
3376 5206 3431 5259 in
3471 5206 3566 5259 hac
3606 5212 3788 5280 perfe-

2190 5295 2369 5348 ctionis
2408 5294 2487 5347 via
2530 5294 2847 5364 profecerim,
2898 5294 3057 5365 magis
3093 5294 3293 5364 quidem
3331 5295 3447 5349 novi
3492 5313 3582 5367 ego
3619 5313 3790 5365 quam

2189 5385 2451 5457 quisquam
2476 5385 2606 5439 alius
2628 5385 2808 5449 homo;
2837 5385 2924 5438 sed
2953 5385 3112 5454 magis
3138 5384 3275 5439 Deus
3300 5401 3451 5456 quam
3472 5403 3582 5457 ego.
3612 5386 3681 5439 Et
3704 5389 3787 5444 ad

2191 5475 2284 5528 hoc
2322 5475 2636 5546 propositum
2663 5473 2863 5544 quantis
2891 5491 3096 5544 possum
3134 5476 3319 5530 viribus
3346 5476 3475 5531 alios
3504 5477 3777 5531 exhortor.

2190 5564 2452 5636 Additque
2477 5582 2491 5620 :
2524 5565 2591 5619 Et
2617 5566 2669 5619 in
2698 5566 2897 5620 nomine
2920 5562 3128 5620 Domini
3155 5566 3311 5622 habeo
3348 5576 3625 5634 consortes,
3652 5570 3782 5635 qui-

2194 5656 2282 5712 bus
2311 5657 2402 5711 hoc
2437 5673 2525 5727 per
2560 5672 2723 5711 meum
2766 5654 3093 5711 ministerium
3118 5671 3409 5727 persuasum
3447 5666 3521 5713 est
3556 5651 3779 5729 (Epist.
