3994 6352
182 299 273 358 ια
1564 289 1770 347 LIBER
1810 288 2124 348 TERTIUS.

182 416 305 481 157,
330 432 391 470 ιι.
411 414 530 486 39).
548 414 630 473 Ex
654 413 741 471 his
763 413 1101 471 consortibus
1125 410 1496 468 adhortatione
1520 409 1693 479 ipsius
1717 408 1784 463 ad

179 504 318 564 istud
351 509 692 578 propositum
715 506 1141 578 amplectendam
1172 505 1431 575 impulsis,
1468 502 1622 559 fuere
1647 504 1790 557 cives

177 610 227 656 ct
258 602 431 656 amici
480 603 556 657 illi
588 605 721 673 ejus,
755 619 876 659 eum
906 603 1098 673 quibus
1125 602 1237 657 Deo
1268 601 1469 672 pariter
1498 598 1787 655 servienti~

176 692 275 745 bus
323 692 396 745 ad
450 694 691 748 Africam
722 704 776 749 et
817 695 1085 765 propriam
1132 692 1351 748 domum
1393 705 1661 763 agrosque
1703 703 1789 745 re-

177 786 381 839 nicavit
411 787 429 853 (
455 785 751 853 Possidius,
780 804 826 841 c.
857 788 933 858 ‘5).

240 874 298 928 2.
334 874 395 929 1η
428 876 549 932 istis
575 878 740 947 agris,
788 878 877 948 qui
922 892 1028 931 non
1068 874 1181 931 ruri
1214 883 1390 930 tamen
1417 881 1507 929 aut
1546 872 1618 927 ab
1657 871 1789 926 urbe

176 968 388 1038 procul,
422 968 523 1023 sed
553 968 796 1039 Tagasta:
822 967 1172 1037 adjacebant;
1202 968 1245 1022 si
1272 966 1485 1036 quidem
1519 962 1648 1018 inde
1675 964 1787 1032 ipse

178 1058 238 1113 ad
268 1058 594 1114 Nebridium
636 1060 877 1115 scribens
914 1060 1007 1123 ait,
1039 1074 1097 1113 se
1142 1057 1214 1112 ibi
1248 1058 1422 1126 potius
1460 1071 1621 1126 quam
1650 1053 1783 1109 Car-

178 1148 397 1218 thagine
442 1151 532 1205 vel
576 1150 736 1205 etiam
782 1150 892 1204 ruri
941 1165 1007 1203 ex
1066 1148 1329 1203 sententia
1379 1161 1538 1217 posse
1587 1144 1786 1214 degere

177 1238 391 1307 (Epist.
422 1241 519 1307 10,
547 1258 602 1295 n.
632 1240 685 1313 1)
716 1258 727 1293 :
765 1242 817 1295 in
862 1241 996 1303 istis,
1040 1242 1277 1310 inquam,
1322 1239 1464 1308 agris
1507 1253 1537 1291 a
1578 1252 1640 1291 se
1675 1235 1783 1305 jam

178 1330 428 1385 alienatis
460 1330 566 1403 (sic
593 1331 735 1385 enim
753 1331 978 1385 Possidii
1007 1341 1217 1385 veteres
1241 1328 1455 1384 codices
1486 1325 1706 1398 ferunt),
1734 1327 1783 1381 id

178 1433 277 1487 est,
310 1423 371 1477 in
403 1422 489 1478 his
519 1440 628 1479 non
659 1424 857 1494 proprii
887 1424 1134 1494 amplius,
1180 1422 1273 1476 sed
1313 1421 1473 1475 alieni
1507 1420 1647 1490 juris
1673 1420 1782 1488 jam

177 1511 359 1579 iactis,
378 1515 729 1580 constitutus,
758 1529 861 1568 una
892 1529 1012 1568 cum
1042 1513 1147 1568 illis
1172 1513 1375 1567 civibus
1404 1521 1457 1567 et
1483 1510 1670 1565 amicis
1695 1512 1783 1578 qui

177 1602 356 1657 eidem
388 1614 449 1659 ut
492 1604 628 1675 patri
656 1604 1032 1671 adhzerebant,
1077 1604 1363 1659 triennium
1405 1604 1569 1657 ferme
1608 1611 1782 1655 trans-

178 1696 293 1766 egit
327 1714 344 1750 :
377 1697 467 1751 ubi
497 1697 662 1751 seculi
693 1698 835 1751 curis
859 1698 1066 1751 solutus
1096 1704 1149 1751 et
1174 1696 1311 1750 liber
1336 1696 1444 1749 Deo
1464 1694 1699 1756 vivebat,
1731 1702 1783 1747 et

175 1784 426 1855 jejuniis,
443 1787 787 1851 orationibus,
814 1788 1070 1857 bonisque
1086 1787 1337 1857 operibus
1355 1800 1567 1852 vacans,
1589 1785 1643 1839 in
1668 1785 1782 1854 lege

178 1877 401 1933 Domini
426 1879 517 1933 diu
558 1888 822 1949 noctuque
864 1880 1151 1943 meditans,
1180 1878 1555 1950 Egyptiorum
1590 1892 1779 1932 mona-

175 1968 441 2035 chorum,
472 1969 797 2040 aliorumque
825 1985 961 2039 quos
990 1970 1041 2023 in
1070 1969 1206 2023 libro
1227 1968 1294 2023 de
1328 1968 1563 2023 Moribus
1589 1968 1779 2023 Eccle-

174 2060 283 2114 sia:
317 2071 433 2115 tam
470 2062 699 2129 impense
721 2060 1049 2125 laudaverat,
1077 2061 1239 2114 vitam
1264 2060 1439 2128 quoad
1468 2067 1675 2129 poterat
1704 2075 1779 2113 :e-

175 2151 529 2222 mulabatur(
548 2151 834 2218 Possidius,
859 2169 905 2205 c.
926 2150 1005 2222 3).
1037 2151 1152 2206 Non
1174 2166 1386 2207 omnem
1409 2150 1568 2206 modo
1597 2151 1778 2205 saeculi

176 2256 337 2311 spem
384 2242 682 2311 abiecerat;
724 2260 911 2297 verum
954 2259 1075 2298 cum
1122 2244 1175 2298 in
1233 2243 1429 2298 steculo
1475 2243 1617 2313 quod
1658 2259 1779 2299 esse

179 2341 434 2402 potuerat
459 2348 575 2388 esse
605 2334 881 2400 noluisset,
908 2333 975 2389 de
1014 2334 1121 2400 illa,
1164 2332 1230 2388 ad
1259 2350 1417 2404 quam
1440 2333 1777 2403 postmodum

179 2420 237 2478 in
280 2423 522 2486 Ecclesia
554 2434 769 2479 evectus
797 2434 900 2489 est,
929 2424 1283 2481 eonsectanda
1324 2424 1579 2492 dignitate
1622 2425 1780 2480 mini-

180 2528 270 2568 me
303 2514 592 2583 cogitabat.
644 2513 891 2584 Elegerat
936 2515 1175 2584 abiectus
1223 2528 1343 2569 esse
1381 2514 1432 2567 in
1473 2513 1634 2568 domo
1684 2514 1777 2569 Dei

182 2604 394 2673 magis,
440 2619 600 2672 quam
650 2604 889 2659 habitare
933 2605 985 2659 in
1040 2605 1393 2660 tabernaculis
1438 2614 1776 2674 peccatorum

185 2692 365 2757 (Psal.
388 2709 610 2760 uxstu,
632 2695 742 2765 ll).
764 2694 1083 2765 Segregatus
1103 2703 1218 2749 erat
1240 2694 1307 2749 ab
1330 2695 1394 2749 iis
1419 2695 1508 2764 qui
1526 2695 1777 2750 saeculum

188 2784 414 2855 diligunt
434 2803 447 2838 :
467 2785 561 2840 sed
583 2786 663 2840 eis
676 2786 763 2856 qui
779 2794 1015 2855 prtesunt
1033 2785 1260 2856 populis,
1274 2801 1380 2840 non
1394 2800 1451 2841 se
1471 2786 1777 2856 corequabat

189 2875 396 2947 (Serm.
414 2878 541 2945 555,
558 2896 614 2931 η.
634 2878 715 2950 2).
741 2878 877 2934 Viue
904 2893 1070 2950 genus
1095 2888 1149 2933 et
1171 2879 1405 2950 regulam
1432 2879 1533 2935 sub
1552 2879 1779 2948 Aposto-

185 2966 257 3022 iis
284 2968 623 3022 constitutam
653 2969 990 3023 sectabatur:
1016 2969 1243 3023 maxime
1263 2983 1391 3023 vero
1416 2977 1473 3023 ut
1495 2968 1547 3023 in
1570 2984 1663 3023 sua
1690 2983 1780 3024 so-

188 3056 394 3111 cietate
418 3073 569 3112 nemo
597 3056 869 3128 quidpiam
900 3072 1054 3112 suum
1081 3072 1202 3113 esse
1221 3057 1443 3124 diceret,
1472 3057 1567 3113 sed
1599 3058 1776 3113 omnia

188 3160 371 3206 essent
416 3152 667 3208 omnibus
711 3153 1034 3219 communia,
1084 3159 1139 3207 et
1185 3150 1512 3206 divideretur
1558 3151 1777 3222 singulis

191 3254 345 3315 prout
362 3244 556 3315 cuique
584 3259 719 3314 opus
747 3252 880 3298 erat.
914 3243 972 3299 ld
1000 3243 1220 3299 omnino
1242 3242 1351 3313 jam
1377 3242 1492 3313 ipse
1520 3242 1666 3311 prior
1691 3241 1774 3297 fe-

192 3335 277 3400 eit,
301 3336 374 3389 ait
399 3334 697 3400 Possidius,
726 3335 851 3390 dum
879 3334 946 3390 de
976 3333 1343 3389 transmarinis
1368 3332 1434 3387 ad
1467 3332 1673 3403 propria
1694 3348 1782 3388 re-

194 3436 418 3481 measset
472 3426 805 3495 (Possidius,
845 3443 891 3480 c.
925 3425 1014 3497 5).
1063 3426 1191 3492 Quae
1230 3425 1524 3495 Augusﬁno
1562 3435 1779 3481 auctore

195 3519 476 3573 constituta
509 3519 683 3573 fuerat
708 3519 958 3573 dominici
984 3518 1165 3572 schola
1193 3517 1395 3572 servitii
1413 3519 1430 3588 (
1446 3516 1782 3571 Benedictum:

197 3607 314 3677 Reg.
349 3609 594 3679 prologo)
637 3609 817 3677 (liceat
869 3609 926 3662 Β.
968 3607 1239 3662 Benedicti
1269 3608 1336 3663 de
1369 3609 1665 3663 monastieo
1695 3610 1778 3663 in-

197 3700 373 3753 stituto
417 3700 691 3769 loquentis
722 3700 882 3754 verba
924 3698 1223 3769 usurpare),
1253 3713 1315 3754 ea
1358 3713 1487 3752 sane
1528 3700 1779 3769 magistro

199 3790 376 3844 eodem
407 3792 528 3860 ipso
553 3791 838 3846 utebatur:
867 3806 930 3845 ac
954 3792 1062 3845 suis
1084 3792 1197 3861 ipse
1226 3790 1402 3857 sociis,
1442 3791 1506 3844 iis
1531 3792 1777 3846 nitnirum

198 3881 279 3949 qui
304 3881 469 3935 simul
500 3896 625 3935 cum
660 3896 726 3936 eo
754 3883 1034 3936 servitium
1079 3893 1322 3937 sanetum
1373 3882 1595 3952 professi
1629 3891 1783 3937 erant

199 3972 217 4040 (
236 3972 414 4041 Ejusd.
462 3974 593 4044 Reg.
624 3990 740 4043 cap.
765 3974 842 4044 5),
875 3989 971 4029 ceu
999 3973 1123 4028 filiis
1166 3989 1195 4027 a
1238 3990 1297 4029 se
1323 3975 1377 4027 in
1405 3973 1618 4029 Christo
1655 3974 1778 4029 Jesu

196 4066 406 4133 genitis,
431 4067 551 4121 vice
589 4069 755 4136 patris
776 4075 910 4122 erat.
938 4068 1071 4121 Cum
1103 4067 1206 4121 illis
1234 4067 1476 4121 assiduus
1506 4068 1781 4123 excolebat

196 4168 384 4209 eorum
414 4158 636 4223 animos,
667 4167 722 4212 et
753 4157 1025 4212 imbuebat
1051 4158 1250 4212 sanctis
1278 4158 1467 4211 litteris
1487 4174 1549 4213 ac
1581 4159 1778 4213 doctri-

194 4249 308 4310 nis;
337 4247 514 4301 alebat
542 4249 612 4302 ad
644 4251 913 4319 pietatem,
935 4250 1344 4319 roborabatqne,
1369 4265 1474 4319 quo
1494 4251 1779 4320 aliquando

195 4338 411 4392 suismet
458 4339 530 4391 illi
571 4340 776 4393 viribus
807 4341 937 4394 citra
984 4340 1148 4409 ipsius
1187 4353 1342 4408 opem
1375 4347 1577 4394 starent
1614 4339 1665 4393 iu
1697 4356 1782 4395 se-

192 4442 357 4483 cessu.
385 4428 527 4483 Nam
572 4429 827 4499 ﬂagitanti
856 4430 1107 4484 Nebridio
1144 4438 1202 4483 ut
1231 4428 1295 4483 ad
1342 4444 1401 4484 se
1442 4430 1645 4485 veniret
1676 4447 1779 4486 una

193 4532 361 4573 mm
404 4520 671 4584 victurus,
713 4518 795 4574 his
825 4529 936 4573 tutu
986 4520 1167 4575 verbis
1214 4520 1623 4589 respondebat:
1676 4520 1777 4575 Hic

193 4618 316 4672 sunt,
344 4610 437 4679 qui
468 4625 563 4664 nec
586 4610 756 4663 venire
782 4626 975 4663 mecum
1000 4617 1201 4681 queant,
1230 4621 1277 4664 et
1297 4628 1419 4680 quos
1444 4611 1670 4666 deserere
1694 4630 1779 4667 ne-

191 4701 262 4769 fas
287 4711 489 4771 partem.
520 4701 603 4755 Tu
628 4703 759 4756 enim
780 4713 920 4774 potes
941 4712 985 4756 et
1005 4702 1143 4772 apud
1164 4711 1301 4756 tuam
1328 4712 1539 4757 mentem
1563 4706 1781 4759 suaviter

192 4792 416 4847 Wtare
434 4808 455 4856 ;
488 4794 527 4845 ii
569 4808 687 4847 vero
712 4803 764 4846 ut
794 4795 926 4847 idem
953 4795 1147 4865 possint
1180 4796 1428 4865 satagitur
1457 4795 1656 4867 (Epist.
1688 4798 1775 4865 10,

191 4899 237 4935 ι.
257 4886 331 4954 i).
347 4883 519 4939 Addit
537 4884 729 4939 etillud
749 4885 896 4951 alibi,
920 4899 979 4940 se
1003 4885 1070 4939 ab
1086 4886 1202 4955 ipso
1228 4887 1401 4956 primo
1416 4889 1777 4943 conversionis

191 4986 291 5029 sua
312 4985 588 5045 tempore,
610 4984 949 5046 posteaquam
967 4976 1017 5030 in
1032 4975 1267 5031 Africam
1282 4977 1447 5044 venit,
1470 4992 1589 5032 cum
1610 4978 1775 5034 inter-

190 5074 469 5135 rogaretur
496 5080 526 5120 a
559 5066 828 5133 fratribus,
844 5067 1055 5137 quando
1070 5082 1191 5122 eum
1205 5075 1478 5123 vacantem
1503 5068 1774 5137 videbant,

190 5171 440 5226 responsa
472 5157 559 5211 illa
590 5156 840 5222 dictasse,
862 5171 926 5212 ex
947 5156 1136 5227 quibus
1161 5159 1426 5229 octoginta
1446 5159 1601 5213 trium
1623 5160 1778 5229 Qua:-

192 5250 421 5304 stionum
452 5248 652 5304 librum
683 5250 789 5317 jam
821 5250 1100 5319 episcopus
1126 5249 1437 5305 conﬂaverit
1475 5248 1774 5324 (Retracto-

195 5342 385 5395 tionum
420 5342 514 5394 lib.
542 5342 598 5406 l,
628 5356 744 5409 cap.
782 5339 899 5412 26).
936 5339 1117 5396 Rebus
1142 5355 1352 5411 quoque
1392 5341 1601 5396 illorum
1632 5358 1779 5399 com-

191 5431 471 5501 modisque
498 5430 852 5486 consulebat:
886 5430 1113 5497 tametsi,
1155 5431 1417 5500 ejusmodi
1442 5448 1567 5487 cum
1593 5443 1647 5489 et
1670 5435 1781 5490 sol-

195 5520 467 5578 licitudine
483 5532 791 5592 exoptatum
817 5523 918 5577 sibi
939 5524 1102 5577 otium
1120 5524 1461 5579 adimeretur.
1481 5527 1613 5583 Hinc
1643 5529 1777 5585 forte

194 5611 471 5669 Nebridius
511 5630 634 5670 cum
684 5614 970 5686 aliquando
1016 5616 1307 5685 accepisset
1345 5618 1573 5673 amicum
1618 5636 1776 5677 suum

196 5708 417 5779 negotiis
466 5708 665 5767 civium
721 5708 1003 5781 impediri,
1046 5710 1330 5781 quominus
1371 5720 1548 5784 optata
1600 5714 1777 5783 quiete

1900 406 2188 476 frueretur,
2202 411 2503 481 epistolium
2532 413 2673 470 istud
2695 414 2761 471 ad
2780 429 2901 473 eum
2921 416 3097 475 misit:
3116 417 3262 475 Itane
3282 432 3376 490 est,
3404 424 3481 480 mi

1896 499 2193 569 Augustine,
2228 503 2573 572 fortitudinem
2601 522 2661 559 ac
2700 507 3018 563 tolerantiam
3051 512 3264 582 negotiis
3288 513 3473 569 civium

1897 601 2126 659 praestas,
2160 594 2373 647 necdum
2423 594 2512 649 tibi
2560 597 2786 651 redditur
2827 599 2920 653 illa
2966 610 3199 672 exoptata
3226 604 3434 657 cessatio
3454 606 3481 660 Γ

1898 681 2103 747 ρυωεο,
2131 684 2219 753 qui
2244 695 2290 738 te
2313 694 2416 738 tam
2441 686 2627 740 bonum
2660 689 2885 743 homines
2907 692 3269 760 interpellant?
3293 693 3475 759 Credo,

1894 772 1981 841 qui
2006 775 2233 827 nesciunt
2259 776 2382 845 quid
2406 793 2562 843 antes,
2586 779 2705 844 quid
2724 782 3066 851 concupiscas.
3103 780 3361 839 Nullusne
3389 784 3479 836 tibi

1893 872 1967 916 est
1994 866 2290 927 amicorum,
2322 867 2409 936 qui
2442 868 2512 922 eis
2540 886 2736 923 amores
2762 872 2948 941 referat
2973 872 3127 926 tuos?
3161 889 3251 926 nec
3281 872 3474 926 Roma—

1892 953 2097 1019 nianus,
2117 971 2206 1009 nec
2228 955 2537 1012 Lucinianus
2551 961 2576 1013 .9
2594 960 2678 1013 Me
2701 970 2831 1014 certe
2850 962 3060 1016 audiant
3079 979 3096 1016 :
3112 980 3202 1034 ego
3225 964 3469 1031 clamabo,

1893 1061 1981 1115 ego
2003 1046 2235 1111 testabor,
2264 1058 2310 1101 te
2346 1048 2511 1103 Deum
2535 1068 2725 1118 amare,
2750 1052 2827 1106 illi
2849 1056 3037 1108 servire
3056 1064 3202 1125 atque
3230 1057 3474 1111 inhwrere

1891 1152 2093 1205 cupere.
2132 1136 2321 1192 Vellem
2340 1156 2430 1210 ego
2460 1150 2507 1194 te
2548 1142 2600 1195 in
2625 1158 2711 1195 rus
2738 1159 2902 1196 meum
2945 1159 3139 1209 vocare,
3184 1146 3349 1215 ibique
3387 1163 3474 1200 ac-

1889 1227 2156 1295 quiescere.
2204 1226 2325 1281 Non
2354 1230 2485 1283 enim
2528 1232 2707 1285 timebo
2750 1249 2831 1286 me
2856 1236 3165 1287 seductorem
3196 1236 3269 1289 tui
3304 1236 3406 1290 dici
3441 1253 3474 1289 a

1888 1317 2076 1372 civibus
2105 1318 2222 1383 tuis,
2267 1335 2390 1389 quos
2437 1320 2648 1375 nimium
2687 1339 2849 1389 antas,
2896 1332 2944 1377 et
2986 1341 3018 1377 a
3046 1324 3224 1394 quibus
3263 1327 3472 1380 nimium

1888 1410 2074 1463 amaris
2099 1408 2297 1480 (Epist.
2329 1410 2405 1479 5).
2433 1411 2637 1481 Quippe
2668 1428 2771 1467 non
2790 1429 3247 1485 quorumcumque
3274 1416 3471 1470 civium

1888 1502 2095 1571 negotia
2140 1503 2456 1571 procumbat
2488 1504 2577 1557 Vir
2605 1505 2712 1561 Deo
2740 1506 2945 1562 deditus
2965 1548 2979 1570 ,
3022 1508 3116 1562 sed
3139 1524 3323 1564 eormn
3355 1519 3473 1565 tan-

1890 1592 2163 1645 tummodo
2205 1593 2295 1662 qui
2338 1608 2399 1647 se
2453 1594 2504 1647 in
2550 1594 2667 1663 ejus
2721 1595 3052 1667 disciplinam
3105 1599 3467 1665 tradidissent,

1886 1698 2111 1752 quorum
2155 1685 2561 1740 necessitatibus
2588 1688 2832 1757 occupari
2862 1697 2916 1743 et
2943 1689 3141 1744 servire
3170 1690 3466 1745 tenebatur.

1885 1773 2195 1845 Quanquam
2226 1775 2369 1831 credi
2397 1777 2583 1846 possit,
2612 1777 2782 1847 ipsum
2809 1793 2907 1834 suo
2944 1780 3103 1833 etiam
3138 1780 3191 1834 in
3228 1795 3466 1850 secessu,

1884 1881 2006 1922 cum
2052 1868 2271 1921 nimium
2309 1867 2397 1925 ille
2428 1878 2479 1922 et
2530 1886 2558 1921 a
2602 1869 2804 1924 civibus
2853 1870 2964 1924 suis
2992 1879 3279 1937 amaretur,
3321 1882 3373 1927 et
3403 1886 3469 1928 ex

1884 1972 2039 2028 mqno
2066 1958 2208 2013 cives
2229 1973 2354 2013 suos
2378 1958 2699 2026 redamaret,
2730 1961 3030 2028 suscepisse
3074 1961 3339 2016 interdum
3367 1976 3467 2017 cu-

1884 2065 1996 2103 ram
2023 2051 2322 2120 graviorum
2351 2053 2836 2123 negotiorum,qn:e
2860 2054 2927 2107 ab
2957 2053 3021 2108 iis
3049 2054 3114 2108 ad
3143 2054 3313 2124 ipsum
3343 2069 3466 2125 per-

1882 2139 2209 2196 ferebantur.
2238 2143 2502 2197 Caeterum
2528 2145 2579 2197 in
2608 2158 2702 2198 sua
2731 2146 2985 2201 societate
3008 2146 3151 2201 cives
3180 2147 3317 2201 inter
3335 2147 3471 2202 alios

1884 2234 2068 2289 habuit
2093 2236 2159 2290 ab
2189 2237 2337 2290 initio
2366 2238 2609 2308 Alypium
2639 2248 2695 2293 et
2724 2239 3002 2305 Evodium,
3026 2249 3204 2310 atque,
3232 2251 3291 2295 ut
3315 2241 3467 2297 vide-

1884 2333 1984 2390 tur,
2015 2325 2271 2381 Severum
2293 2328 2797 2398 episcopum‘postea
2826 2328 3205 2393 Milevitanum,
3234 2345 3463 2401 quocum

1882 2413 1971 2468 diu
2001 2414 2306 2470 meditatum
2338 2432 2394 2472 se
2415 2414 2577 2472 fuisse
2599 2418 2819 2472 verbum
2846 2419 2960 2485 Dei,
2991 2420 3301 2476 recordatur
3326 2422 3430 2477 seri
3454 2450 3463 2459 ο

1881 2506 2014 2562 bens
2039 2507 2105 2561 ad
2130 2507 2387 2563 Novatum
2420 2509 2625 2581 (Epist.
2649 2510 2738 2575 84,
2769 2528 2822 2565 η.
2856 2512 2930 2582 l).

1952 2598 2007 2652 3.
2040 2597 2325 2654 Nebridius
2350 2599 2661 2655 Mediolano.
2674 2601 2785 2670 jam
2825 2616 3101 2669 reversus,
3130 2614 3189 2659 ut
3216 2619 3280 2660 ex
3306 2620 3467 2676 supe-

1881 2688 2009 2744 riori
2031 2689 2274 2758 epistolio
2296 2690 2625 2762 intelligitur,
2649 2702 2762 2747 erat
2780 2704 2904 2749 tunc
2925 2696 3179 2766 temporis
3197 2697 3247 2750 in
3269 2696 3465 2753 Africa.

1883 2778 1957 2835 lbi
2002 2779 2320 2851 Carthagine
2356 2782 2440 2836 vel
2484 2783 2535 2837 in
2564 2784 2767 2853 prmdio
2812 2785 2929 2840 urbi
2972 2787 3214 2855 proximo
3246 2786 3470 2857 degebat

1884 2886 2005 2928 cum
2032 2882 2203 2929 matre
2218 2882 2435 2945 totaque
2462 2875 2623 2930 domo
2651 2876 2843 2947 (Epist.
2867 2878 3120 2950 10,».1),
3146 2895 3303 2950 quam
3332 2881 3468 2937 Deus

1883 2963 2023 3020 illius
2053 2965 2349 3020 ministerio
2376 2966 2442 3020 ad
2465 2966 2621 3022 {idem
2639 2969 2856 3023 adduxit
2883 2968 3131 3040 (Confess.
3157 2972 3241 3025 lib.
3264 2972 3318 3039 9,
3348 2988 3465 3043 cap.

1883 3055 1937 3123 5,
1965 3073 2019 3112 η.
2050 3055 2131 3128 6).
2173 3059 2250 3113 Ac
2277 3058 2388 3128 ipse
2413 3059 2624 3129 quidem
2655 3060 2792 3130 apud
2821 3077 2945 3117 suos
2971 3079 3033 3117 ex
3052 3079 3155 3133 quo
3175 3064 3470 3132 baptizatus

1883 3154 1997 3213 est,
2030 3147 2083 3201 in
2113 3148 2360 3203 castitate
2392 3148 2627 3219 perfecta
2656 3158 2819 3220 atque.
2861 3155 3185 3208 continentia
3216 3155 3324 3210 Deo
3350 3161 3474 3211 ser-‘

1884 3239 2036 3293 vivit.
2065 3240 2198 3294 Cum
2229 3240 2389 3310 igitur
2415 3240 2515 3296 hoc
2538 3251 2694 3311 pacto
2727 3244 2907 3312 procul
2928 3243 2997 3298 ab
3021 3246 3191 3301 amico
3232 3246 3465 3312 abesset,

1884 3343 2050 3399 seque
2080 3328 2387 3399 frequenter
2412 3330 2641 3386 invisere
2667 3348 2771 3386 non
2792 3343 3027 3402 possent,
3060 3345 3242 3390 mutuo
3266 3337 3467 3405 episto-

1884 3418 2055 3473 larum
2085 3420 2411 3474 commercio
2437 3434 2617 3475 secum
2647 3422 2868 3477 invicem
2886 3423 3339 3494 colloquebantur.
3363 3425 3469 3481 Ne-

1890 3508 2096 3563 bridius
2140 3508 2352 3579 quidem
2386 3526 2575 3580 magna
2617 3520 2671 3566 et
2699 3511 2930 3567 difficilia
2963 3528 3263 3583 proponens
3291 3518 3469 3586 Augu-

1884 3600 2047 3668 stino,
2081 3602 2179 3655 iste
2201 3609 2375 3655 autem
2401 3602 2542 3656 illius
2568 3602 2735 3657 nodos
2760 3618 2854 3673 per
2869 3604 3120 3675 epistolas
3135 3605 3463 3662 dissolvens:

1885 3708 2027 3761 quas,
2047 3693 2121 3746 ait
2136 3692 2436 3760 Nebridius,
2461 3694 2711 3765 perplacet
2733 3695 2802 3747 ita
2818 3711 3031 3761 servare,
3047 3705 3103 3749 ut
3118 3697 3289 3750 oculos
3309 3714 3463 3752 meos.

1887 3782 2020 3839 Sunt
2046 3785 2177 3838 enim
2207 3801 2422 3856 magnw,
2454 3802 2553 3839 non
2574 3787 2870 3855 quantitate,
2901 3787 2989 3842 sed
3008 3790 3172 3853 rebus,
3191 3800 3237 3843 et
3258 3806 3468 3861 magna-

1885 3892 1999 3929 rum
2041 3891 2214 3929 rcrum
2261 3893 2472 3948 magnas
2514 3879 2767 3930 continent
2805 3878 3137 3950 probationes.
3188 3877 3306 3933 Illa:
3344 3883 3471 3935 mitti

1887 3968 2161 4033 Christum,
2179 3969 2285 4023 illa:
2302 3967 2585 4029 Platonem.
2609 3968 2713 4022 illa:
2730 3967 2990 4021 Plotinum
3010 3970 3275 4023 sonabunt.
3310 3970 3471 4025 Erunt

1884 4062 2039 4132 igitur
2058 4061 2201 4123 mihi,
2231 4073 2277 4115 et
2295 4060 2362 4112 ad
2380 4060 2685 4113 audiendum
2708 4069 2912 4131 propter
2932 4062 3259 4131 eloquentiam
3277 4062 3467 4127 dulces,

1884 4162 1931 4205 et
1960 4151 2027 4203 ad
2058 4150 2322 4221 legendum
2354 4160 2559 4219 propter
2591 4150 2876 4202 brevitatem
2916 4151 3117 4218 faciles,
3149 4162 3195 4204 et
3225 4153 3293 4205 ad
3319 4154 3471 4206 intel-

1888 4243 2143 4315 ligendum
2175 4253 2379 4314 prapter
2404 4242 2702 4312 sapientiam
2729 4241 2952 4296 salubres
2997 4242 3185 4314 (Epist.
3215 4244 3275 4310 6,
3305 4262 3359 4299 η.
3390 4245 3467 4315 1).

1888 4334 1943 4389 lu
1976 4334 2202 4404 quadam
2230 4334 2296 4387 ad
2344 4348 2463 4386 enm
2509 4333 2730 4401 epistola
2761 4333 3047 4388 observare
3075 4344 3155 4389 est
3177 4376 3191 4401 ,
3238 4335 3472 4390 Platonis

1888 4425 2346 4480 reminiscentiam
2376 4423 2761 4477 nobilissimum
2787 4424 3053 4477 inventum
3081 4424 3147 4477 ab
3178 4425 3471 4495 Augustino

1887 4516 2181 4585 nuncupari
2208 4557 2221 4581 ,
2255 4530 2483 4585 eumque
2510 4515 2675 4569 videri
2697 4530 2939 4569 asserere
2965 4516 3110 4571 velut
3138 4533 3201 4571 ex
3227 4532 3320 4571 sua
3347 4533 3471 4574 seu-

1890 4608 2053 4662 tentia
2074 4647 2090 4673 ,
2130 4606 2256 4660 olim
2284 4606 2511 4659 animam
2541 4621 2723 4660 verum
2755 4602 3049 4677 inspexisse
3068 4650 3084 4675 ,
3132 4624 3161 4663 a
3188 4624 3294 4678 quo
3322 4610 3468 4665 unita

1888 4696 2104 4766 corpori
2144 4712 2265 4751 sese
2307 4696 2621 4765 disjunxerit
2648 4696 2845 4768 (Epist.
2878 4698 2943 4763 7,
2975 4715 3028 4751 n.
3054 4698 3147 4770 2).
3191 4699 3469 4770 Quidpiant

1884 4789 2059 4844 simile
2099 4788 2332 4858 reperire
2369 4797 2451 4843 est
2484 4790 2539 4842 in
2576 4788 2786 4859 dialogo
2828 4790 2895 4845 de
2938 4790 3241 4859 Quantitate
3278 4794 3469 4847 animae

1888 4882 1990 4956 (De
2018 4882 2208 4948 Quant.
2231 4882 2434 4949 animas,
2466 4883 2646 4954 n.54),
2678 4884 2800 4938 licet
2826 4884 2954 4939 illud
2983 4888 3032 4938 in
3062 4886 3171 4940 suis
3198 4885 3470 4939 Retracta-

1888 4977 2089 5030 tionum
2122 4975 2267 5030 libris
2293 4976 2474 5030 sanius
2504 4974 2901 5045 interpretetur.
2946 4976 3050 5032 Sed
3074 4977 3265 5031 mirum
3299 4975 3466 5032 videri

1887 5083 1993 5122 non
2020 5066 2214 5134 debet,
2251 5066 2295 5121 si
2327 5068 2652 5135 Augustinus
2681 5083 2811 5137 quas
2836 5084 2865 5122 c
2888 5068 3319 5138 pltiloSOphorum
3345 5067 3465 5125 fon-

1890 5159 2029 5214 tibus
2078 5157 2357 5228 opiniones
2402 5156 2692 5223 hauserat,
2751 5174 2855 5212 non
2898 5157 3148 5213 continuo
3190 5159 3465 5229 abjeeerit.

1885 5249 2115 5321 lpscmet
2150 5251 2376 5315 asserit,
2422 5265 2542 5305 eum
2587 5250 2676 5320 qui
2723 5264 2883 5320 Opera
2925 5249 3089 5320 ipsius
3135 5250 3320 5307 ordine
3361 5267 3468 5323 quo

1885 5345 2082 5413 scripta
2106 5351 2228 5397 sunt
2256 5341 2475 5411 legerit,
2504 5342 2656 5396 facile
2683 5340 3172 5397 animadversurum
3201 5344 3469 5414 quomodo

1886 5435 2177 5491 scribendo
2206 5434 2487 5506 profecerit
2526 5433 2771 5504 (ltetract.
2792 5435 3019 5506 prologo,
3053 5451 3102 5489 η.
3128 5434 3205 5506 3).
3241 5436 3469 5489 Plurima

1884 5543 2099 5599 quoque
2126 5528 2269 5581 nullo
2301 5526 2514 5595 negotio
2541 5525 2909 5595 deprehendes
2937 5528 2985 5580 in
3030 5528 3292 5597 prioribus
3329 5527 3469 5583 illius

1887 5621 2141 5691 operibus
2161 5662 2175 5685 ,
2204 5636 2323 5689 qua:
2354 5620 2466 5688 ipse
2494 5619 2543 5672 in
2582 5620 2963 5688 posterioribus
2990 5622 3369 5676 emendaverit.
3410 5620 3467 5675 lu

1884 5716 2022 5771 hanc
2049 5728 2162 5771 rem
2205 5712 2460 5770 adnotare
2494 5712 2646 5785 licet,
2691 5729 2813 5772 cum
2847 5715 2900 5771 in
2928 5714 3336 5773 Millenariorum
3366 5714 3466 5769 ali-
