3994 6352
512 280 617 341 16⁵5

509 398 725 473 quando
767 395 933 454 fuisse
968 391 1262 457 sententia;
1306 403 1373 447 eo
1402 396 1579 447 tamen
1620 387 1816 455 modo,
1858 400 1964 457 quo
1988 385 2091 439 ista

515 494 697 564 opinio
724 498 1012 559 utcumque
1042 483 1252 541 tolerari
1277 486 1493 552 posset,
1521 481 1623 535 hoc
1656 488 1740 534 est
1758 520 1773 546 ,
1804 478 1846 532 si
1880 475 2092 531 nonnisi

516 582 822 655 spirituales
851 577 1057 635 delicia:
1094 576 1150 630 in
1186 575 1288 629 hoc
1313 572 1459 627 mille
1486 585 1745 625 annorum
1772 582 1939 637 regno
1969 581 2095 620 sano

517 674 617 729 etis
645 672 906 727 adfutura:
925 666 1267 723 crederentur
1286 662 1477 734 (Serm.
1493 661 1618 726 259,
1646 660 1774 723 n.2;
1801 659 1863 712 de
1888 658 2097 713 Civitati:

518 762 636 830 Dei,
666 760 753 816 lib.
778 760 870 825 20,
897 774 1010 826 cap.
1031 754 1106 827 7).
1125 753 1276 821 Quod
1297 752 1361 806 ad
1375 750 1606 805 Nebridii
1627 749 1848 818 qumsita
1869 753 2093 817 spectat,

519 854 642 923 quia
669 867 773 906 non
800 849 977 905 omnia
997 846 1066 902 de
1092 845 1254 901 rebus
1270 842 1461 898 divinis
1486 849 1657 905 erant,
1688 839 1871 895 scribit
1890 837 1958 892 ad
1973 852 2097 892 eum

522 944 847 1014 Augustinus
870 982 884 1005 ,
918 939 1004 993 illa
1029 952 1146 1007 quae
1172 936 1240 991 de
1266 936 1365 989 hoc
1392 931 1590 987 mundo
1618 940 1927 1001 qumruntur
1946 971 1962 995 ,
1998 943 2097 984 nec

518 1036 649 1091 satis
672 1034 738 1089 ad
754 1034 961 1087 beatam
975 1030 1133 1084 vitam
1150 1023 1487 1081 obtinendam
1507 1023 1606 1077 sibi
1625 1022 1788 1076 videri
1803 1022 2096 1091 pertinere;

527 1140 591 1181 ac
622 1125 667 1180 si
707 1122 902 1192 aliquid
941 1119 1166 1174 aﬂ'erunt
1208 1113 1491 1183 voluptatis
1526 1128 1647 1167 cum
1694 1111 2096 1181 investigantur,

521 1214 865 1274 metuendum
904 1226 1020 1268 esse
1046 1218 1217 1262 tamen
1243 1247 1257 1272 ,
1297 1220 1363 1259 ne
1395 1210 1654 1273 occupent
1689 1212 1896 1271 tempus
1937 1199 2101 1254 rebus

522 1304 931 1377 impendendum
963 1298 1287 1355 melioribus.
1317 1293 1517 1353 Idcirco
1543 1302 1763 1347 caeteras
1791 1292 1930 1345 inter
1949 1304 2099 1359 qua:-

522 1397 741 1459 stiones,
766 1408 883 1464 qum
905 1388 1256 1446 dissolvendze
1280 1392 1612 1454 supererant,
1640 1398 1759 1438 eam
1781 1398 1900 1452 quae
1921 1381 1988 1436 de
2016 1381 2102 1435 ln-

523 1485 846 1543 carnationis
868 1480 1121 1551 mysterio
1139 1476 1405 1546 proposita
1427 1483 1563 1539 crat,
1592 1473 1787 1542 scligit,
1809 1483 1869 1525 ut
1884 1478 2103 1525 conetur

524 1588 790 1644 exponere
805 1586 909 1641 quo
929 1577 1102 1639 pacto,
1120 1583 1240 1621 cum
1264 1566 1420 1619 trium
1442 1564 1741 1619 divinarum
1758 1576 2103 1632 personarum

528 1666 764 1720 actiones
782 1660 1019 1715 indivisa:
1039 1658 1162 1721 sint,
1183 1668 1365 1710 nostra
1385 1662 1560 1731 tamen
1578 1653 1829 1724 mysteria
1850 1660 1904 1707 et
1918 1653 2105 1721 religio

522 1770 625 1824 qua
648 1753 831 1817 imbuti
859 1764 1042 1805 sumus
1062 1790 1075 1813 ,
1107 1748 1352 1803 humana:
1372 1753 1573 1798 naturae
1594 1742 1985 1812 susceptionem
2014 1741 2104 1796 uni

522 1847 660 1902 Filio
680 1843 969 1913 attribuant
1000 1839 1189 1912 (Epist.
1213 1837 1323 1908 11).
1357 1837 1436 1891 Ex
1463 1851 1565 1905 qua
1580 1835 1872 1904 qumstione
1899 1833 2107 1887 videtur

521 1943 670 1990 certo
692 1932 865 2003 colligi
897 1945 1071 2000 posse,
1097 1928 1206 1998 jam
1228 1927 1547 1995 baptizatum
1580 1924 1745 1979 fuisse
1772 1923 2100 1978 Nebridium.

526 2025 678 2081 Hunc
703 2024 971 2092 aliquanto
999 2028 1123 2074 ante
1152 2018 1573 2088 presbyteratum
1594 2014 1907 2084 Augustini,
1933 2029 2107 2084 neque

524 2117 577 2172 in
598 2117 750 2184 hujus
769 2113 1109 2175 monasterio,
1133 2110 1226 2164 sed
1238 2108 1381 2163 domi
1403 2122 1515 2161 sua:
1534 2106 1675 2161 diem
1692 2106 1908 2172 obiisse,
1924 2114 2107 2174 aperte

524 2206 784 2277 signiﬁcat
812 2205 951 2259 idem
980 2203 1093 2271 ipse
1120 2200 1466 2269 Augustinus,
1498 2197 1548 2251 in
1579 2197 1683 2253 hoc
1711 2197 1865 2251 amici
1886 2196 2106 2251 demor-

526 2298 602 2351 tui
630 2294 888 2365 pernobili
913 2291 1084 2361 elogio
1111 2306 1125 2343 :
1161 2288 1356 2354 Quem,
1386 2288 1492 2351 ait,
1520 2302 1621 2340 non
1650 2286 1809 2339 multo
1847 2295 1960 2354 post
1984 2302 2108 2339 con-

523 2386 798 2440 versionem
842 2391 1066 2436 nostram
1108 2388 1155 2433 et
1199 2379 1621 2449 regenerationem
1664 2393 1753 2446 per
1794 2376 2108 2447 Baptismum

523 2484 685 2541 tuum,
702 2475 868 2543 ipsum
888 2474 1037 2526 etiam
1060 2471 1259 2540 ﬁdelem
1285 2469 1607 2533 catholicum,
1638 2468 1867 2522 castitate
1891 2472 2109 2539 perfecta

520 2576 672 2638 atque
702 2564 1007 2619 continentia
1047 2561 1134 2616 tibi
1172 2561 1461 2615 servientem
1500 2561 1552 2613 in
1589 2559 1766 2629 Africa
1802 2560 1941 2631 apud
1968 2577 2105 2629 suos,

520 2674 636 2713 cum
660 2667 764 2711 tota
784 2656 959 2710 domus
973 2656 1083 2726 ejus
1103 2670 1191 2725 per
1209 2669 1321 2706 eum
1341 2652 1617 2706 christiana
1634 2655 1768 2721 facta
1782 2661 1928 2718 esset,
1960 2668 2110 2706 carne

519 2750 741 2815 solvisti;
782 2757 827 2803 et
868 2764 1001 2801 nunc
1024 2747 1112 2801 ille
1142 2746 1258 2800 vivit
1295 2745 1349 2797 in
1382 2745 1497 2797 sinu
1536 2743 1810 2796 Abraham.
1844 2743 2106 2814 Quidquid

520 2840 651 2895 illud
679 2848 771 2905 est,
793 2840 927 2909 quod
946 2837 1035 2892 illo
1064 2836 1379 2907 signiﬁcatur
1403 2834 1516 2888 sinu
1534 2874 1548 2899 ,
1578 2833 1645 2890 ibi
1674 2833 1943 2887 Nebridius
1970 2851 2109 2889 meus

522 2931 659 2995 vivit,
689 2928 853 2983 dulcis
888 2928 1077 2981 amicus
1103 2942 1261 2990 meus,
1292 2935 1403 2978 tuus
1425 2933 1613 2990 autent,
1642 2922 1876 2989 Domine,
1905 2925 2106 2995 adapti-

521 3036 612 3076 vus
640 3037 702 3075 ex
727 3021 900 3074 liberto
928 3019 1086 3088 ﬁlius,
1113 3018 1182 3071 ibi
1202 3017 1336 3071 vivit.
1366 3014 1505 3069 Nam
1528 3016 1637 3084 quis
1662 3016 1791 3070 alius
1817 3017 1908 3069 tali
1927 3016 2112 3071 animt:

524 3113 664 3167 locus
680 3113 706 3167 7
731 3110 758 3165 1
766 3113 813 3166 bi
841 3112 990 3177 vivit,
1020 3108 1155 3163 unde
1178 3124 1256 3163 me
1270 3107 1426 3161 ntulta
1447 3107 1788 3179 interrogabat
1808 3106 2106 3161 homuncio-

522 3217 635 3256 nem
654 3202 986 3271 inexpertum.
1012 3197 1134 3252 Iam
1155 3213 1257 3252 non
1286 3196 1426 3267 ponit
1443 3212 1619 3250 aurem
1639 3196 1708 3249 ad
1727 3213 1782 3250 os
1808 3213 1991 3262 meum,
2020 3198 2109 3252 sed

520 3293 783 3365 spirituale
807 3309 862 3346 os
886 3292 953 3345 ad
980 3295 1167 3364 fontem
1192 3298 1370 3353 tuum;
1406 3296 1453 3342 et
1477 3288 1618 3353 bibit,
1654 3297 1896 3353 quantum
1927 3296 2105 3357 potest,

520 3383 819 3453 sapientiam
843 3398 934 3452 pro
961 3380 1197 3434 aviditate
1220 3395 1316 3433 sua
1335 3379 1443 3432 sine
1462 3378 1563 3447 ﬁne
1583 3379 1723 3450 felix.
1769 3376 1878 3432 Nec
1900 3379 1972 3433 sic
1994 3394 2109 3432 eum

522 3474 737 3527 arbitror
774 3472 1013 3528 inebriari
1038 3487 1100 3525 ex
1123 3486 1213 3536 ea,
1257 3479 1312 3523 ut
1338 3469 1659 3524 obliviscatur
1699 3470 1833 3534 mei;
1879 3487 1995 3523 cum
2030 3480 2106 3536 tu,

522 3562 773 3627 Domine,
802 3579 947 3633 quem
980 3569 1119 3633 potat
1146 3561 1264 3627 ille,
1314 3560 1472 3614 nostri
1513 3560 1582 3614 sis
1617 3576 1805 3615 memor
1849 3560 2105 3632 (Confess.

521 3652 609 3706 lib.
641 3652 694 3722 9,
726 3669 839 3724 cap.
870 3653 923 3718 5,
950 3669 1003 3705 n.
1035 3650 1122 3721 6).

868 3746 877 3751 ·
1157 3739 1388 3795 CAPUT
1429 3738 1518 3795 Ill.
1994 3808 1997 3811 ν

524 3833 552 3888 1
582 3833 762 3887 Libros
784 3833 846 3886 de
869 3831 1048 3887 Genesi
1077 3841 1251 3885 contra
1274 3830 1586 3885 Manichazos
1612 3830 1896 3886 conscribit.
1943 3830 1979 3885 2
2004 3832 2108 3885 Ab-

592 3926 738 3981 solvit
766 3942 857 3980 sex
886 3925 1036 3981 libros
1072 3925 1135 3979 de
1157 3924 1372 3979 .ilusica.
1415 3925 1449 3980 5
1472 3922 1747 3996 Dialogum
1774 3926 1836 3980 de
1862 3926 2109 3997 Magistro

595 4016 717 4069 edit.
757 4016 791 4070 4
817 4015 1010 4069 Deinde
1044 4015 1228 4068 librum
1258 4014 1321 4068 de
1358 4013 1484 4068 Vera
1523 4014 1805 4085 Religione.
1851 4016 1885 4071 5
1922 4015 2109 4069 Scribit

597 4108 665 4162 ad
692 4106 974 4161 Maximum
1009 4106 1416 4161 Madaurensem.
1447 4106 1479 4162 6
1504 4105 1583 4159 Ad
1604 4104 1942 4159 leestinum.
1972 4106 2003 4160 7
2029 4106 2108 4161 Ad

599 4198 802 4253 Gaium.
833 4196 867 4253 8
889 4197 953 4251 Et
978 4198 1045 4250 ad
1074 4198 1404 4252 Antoninum.

597 4292 652 4346 1.
680 4291 797 4346 Non
814 4305 878 4346 eo
904 4290 1006 4345 ﬁne
1034 4305 1092 4345 se
1121 4289 1464 4345 szecularibus
1485 4289 1631 4344 curis
1655 4297 1711 4344 et
1749 4288 2109 4358 occupationi-

525 4382 627 4443 bus
668 4380 992 4437 subduxerat
1018 4381 1367 4450 Augustinus,
1410 4389 1470 4435 ut
1513 4380 1564 4433 in
1607 4393 1820 4434 secessu
1858 4379 2107 4451 deinceps

528 4473 670 4528 inani
693 4488 757 4529 ac
783 4473 949 4527 sterili
977 4473 1085 4526 otio
1115 4470 1399 4527 frueretur.
1449 4471 1710 4540 Quocirca
1736 4486 1840 4526 non
1868 4486 2105 4541 praisen‘

534 4565 675 4620 tibus
696 4564 876 4632 modo,
906 4564 1063 4619 sociis
1088 4564 1331 4618 videlicet
1356 4565 1484 4629 suis,
1513 4563 1609 4619 sed
1638 4564 1947 4620 absentibus
1970 4580 2107 4634 quo-

534 4671 639 4727 que
661 4671 726 4710 ac
748 4656 945 4710 exteris
965 4697 979 4721 ,
1005 4655 1257 4724 prodesse
1283 4656 1523 4723 studuit,
1552 4655 1786 4722 tradens,
1813 4665 1950 4711 teste
1979 4656 2110 4711 Pos-

526 4746 685 4809 sidio,
717 4762 817 4818 qua
848 4746 1017 4814 libris,
1040 4762 1140 4817 qua
1162 4748 1532 4815 sermonibus,
1561 4763 1680 4818 qum
1709 4749 1806 4818 ipsi
1829 4748 2107 4804 meditanti

525 4850 581 4896 et
620 4841 792 4896 oranti
830 4849 1068 4895 essenta
1096 4840 1205 4894 Deo
1256 4840 1483 4894 revelata
1526 4839 1864 4909 (Possidius,
1898 4841 1951 4894 in
1997 4840 2107 4894 Vita

526 4931 764 5005 August.,
795 4922 841 4985 ὁ.
868 4932 949 5003 5).
991 4931 1212 4985 Exstant
1248 4932 1535 4986 etiamnum
1564 4932 1867 4986 earumdem
1897 4948 2104 4987 sermo-

526 5038 671 5090 num,
702 5038 834 5094 quos
854 5038 975 5077 cum
1004 5023 1115 5077 suis
1140 5021 1341 5087 habuit,
1369 5021 1609 5092 quaedam
1632 5023 1848 5091 vestigia
1870 5022 1921 5076 in
1948 5038 2104 5093 supra

527 5122 823 5168 memorato
873 5112 1140 5167 volumine
1191 5113 1458 5185 octoginta
1511 5112 1669 5165 trium
1717 5112 2100 5179 Qumstionum.

525 5201 680 5270 Quod
707 5204 771 5257 ad
798 5204 962 5259 libros
991 5213 1116 5258 tunc
1143 5204 1210 5257 ab
1233 5204 1347 5272 ipso
1367 5202 1670 5257 lucubratos
1690 5203 1894 5268 attinet,
1919 5220 2105 5260 recen-

524 5305 608 5352 set
650 5296 702 5351 in
750 5296 861 5351 suis
900 5295 1382 5351 Relractationibus
1428 5294 1562 5349 duos
1606 5294 1770 5349 libros
1808 5294 1875 5349 de
1911 5295 2100 5351 Genesi

522 5396 707 5441 contra
735 5386 1050 5442 Manichtcos
1073 5429 1088 5452 ,
1117 5402 1209 5441 sex
1244 5386 1408 5440 libros
1437 5384 1505 5438 de
1531 5384 1763 5452 Musica,
1799 5386 1988 5440 librum
2015 5388 2101 5457 qui

525 5476 812 5546 inscriptus
837 5485 919 5532 est
946 5476 1015 5532 de
1052 5476 1297 5546 Magistro
1321 5515 1337 5543 ,
1382 5482 1438 5529 et
1476 5475 1667 5529 librum
1707 5475 1774 5531 de
1799 5476 1936 5531 Vera
1961 5477 2103 5533 Reli-

522 5568 700 5637 gione.
751 5568 921 5623 Libris
947 5583 1080 5639 quos
1107 5568 1175 5623 de
1211 5565 1403 5621 Genesi
1432 5565 1680 5636 scripsit,
1726 5566 1889 5623 Vetus
1916 5568 2102 5623 Testa-

523 5665 761 5714 mentum
776 5658 844 5713 ab
863 5658 1062 5715 insanis
1087 5656 1496 5713 Manichaeorum
1522 5656 1803 5713 calumniis
1829 5660 2099 5716 vindicare

1647 269 1801 327 VlTA
1832 267 1891 327 S.
1929 263 2301 325 AUGUSTINI
2337 261 2667 323 EPISCOPI.

3677 267 3783 328 ωι

2198 396 2439 450 exorsus,
2470 382 2655 451 priore
2681 381 2897 454 quidem
2924 382 3130 438 initium
3158 370 3431 439 Geneseos
3466 386 3688 454 exponit
3712 387 3781 441 ad

2198 484 2323 528 eum
2344 488 2513 543 usque
2533 474 2731 539 locum,
2758 475 2929 544 inquo
2952 475 3089 530 Deus
3107 474 3197 530 die
3216 475 3444 545 septimo
3460 475 3783 543 requievisse

2198 562 2410 618 dicitur.
2438 564 2493 617 lu
2525 565 2815 633 posteriore
2834 580 2962 619 vero
2981 564 3221 619 eamdem
3249 566 3591 635 prosequitur
3614 581 3783 635 exp0¢

2199 655 2445 709 sitionem
2472 670 2640 724 usque
2665 654 2729 709 ad
2752 655 2947 720 locum,
2971 655 3025 709 in
3054 670 3159 725 quo
3184 656 3348 710 Adam
3376 665 3432 711 et
3454 657 3646 712 mulier
3669 657 3792 727 ejus

2199 748 2266 801 de
2304 746 2545 816 paradiso
2584 745 2785 802 dimissi
2827 762 2946 801 esse
2987 756 3288 801 narrantur.
3332 747 3531 803 Deinde
3574 750 3627 802 in
3657 749 3780 805 libri

2202 837 2309 891 line
2334 836 2609 891 erroribus
2637 836 3044 892 Manichaeorum
3070 837 3346 891 catholicae
3372 838 3608 893 veritatis
3629 838 3789 895 (idem

2201 927 2431 981 dilucide
2460 935 2513 981 et
2556 926 2936 995 compendiose
2964 928 3201 996 opponit.
3248 928 3305 980 In
3336 927 3435 982 hac
3456 929 3795 998 expositione

2202 1018 2541 1087 allegoricum
2585 1017 2950 1071 tantummodo
2990 1033 3206 1071 sensum
3251 1001 3464 1073 secutus
3505 1028 3588 1074 est
3615 1038 3629 1073 :
3661 1020 3790 1074 Non

2204 1124 2388 1172 ausus,
2417 1108 2619 1178 inquit,
2653 1107 2963 1161 naturalium
3001 1124 3171 1161 rerum
3212 1117 3353 1161 tanta
3389 1117 3579 1162 secreta
3603 1109 3671 1162 ad
3706 1110 3793 1162 lit-

2206 1208 2363 1251 teram
2390 1215 2635 1267 exponere
2658 1213 2676 1261 ;
2704 1199 2796 1251 hoc
2824 1207 2919 1263 est,
2946 1199 3369 1268 quemadmodum
3390 1207 3591 1269 possent
3613 1216 3795 1255 secun-

2207 1289 2327 1341 dum
2356 1287 2643 1340 historicum
2671 1288 3043 1356 proprietatem,
3065 1302 3177 1355 qua:
3203 1287 3270 1341 ibi
3300 1288 3434 1340 dicta
3457 1297 3605 1354 sunt,
3628 1289 3796 1359 accipi

2206 1376 2469 1447 (Retract.
2502 1376 2590 1431 lib.
2618 1378 2642 1431 1
2670 1418 2685 1442 ,
2719 1394 2832 1447 cap.
2867 1376 2931 1431 l8
2952 1378 2989 1446 ).
3041 1377 3115 1431 De
3161 1377 3244 1431 his
3284 1377 3435 1432 libris
3464 1379 3795 1448 Augustinus

2208 1477 2390 1537 postea
2416 1467 2688 1522 disserens
2710 1508 2726 1532 ,
2759 1466 2902 1520 Duos
2925 1508 2941 1532 ,
2972 1467 3045 1520 ait
3064 1509 3079 1532 ,
3111 1468 3385 1538 conscripsi
3415 1466 3570 1521 libros
3608 1460 3795 1523 recenti

2206 1568 2425 1630 tempore
2466 1559 2801 1611 conversionis
2850 1573 3009 1621 mete,
3052 1558 3159 1611 cito
3228 1560 3396 1612 volens
3439 1558 3797 1629 (Manichaeo-

2206 1648 2345 1721 rum)
2396 1654 2658 1720 confutare
2698 1650 3026 1703 deliramenta
3047 1690 3060 1713 ,
3108 1649 3182 1703 vel
3230 1651 3421 1720 erigere
3461 1651 3791 1704 intentionem

2205 1740 2273 1792 ad
2294 1739 2615 1809 querendum
2638 1739 2692 1791 in
2717 1739 2893 1792 litteris
2917 1780 2932 1803 ,
2962 1755 3088 1808 quas
3117 1738 3357 1805 oderunt,
3388 1740 3713 1793 Christianam
3740 1748 3793 1792 et

2206 1831 2543 1900 evangelicum
2575 1830 2747 1898 ﬁdem.
2802 1829 2868 1881 Et
2892 1832 3007 1898 quia
3035 1847 3135 1883 non
3173 1830 3295 1883 mihi
3324 1841 3442 1884 tunc
3470 1829 3797 1891 occurrebant

2208 1922 2396 1989 omnia,
2426 1920 2845 1993 quemadmodum
2870 1910 3072 1989 proprie
3098 1930 3295 1989 possent
3321 1923 3502 1991 accipi,
3530 1926 3789 1993 magisque

2208 2032 2307 2069 non
2335 2033 2481 2087 posse
2516 2017 2678 2086 accipi
2704 2016 3019 2080 videbantur,
3048 2025 3135 2067 aut
3166 2017 3249 2069 vix
3274 2032 3418 2085 posse
3442 2024 3530 2068 aut
3558 2015 3755 2085 difﬁcile
3772 2030 3796 2079 ;

2208 2124 2269 2162 ne
2287 2107 2593 2173 retardarer,
2624 2106 2744 2175 quid
2773 2107 2987 2176 ﬁgurate
3010 2106 3352 2176 signiﬁcarent
3372 2122 3452 2171 ea,
3478 2121 3591 2175 qua:
3615 2104 3682 2157 ad
3712 2106 3801 2159 lit-

2208 2209 2366 2253 teram
2391 2215 2491 2252 non
2513 2198 2654 2267 potui
2683 2198 2901 2251 invenire
2918 2239 2932 2262 ,
2962 2206 3149 2268 quanta
3184 2198 3316 2250 valui
3340 2197 3577 2251 brevitate
3602 2207 3647 2251 et
3672 2213 3796 2268 per-

2208 2290 2470 2359 spicuitate
2495 2289 2783 2357 explicavi;
2827 2305 2890 2341 ne
2924 2289 3003 2341 vel
3036 2288 3196 2341 multa
3232 2288 3443 2341 lectione
3462 2287 3538 2340 vel
3564 2287 3798 2356 disputa-

2209 2379 2359 2432 tionis
2398 2378 2696 2431 obscuritate
2739 2378 3003 2444 deterriti,
3046 2378 3103 2431 in
3140 2393 3319 2431 manus
3358 2393 3418 2431 ea
3463 2393 3659 2431 sumere
3692 2393 3796 2431 non

2209 2479 2461 2531 curarent.
2503 2468 2699 2522 Memor
2746 2479 2911 2523 tamen
2945 2469 3067 2538 quid
3113 2469 3331 2522 maxime
3366 2468 3642 2531 voluerim,
3693 2483 3785 2521 nec

2211 2562 2491 2629 potuerim;
2520 2570 2574 2612 ut
2604 2576 2703 2613 non
2729 2560 2972 2630 ﬁgurate,
3004 2558 3091 2613 sed
3120 2559 3322 2629 proprie
3344 2558 3579 2629 primitus
3605 2567 3789 2611 cuncta

2210 2653 2630 2721 intelliget-eatur,
2682 2667 2771 2704 nec
2811 2652 3015 2705 omnino
3055 2652 3326 2722 desperans
3354 2652 3505 2704 etiam
3536 2650 3611 2704 sic
3650 2666 3800 2720 posse

2209 2743 2437 2813 intelligi,
2469 2742 2687 2810 idipsum
2712 2742 2765 2794 in
2788 2743 2951 2811 prima
2980 2752 3120 2811 parte
3144 2742 3350 2797 secundi
3376 2742 3490 2795 libri
3510 2744 3582 2795 ita
3606 2743 3752 2813 posui
3774 2758 3792 2795 :

2212 2835 2371 2900 Sane,
2402 2835 2626 2903 inquam,
2657 2834 2879 2905 quisquis
2903 2835 3132 2901 voluerit,
3160 2835 3329 2887 omnia
3358 2850 3471 2905 qua:
3491 2834 3627 2887 dicta
3650 2841 3791 2898 sunt,

2209 2928 2481 2980 secundum
2511 2926 2727 2979 litteram
2757 2926 3002 2995 accipere,
3032 2925 3087 2978 id
3114 2936 3205 2991 est,
3235 2941 3336 2978 non
3356 2924 3799 2995 aliterintelligere

2209 3033 2360 3087 quam
2403 3016 2570 3069 littera
2609 3024 2754 3069 sonat
2777 3056 2792 3079 ,
2843 3024 2887 3069 et
2914 3024 3081 3086 potest
3109 3016 3292 3069 evitare
3331 3014 3705 3084 blasphemias,
3748 3023 3799 3067 et

2213 3109 2385 3165 omnia
2413 3106 2738 3177 congruentia
2753 3107 2872 3175 ﬁdei
2888 3107 3149 3161 catholica:
3175 3108 3483 3178 prtedicare;
3508 3123 3607 3160 non
3628 3106 3801 3160 solum

2210 3200 2254 3253 ei
2280 3216 2379 3253 non
2406 3210 2475 3253 est
2498 3198 2841 3265 invidendum,
2873 3199 2959 3253 sed
2980 3200 3263 3271 prwcipuus
3279 3198 3586 3270 multumque
3606 3198 3801 3252 lauda.

2211 3292 2323 3345 bilis
2349 3290 2628 3344 intellector
2644 3288 2899 3344 habendus
2920 3299 2989 3343 est
3021 3289 3123 3358 (De
3145 3288 3326 3343 Genesi
3352 3291 3419 3343 ad
3438 3289 3588 3356 Litt.,
3623 3289 3711 3343 lib.
3737 3289 3796 3354 8,

2211 3400 2264 3436 n.
2296 3383 2376 3452 5).
2428 3382 2566 3436 Suos
2613 3382 2805 3437 deinde
2847 3382 3126 3438 duodecim
3172 3385 3332 3439 libros
3376 3384 3442 3440 de
3490 3383 3686 3440 Genesi
3727 3383 3799 3439 ad

2210 3474 2466 3529 Litteram
2507 3474 2681 3543 (quod
2711 3490 2817 3527 non
2859 3474 3029 3529 fuerat
3064 3489 3223 3529 ausus
3268 3475 3513 3544 primitus
3549 3472 3797 3544 aggredi)

2214 3565 2322 3618 Deo
2352 3564 2517 3619 frctus
2540 3565 2742 3629 edidit,
2771 3574 3119 3635 posteaquam
3148 3580 3297 3620 sacra
3324 3567 3462 3619 illius
3490 3566 3648 3620 verba
3675 3563 3801 3618 dili-

2211 3655 2421 3725 gentius
2450 3653 2635 3709 fuisset
2658 3655 2896 3709 intuitus.
2949 3654 3138 3709 Verum
3166 3655 3234 3709 ab
3267 3656 3381 3724 ipso
3404 3655 3588 3710 limine
3614 3654 3797 3724 Operis

2212 3747 2350 3798 illius
2381 3746 2432 3798 in
2454 3744 2700 3800 Genesim
2730 3746 2882 3815 primi
2908 3787 2923 3811 ,
2951 3745 3094 3815 quod
3125 3755 3206 3801 est
3233 3755 3414 3800 contra
3446 3745 3793 3809 Manichmos,

2212 3838 2403 3890 mirum
2428 3838 2582 3891 nobis
2607 3837 2943 3891 dcmissionis
2968 3838 3238 3906 specimen
3255 3838 3306 3891 in
3334 3852 3392 3892 se
3415 3838 3530 3907 ipso
3554 3836 3796 3892 exhibet.

2210 3929 2404 3984 Scribit
2430 3932 2570 3983 enim
2600 3930 2915 3995 nonnullos,
2965 3929 3054 3998 qui
3100 3929 3406 3985 liberalibus
3446 3930 3636 3985 litteris
3671 3945 3800 3986 cum

2211 4028 2392 4075 essent
2419 4020 2649 4086 eruditi,
2681 4019 2773 4074 sed
2802 4034 2925 4073 vere
2953 4020 3227 4073 christiani
3253 4062 3267 4085 ,
3300 4023 3603 4092 primasque
3628 4021 3800 4091 ipsius

2210 4120 2393 4166 contra
2420 4111 2637 4165 eosdem
2668 4110 2947 4165 hxreticos
2974 4112 3365 4167 lucubrationes
3387 4112 3668 4182 legissent,
3699 4112 3801 4167 ob-

2211 4218 2452 4257 servasse
2482 4203 2599 4257 illas
2637 4202 2705 4255 ab
2744 4202 3161 4271 imperitioribus
3199 4213 3289 4258 aut
3326 4205 3411 4258 vix
3454 4214 3545 4259 aut
3577 4204 3799 4260 difﬁcile

2212 4294 2454 4362 intelligi.
2496 4292 2565 4346 Et
2594 4309 2700 4358 me,
2744 4293 2946 4362 inquit,
2989 4295 3439 4349 benevolentissime
3466 4308 3793 4359 monuerunt,

2210 4394 2263 4465 ut
2288 4400 2601 4437 communem
2637 4384 2872 4453 loquendi
2915 4386 3324 4439 consuetudinem
3366 4400 3463 4440 non
3493 4388 3795 4453 desererent,

2208 4475 2253 4528 si
2282 4491 2471 4528 errores
2508 4474 2624 4528 illos
2654 4486 2757 4528 tam
2781 4476 3085 4546 perniciosos
3113 4477 3175 4529 ab
3201 4477 3382 4533 animis
3406 4479 3555 4532 etiam
3578 4478 3764 4549 imperi
3774 4511 3797 4522 -

2211 4573 2375 4617 torum
2399 4564 2647 4635 expellere
2672 4565 2960 4635 cogitarem.
2989 4563 3142 4618 Hunc
3169 4566 3302 4619 enim
3328 4583 3605 4623 sermonem
3628 4570 3797 4633 usita-

2210 4664 2316 4709 tum
2335 4665 2381 4709 et
2408 4655 2684 4725 simplicem
2704 4655 2851 4709 etiam
2876 4654 3009 4709 docti
3030 4656 3331 4726 intelligunt,
3354 4656 3501 4711 illum
3527 4667 3693 4712 autem
3708 4659 3799 4713 in-

2210 4747 2343 4800 docti
2384 4764 2486 4802 non
2521 4747 2808 4817 intelligunt
2832 4745 2852 4820 (
2872 4748 2944 4801 De
2975 4747 3101 4802 Gen.
3128 4759 3303 4803 contra
3332 4749 3673 4819 Haniclueos,
3699 4753 3795 4809 lib.

2212 4840 2264 4905 1,
2294 4857 2348 4894 n.
2380 4840 2404 4894 1
2430 4842 2469 4910 ).
2498 4838 2675 4911 Αἰιιιιο
2704 4854 2761 4894 se
2786 4841 2965 4894 animo
2997 4841 3205 4896 moueri
3234 4857 3421 4912 passus
3446 4853 3530 4899 est
3553 4844 3645 4899 Vir
3667 4859 3799 4901 san-

2209 4941 2345 5007 ctus,
2376 4941 2431 4986 et
2460 4932 2509 4985 id
2534 4932 2741 4985 consilii
2768 4931 2976 4986 reduxit
2998 4933 3067 4986 ad
3093 4936 3295 5002 praxim
3320 4934 3431 5003 jam
3462 4937 3585 4991 inde
3604 4936 3671 4992 ab
3688 4936 3799 4994 hoc

2209 5038 2391 5092 Opere,
2422 5024 2473 5077 in
2498 5036 2603 5092 quo
2631 5037 2690 5076 se.
2720 5021 3130 5077 Manichaaorum
3158 5025 3444 5079 vanitatem
3470 5041 3575 5080 non
3600 5037 3799 5081 ornato

2210 5115 2479 5184 politoque
2503 5128 2772 5179 sermone,
2800 5112 2897 5168 sed
2924 5114 3083 5169 rebus
3108 5114 3403 5171 manifestis
3424 5116 3799 5173 convicturum

2208 5221 2326 5262 esse
2348 5205 2641 5276 proﬁtetur.

2276 5297 2331 5350 2.
2366 5297 2467 5351 Per
2508 5296 2560 5350 id
2600 5296 2761 5352 breve
2791 5299 3045 5367 temporis
3074 5300 3325 5368 spatium,
3355 5315 3461 5371 quo
3485 5300 3798 5371 Mediolani,

2207 5394 2563 5443 commoratus
2604 5395 2688 5442 est
2729 5387 3054 5457 Baptismum
3095 5400 3465 5461 percepturus,
3492 5392 3801 5448 scribendis

2206 5476 2605 5545 disciplinarum
2634 5476 2804 5544 libris,
2834 5486 2889 5530 ut
2912 5476 3157 5542 vidimus,
3187 5494 3404 5549 Operam
3428 5480 3648 5537 dederat
3676 5482 3798 5535 Au-

2205 5568 2465 5638 gustinus.
2499 5566 2641 5622 inter
2667 5567 2798 5621 alias
2826 5567 3219 5626 lucubrationes
3247 5572 3445 5642 aliquid
3481 5572 3551 5628 de
3586 5571 3795 5629 Nasica

2210 5660 2379 5716 fuerat
2406 5674 2661 5717 exorsus:
2687 5674 2872 5716 verum
2901 5675 3176 5731 regressus
3197 5666 3268 5750 .in
3308 5664 3542 5723 Africam
3586 5680 3681 5725 sex
3718 5666 3801 5745 de
