3994 6352
189 240 292 298 165

187 356 293 412 hoc
333 356 656 424 argumento
688 348 883 417 libros,
924 346 1014 419 qui
1057 352 1267 403 exstant
1317 342 1614 414 hodieque,
1661 350 1782 414 post

188 446 507 518 opusculum
531 444 598 499 de
623 443 817 500 Genesi
835 440 1391 512 composuit(Retract.
1410 438 1535 492 libro
1560 437 1611 503 l,
1627 452 1778 506 capp.

186 538 241 604 6,
275 538 393 605 11).
425 537 551 591 Illos
580 545 757 591 autem
780 534 944 589 libros
973 533 1121 603 quasi
1148 531 1432 604 proludens
1459 529 1670 598 scripsit
1690 543 1784 597 per

186 630 378 694 otium,
406 641 513 697 quo
536 627 644 697 jam
671 626 906 696 primum
926 623 1195 678 fruebatur
1217 620 1411 694 (Epist.
1441 620 1563 683 101,
1594 636 1649 672 n.
1678 615 1780 689 5.),

176 730 228 775 et
265 721 319 775 in
336 734 527 775 eorum
550 717 903 790 gratiam,qui
935 731 1054 771 cum
1096 716 1238 770 bono
1280 714 1492 783 ingenio
1534 711 1784 766 divinitus

188 811 371 867 donati
413 811 544 876 sint,
577 810 1021 880 politioribusque
1054 807 1243 861 litteris
1286 805 1472 869 dediti,
1515 803 1784 860 erroribus

190 905 370 960 saeculi
401 904 796 974 praestigiisque
834 902 1187 971 implicantur,
1220 907 1273 954 et
1296 898 1551 968 prteclara
1577 896 1782 967 ingenia

190 998 239 1051 in
266 997 429 1067 nugis
458 1005 769 1062 conterunt,
802 994 1043 1066 quamvis
1064 993 1191 1064 quid
1216 994 1268 1047 in
1300 993 1363 1047 iis
1389 992 1611 1047 delectet
1639 991 1785 1061 ignov

188 1098 337 1144 rent:
360 1104 487 1143 cum
530 1098 727 1155 tamen,
761 1088 807 1142 si
841 1087 983 1159 quod
1030 1087 1081 1141 in
1116 1095 1479 1142 creaturarum
1513 1084 1785 1139 harmonia

190 1180 283 1233 sibi
302 1179 506 1248 placet,
532 1188 917 1249 agnoscerent;
940 1178 1178 1233 viderent
1194 1186 1361 1248 quaet
1386 1176 1474 1229 illa
1504 1176 1785 1242 lenocinia,

191 1268 379 1338 quibus
403 1269 743 1335 irretiuntur,
769 1267 1083 1339 effugerent,
1109 1276 1161 1323 et
1182 1267 1273 1321 ubi
1298 1267 1466 1322 beata:
1491 1266 1789 1320 securitatis

195 1368 244 1414 et
284 1359 564 1413 libertatis
590 1367 798 1427 portum
828 1366 1045 1428 possent
1070 1356 1303 1426 reperire
1333 1354 1431 1427 (De
1456 1354 1674 1421 Musica,
1698 1354 1785 1408 lib.

195 1448 320 1512 6,n.
354 1449 441 1519 1).
475 1447 536 1501 ln
580 1448 683 1502 hoc
720 1448 971 1502 nimirum
1015 1461 1177 1516 opere
1217 1444 1442 1500 intendit
1484 1443 1787 1510 ostendere,

192 1554 424 1609 quonam
471 1549 633 1609 pacto
663 1552 691 1591 a
719 1538 1063 1593 mutabilibus
1094 1536 1351 1602 numeris,
1379 1535 1492 1591 sive
1520 1533 1791 1603 corporeis

192 1630 299 1683 sive
344 1628 741 1698 spiritualibus,
771 1628 839 1683 ad
879 1628 1235 1683 immutabiles
1283 1641 1534 1683 numeros
1576 1627 1631 1681 in
1678 1626 1791 1681 sola

194 1721 515 1776 immutabili
548 1721 771 1776 veritate
792 1722 1105 1786 existentes,
1136 1720 1453 1790 quibusdam
1482 1719 1644 1775 veluti
1668 1734 1784 1789 gra-

193 1812 345 1867 dibus
370 1812 744 1881 perveniatur,
775 1820 831 1867 et
867 1812 945 1867 sic
982 1811 1263 1866 invisibilia
1291 1810 1406 1877 Dei,
1440 1825 1534 1881 per
1575 1825 1637 1865 ea
1673 1825 1792 1880 qua:

194 1904 330 1958 facta
360 1912 513 1966 sunt,
542 1903 812 1958 intellecta
842 1901 1259 1971 conspiciantur.
1286 1900 1391 1956 Sed
1422 1900 1473 1954 id
1512 1915 1617 1955 non
1656 1915 1794 1969 prte—

194 2001 305 2047 stat
332 1993 439 2047 nisi
463 1994 515 2046 in
540 2001 694 2047 sexto
716 1993 873 2060 libro,
906 1992 960 2047 in
982 2007 1087 2062 quo
1113 2001 1196 2047 est
1223 1992 1396 2046 omnis
1418 1990 1619 2045 fructus
1644 2000 1796 2046 caete-

196 2097 411 2149 rornm,
436 2084 623 2153 quique
663 2083 893 2137 maxime
937 2082 1235 2137 celebratus
1258 2083 1371 2148 fuit,
1392 2081 1534 2152 quod
1555 2096 1641 2136 res
1661 2082 1794 2136 scitu

194 2173 544 2243 dignissimas
565 2175 954 2245 complectatur
981 2173 1113 2245 (Ep.
1141 2174 1263 2242 101,
1295 2190 1347 2228 n.
1368 2175 1401 2229 4
1419 2174 1458 2245 ).
1482 2173 1538 2228 In
1562 2175 1794 2244 quinque

199 2264 471 2333 prioribus
492 2265 637 2319 circa
656 2280 913 2319 numeros
934 2264 1000 2318 ad
1021 2278 1200 2319 moras
1218 2274 1514 2334 temporum
1529 2264 1798 2335 pertinen-

198 2362 451 2424 tes,quos
479 2354 766 2426 rhythmos
785 2355 1034 2425 appellat,
1060 2356 1387 2410 immoratur.
1413 2356 1480 2410 Et
1505 2357 1556 2409 hi
1585 2354 1796 2426 quidem

201 2445 315 2499 libri
352 2444 679 2500 difﬁcillime
708 2445 1091 2515 intelliguntur.
1124 2446 1448 2516 Augustinus
1477 2446 1590 2515 ipse
1606 2444 1799 2500 fatetur

200 2534 461 2603 plurimos
484 2535 625 2599 fore,
650 2536 738 2604 qui
759 2549 853 2590 eos
876 2543 933 2589 ut
960 2535 1191 2604 pueriles
1210 2551 1374 2606 nugas
1397 2536 1622 2590 habituri
1653 2537 1757 2591 sint
1782 2553 1794 2591 :

201 2635 379 2703 sperat
409 2634 597 2681 tamen
626 2626 761 2681 alios
789 2626 1016 2681 arduum
1050 2626 1192 2681 hunc
1214 2628 1452 2683 laborem
1479 2629 1614 2698 aequi
1642 2628 1798 2682 boni-

204 2736 303 2789 que
328 2722 608 2775 facturos:
633 2719 794 2785 Quem
817 2737 920 2774 non
944 2720 1003 2774 ob
1029 2719 1171 2774 aliud
1196 2720 1567 2792 suscipiendum
1598 2722 1798 2791 putavi-

204 2827 329 2877 mus,
362 2812 543 2881 inquit
572 2810 883 2881 prazfatione
907 2812 959 2866 in
992 2820 1199 2867 sextum
1221 2812 1433 2877 librum,
1462 2813 1560 2867 nisi
1587 2822 1641 2865 ut
1670 2813 1799 2866 ado-

205 2896 467 2967 lucentes,
492 2902 573 2955 vel
587 2901 851 2972 cujuslibet
871 2902 1033 2957 (etatis
1050 2902 1294 2970 homines,
1312 2919 1436 2973 quos
1456 2902 1583 2956 bono
1602 2904 1802 2976 ingenio

206 2992 420 3046 donarit
458 2993 618 3060 Deus,
641 3011 743 3047 non
770 3010 1113 3065 prwprOpere,
1136 2995 1224 3049 sed
1247 2994 1540 3063 quibusdam
1561 2996 1803 3066 gradibus

206 3099 241 3136 α
256 3084 487 3139 sensibus
507 3085 683 3138 carnis
707 3093 854 3156 atque
876 3084 1162 3141 carnalibus
1184 3086 1382 3153 litteris,
1405 3088 1580 3156 quibus
1601 3104 1684 3141 eos
1703 3104 1804 3142 non

206 3174 396 3229 limere
420 3174 630 3245 diﬂicile
654 3183 746 3241 est,
779 3175 904 3230 duce
933 3177 1129 3231 ratione
1154 3177 1485 3231 avellerentur
1500 3194 1519 3242 ;
1542 3186 1688 3247 atque
1718 3178 1807 3231 uni

209 3262 311 3318 Deo
336 3274 390 3319 et
420 3263 647 3319 Domino
686 3282 855 3321 rerum
891 3268 1137 3335 omnium,
1168 3268 1255 3338 qui
1290 3268 1527 3322 humanis
1562 3269 1806 3324 mentibus

210 3356 345 3409 nulla
365 3364 566 3410 natura
591 3357 885 3431 interposita
910 3358 1166 3429 prasidet,
1193 3359 1614 3414 incommutabilis
1628 3361 1808 3414 verita-

210 3450 269 3502 tis
287 3467 466 3503 amore
496 3450 920 3504 adhterescerent.
950 3449 1081 3505 Illos
1109 3451 1265 3522 igitur
1283 3452 1435 3506 libros
1452 3454 1537 3524 qui
1554 3453 1701 3524 leget,
1723 3454 1806 3508 in-

208 3542 360 3593 veniet
387 3557 485 3594 nos
506 3557 624 3594 cum
643 3542 987 3612 grammaticis
1007 3549 1053 3596 et
1074 3543 1279 3611 poeticis
1306 3544 1508 3610 animis,
1533 3561 1633 3598 non
1658 3545 1807 3599 habi-

210 3632 345 3685 tandi
388 3632 661 3698 electione,
695 3632 785 3685 sed
822 3633 1093 3686 itinerandi
1137 3636 1427 3689 necessitate
1460 3646 1701 3691 versatos.
1729 3636 1808 3691 Ad

212 3722 338 3775 hunc
362 3732 541 3775 autem
565 3723 748 3796 librum
773 3739 886 3777 cum
911 3724 1117 3791 venerit,
1144 3725 1207 3792 si,
1235 3734 1289 3778 ut
1321 3742 1467 3797 spero
1507 3728 1811 3799 etsupplex

212 3813 477 3883 deprecor,
505 3811 648 3867 Deus
676 3823 721 3867 et
744 3811 992 3868 Dominus
1017 3823 1182 3868 noster
1206 3816 1515 3887 propositum
1536 3834 1701 3872 meum
1725 3835 1810 3873 vo-

214 3906 562 3974 luntatemque
591 3904 957 3974 gubernaverit,
981 3914 1106 3960 eteo
1130 3922 1229 3977 quo
1254 3917 1329 3961 est
1354 3908 1545 3961 intenta
1564 3909 1812 3979 perduxe-

215 3998 295 4061 rit,
324 3994 593 4067 intelliget
626 3994 735 4051 non‘
769 3997 884 4051 vilis
920 3997 1245 4067 possessionis
1274 4014 1379 4052 esse
1402 4000 1547 4053 vilem
1571 4001 1701 4053 viam
1722 4017 1813 4070 per

217 4104 376 4156 quam
399 4104 533 4140 nunc
564 4104 679 4140 cum
706 4082 1131 4156 imbecillioribus,
1165 4106 1253 4143 nec
1291 4106 1383 4144 nos
1415 4090 1515 4161 ipsi
1538 4091 1812 4145 admodum

218 4183 402 4247 fortes,
441 4179 701 4234 ambulare
737 4180 1027 4247 maluimus,
1064 4198 1217 4251 quam
1255 4184 1420 4238 minus
1449 4193 1693 4254 pennatos
1726 4203 1814 4256 per

219 4270 477 4325 liberiores
501 4287 663 4324 auras
690 4271 1020 4342 prtecipitare.
1046 4271 1263 4342 Itarnos,
1294 4284 1532 4343 quantum
1563 4275 1810 4343 ,arbitror,

218 4372 300 4415 aut
324 4361 485 4427 nihil,
502 4370 595 4414 aut
622 4357 720 4414 non
743 4361 957 4414 multum
972 4378 1202 4431 peccasse
1216 4363 1579 4436 judicabit(De
1592 4364 1811 4429 Musica,

220 4454 253 4506 t.
270 4453 322 4520 6,
340 4470 398 4506 n.
422 4452 499 4524 1).
515 4450 746 4519 Asserit,
761 4466 855 4506 eos
871 4452 961 4523 qui
978 4451 1044 4506 ad
1058 4453 1343 4508 tenendum
1359 4454 1475 4519 iter,
1494 4455 1696 4525 quodin
1715 4457 1816 4513 hoc

220 4561 377 4616 opere
400 4544 685 4616 patefacit,
715 4560 819 4598 non
849 4553 975 4599 sunt
996 4545 1124 4599 satis
1143 4544 1354 4607 eruditi,
1374 4544 1419 4598 si
1437 4554 1611 4601 tamen
1630 4563 1696 4603 ex
1712 4547 1815 4605 ﬁde

221 4636 341 4691 Jesu
359 4635 576 4691 Christi
591 4636 790 4700 vivant,
808 4635 944 4689 hanc
963 4635 1102 4689 viam
1116 4650 1219 4690 non
1235 4636 1477 4706 pedibus,
1492 4637 1586 4692 sed
1598 4638 1818 4694 charita-

224 4729 495 4801 tispennis
507 4727 785 4793 subnixos,
800 4727 1028 4797 quodam
1048 4727 1208 4781 modo
1220 4727 1446 4783 volando
1470 4729 1625 4784 facile
1646 4732 1816 4785 conli-

225 4833 364 4886 sere,
396 4834 468 4873 ac
496 4818 716 4873 tandem
737 4827 857 4888 post
875 4817 1031 4887 hujus
1044 4818 1165 4872 vita:
1189 4818 1528 4883 curriculum,
1552 4820 1617 4875 ad
1644 4822 1816 4877 locum

228 4926 327 4981 quo
356 4911 457 4965 illa
482 4909 654 4977 ducit,
671 4906 877 4965 caeteris
896 4910 1096 4964 certius
1117 4916 1275 4979 atque
1297 4909 1498 4965 felicius
1519 4913 1816 4980 pervenire;

228 5018 343 5057 cum
388 5003 427 5056 ii
472 5002 567 5073 qui
613 5000 730 5055 hrcc
757 5001 1051 5071 intelligere
1079 5008 1321 5070 possunt,
1350 5001 1396 5055 si
1423 5001 1561 5056 desit
1586 5003 1665 5057 eis
1690 5002 1821 5058 fides

230 5094 561 5160 Mediatoris,
591 5107 711 5148 cum
742 5100 850 5146 tota
880 5093 1100 5147 scientia
1124 5106 1218 5147 sua
1252 5092 1551 5149 miserrime
1579 5104 1818 5164 pereant.

231 5190 337 5245 llos
372 5190 448 5244 de
491 5187 693 5243 Musica
727 5186 895 5241 libros
923 5185 1210 5241 Memorius
1244 5186 1523 5256 episcopus
1547 5186 1615 5241 ab
1638 5188 1821 5259 Augu-

232 5283 370 5336 stino
402 5279 668 5350 ﬂagitavit
694 5295 707 5331 :
730 5277 821 5348 qui
850 5277 901 5334 ei
938 5291 1033 5348 per
1076 5275 1376 5333 Possidium
1413 5278 1732 5346 rescribens,
1764 5293 1824 5335 se

233 5374 299 5427 ad
337 5387 436 5428 eos
478 5369 843 5427 emendandos
880 5368 1116 5424 nondum
1162 5383 1380 5425 vacasse
1422 5370 1729 5441 respondit;
1760 5386 1824 5429 ac

235 5470 447 5519 sextum
478 5462 656 5518 solum
682 5463 847 5526 misit,
875 5475 1033 5531 quem
1071 5461 1399 5532 recognitum
1430 5470 1484 5515 et
1511 5463 1825 5533 castigatum

236 5555 459 5626 reperit,
490 5566 726 5624 quemve
753 5568 914 5607 unum
942 5552 1195 5608 censebat
1218 5551 1439 5623 dignum
1468 5554 1556 5624 qui
1584 5554 1825 5611 mittere-

240 5654 342 5703 tur.
370 5645 539 5703 Addit
585 5644 689 5703 sibi
732 5644 896 5703 fuisse
932 5645 986 5701 in
1028 5643 1225 5715 animo,
1253 5652 1446 5716 praeter
1483 5661 1575 5703 sex
1612 5645 1729 5705 illos
1757 5647 1825 5706 de

1580 216 1783 274 LIBER
1806 215 2103 278 TERTIUS

3361 241 3464 297 163

1894 340 2162 415 Rbythmo
2190 346 2374 415 libros,
2398 361 2490 404 sex
2523 348 2652 405 alios
2678 350 2743 404 de
2771 351 2924 419 Melo,
2952 366 3072 408 cum
3106 364 3291 410 nactus
3315 368 3465 413 esset

1892 438 2080 505 otium,
2112 442 2488 497 conscribere:
2518 458 2703 497 verum
2732 457 2796 499 ex
2836 460 2941 513 quo
2990 446 3056 500 ad
3103 448 3458 503 sacerdotium

1892 536 2174 597 provectus
2202 531 2677 586 ecclesiasticarum
2707 548 2954 588 curarum
2979 550 3114 590 onus
3138 539 3460 605 sustinebat,

1890 631 2076 675 omnes
2102 620 2216 675 illas
2242 621 2460 677 delicias
2496 638 2527 679 e
2564 624 2807 679 manibus
2845 625 3041 695 fugisse
3074 626 3268 698 (Epist.
3308 630 3458 699 101).

1960 712 2012 765 5.
2043 710 2183 766 Libri
2205 711 2271 767 de
2300 712 2544 782 Magistro
2566 730 2725 784 supra
2756 718 3115 787 meminimus,
3142 720 3191 772 in
3219 733 3324 787 quo
3352 720 3435 774 Au

1888 801 2131 869 gustinus
2159 816 2278 857 cum
2311 804 2418 859 filio
2447 806 2722 861 Adeodato
2751 808 3004 877 loquitur,
3033 818 3366 880 testaturque
3398 810 3463 864 il-

1888 893 1988 949 lius
2013 908 2133 950 esse
2155 910 2309 952 sensa
2330 898 2531 966 omnia,
2554 914 2672 969 quae
2695 900 2999 956 inseruntur
3020 903 3092 957 ibi
3122 918 3187 957 ex
3223 917 3453 972 persona

1888 984 2001 1052 ﬁlii,
2033 988 2273 1056 quamvis
2304 997 2427 1045 tunc
2447 1005 2614 1046 annos
2637 992 2905 1047 sexdecim
2930 993 3266 1048 solummodo
3295 1003 3457 1049 natus

1886 1088 2024 1133 esset
2042 1078 2292 1149 (Confess.
2321 1082 2410 1136 lib.
2432 1085 2483 1148 9,
2510 1101 2624 1150 cap.
2649 1085 2701 1149 6,
2730 1102 2783 1139 η.
2814 1085 2926 1155 li).
2946 1086 3097 1141 Unde
3116 1088 3370 1156 colligere
3395 1088 3459 1144 li-

1892 1175 1997 1234 cet,
2022 1167 2213 1221 librum
2242 1168 2383 1224 hunc
2409 1172 2661 1243 scriptum
2691 1172 2854 1230 fuisse
2883 1191 3068 1232 versus
3106 1178 3338 1236 medium
3372 1198 3473 1236 an-

1895 1272 2020 1309 num
2062 1260 2491 1313 trecentesimum
2533 1263 2910 1332 octogesimum
2952 1281 3186 1333 nonum;
3228 1270 3471 1340 quando-

1893 1346 2106 1415 quidem
2148 1346 2452 1403 Adeodatus
2491 1365 2746 1405 annorum
2786 1362 2899 1407 erat
2945 1355 3112 1413 ferme
3146 1357 3470 1427 quindecim,

1895 1451 2015 1491 cum
2034 1437 2359 1507 Baptismum
2378 1455 2516 1495 anno
2536 1441 2732 1497 Christi
2758 1448 3129 1502 trecentesimo
3149 1452 3477 1521 octogesimo

1895 1528 2142 1597 septimo,
2173 1538 2359 1585 octavo
2384 1530 2637 1587 kalendas
2663 1535 2786 1589 maii
2824 1539 3056 1608 percepit
3086 1538 3293 1614 (Ibid.).
3321 1541 3379 1597 In
3408 1558 3475 1599 eo

1895 1618 2032 1673 libro
2060 1635 2118 1674 re
2153 1620 2392 1676 discussa
2425 1621 2704 1692 diligenter
2741 1634 2794 1679 et
2826 1628 3049 1697 quaesita
3078 1634 3357 1700 comperit,
3382 1649 3475 1690 ve-

1898 1724 2014 1762 rum
2046 1709 2200 1764 nobis
2233 1711 2541 1781 magistrum
2585 1729 2689 1767 non
2728 1729 2846 1770 esse
2888 1718 2977 1787 qui
3024 1718 3180 1775 docet
3204 1722 3475 1781 hominem

1897 1798 2192 1866 scientiam,
2226 1802 2327 1856 nisi
2358 1802 2522 1857 Deum
2552 1804 2797 1876 (Retract.
2831 1807 2917 1861 lib.
2952 1811 3002 1875 1,
3031 1827 3145 1880 cap.
3177 1813 3287 1885 12).

1968 1890 2023 1946 4.
2055 1892 2203 1946 Tunc
2225 1892 2382 1948 etiam
2408 1894 2598 1949 librum
2622 1896 2688 1950 de
2704 1896 2837 1952 Vera
2854 1898 3129 1970 Religione
3144 1905 3479 1975 conscripsit,

1900 1980 1951 2034 in
1978 1996 2084 2051 quo
2105 1983 2284 2038 multis
2309 1984 2602 2041 rationibus
2628 1986 2744 2041 fuse
2763 1988 3093 2045 demonstrat
3113 2009 3275 2047 unum
3294 2010 3481 2052 verum

1900 2072 2087 2139 Deum,
2119 2074 2169 2128 id
2199 2084 2302 2140 est,
2338 2076 2671 2144 Trinitatem,
2700 2078 2911 2135 Patrem
2940 2092 2993 2136 et
3023 2083 3211 2137 Filium
3242 2094 3297 2140 et
3323 2084 3483 2156 Spiri-

1902 2171 2014 2218 tum
2040 2174 2281 2219 sanctum
2312 2166 2570 2237 religione
2598 2184 2726 2225 vera
2770 2171 3086 2238 colendum;
3117 2178 3323 2231 necnon
3366 2177 3486 2232 inli-

1901 2256 2011 2311 nita
2040 2257 2132 2312 Dei
2154 2258 2519 2314 misericordia
2547 2276 2747 2327 veram,
2774 2261 2875 2315 hoc
2901 2272 3000 2329 cst,
3024 2264 3367 2323 christianam
3398 2285 3485 2325 re-

1902 2346 2171 2416 ligionem,
2204 2364 2298 2418 per
2326 2350 2669 2420 temporalem
2690 2352 3137 2421 dispensationem
3159 2366 3212 2412 et
3240 2359 3488 2416 incarna-

1904 2438 2102 2493 tionem
2163 2438 2290 2494 Jesu
2351 2439 2581 2508 Christi,
2624 2443 2923 2501 hominibus
2974 2462 3094 2503 esse
3148 2463 3483 2507 concessam.

1904 2530 2151 2586 Ostendit
2177 2534 2375 2601 pariter
2403 2534 2848 2604 quemadmodum
2879 2537 3038 2593 homo
3075 2538 3230 2609 hujus
3268 2541 3487 2612 religio-

1905 2623 1988 2676 nis
2032 2624 2297 2677 sanctitati
2337 2624 2497 2678 vitam
2546 2640 2695 2680 suam
2740 2636 2921 2697 aptare
2961 2638 3219 2683 teneatur.
3262 2630 3490 2688 Maxime

1905 2727 2033 2768 vero
2058 2713 2190 2769 duas
2220 2715 2628 2771 Manichaeorum
2656 2727 2891 2785 naturas,
2916 2720 3028 2776 sive
3054 2721 3265 2777 illorum
3295 2723 3363 2779 de
3382 2726 3489 2780 ori-

1906 2805 2030 2877 gine
2048 2821 2110 2861 ac
2124 2816 2309 2862 natura
2327 2810 2450 2863 mali
2469 2824 2703 2865 errorem
2727 2811 2812 2866 hic
2832 2813 2966 2867 liber
2995 2814 3267 2886 impugnat
3305 2816 3491 2889 (Ibid.,

1909 2913 2023 2969 cap.
2058 2899 2147 2965 15,
2176 2916 2229 2952 n.
2257 2896 2331 2972 1).
2356 2900 2455 2955 Vix
2481 2901 2586 2955 ulla
2619 2912 2700 2956 est
2733 2902 3153 2961 lucubrationum
3187 2908 3491 2980 Augustini,

1909 3005 2028 3061 quas
2070 2990 2139 3044 ad
2183 2991 2322 3046 illius
2360 2991 2684 3047 incredibilis
2724 2993 2916 3062 ingenii
2957 2997 3371 3066 magnitudinem
3400 2998 3496 3054 de-

1910 3082 2307 3136 monstrandam
2339 3083 2453 3151 plus
2484 3084 2674 3137 valeat.
2700 3084 2841 3139 Nihil
2870 3086 3012 3140 enim
3036 3086 3390 3146 admiratione
3408 3091 3493 3146 di-

1911 3186 2074 3241 gnum
2102 3173 2184 3226 vel
2214 3174 2530 3241 stupendum
2575 3175 2762 3245 magis,
2791 3192 2947 3247 quam
2980 3178 3248 3235 hominem
3278 3182 3496 3253 religio—

1914 3264 1996 3317 nis
2024 3263 2328 3319 christianae
2352 3265 2621 3335 mysteriis
2659 3282 2847 3322 recens
2887 3268 3165 3335 imbutum,
3192 3286 3292 3327 nec
3320 3273 3498 3331 adhuc

1914 3356 2020 3410 alio
2047 3372 2205 3426 quam
2244 3355 2441 3411 Fidelis
2466 3358 2681 3413 nomine
2712 3359 2763 3413 in
2804 3360 3042 3416 Ecclesia
3071 3361 3401 3433 decoratum,
3427 3366 3497 3422 de

1914 3446 2092 3502 divina
2137 3447 2226 3501 illa
2274 3447 2530 3518 religione
2566 3457 2671 3503 tam
2713 3451 2905 3505 eximie
2949 3450 3234 3519 disserere,
3280 3464 3334 3510 et
3360 3457 3500 3513 adeo

1915 3539 2179 3609 egregiam
2202 3539 2342 3595 illius
2357 3539 2627 3610 dignitatis
2653 3556 2714 3595 ac
2744 3543 3078 3597 excellentiae
3099 3543 3382 3616 imaginem
3402 3549 3498 3605 dc-

1916 3628 2133 3699 pingere
2162 3631 2417 3698 potuisse.
2461 3630 2515 3684 In
2560 3630 2661 3685 hoc
2706 3631 2843 3685 libro
2870 3643 3089 3689 cunctos
3122 3634 3364 3692 homines
3392 3637 3494 3693 ali-

1916 3718 2128 3789 quando
2153 3721 2455 3790 compellat,
2478 3722 2526 3775 in
2549 3722 2735 3791 primis
2758 3732 2930 3778 tamen
2958 3723 3343 3781 Romanianum
3372 3728 3494 3784 allo-

1915 3811 2114 3881 quitur,
2143 3812 2226 3866 cui
2253 3819 2375 3867 ante
2404 3812 2602 3882 aliquot
2629 3828 2817 3877 annos,
2843 3828 2984 3869 anno
3008 3816 3258 3871 nimirum
3289 3827 3496 3874 treceno

1917 3901 2109 3955 tesimo
2135 3903 2459 3972 octogesimo
2487 3913 2657 3967 sexto,
2691 3903 2923 3973 aliquam
2952 3904 3050 3959 hac
3075 3905 3140 3962 de
3172 3923 3228 3962 re
3255 3908 3497 3978 disputa-

1920 3992 2117 4047 tionem
2135 4006 2191 4049 se
2209 3993 2488 4047 missurum
2507 3994 2819 4062 promiserat
2836 3993 2935 4064 (De
2963 3994 3088 4049 Vera
3106 3996 3295 4068 Rclig.,
3308 4016 3360 4052 n.
3381 4000 3494 4073 12).

1924 4083 2186 4138 Evodium
2228 4086 2409 4139 multis
2450 4094 2567 4154 post
2592 4087 2744 4141 annis
2775 4088 2995 4142 remittit
3022 4088 3088 4143 ad
3115 4090 3254 4144 hunc
3283 4091 3498 4159 librum,
3553 4100 3573 4118 '

1922 4186 1979 4231 ut
2015 4177 2082 4232 de
2127 4179 2419 4248 qumstione
2460 4179 2599 4233 circa
2651 4180 2743 4233 Dei
2791 4180 3125 4235 existentiam
3172 4184 3377 4239 ratione
3401 4186 3499 4239 ad-

1922 4270 2230 4325 struendam
2273 4269 2436 4340 probe
2471 4270 2673 4339 jndicet
2699 4269 2898 4340 (Epist.
2929 4271 3047 4335 162,
3082 4289 3133 4326 η.
3157 4274 3237 4343 2).
3265 4273 3408 4329 Idem
3440 4276 3502 4330 li-

1924 4359 2019 4416 ber
2046 4363 2188 4416 inter
2217 4361 2315 4415 hos
2343 4362 2573 4431 quinque
2602 4361 2959 4416 numerandus
2996 4372 3097 4428 est,
3125 4379 3259 4433 quos
3283 4366 3503 4437 Alypius

1924 4455 1992 4509 ad
2032 4452 2313 4508 Paulinum
2368 4452 2512 4507 misit
2558 4468 2699 4507 anno
2744 4454 3117 4509 trecentesimo
3161 4458 3504 4527 nonagesimo

1923 4556 2113 4616 quarto
2138 4543 2330 4617 (Epist.
2373 4544 2463 4609 25,
2510 4558 2565 4597 η.
2618 4545 2693 4614 1).
2736 4543 3119 4600 Romanianum
3147 4563 3356 4618 quoque
3382 4548 3503 4604 libri

1927 4636 2083 4706 hujus
2112 4650 2141 4689 a
2173 4649 2231 4690 se
2260 4633 2387 4688 editi
2421 4635 2700 4689 certiorem
2731 4634 2854 4689 facit
2893 4638 3217 4706 Augustinus
3242 4653 3337 4707 per
3362 4638 3505 4695 litte-

1926 4741 2013 4782 ras
2042 4726 2109 4780 ad
2141 4741 2261 4780 cum
2289 4741 2354 4780 ex
2384 4725 2577 4780 itinere
2601 4725 2844 4794 scriptas,
2873 4742 2993 4782 cum
3026 4728 3324 4798 Tagastam,
3352 4746 3383 4785 a
3402 4746 3505 4801 qua

1926 4819 2059 4874 urbe
2084 4819 2355 4873 absentem
2383 4835 2442 4873 se
2466 4834 2583 4873 esse
2612 4820 2891 4890 signiﬁcat,
2920 4830 3061 4875 esset
3090 4824 3395 4891 propediem
3420 4839 3507 4879 re-

1927 4910 2157 4966 diturus.
2202 4910 2337 4965 Eum
2380 4910 2741 4966 Romanianus
2786 4912 3026 4980 prosperi
3068 4927 3244 4966 rerum
3290 4928 3505 4968 suarum

1932 5005 2107 5061 exitus
2133 5004 2445 5074 participem
2470 5003 2669 5059 fecerat
2692 5022 2703 5058 :
2726 5018 2831 5073 quo
2857 5004 3041 5057 nuntio
3063 5003 3267 5056 etiamsi
3299 5004 3509 5062 laetatur

1928 5098 2272 5169 Augustinus,
2304 5112 2425 5152 eum
2471 5106 2649 5153 tamen
2689 5096 2958 5161 admonet,
2986 5105 3045 5149 ut
3086 5094 3241 5150 ﬂuxa:
3272 5095 3508 5154 felicitati

1930 5191 2150 5246 minime
2174 5189 2427 5255 contidat,
2455 5196 2510 5245 et
2532 5189 2700 5243 multo
2718 5188 2892 5240 minus
2917 5185 3205 5252 inbazreat;
3227 5188 3320 5244 sed
3341 5188 3510 5245 otium

1932 5282 2033 5338 sibi
2063 5281 2317 5337 divinitus
2355 5279 2537 5334 datum
2579 5277 2645 5332 ad
2667 5285 2869 5332 aaterna
2898 5276 3034 5331 bona
3062 5277 3228 5348 magis
3255 5292 3319 5333 ac
3341 5280 3512 5352 magis

1931 5373 2214 5446 quaerenda
2233 5370 2471 5427 conferat
2494 5369 2681 5441 (Epist.
2711 5364 2822 5439 15).

2003 5468 2059 5524 5.
2096 5466 2177 5520 Ad
2219 5464 2500 5535 Tagastam
2540 5461 2809 5516 habitabat
2856 5458 2994 5514 haud
3035 5458 3195 5515 dubie
3237 5474 3303 5515 eo
3339 5458 3513 5517 adhuc

1932 5566 2194 5626 tempore,
2247 5571 2353 5626 quo
2398 5554 2466 5608 ad
2513 5553 2799 5608 Maximum
2850 5551 3257 5609 Madaurensem
3298 5552 3512 5622 scripsit

1932 5648 2127 5721 (Ερὶδιο
2162 5656 2270 5727 17).
2298 5654 2431 5710 Nam
2457 5653 2543 5709 illa
2569 5669 2687 5726 qua:
2711 5644 2811 5717 ipsi
2841 5662 2964 5703 cum
2993 5645 3095 5702 hoc
3120 5643 3331 5700 ethniw
3350 5640 3512 5709 fuiss.
