3994 6352
538 263 640 325 167

519 407 757 464 cernitur
775 402 1127 469 consuetudo,
1146 414 1254 455 non
1275 398 1374 453 alia
1398 396 1500 453 nisi
1521 395 1803 451 vicinitatis
1823 393 2103 449 occasione

520 499 708 554 oborta
753 513 872 553 esse
909 495 1135 550 videtur.
1183 490 1430 546 Madaura
1478 487 1674 558 quippe
1714 496 1827 541 erat
1862 484 2102 553 Tagasta;

523 590 748 644 finitima
773 585 1024 658 (Confess.
1055 582 1213 647 libﬂ,
1238 598 1349 650 cap.
1369 581 1423 645 5,
1449 597 1500 631 n.
1527 576 1605 648 5).
1630 574 1830 630 Deinde
1855 589 1972 627 cum
1995 572 2104 625 nul-

520 680 629 735 lum
659 688 749 733 aut
774 678 1106 746 episcopatus
1148 682 1238 725 aut
1273 670 1665 740 presbyteratus
1692 666 1806 735 ejus
1835 674 2007 719 exstet.
2047 663 2098 716 in

521 785 584 825 ea
614 769 923 837 vestigium;
954 776 1112 834 atque
1153 762 1310 817 etiam
1361 760 1620 815 idolorum
1659 756 1857 820 cultus,
1886 754 1974 824 qui
2004 753 2103 808 sub

521 861 727 915 initiqu
753 859 874 912 anni
902 855 1258 912 trecentesimi
1287 851 1614 922 nonagesimi
1637 851 1789 919 primi
1816 849 2102 917 Imperato-

519 968 637 1009 rum
670 952 785 1021 lege
815 951 1008 1005 vetitus
1035 949 1147 1013 fuit,
1180 946 1353 1001 adhuc
1384 945 1626 1015 publicus
1649 943 1803 1007 foret,
1828 950 1883 994 ut
1906 940 2098 1010 passim

520 1040 594 1095 ibi
619 1040 971 1109 signiﬁcatur;
997 1038 1119 1092 inde
1145 1037 1268 1090 licet
1294 1035 1511 1098 inferre,
1536 1033 1784 1103 seriplam
1806 1030 1968 1083 fuisse
1989 1029 2102 1097 epi-

520 1130 709 1185 stolam
738 1143 879 1182 anno
901 1126 1274 1183 trecentesimo
1302 1124 1667 1193 nonagesimo.
1700 1122 1978 1185 Maximus,
2010 1119 2098 1189 qui

519 1220 896 1292 grammaticus
931 1228 1284 1291 nuncupatur,
1316 1216 1484 1285 palam
1528 1214 1871 1285 proﬁtebatur
1907 1227 2098 1281 super-

518 1312 786 1367 stitionem
846 1310 1143 1372 ethnicam,
1197 1308 1281 1361 cui
1331 1306 1701 1360 Madaurenses
1741 1303 1935 1367 adhuc,
1990 1302 2097 1356 imo

518 1407 678 1463 etiam
725 1405 905 1459 multis
951 1412 1072 1473 post
1115 1402 1289 1464 annis,
1337 1408 1490 1455 erant
1537 1414 1856 1468 magnopere
1911 1395 2094 1461 dediti,

519 1497 763 1568 quamvis
792 1494 1185 1550 Catholicorum
1215 1491 1437 1546 ecclesia
1466 1491 1575 1557 jam
1617 1499 1725 1542 tum
1759 1497 1898 1542 esset
1924 1487 2015 1540 illo
2043 1488 2096 1540 in

518 1588 713 1660 oppido
738 1588 1040 1641 constituta.
1073 1584 1420 1639 Ethnicorum
1462 1582 1548 1634 ille
1583 1595 1765 1634 errore
1789 1586 2094 1647 occupatus,

516 1681 570 1735 in
598 1695 690 1735 sua
713 1679 779 1734 ad
811 1678 1162 1749 Augustinum
1194 1673 1417 1744 epistola
1446 1686 1608 1726 unum
1636 1670 1801 1724 Deum
1832 1682 2095 1721 summum

516 1769 634 1825 sine
672 1770 842 1831 initio,
866 1768 1016 1837 cujus
1054 1765 1278 1820 diversa
1318 1763 1539 1817 virtutes
1577 1768 1631 1814 et
1668 1757 1907 1829 quasdam
1936 1756 2096 1810 veluti

516 1859 755 1915 membra
781 1860 960 1913 caeteri
991 1857 1061 1911 dii
1105 1856 1234 1920 siut,
1265 1853 1521 1924 agnoscit.
1549 1850 1667 1904 Mox
1704 1850 1839 1918 joeis
1881 1847 2098 1903 insulsis

517 1961 572 2008 et
611 1950 813 2021 frigidis
840 1947 1187 2019 quorumdam
1232 1954 1520 2015 martyrum
1550 1939 1971 1996 Madaurensium
2002 1953 2097 1991 no-

517 2043 663 2097 mina
691 2042 1012 2096 insectatur:
1038 2038 1227 2107 quibus
1275 2045 1448 2089 tamen
1492 2032 1676 2087 Jovem
1721 2045 1874 2085 suum
1921 2027 2099 2082 fulmi-

516 2140 765 2196 nantem,
816 2131 1145 2198 aliorumque
1193 2124 1415 2180 deorum
1470 2121 1845 2177 immortalium
1888 2120 2095 2174 turbam

514 2222 782 2293 postponi,
805 2222 888 2275 vel
928 2219 1126 2274 invitus
1169 2219 1379 2271 fatetur.
1416 2214 1526 2270 Sub
1554 2216 1666 2267 haec
1702 2213 1845 2268 velut
1872 2212 2094 2267 deorum

513 2328 731 2368 suorum
754 2312 1035 2366 veritatem
1056 2315 1359 2363 asserturus
1385 2304 1550 2369 addit,
1575 2319 1672 2359 eos
1698 2311 1752 2358 et
1776 2303 1946 2372 palam
1971 2302 2093 2369 coli,

512 2412 570 2461 et
605 2405 848 2459 victimas
890 2402 942 2455 in
986 2399 1155 2454 oculis
1198 2398 1436 2452 omnium
1484 2396 1587 2450 illis
1633 2394 1933 2453 immolari;
1974 2408 2095 2447 cum

512 2493 799 2550 Christiani
828 2493 994 2548 Deum
1022 2505 1177 2544 suum
1204 2490 1258 2543 in
1280 2488 1414 2542 locis
1436 2486 1630 2541 abditis
1655 2492 1969 2555 praesentem
1985 2501 2015 2538 a
2037 2499 2097 2539 se

517 2588 663 2644 cerni
690 2592 1017 2641 assererem.
1040 2582 1292 2637 llortatur
1318 2580 1494 2650 itaque
1513 2578 1883 2648 Augustinum,
1904 2586 1957 2630 ut
1976 2584 2097 2646 post

517 2679 687 2750 posita
701 2675 974 2746 paululum
992 2671 1235 2727 facundia
1250 2685 1361 2734 sua,
1374 2683 1530 2739 quam
1545 2667 1779 2721 omnium
1796 2666 2094 2719 mortalium

515 2769 654 2823 fama
683 2764 1022 2828 celebrabat;
1050 2761 1263 2817 omissis
1288 2760 1469 2823 etiam,
1496 2757 1688 2828 quibus
1718 2770 1953 2825 pugnare
1969 2769 2097 2809 con-

512 2866 778 2923 sueverat,
806 2855 977 2911 acutis
997 2862 1051 2909 et
1081 2852 1279 2923 pressis
1308 2847 1595 2921 Chrysippi
1621 2846 1982 2916 argumentis;
2013 2861 2097 2901 re-

512 2958 655 3007 mota
694 2948 924 3018 denique
951 2945 1250 3010 dialectica,
1278 2957 1397 3012 qua:
1422 2941 1599 2996 omnia
1629 2939 1795 2994 efﬁcit
1819 2939 2097 3009 aequaliter

510 3039 842 3113 probabilia,
888 3036 1132 3108 quisnam
1184 3034 1252 3088 sit
1293 3032 1712 3087 Christianorum
1769 3030 1943 3093 Deus,
1995 3029 2094 3083 sibi

511 3145 702 3202 reapse
729 3130 1058 3184 demonstret
1087 3124 1277 3197 (Epist.
1312 3123 1424 3193 16).
1451 3121 1541 3177 Sic
1569 3123 1642 3175 illi
1671 3121 1959 3192 respondet
1983 3124 2095 3175 Au-

511 3224 773 3297 gustinus,
806 3230 968 3276 totam
994 3227 1053 3273 ut
1076 3218 1191 3288 ejus
1214 3215 1512 3286 epistolam,
1542 3214 1687 3268 velut
1724 3213 2095 3281 joculatoriam

512 3316 768 3385 accipiat;
803 3311 953 3383 quasi
981 3308 1415 3379 superstitionem
1445 3303 1708 3359 ethnicam
1731 3303 1957 3357 voluerit
1984 3304 2095 3371 ipse

511 3404 767 3462 cavillari.
791 3403 987 3457 Verum
1026 3397 1411 3469 amplissimum
1451 3395 1640 3450 saltem
1677 3394 2005 3448 demonstrat
2030 3393 2096 3446 ab

511 3512 578 3553 eo
608 3497 706 3553 sibi
738 3498 909 3550 locum
939 3491 1201 3563 patefieri,
1228 3497 1286 3545 ut
1314 3486 1560 3542 ostendat
1597 3494 1793 3555 quanta
1821 3484 1871 3537 in
1904 3484 2095 3537 Ethni-

511 3604 696 3645 eorum
739 3587 996 3658 religione
1037 3581 1256 3638 ridenda
1297 3580 1658 3635 sintzeaveat
1703 3585 1878 3631 tamen
1922 3592 1988 3631 ne
2029 3575 2097 3631 de

512 3680 624 3736 Deo
649 3681 830 3751 jocose
859 3676 1143 3747 loquendo,
1170 3674 1222 3728 in
1251 3671 1598 3742 blasphemas
1624 3683 1785 3724 voces
1813 3675 2092 3739 erumpat:

511 3780 761 3828 cmterum
788 3783 902 3823 rem
926 3781 1046 3821 esse
1074 3764 1212 3820 seria
1241 3763 1571 3817 discussione
1616 3759 1824 3831 dignam
1848 3776 1861 3824 ;
1890 3774 1947 3814 se
1976 3775 2096 3813 cum

513 3878 633 3919 eam
665 3862 754 3915 ille
779 3858 920 3914 serio
946 3856 1132 3927 egerit,
1154 3869 1412 3924 responso
1438 3868 1542 3906 non
1569 3851 1873 3906 defuturum
1897 3869 1909 3903 :
1929 3851 2094 3920 joeari

513 3953 616 4008 sibi
659 3950 817 4006 modo
856 3964 952 4020 per
994 3949 1159 4001 otium
1203 3960 1307 3999 non
1338 3944 1529 4008 licere;
1558 3942 1700 3997 aliud
1732 3944 1870 3996 enim
1898 3943 2096 3996 amicos

513 4058 672 4114 posse
693 4042 814 4112 jure
839 4040 1052 4111 exigere
1078 4038 1140 4091 de
1161 4046 1352 4101 nostra,
1373 4035 1465 4095 ait,
1490 4035 1763 4106 preposito.
1792 4033 1979 4104 (Epist.
2006 4035 2092 4098 l7,

438 4113 457 4130 ⁸
601 4134 680 4206 5).
708 4133 911 4200 Quibus
936 4130 1113 4186 verbis
1140 4129 1433 4182 monastica
1465 4126 1723 4197 professio
1743 4125 2093 4195 histempori--

514 4224 613 4281 bus
642 4221 904 4292 designari
935 4219 1160 4274 solebat.

585 4314 639 4369 6.
680 4310 965 4368 Caelestino
994 4310 1164 4363 amico
1201 4321 1300 4361 suo
1334 4307 1444 4376 jam
1485 4319 1611 4359 suas
1648 4303 1901 4359 adversus
1926 4303 2095 4359 Mani-

513 4404 693 4461 chmos
718 4401 1114 4457 lucubrationes
1138 4397 1387 4468 legendas
1408 4397 1644 4451 miserat.
1678 4395 1826 4449 llunc
1853 4394 2096 4465 perbrevi

514 4493 739 4566 epistola
768 4492 835 4546 ab
865 4490 980 4561 ipso
1006 4489 1141 4544 forte
1165 4496 1289 4543 ante
1312 4486 1735 4557 presbyteratum
1752 4527 1767 4551 ,
1797 4485 1947 4556 cujus
1972 4485 2094 4539 nul-

514 4587 625 4643 lum
650 4585 703 4640 in
728 4600 791 4640 ea
819 4582 1089 4649 indicium,
1117 4580 1237 4635 data
1258 4622 1273 4646 ,
1300 4590 1450 4649 rogat
1476 4577 1822 4648 Augustinus,
1855 4593 1921 4632 ne
1945 4576 2096 4631 diﬁ'e—

513 4687 600 4735 rat
635 4693 727 4733 eas
772 4675 1074 4739 remittere;
1107 4670 1465 4740 rescribatquc
1493 4670 1617 4739 quid
1644 4668 1715 4723 de
1744 4669 1845 4723 illis
1880 4669 2092 4733 sentiat,

512 4769 709 4841 quidve
739 4770 790 4822 in
818 4767 879 4821 iis
909 4765 975 4820 ad
1003 4764 1287 4818 hazreticos
1322 4764 1455 4816 istos
1484 4764 1694 4831 penitus
1719 4759 2096 4831 expugnandos

511 4859 805 4918 desiderari
842 4855 1154 4926 comperiat.
1196 4852 1392 4923 Optare
1432 4866 1493 4907 se
1532 4852 1689 4916 dicit,
1734 4852 1849 4921 ejus
1878 4851 2096 4905 auribus

512 4950 783 5022 quidpiam
810 4947 1023 5003 assidue
1047 4946 1289 5015 ingerere
1306 4985 1321 5008 ,
1350 4951 1408 4997 ut
1432 4957 1490 4997 se
1510 4942 1757 4996 nimirum
1782 4955 2095 5010 supervaca-

511 5042 627 5095 neis
647 5040 791 5096 curis
809 5045 1058 5103 exueret,
1086 5051 1149 5089 ac
1173 5034 1389 5089 utilibus
1411 5040 1467 5087 et
1489 5032 1803 5087 necessariis
1830 5032 2091 5087 indueret.

512 5131 702 5189 Omnia
728 5129 1003 5187 christiani
1034 5126 1265 5181 hominis
1293 5125 1468 5180 ofﬁcia
1498 5139 1605 5178 uno
1643 5123 1714 5178 ibi
1753 5123 1918 5179 verbo
1945 5138 2094 5178 com-

515 5222 764 5294 plectitur
788 5238 802 5276 :
826 5220 1065 5275 infimum
1092 5217 1293 5272 scilicet
1313 5216 1511 5271 bonum
1532 5229 1636 5269 non
1656 5213 1896 5284 diligere,
1922 5215 1972 5268 in
1993 5230 2097 5269 me-

514 5313 605 5370 dio
634 5326 727 5367 seu
755 5313 806 5366 in
835 5327 933 5365 suo
960 5312 1100 5365 bono
1130 5325 1233 5363 non
1261 5307 1617 5372 insolescere,
1649 5320 1713 5359 ae
1736 5306 1815 5360 sic
1840 5306 1905 5358 ad
1932 5305 2096 5359 iubat-

514 5404 738 5465 reudum
759 5417 967 5458 summo
992 5402 1131 5455 bono
1153 5400 1401 5454 idoneum
1428 5413 1487 5453 sc
1514 5398 1748 5467 pra'bere
1777 5397 1962 5471 (Epist.
1984 5397 2092 5469 18).

584 5497 640 5553 7.
678 5496 796 5551 Non
834 5494 1045 5549 videtur
1085 5493 1136 5546 in
1177 5491 1318 5545 aliud
1346 5499 1555 5560 tempus
1582 5490 1857 5545 referenda
1886 5490 2001 5559 ejus
2028 5490 2095 5545 ad

516 5587 705 5645 Gaium
734 5586 976 5657 epistola.
1008 5584 1104 5638 Hic
1131 5583 1359 5637 fortasse
1385 5582 1705 5638 Manieliazus
1730 5590 1846 5636 erat
1872 5591 1961 5636 aut
1988 5582 2094 5636 Do-

516 5680 744 5747 natista;
773 5689 917 5737 certe
943 5692 975 5735 a
1003 5673 1265 5734 catholico
1290 5673 1487 5734 Christi
1523 5689 1683 5747 grege
1719 5674 1927 5732 alienus
1957 5687 1974 5729 τ
2002 5672 2096 5735 ted

1656 279 1811 336 VITA
1851 279 1910 335 S.
1954 275 2317 333 AUGUSTINI
2354 278 2674 339 EPlSCOPl.

3691 295 3785 360 l02

2212 393 2256 448 is
2282 403 2457 450 tamen
2478 439 2493 463 ,
2524 397 2610 452 cui
2638 396 3038 455 misericordem
3068 401 3162 457 Dei
3198 405 3580 475 providentiam
3610 412 3779 485 Augo-

2210 486 2380 540 stinus
2401 497 2637 558 speraret
2652 489 2969 546 adfuturam.
2992 491 3048 547 in
3066 494 3213 551 brevi
3230 498 3488 568 siquidem
3504 503 3778 575 colloquio.

2210 577 2349 646 quod
2379 594 2499 632 cum
2525 596 2589 634 eo
2612 580 2902 651 habuerat,
2931 586 3221 642 maximum
3245 589 3384 644 illius
3411 592 3462 645 in
3486 596 3778 665 vestiganda

2210 668 2430 723 veritate
2467 670 2709 725 ardorem
2748 674 3226 741 animadverterat;
3267 680 3550 748 plurimum
3577 701 3778 759 quoque

2208 758 2413 812 roboris
2451 774 2515 814 ac
2550 762 2822 831 sapientia:
2852 763 2904 818 in
2936 766 3188 829 veritate,
3222 786 3378 839 quam
3417 775 3584 829 semel
3622 758 3779 849 agno-

2209 847 2401 915 visset,
2431 866 2697 920 nunquam
2725 854 3037 910 deserenda.
3066 854 3372 929 Recolimus,
3396 863 3583 934 inquit,
3609 847 3781 926 ardore

2206 938 2542 1009 inquisitionis
2568 953 2692 1005 tute,
2733 961 2846 999 cum
2887 956 3009 1000 esset
3040 950 3283 1005 mirabilis
3302 994 3317 1020 ,
3349 971 3447 1008 non
3486 957 3643 1026 fuisse
3669 977 3781 1028 per-

2208 1032 2455 1085 turbatam
2477 1036 2770 1089 moaestiam
2796 1037 3089 1107 disputandi
3117 1056 3138 1094 .'
3164 1058 3279 1095 nam
3310 1062 3467 1115 neque
3485 1048 3780 1117 ﬂagrantius

2208 1132 2611 1189 percontantem,
2641 1142 2796 1194 neque
2824 1128 3143 1197 tranquillius
3177 1134 3459 1188 audientem
3492 1131 3779 1212 quemquam

2205 1210 2355 1278 facile
2370 1212 2659 1267 invenerim.
2688 1215 2798 1268 Non
2821 1226 3029 1286 poterat
3046 1221 3370 1290 Augustinus
3392 1234 3516 1282 tunc
3535 1210 3779 1299 temporis

2205 1312 2323 1351 cum
2354 1314 2419 1353 eo
2448 1299 2753 1371 frequenter
2781 1306 3009 1374 colloqui
3039 1326 3051 1359 :
3084 1311 3224 1379 quod
3256 1321 3312 1366 ut
3339 1316 3643 1384 suppleret,
3673 1322 3782 1389 epi-

2204 1389 2413 1456 stolam,
2442 1407 2542 1460 qua
2570 1393 2636 1446 de
2656 1395 2879 1463 agimus,
2909 1397 2974 1451 ad
3000 1414 3121 1452 eum
3150 1402 3320 1466 misit,
3348 1405 3612 1476 simulque
3636 1408 3778 1465 fratri

2202 1480 2440 1548 epistolae
2470 1482 2625 1537 latori
2654 1485 2958 1540 mandatum
2984 1488 3156 1556 dedit,
3184 1508 3290 1561 quo
3317 1494 3364 1548 ei
3396 1496 3613 1565 legenda
3642 1515 3780 1571 prte-

2202 1568 2353 1623 beret
2376 1573 2575 1639 omnia,
2605 1590 2723 1642 qua:
2746 1587 2931 1631 contra
2958 1578 3226 1649 haeresim,
3253 1599 3410 1653 quam
3438 1586 3526 1640 ille
3548 1568 3781 1647 seciaba—

2206 1668 2289 1714 tur
2307 1702 2321 1725 ,
2345 1664 2752 1733 conscripserat.
2786 1666 2839 1720 In
2861 1684 3017 1738 quam
3047 1687 3159 1726 rem
3184 1672 3254 1726 ita
3283 1676 3467 1730 scribit
3494 1695 3508 1731 :
3539 1677 3659 1733 Non
3679 1681 3779 1734 ali-

2200 1752 2322 1820 quid
2345 1769 2507 1806 meum
2529 1755 2795 1810 inculcabit
2815 1758 3007 1823 invito;
3031 1763 3145 1815 novi
3169 1764 3298 1816 enim
3323 1766 3446 1835 quid
3472 1768 3781 1841 benignitatis

2201 1842 2253 1895 in
2283 1859 2373 1896 nos
2406 1845 2575 1899 animo
2601 1862 2746 1917 geras
2775 1864 2792 1902 :
2820 1865 2933 1915 qua:
2960 1860 3128 1905 tamen
3151 1853 3198 1906 si
3229 1854 3356 1908 lecta
3392 1859 3674 1924 probaveris
3692 1902 3706 1925 ,
3734 1871 3781 1917 et

2200 1948 2316 1985 vera
2344 1936 2648 2005 pervideris,
2694 1948 2865 1993 nostra
2897 1958 3002 1995 esse
3035 1959 3135 1996 non
3172 1954 3313 2014 putes
3334 1988 3349 2012 ,
3387 1947 3485 2002 nisi
3515 1951 3636 2020 quia
3664 1953 3782 2007 data

2199 2032 2351 2090 sunt,
2383 2042 2535 2094 eoque
2562 2036 2609 2081 te
2640 2038 2897 2083 convertas
2926 2031 3069 2099 licet,
3098 2034 3231 2088 unde
3256 2036 3342 2089 tibi
3380 2055 3573 2108 quoque
3594 2051 3695 2107 est,
3724 2054 3781 2097 ut

2200 2130 2260 2167 ea
2288 2116 2550 2184 probares,
2586 2118 2783 2173 datum.
2817 2120 2982 2176 Nemo
3023 2125 3156 2177 enim
3189 2128 3324 2197 quod
3361 2130 3503 2200 legit,
3538 2132 3590 2185 in
3615 2134 3782 2188 codice

2200 2203 2309 2273 ipso
2334 2205 2489 2259 cernit
2510 2222 2680 2260 verum
2702 2224 2835 2277 esse,
2864 2221 2951 2264 aut
2974 2212 3027 2266 in
3046 2230 3104 2267 eo
3127 2216 3214 2285 qui
3235 2218 3528 2286 scripserit;
3550 2223 3640 2275 sed
3660 2223 3712 2277 in
3728 2240 3783 2278 se

2200 2296 2366 2365 potius
2381 2339 2396 2362 ,
2428 2299 2473 2351 si
2492 2298 2601 2369 ejus
2622 2302 2775 2353 menti
2798 2304 3053 2371 quoddam
3075 2324 3175 2360 non
3196 2308 3467 2380 uulgariter
3489 2313 3781 2385 candidum,

2197 2388 2287 2441 sed
2312 2405 2345 2441 a
2374 2393 2495 2457 [arce
2533 2394 2761 2460 corporis
2802 2396 3187 2451 remotissimum
3227 2400 3392 2455 lumen
3434 2404 3652 2460 veritatis
3682 2408 3782 2459 int-

2200 2495 2425 2547 pressum
2468 2490 2559 2534 est.
2609 2482 2755 2547 Quod
2799 2484 2845 2537 si
2884 2485 3019 2554 falsa
3058 2488 3229 2557 aliqua
3269 2500 3420 2561 atque
3454 2493 3784 2563 improbanda

2198 2572 2497 2638 compereris
2515 2614 2530 2637 ,
2561 2572 2623 2627 de
2647 2575 2868 2629 humano
2894 2576 3065 2631 nubilo
3088 2578 3308 2633 irrorato
3332 2583 3462 2637 scias
3478 2622 3494 2649 ,
3519 2592 3568 2638 et
3589 2601 3650 2639 ea
3675 2600 3786 2641 vere

2198 2671 2371 2711 nostra
2398 2676 2503 2714 esse
2526 2661 2734 2731 deputes
2763 2663 2952 2735 (Epist.
2986 2666 3098 2737 i9).

2269 2747 2322 2802 8.
2351 2747 2482 2802 Cum
2505 2752 2571 2806 ab
2591 2753 2859 2808 Antonino
2879 2755 2977 2809 sub
2999 2756 3139 2812 idem
3160 2756 3291 2815 illud
3313 2768 3540 2833 tempus,
3563 2778 3626 2819 ac
3646 2763 3784 2822 forte

2198 2837 2433 2892 nondum
2467 2844 2743 2913 presbyter
2767 2844 3044 2900 ordinatus
3061 2888 3076 2911 ,
3106 2848 3310 2904 litteras
3336 2854 3633 2923 accepisset
3659 2855 3787 2910 ofﬁ-

2198 2930 2263 2984 cii
2290 2941 2345 2985 et
2368 2934 2616 2988 amicitia:
2647 2935 2831 3004 plenas
2852 2979 2868 3003 ,
2900 2940 3175 3008 rescripsit
3214 2942 3288 2996 illi
3320 2946 3518 3013 gratias
3545 2956 3786 3016 acturus,

2198 3022 2337 3089 quod
2373 3022 2441 3076 ab
2480 3039 2546 3077 eo
2583 3023 2751 3078 ﬁdelis
2780 3025 2870 3079 Dei
2911 3042 3097 3083 servus
3125 3028 3443 3100 haberetur,
3479 3050 3648 3106 eoque
3683 3053 3789 3093 no-

2200 3112 2343 3166 mine
2371 3112 2653 3181 plurimum
2685 3114 3008 3184 diligeretur.
3046 3118 3103 3172 In
3133 3135 3293 3189 quam
3321 3138 3434 3177 rem
3464 3123 3589 3179 dicit
3616 3127 3792 3183 multa

2200 3204 2355 3273 longe
2381 3205 2761 3274 pulcherrima.
2791 3208 2959 3276 llujus
2984 3212 3239 3267 Antonini
3265 3214 3459 3284 conjux
3487 3217 3795 3273 Donatista-

2199 3312 2316 3350 rum
2346 3297 2616 3352 sehismati
2648 3300 2954 3356 adhaerebat
2982 3319 2995 3354 :
3029 3303 3170 3358 illius
3200 3304 3378 3376 itaque
3405 3307 3576 3363 virum
3608 3320 3793 3368 monet

2202 3389 2525 3457 Augustinus
2546 3432 2561 3456 ,
2598 3390 2688 3444 Dei
2721 3391 2963 3446 timorem
2990 3393 3073 3448 vel
3102 3396 3282 3449 uxoris
3308 3412 3418 3451 suae
3447 3399 3610 3453 menti
3639 3399 3792 3457 inse-

2202 3492 2303 3547 rat,
2334 3482 2416 3536 vel
2442 3498 2562 3537 eum
2590 3483 2755 3538 divini
2784 3486 2930 3540 verbi
2958 3487 3216 3555 lectione,
3248 3490 3499 3560 gravique
3522 3492 3795 3562 colloquio

2203 3576 2419 3629 nutriat.
2444 3575 2718 3631 Neminem
2743 3578 2908 3642 enim,
2936 3580 3024 3648 qui
3049 3579 3114 3635 de
3135 3590 3274 3635 statu
3299 3583 3489 3636 anima:
3509 3597 3619 3637 suae
3640 3585 3794 3639 solli-

2201 3666 2355 3732 citus,
2386 3677 2543 3737 atque
2570 3669 2639 3722 ob
2665 3668 2767 3724 hoc
2796 3671 3003 3727 sincere
3032 3688 3093 3727 ac
3129 3674 3244 3729 sine
3280 3676 3568 3746 pertinacia
3608 3677 3793 3747 inqui-

2202 3757 2383 3811 rendae
2425 3758 2680 3813 voluntati
2711 3760 2900 3816 divina:
2931 3763 3165 3819 intentus
3192 3765 3290 3831 sit,
3324 3782 3427 3821 non
3453 3766 3786 3836 dignoscere.

2202 3849 2244 3902 si
2272 3848 2429 3903 modo
2455 3849 2595 3904 bono
2620 3851 3046 3908 demonstratore
3076 3866 3278 3922 utatur,
3313 3857 3438 3927 quid
3463 3857 3565 3913 sibi
3595 3859 3677 3914 vel
3704 3857 3795 3913 fu-

2201 3939 2453 4010 giendum
2483 3941 2586 4007 sit,
2619 3943 2699 3997 vel
2730 3945 3054 4013 sequendum
3091 3944 3283 4017 (Epist.
3311 3947 3426 4019 20).

2793 4032 3021 4089 CAPUT
3059 4035 3149 4090 1V.

2205 4120 2229 4174 1
2280 4118 2549 4191 Presbyter
2576 4121 2917 4193 Hipponensis
2946 4142 3078 4179 anno
3108 4126 3295 4182 Christi
3321 4130 3661 4185 trecentesimo
3692 4149 3797 4187 no-

2277 4214 2533 4281 nagesimo
2579 4216 2741 4285 primo
2783 4216 3064 4271 ordinatur.
3127 4217 3163 4272 2
3197 4219 3273 4274 De
3313 4220 3794 4296 Hippone—Regio.

2273 4302 2308 4356 5
2335 4301 2411 4356 De
2444 4301 2643 4357 Valerio
2672 4305 2809 4359 illius
2832 4306 2967 4361 urbis
2990 4308 3245 4379 episcopo.
3294 4311 3329 4365 4
3378 4314 3454 4365 Ab
3479 4330 3537 4367 eo
3559 4315 3802 4381 postulas

2274 4394 2586 4464 Augustinus
2619 4396 2826 4466 aliquod
2862 4407 3082 4468 tempus,
3122 4414 3220 4468 quo
3253 4418 3360 4456 sese
3393 4404 3447 4457 in
3486 4421 3683 4459 secessu
3718 4404 3799 4459 ad

2272 4486 2566 4556 presbyterii
2600 4488 2770 4540 munia
2796 4490 3024 4558 precibus
3048 4502 3093 4544 et
3116 4507 3378 4547 sacrarum
3403 4493 3799 4566 Scripturarum

2271 4575 2438 4629 studio
2475 4589 2748 4647 comparet.
2793 4580 2827 4635 5
2857 4578 3007 4644 Quod
3035 4598 3321 4638 concessum
3350 4586 3544 4641 videtur
3569 4605 3603 4641 a
3634 4586 3799 4642 Vale-

2270 4666 2369 4720 rio.
2418 4665 2452 4721 6
2490 4665 2617 4737 Ejus
2643 4670 2793 4739 jussu
2823 4670 3131 4741 Augustinus
3171 4674 3425 4745 presbyter
3457 4678 3661 4732 uerbum
3689 4676 3801 4732 Dei

2272 4765 2452 4810 tractat
2481 4757 2549 4809 ad
2577 4757 2798 4827 plebem,
2829 4760 2980 4813 etiam
3004 4773 3246 4833 prasente
3269 4765 3379 4835 ipso
3402 4766 3662 4839 episcopo.

2273 4847 2326 4901 1.
2367 4846 2674 4902 Triennium
2707 4850 2870 4904 ferme
2890 4850 3000 4921 jam
3027 4852 3338 4923 efﬂuxerat,
3369 4871 3436 4911 ex
3468 4873 3574 4929 quo
3599 4860 3799 4929 Augu-

2200 4937 2373 4994 stinus
2399 4954 2547 4993 more
2583 4955 2644 4994 ac
2675 4941 2916 4996 instituto
2943 4945 3325 5000 monachorum
3366 4962 3486 5003 cum
3530 4950 3693 5005 sociis
3738 4952 3801 5004 in

2201 5031 2510 5102 Tagastensi
2541 5047 2756 5087 secessu
2788 5035 3032 5103 vivebat,
3080 5051 3201 5091 eum
3241 5038 3537 5109 Hipponem
3565 5041 3806 5111 proﬁci-

2202 5124 2383 5180 scendi
2411 5124 2649 5195 qumdam
2677 5128 2725 5180 ei
2751 5126 2817 5181 ad
2837 5127 3060 5183 salutem
3089 5130 3244 5184 amici
3272 5131 3660 5201 procurandum
3690 5149 3827 5188 ηοω

2201 5217 2423 5273 cessitas
2452 5216 2695 5286 imposita
2724 5227 2807 5273 est
2836 5218 3027 5291 (Serm.
3060 5220 3197 5289 555,
3237 5237 3291 5275 η.
3321 5219 3401 5296 2).
3443 5222 3621 5295 Usque
3650 5224 3809 5279 adeo

2200 5311 2470 5365 metuebat
2511 5309 2576 5363 ad
2618 5308 2980 5379 episcopatum
3019 5312 3273 5381 provehi,
3317 5322 3374 5367 ut
3399 5329 3519 5368 cum
3550 5316 3803 5372 nominis

2202 5402 2369 5470 ipsius
2396 5401 2533 5455 fama
2561 5401 2699 5478 inter
2729 5402 2819 5456 Dei
2851 5419 3032 5457 servos
3058 5403 3165 5473 jam
3195 5405 3418 5461 dill'undi
3447 5416 3498 5462 et
3524 5407 3809 5462 celebrari

2202 5492 2471 5561 Coepisset,
2498 5491 2564 5546 ad
2585 5507 2647 5546 ea
2666 5491 2781 5546 loca
2801 5494 2992 5563 quibus
3012 5493 3223 5550 deesset
3242 5498 3540 5567 episcopus,
3566 5512 3811 5558 caveret

2202 5583 2477 5639 accedere.
2515 5584 2618 5638 Pro
2649 5585 2786 5639 virili
2823 5596 2971 5657 parte
3002 5587 3226 5657 agebat,
3273 5598 3330 5644 ut
3371 5590 3423 5644 in
3452 5589 3637 5644 humili
3670 5590 3819 5645 loco

2204 5676 2526 5748 salvaretur,
2554 5683 2608 5735 et
2633 5675 2913 5735 eminentis
2936 5678 3132 5740 gradus
3160 5681 3391 5753 pericula
3417 5682 3660 5743 evitaret.
3695 5679 3813 5739 Ni-
