3994 6352
194 494 270 548 hil
296 509 424 550 esse
448 495 502 550 in
524 494 624 552 hac
643 495 773 564 vita,
795 503 851 552 et
868 496 1097 551 maxime
1118 496 1208 552 illo
1228 504 1489 568 tempore,
1512 496 1718 552 facilius
1735 506 1790 553 et

193 588 380 643 latius
402 598 459 643 et
485 590 791 652 hominibus
814 590 1189 659 acceptabilius
1217 591 1499 655 cernebat,
1532 590 1786 661 episcopi,

193 689 289 734 aut
320 679 646 752 presbyteri,
674 691 767 736 aut
789 681 998 736 diaconi
1024 680 1198 737 ofﬁcio
1219 723 1234 749 ,
1263 683 1307 736 si
1337 682 1691 752 perfunctorie
1712 691 1789 736 at-

192 784 304 838 que
330 769 631 827 adulatorie
664 788 751 828 res
779 782 995 844 agatur;
1036 772 1130 828 sed
1168 773 1300 827 nihil
1327 773 1462 843 apud
1494 773 1659 828 Deum
1686 773 1788 826 mi-

191 860 373 915 serius
404 872 461 915 et
491 862 698 917 tristius
722 872 777 917 et
803 862 1173 919 damnabilius.
1204 862 1335 919 ltem
1365 864 1495 918 nihil
1532 878 1653 919 esse
1689 862 1789 918 du-

190 953 351 1007 cebat
376 953 431 1007 in
460 954 561 1009 hac
586 955 692 1010 vita
710 998 725 1021 ,
758 965 813 1010 et
835 957 1065 1012 maxime
1088 956 1182 1012 illo
1205 966 1442 1029 tempore
1463 999 1475 1021 ,
1500 956 1787 1019 difﬁcilius,

190 1044 521 1101 laboriosius
540 1087 557 1111 ,
584 1049 933 1118 periculosius
957 1049 1210 1119 episcopi,
1242 1058 1333 1104 aut
1356 1048 1671 1122 presbyteri,
1700 1058 1791 1103 aut

190 1137 406 1192 diaconi
440 1139 657 1206 ofﬁcio;
686 1144 782 1198 sed
818 1142 958 1210 apud
997 1142 1164 1196 Deum
1204 1142 1333 1196 nihil
1376 1142 1615 1210 beatius,
1644 1141 1689 1198 si
1722 1156 1790 1198 eo

192 1231 360 1285 modo
386 1233 681 1299 militetur,
709 1250 815 1303 quo
836 1242 1019 1289 noster
1039 1234 1330 1304 imperator
1349 1234 1519 1304 jubet.
1542 1233 1672 1301 Quis
1691 1248 1789 1288 auo

191 1333 298 1379 tem
334 1326 408 1380 sit
434 1327 536 1381 iste
565 1326 754 1381 modus
773 1367 790 1393 ,
820 1327 903 1382 vix
932 1327 1139 1383 discere
1164 1327 1447 1397 incipiebat
1477 1326 1668 1397 (Epist.
1696 1325 1786 1393 21,

191 1433 241 1467 η.
275 1416 358 1487 1).
392 1416 488 1471 Sic
521 1425 637 1472 erat
669 1419 848 1473 animo
875 1427 1239 1490 comparatus,
1276 1433 1396 1473 cum
1435 1416 1503 1473 ad
1546 1417 1788 1473 ministe-

192 1509 359 1575 rium,
387 1511 535 1580 quod
564 1519 838 1581 tantopere
862 1512 1204 1577 formidabat,
1238 1512 1489 1567 divinitus
1524 1518 1607 1567 est
1633 1525 1791 1565 voea-

192 1608 309 1664 tus;
342 1600 410 1655 ad
448 1602 594 1671 quod
623 1617 727 1657 non
752 1603 1025 1667 ascendit,
1057 1604 1156 1658 nisi
1195 1602 1317 1673 quia
1354 1604 1579 1658 Domino
1605 1616 1791 1658 servus

193 1693 570 1748 contradicere
596 1709 699 1747 non
725 1694 904 1750 debet.
944 1692 1102 1762 Veni,
1137 1695 1211 1750 ait
1233 1695 1344 1765 ipse
1363 1736 1377 1760 ,
1403 1694 1471 1749 ad
1492 1696 1638 1750 istam
1667 1696 1790 1749 civi-

196 1794 350 1838 tatem
380 1799 591 1856 propter
616 1788 881 1841 videndum
907 1789 1143 1856 amicum,
1173 1804 1320 1858 quem
1350 1787 1587 1858 putabam
1611 1806 1689 1842 me
1713 1790 1792 1842 lu-

194 1880 331 1931 cruri
357 1896 507 1948 posse
530 1879 666 1947 Dea,
695 1890 750 1933 ut
775 1880 1033 1935 nobiscum
1059 1888 1181 1935 esset
1204 1881 1259 1934 in
1288 1882 1586 1934 monasterio
1606 1898 1624 1947 ;
1648 1881 1794 1953 quasi

192 1986 410 2023 securus
431 2013 447 2035 ,
493 1971 606 2040 quia
645 1971 786 2024 locus
828 1971 1036 2025 habebat
1066 1972 1377 2042 episcopum.
1413 1972 1790 2041 Apprehensus,

196 2062 469 2131 presbyter
496 2067 651 2132 factus
674 2078 822 2125 sum,
867 2072 915 2115 et
957 2078 1045 2132 per
1085 2063 1219 2117 hunc
1255 2063 1470 2135 gradum
1499 2064 1698 2133 perveni
1725 2062 1794 2117 ad

194 2153 549 2221 episcopatum
576 2152 769 2223 (Serm.
800 2154 925 2220 555,
954 2170 1007 2207 n.
1030 2152 1109 2226 2).
1142 2154 1269 2208 item
1299 2155 1453 2224 paulo
1480 2152 1645 2209 fusius
1673 2170 1796 2209 nar-

198 2256 279 2299 rat
306 2245 589 2299 Possidius
619 2264 632 2301 :
660 2245 879 2317 Contigit
920 2249 1049 2318 forte
1084 2247 1256 2301 eodem
1295 2258 1543 2318 tempore,
1590 2248 1696 2313 ait,
1740 2256 1795 2301 ut

198 2338 405 2405 quidam
434 2354 499 2391 ea:
526 2339 587 2392 iis
607 2380 621 2405 ,
648 2355 770 2406 quos
796 2338 969 2392 dicunt
994 2340 1207 2410 Agentes
1233 2340 1284 2393 in
1310 2340 1477 2406 rebus,
1500 2341 1639 2410 apud
1662 2338 1795 2409 Hip-

199 2429 630 2498 ponem-Regium
663 2430 992 2495 constitutus,
1037 2431 1156 2484 bene
1197 2430 1501 2485 christianus
1537 2428 1796 2499 Deumque

200 2520 401 2584 timens,
432 2530 691 2590 comperta
715 2521 823 2591 ejus
848 2520 975 2574 bona
1000 2525 1139 2591 fama
1158 2531 1304 2592 atque
1324 2522 1572 2588 doctrina,
1600 2520 1796 2575 deside-

200 2621 333 2665 raret
353 2621 506 2679 atque
525 2622 722 2681 optaret
747 2630 858 2666 eum
881 2613 1065 2681 videre,
1094 2614 1388 2683 promittens
1411 2630 1463 2668 se
1488 2630 1632 2684 posse
1649 2629 1794 2665 mun-

204 2704 251 2757 di
280 2704 440 2774 hujus
471 2722 645 2759 omnes
672 2716 983 2759 contemnere
1009 2705 1307 2775 cupiditates
1336 2714 1483 2774 atque
1515 2704 1791 2769 illecebras,

204 2798 243 2850 si
268 2798 548 2865 aliqud-ida
590 2814 653 2851 ea;
688 2799 797 2868 ejus
828 2815 911 2851 ore
938 2797 1032 2850 Dei
1060 2796 1261 2851 verbum
1300 2797 1474 2851 audire
1517 2797 1792 2850 meruisset.

207 2888 353 2953 Quod
379 2906 493 2941 cum
520 2890 587 2941 ad
614 2906 666 2943 se
688 2890 827 2959 ﬁdeli
853 2890 1025 2961 fuisset
1050 2891 1293 2943 relatione
1316 2890 1559 2956 delatum,
1584 2890 1797 2944 liberare

204 2980 430 3031 animum
451 2980 655 3050 cupiens
676 2980 738 3033 ab
753 2980 906 3052 hujus
924 2982 1033 3035 vita:
1056 2981 1292 3050 periculis
1311 2992 1565 3049 morteque
1583 2990 1792 3046 aeterna,

204 3072 278 3125 ad
300 3084 624 3126 moratam
652 3074 788 3127 ultro
812 3084 961 3143 atque
985 3074 1247 3144 confestim
1283 3075 1412 3127 venit
1442 3075 1689 3127 civitatem
1707 3114 1723 3139 ,
1749 3082 1796 3127 et

207 3161 454 3215 honrinem
488 3164 650 3216 visum
690 3164 939 3217 allocutus
968 3163 1277 3236 frequentius
1319 3172 1466 3234 atque
1505 3164 1796 3218 exhortatus

209 3264 295 3319 est,
322 3265 569 3321 quantum
590 3254 730 3310 Deus
754 3254 992 3321 donabat,
1024 3265 1078 3309 ut
1102 3254 1236 3326 quod
1264 3256 1368 3310 Deo
1392 3264 1590 3311 voverat
1614 3256 1795 3312 redde-

210 3358 295 3400 ret.
326 3346 397 3401 Ac
418 3364 474 3400 se
496 3348 585 3402 ille
615 3348 676 3401 de
698 3348 782 3403 die
805 3349 860 3402 in
884 3348 1016 3404 diem
1043 3352 1297 3423 facturum
1323 3348 1670 3421 pollicebatur,
1708 3367 1798 3405 nec

214 3445 364 3493 Mater!
391 3439 450 3492 in
492 3440 604 3510 ejus
636 3447 754 3494 tunc
788 3440 883 3494 hoc
913 3441 1135 3511 implevit
1166 3443 1432 3512 praesentia
1462 3458 1479 3496 :
1508 3443 1597 3496 sed
1622 3458 1800 3497 vacare

214 3531 370 3598 utique
396 3541 444 3584 et
470 3532 626 3584 inane
651 3548 758 3586 esse
787 3549 886 3586 non
913 3534 1106 3603 potuit,
1134 3535 1268 3603 quod
1296 3552 1382 3603 per
1410 3534 1509 3589 tale
1534 3550 1621 3589 vas
1648 3552 1796 3588 mun-

216 3621 323 3673 dum
344 3633 387 3675 et
416 3623 470 3675 in
495 3622 706 3688 honore,
733 3624 855 3677 utile
875 3624 1114 3689 Domino,
1141 3633 1188 3677 et
1212 3623 1279 3677 ad
1304 3642 1449 3677 omne
1470 3641 1596 3696 Opus
1616 3625 1800 3679 bonum

217 3723 463 3780 paratum,
494 3716 546 3766 in
568 3716 706 3767 omni
728 3715 837 3769 loco
858 3715 1029 3769 divina
1050 3715 1247 3787 gerebat
1271 3716 1579 3784 providentia
1599 3717 1799 3785 (Pass,

217 3803 262 3855 in
294 3803 407 3858 Vita
431 3806 653 3876 August.
680 3848 696 3873 ,
728 3823 775 3860 c.
802 3807 889 3878 5).
924 3807 1074 3861 Ilaud
1104 3808 1302 3862 scimus
1328 3825 1393 3861 an
1423 3809 1693 3864 Possidius
1720 3809 1802 3864 his

219 3902 379 3953 verbis
400 3910 594 3954 notare
617 3900 899 3966 studuerit,
924 3903 1184 3972 Agentem
1207 3902 1366 3956 istum
1384 3902 1662 3972 Augustini
1683 3919 1804 3957 cou-

218 3994 330 4047 silio
355 3996 516 4062 paulo
540 4002 664 4065 post
691 3996 1122 4064 obtemperasse;
1152 4011 1219 4049 an
1246 3994 1523 4065 designare
1560 4011 1801 4051 commo-

217 4085 343 4138 dum
364 4087 513 4152 Velit,
540 4086 684 4156 quod
707 4103 770 4141 ex
796 4086 898 4142 hoc
924 4088 1117 4142 itinere
1140 4087 1418 4157 Augustini
1442 4087 1508 4141 ad
1531 4088 1804 4159 presbyte-

218 4177 355 4231 rium
380 4188 561 4247 postea
600 4180 828 4247 promoti
858 4179 1096 4248 percepit
1124 4179 1379 4233 Ecclesia.
1415 4179 1643 4233 Securus
1678 4194 1804 4248 ergo

217 4266 513 4337 Hipponem
539 4279 781 4335 venerat,
813 4270 951 4338 quod
981 4269 1105 4323 urbs
1132 4270 1217 4324 illa
1244 4269 1570 4339 episcopum,
1605 4270 1807 4325 scilicet

219 4370 451 4415 sanetum
499 4376 685 4415 senem
728 4361 1030 4424 Valerium,
1082 4361 1319 4416 haberet.
1360 4360 1467 4417 Sed
1507 4372 1633 4416 tunc
1671 4360 1805 4415 forte

220 4450 575 4521 Hipponensis
598 4452 834 4506 Ecclesia
861 4453 1172 4523 presbytero
1192 4452 1480 4523 indigebat,
1509 4452 1649 4522 quod
1672 4453 1804 4507 late-

222 4542 296 4596 bat
321 4544 705 4614 Augustinum.
737 4542 1066 4615 Congregato
1102 4545 1278 4614 itaque
1315 4546 1530 4614 populo,
1562 4544 1690 4598 nihil
1716 4545 1807 4599 ille

220 4634 382 4689 simile
412 4635 721 4704 suspicalus
750 4636 800 4688 in
832 4636 1087 4704 templum
1114 4636 1294 4701 venit,
1335 4644 1390 4691 et
1428 4636 1566 4704 plebi
1605 4651 1665 4690 se
1702 4635 1805 4690 im-

221 4726 446 4792 miscuit,
472 4743 596 4797 qute
618 4730 866 4782 virtutem
894 4727 1009 4796 ejus
1029 4727 1430 4797 doctrinamque
1451 4727 1677 4784 habebat
1693 4743 1809 4798 per-

220 4831 489 4887 spectam;
529 4814 757 4889 cmnque
799 4820 939 4889 quod
978 4821 1160 4876 relicto
1202 4821 1520 4892 patrimonio
1551 4828 1717 4875 totum
1748 4836 1809 4876 se

224 4908 323 4964 Deo
350 4910 689 4975 addixisset,
713 4911 997 4966 admodum
1025 4912 1276 4983 diligebat
1304 4912 1496 4984 (Epist.
1516 4912 1638 4977 126,
1658 4929 1711 4966 η.
1731 4910 1805 4984 7).

221 4998 341 5054 Cum
365 5010 551 5055 autem
575 5000 819 5056 Valerius
846 5002 1003 5057 verba
1033 5002 1229 5057 faceret
1250 5002 1315 5057 ad
1335 5004 1609 5075 populum,
1637 5002 1810 5073 deque

221 5091 500 5146 ordinandi
560 5092 857 5164 presbyteri
908 5094 1223 5148 necessitate
1269 5093 1586 5159 dissereret,
1634 5094 1810 5148 subito

223 5186 390 5252 rapuit
418 5186 777 5254 Augustinum
809 5186 1032 5256 p0pulus
1062 5184 1317 5257 (Possid.,
1346 5186 1398 5239 in
1432 5185 1548 5241 Vita
1570 5185 1805 5257 August.,

221 5290 261 5325 ς.
304 5274 374 5345 4)
410 5294 422 5330 :
458 5278 551 5344 qui
593 5278 842 5331 nimirum
884 5277 933 5332 id
976 5276 1098 5347 jure
1141 5285 1381 5348 poterat,
1414 5292 1534 5331 cum
1576 5278 1809 5334 Ecclesia

223 5364 569 5437 Tagastensis
599 5372 946 5439 Augustinum
974 5369 1204 5423 clericali
1237 5369 1436 5423 militia:
1465 5385 1569 5423 non
1609 5369 1809 5425 adscri-

224 5459 412 5524 psisset
440 5458 636 5532 (Epist.
664 5460 784 5525 126,
809 5478 860 5514 η.
888 5458 963 5533 7).
996 5460 1129 5515 Eum
1152 5460 1327 5529 itaque
1350 5460 1539 5516 laicum
1563 5461 1812 5531 episcopo

226 5547 285 5604 de
305 5567 458 5606 more
482 5552 791 5607 obtulerunt
813 5552 1188 5619 ordinandum,
1215 5552 1463 5606 omnibus
1488 5552 1540 5607 id
1564 5567 1668 5607 uno
1686 5568 1811 5608 con—

229 5654 381 5695 sensu
407 5652 464 5696 et
489 5643 757 5698 desiderio
784 5644 893 5697 fieri
918 5644 1206 5713 perficique
1232 5644 1533 5714 petentibus
1554 5686 1569 5712 ,
1597 5660 1814 5715 magno-

230 5744 324 5797 que
354 5732 535 5787 studio
558 5742 614 5785 et
638 5732 870 5787 clamore
897 5733 1272 5803 ﬂagitantibus.
1307 5733 1397 5788 Ille
1422 5748 1549 5789 vero
1575 5743 1813 5788 sanctum

233 5817 365 5875 ξεωίι
388 5822 747 5878 ministerium
772 5824 1277 5891 periculosissimum
1302 5824 1573 5893 judicans,
1598 5824 1812 5896 jamque

593 5914 820 5980 SANG'I'.
859 5918 1140 5980 Auensr.
1166 5917 1217 5978 Ι.

1572 383 1768 441 LIBER
1807 382 2121 441 TERTIUS.

3376 393 3479 450 ΠΟ

1900 496 2078 551 animo
2103 497 2434 567 prospiciens
2459 508 2587 571 quot
2612 500 2855 558 ﬂuctibus
2875 513 2928 559 et
2950 504 3195 574 procellis
3218 505 3271 559 in
3292 505 3479 564 Eccle-

1899 588 1991 643 siae
2018 590 2272 659 regimine
2296 589 2432 646 foret
2454 609 2577 649 mox
2602 594 2932 665 objiciendus
2950 639 2966 664 ,
2997 598 3101 652 vim
3125 598 3477 669 lacrymarum

1898 680 2166 750 profundit
2191 683 2377 754 (Epist.
2407 685 2505 752 21,
2535 703 2587 740 η.
2615 686 2693 758 2).
2724 689 3229 745 Animadvertuntur
3255 691 3371 762 ejus
3396 693 3479 746 la-

1898 786 2114 843 crymte,
2142 789 2241 830 nec
2260 775 2449 830 desunt
2472 778 2559 846 qui
2585 792 2704 832 cum
2724 779 2922 834 doloris
2949 782 3089 837 illius
3114 797 3301 837 causas
3324 783 3477 853 igno-

1898 876 2035 933 rent,
2055 867 2315 922 medelam
2337 869 2501 938 ipsius
2520 870 2724 926 vulneri
2744 873 3044 928 nullatenus
3063 883 3480 930 consentaneam

1897 955 2149 1012 adhibere
2176 958 2440 1014 studeant.
2473 959 2602 1015 Nam
2628 977 2747 1017 cum
2779 963 2895 1033 ejus
2926 964 3186 1035 lacrymas
3210 980 3274 1019 ex
3305 966 3477 1021 inanis

1898 1047 2079 1117 gloriae
2107 1049 2393 1119 cupiditate
2422 1068 2733 1121 promanare
2762 1056 3127 1124 suspicentur,
3157 1056 3298 1126 quod
3323 1057 3481 1110 nimi-

1896 1154 2016 1193 rum
2058 1140 2123 1195 ad
2154 1141 2515 1213 episcopatum
2554 1160 2658 1199 non
2686 1147 2938 1200 continuo
2967 1146 3319 1215 provehatur,
3350 1162 3481 1217 sug-

1897 1241 2088 1301 gerunt
2111 1234 2492 1305 presbyterium
2517 1238 2729 1307 quidem
2754 1236 2888 1292 infra
2910 1239 3048 1294 illius
3067 1239 3312 1296 meritum
3333 1253 3474 1307 esse,

1900 1324 2146 1393 proxime
2172 1334 2351 1381 tamen
2377 1326 2443 1382 ad
2473 1328 2829 1398 episcopatum
2860 1331 3133 1385 accedere.

1968 1416 2022 1468 2.
2063 1416 2354 1487 Augustino
2379 1418 2554 1488 itaque
2580 1419 2771 1474 frustra
2798 1430 3126 1491 repugnante
3152 1420 3331 1491 populi
3354 1429 3479 1476 voto

1898 1506 2093 1563 factum
2114 1509 2342 1564 estsatis
2363 1509 2615 1581 (Possid.,
2638 1512 2691 1565 in
2713 1511 2825 1566 Vita
2846 1513 3079 1585 Augusl.,
3101 1531 3146 1567 ο.
3170 1511 3255 1585 4).
3281 1513 3480 1583 Hippo-

1900 1600 2079 1655 nensis
2103 1601 2358 1657 Ecclesiae
2380 1604 2654 1675 presbyter
2674 1613 2901 1672 creatus,
2930 1606 3066 1660 hanc
3086 1622 3191 1660 non
3214 1620 3342 1660 auro
3362 1605 3481 1680 qui:

1898 1689 2020 1745 dem
2052 1699 2105 1745 et
2132 1701 2353 1762 argento
2379 1692 2747 1762 locupletavit,
2779 1711 2899 1749 eum
2926 1705 3118 1765 praeter
3144 1697 3479 1763 vestimenta,

1902 1784 2094 1853 quibus
2118 1783 2455 1851 induebatur,
2482 1785 2624 1840 aliud
2653 1786 2782 1840 nihil
2806 1787 2871 1841 ad
2898 1802 3015 1842 eam
3035 1788 3267 1843 attulerit
3288 1786 3479 1852 (Serm.

1901 1873 2025 1939 555,
2057 1891 2108 1927 η.
2139 1874 2232 1945 2);
2263 1890 2448 1929 verum
2481 1884 2586 1930 tam
2613 1876 2803 1931 illustri
2831 1876 3071 1931 doctrina
3098 1887 3148 1932 et
3175 1879 3397 1948 pietate,
3426 1888 3485 1931 ut

1902 1962 2319 2035 Hippo-Regius,
2354 1980 2539 2035 parum
2571 1966 2783 2021 aliunde
2812 1967 3069 2034 celebris,
3103 1969 3237 2023 inter
3265 1969 3484 2025 nobilis-

1900 2057 2064 2111 simas
2107 2058 2252 2113 orbis
2285 2058 2559 2113 christiani
2589 2060 2828 2115 civitates
2871 2061 2939 2115 ob
2974 2061 3250 2131 Augustini
3289 2059 3482 2115 famam

1902 2158 2230 2204 numeretur.
2260 2149 2399 2206 Urbs
2428 2151 2543 2218 illa,
2574 2152 2863 2206 secundum
2888 2153 3249 2223 geographos,
3278 2154 3331 2207 in
3363 2168 3481 2207 ma—

1903 2241 2078 2298 ritima
2118 2244 2377 2299 Numidiae
2414 2261 2506 2301 ora
2542 2247 2641 2301 sita
2670 2257 2815 2314 erat,
2858 2259 3043 2301 natura
3089 2263 3218 2303 sane
3263 2264 3325 2302 ac
3368 2249 3487 2303 loco

1902 2335 2141 2404 munita,
2187 2352 2309 2390 cum
2341 2336 2695 2391 Vandalorum
2725 2337 3053 2392 obsidionem
3084 2340 3482 2409 quatuordecim

1901 2429 2172 2484 mensibus
2202 2430 2510 2485 sustinuerit
2536 2428 2789 2501 (Possid.,
2816 2432 2868 2484 in
2899 2428 3012 2483 Vita
3030 2431 3269 2502 August.,
3298 2449 3343 2485 c.
3368 2431 3484 2504 28).

1902 2521 1945 2575 A
1968 2521 2287 2591 Carthagine
2307 2530 2530 2591 quatuor
2550 2531 2604 2576 et
2627 2523 2890 2592 octoginta
2916 2524 3125 2578 circiter
3147 2526 3333 2591 leucis,
3366 2534 3487 2580 octo

1901 2622 1953 2667 et
1981 2614 2194 2683 triginta
2218 2629 2247 2668 a
2269 2614 2412 2669 Cirta
2436 2613 2696 2668 Numidize
2721 2615 2997 2684 metropoli
3022 2615 3268 2670 distabat.
3296 2615 3492 2670 Obser-

1903 2715 2031 2760 vaut
2056 2706 2342 2776 geographi
2370 2706 2506 2762 hanc
2535 2708 2746 2772 urbem,
2780 2724 2898 2779 qua:
2929 2708 3083 2764 hodie
3106 2709 3250 2764 Bona
3276 2708 3488 2776 dicitur,

1905 2797 2005 2852 sub
2024 2796 2371 2853 Constantina
2393 2799 2446 2853 in
2468 2813 2632 2869 regno
2651 2799 2945 2869 Algeriensi
2965 2840 2979 2863 ,
3004 2801 3291 2854 etiamnum
3314 2801 3492 2871 magni

1901 2902 2021 2945 esse
2056 2890 2305 2944 nominis.
2348 2889 2566 2945 Colonia
2601 2899 2751 2956 erat,
2792 2899 2848 2945 et
2886 2891 3152 2960 regionis,
3183 2892 3267 2946 cui
3296 2908 3492 2946 nomen

1902 2981 2094 3048 dabat,
2136 2982 2346 3038 videtur
2374 2984 2537 3040 fuisse
2568 2984 2909 3053 metropolis;
2940 3000 3060 3038 cum
3090 2984 3140 3038 in
3170 2984 3493 3054 Hipponensi

1904 3075 2119 3143 regione
2145 3076 2447 3144 complures
2480 3076 2713 3145 episcopi
2751 3084 3112 3131 numerentur.
3146 3076 3221 3131 Ea
3247 3076 3434 3133 civitas
3462 3092 3492 3134 a

1903 3164 2036 3221 Silio
2059 3167 2239 3221 italico
2262 3166 2330 3222 iis
2357 3168 2527 3222 verbis
2548 3167 2844 3223 celebratur
2872 3186 2886 3221 :
2914 3168 3145 3238 Antiquis
3168 3168 3380 3222 dilectus
3404 3183 3489 3223 re-

1902 3258 2047 3327 gibus
2074 3256 2467 3331 Hippo(Punic.
2499 3258 2584 3312 lib.
2609 3259 2663 3326 5,
2681 3275 2806 3314 vers.
2825 3258 2972 3331 259).
2992 3262 3033 3313 A
3066 3260 3267 3315 Latinis
3288 3260 3493 3331 Hippo-

1905 3348 2102 3419 Regius
2127 3349 2285 3418 vulgo
2312 3359 2667 3417 nuncupatur,
2695 3350 2761 3403 ad
2790 3350 3045 3418 Hipponis
3071 3350 3287 3406 alterius
3311 3350 3494 3405 discri-

1906 3454 2050 3506 men,
2073 3439 2163 3508 qui
2180 3438 2418 3495 Zarritus
2440 3441 2551 3495 sive
2572 3440 2869 3495 Diarrbitus
2886 3441 3097 3509 dicitur,
3118 3442 3171 3496 in
3193 3442 3379 3496 eadem
3398 3457 3493 3498 ora

1906 3528 2307 3584 Proconsularis
2344 3530 2648 3599 provincite.
2690 3530 2748 3585 In
2784 3530 3022 3585 Concilio
3066 3532 3492 3601 Carthaginiensi,

1907 3622 2047 3693 quod
2069 3624 2169 3677 sub
2190 3624 2440 3695 episcopo
2460 3624 2723 3695 Cypriano
2744 3624 3067 3681 celebratum
3090 3634 3191 3691 est,
3214 3625 3414 3679 mentio
3436 3624 3496 3680 fit

1906 3713 2183 3785 cujusdam
2210 3715 2506 3785 Theogenis
2539 3716 2912 3785 Hipponensis,
2941 3716 3031 3785 qui
3061 3716 3311 3785 martyrio
3336 3729 3493 3770 coro-

1908 3815 2065 3860 natus
2106 3804 2269 3860 fuisse
2309 3806 2517 3861 dicitur.
2569 3808 2642 3862 De
2677 3808 2928 3863 Memoria
2968 3808 3135 3861 sancti
3173 3806 3491 3877 Theogenis,

1909 3905 2155 3967 tanquam
2193 3896 2259 3953 de
2288 3897 2409 3952 loco
2442 3897 2530 3952 ubi
2564 3899 2881 3952 sacrificium
2911 3897 3086 3953 olferri
3121 3908 3493 3967 consueverat,

1909 3986 2141 4057 loquitur
2159 3988 2486 4057 Augustinus
2515 3987 2703 4057 (Serm.
2729 3987 2854 4053 275,
2884 4005 2937 4043 η.
2961 3986 3017 4060 7)
3044 4006 3055 4041 :
3086 3989 3269 4042 scribit
3287 4002 3498 4058 quoque

1910 4077 1977 4134 de
2008 4080 2260 4135 memoria
2292 4081 2471 4150 viginti
2504 4089 2793 4151 martyrum
2832 4082 2972 4150 apud
3014 4082 3311 4150 Hipponem
3348 4081 3493 4136 cele-

1910 4169 2138 4224 berrima
2161 4169 2262 4241 (De
2281 4169 2426 4225 Civil.
2442 4170 2558 4238 Dei,
2582 4171 2667 4225 lib.
2686 4171 2776 4239 22,
2799 4187 2913 4243 cap.
2933 4172 2984 4236 8,
3010 4189 3063 4226 n.
3082 4169 3157 4244 9).
3185 4172 3495 4242 Quanquam

1911 4278 2038 4318 vero
2066 4263 2399 4319 celeberrimi
2426 4272 2579 4318 erant
2608 4266 2943 4334 episcopatus
2971 4265 3023 4319 in
3056 4264 3230 4319 Africa
3252 4308 3264 4329 ,
3294 4265 3496 4334 Hippo-

1911 4355 2093 4409 nensis
2125 4366 2297 4410 tamen
2340 4354 2444 4409 late
2485 4356 2729 4425 patebat;
2759 4371 2880 4411 cum
2913 4356 3082 4425 ipsum
3112 4357 3270 4410 etiam
3302 4356 3497 4411 Fussa-
3534 4400 3537 4403 .

1911 4448 2063 4504 lcnse
2083 4448 2403 4502 territorium
2420 4489 2437 4517 ,
2461 4447 2731 4503 sexdecim
2756 4449 2922 4503 leucis
2949 4448 3264 4517 sejunctum,
3292 4448 3357 4500 ad
3380 4447 3502 4516 Ilip-

1913 4556 2204 4611 ponensem
2230 4542 2524 4597 Ecclesiam
2554 4542 2844 4611 pertineret
2878 4541 3071 4612 (Epist.
3100 4540 3204 4596 209
3224 4583 3237 4607 ,
3266 4558 3318 4594 n.
3343 4540 3425 4610 2).

1984 4636 2036 4690 5.
2078 4633 2318 4689 Valerius
2352 4633 2475 4688 huic
2519 4642 2641 4688 tunc
2684 4634 2934 4689 Ecclesia:
2976 4642 3231 4702 praeerat,
3278 4632 3497 4687 natione

1914 4726 2152 4794 Graecus,
2180 4727 2296 4795 pius
2321 4740 2384 4781 ac
2405 4726 2596 4780 timens
2628 4726 2830 4779 Deum:
2856 4725 2948 4780 sed
2972 4740 3091 4779 cum
3118 4725 3266 4779 latini
3293 4740 3497 4778 sermo-

1916 4818 1998 4871 nis
2021 4831 2149 4871 usus
2171 4816 2447 4886 expeditus
2467 4817 2540 4869 illi
2568 4831 2673 4869 non
2706 4825 2867 4881 esset,
2896 4824 3053 4888 atque
3078 4815 3147 4869 ob
3173 4816 3226 4869 id
3247 4815 3420 4869 minus
3439 4828 3499 4867 se

1915 4907 2097 4962 utilem
2136 4907 2392 4962 Ecclesiae
2433 4905 2789 4977 intelligeret;
2820 4907 3019 4962 crebris
3047 4924 3079 4959 a
3109 4907 3217 4960 Deo
3250 4904 3499 4974 precibus

1914 4998 2266 5068 exposcebat,
2298 5007 2352 5053 ut
2380 5000 2651 5055 hominem
2695 5000 2992 5053 commissae
3019 4998 3119 5052 sibi
3148 4998 3286 5067 plebi
3316 4997 3498 5065 provi-

1916 5090 2065 5145 deret
2094 5090 2364 5157 idoneum,
2394 5092 2483 5160 qui
2513 5106 2630 5145 eam
2669 5090 2834 5144 verbo
2862 5098 2917 5143 et
2936 5088 3177 5143 doctrina
3206 5095 3385 5157 posset
3410 5088 3495 5141 in-

1920 5181 2142 5236 formare
2173 5180 2471 5253 (Possidius
2490 5223 2505 5247 ,
2536 5183 2588 5235 in
2620 5181 2734 5235 Vita
2758 5179 3055 5250 Augustini,
3079 5194 3124 5230 c.
3158 5179 3233 5250 5).
3258 5178 3359 5234 Ubi
3386 5180 3498 5233 Au-

1917 5273 2181 5341 gustinum
2207 5273 2454 5327 ordinare
2478 5273 2577 5326 sibi
2602 5272 2785 5326 datum
2815 5277 2915 5337 est,
2940 5284 3127 5340 preces
3157 5286 3279 5324 suas
3308 5270 3501 5325 divini~

1918 5372 2003 5419 tus
2052 5365 2324 5420 exauditae
2371 5364 2634 5431 credidit,
2677 5378 2738 5416 ac
2785 5363 2894 5416 v0ti
2941 5376 3159 5430 compos
3203 5361 3499 5431 gaudioque

1919 5457 2251 5527 triumphans
2272 5458 2468 5528 gratias
2488 5459 2593 5510 Deo
2616 5456 2868 5525 plurimas
2892 5456 2999 5527 egit
3019 5454 3209 5529 (Epist.
3227 5454 3315 5520 29,
3341 5470 3396 5509 n.
3418 5454 3497 5524 7).

1919 5549 2228 5605 Tenerrimo
2251 5549 2427 5604 cordis
2442 5548 2633 5604 affectu
2651 5549 3102 5618 complectebatur
3122 5545 3494 5616 Augustinum,

1917 5650 1973 5699 et
1997 5642 2236 5712 quamvis
2269 5642 2486 5697 minime
2510 5658 2631 5698 eum
2666 5644 2888 5711 lateret,
2919 5657 3077 5713 quam
3122 5656 3363 5711 magnam
3397 5640 3497 5694 sibi

1919 5742 2131 5788 sanctus
2159 5735 2436 5805 presbyter
2462 5736 2685 5805 gloriam
2716 5743 3068 5805 compararet,
3100 5732 3242 5787 nulla
3265 5745 3498 5804 unquam

1921 5824 2131 5882 liventis
2151 5824 2359 5881 invidiae
2388 5826 2621 5884 labecula
2650 5826 2984 5896 purissimam
3008 5824 3144 5878 beati
3178 5824 3321 5879 senis
3344 5836 3498 5880 men-

2997 5913 3211 5996 (εἰει)
