3994 6352
494 454 591 513 Hi

492 585 596 631 tem
618 566 939 641 inquinavit:
964 574 1082 615 cum
1114 554 1363 627 gauderet
1401 550 1593 620 potius,
1618 546 2065 609 vehementerque

497 631 782 727 lmtarethr,
806 656 1012 729 plebem
1044 665 1191 705 suam
1218 638 1511 701 ministerio
1537 640 1676 695 illius
1694 634 1911 691 erudiri.
1928 631 2065 698 Quin

495 760 657 815 etiam
686 728 1033 821 Augustinum
1061 741 1161 797 sibi
1181 750 1539 795 successorem
1568 728 1937 784 ardentissimo
1958 733 2067 779 stu-

497 850 585 906 dio
613 815 935 917 peroptavit;
985 850 1046 890 ac
1074 834 1216 887 Deus
1254 828 1317 882 ad
1347 834 1586 879 votorum
1618 820 1731 888 ejus
1760 815 2027 872 cumulum
2050 855 2063 879 ,

496 946 643 1007 illum
664 940 764 1011 ipsi
786 909 959 991 adbuc
984 932 1035 985 in
1062 928 1190 982 vivis
1215 922 1407 993 agenti,
1433 929 1487 972 ut
1515 916 1648 971 infra
1675 913 1929 973 dicemus,
1960 907 2071 961 col-

500 999 673 1109 legam
687 999 958 1088 concessit
983 1022 1182 1095 (Epist.
1211 1015 1298 1080 3‘2,
1322 1012 1491 1079 71.2).
1510 1007 1780 1063 Valerium
1804 1016 1963 1071 porro
1992 999 2070 1051 vi—

497 1092 680 1191 cissim
706 1138 873 1195 usque
904 1092 1036 1175 adeo
1071 1113 1275 1169 colebat
1303 1116 1357 1162 et
1384 1100 1695 1157 observabat
1726 1092 2069 1164 Augustinus,

500 1223 717 1281 nihilut
745 1184 885 1287 quod
917 1211 966 1265 ei
990 1205 1291 1275 displiceret
1327 1196 1600 1262 tantisper,
1643 1202 1799 1259 agere
1824 1184 2070 1246 auderet,

499 1336 568 1377 ne
594 1314 721 1373 illud
750 1284 963 1383 quidem
991 1299 1128 1372 quod
1166 1298 1216 1350 in
1250 1294 1439 1347 animae
1467 1302 1573 1341 suae
1599 1284 1820 1338 salutem
1858 1292 1917 1331 ac
1946 1289 2075 1345 pro-

726 1368 885 1461 sdiret
913 1368 1208 1454 tedundare
1236 1386 1437 1460 (Epist.
1464 1381 1554 1444 Ἡ,
1580 1396 1629 1431 n.
1664 1371 1845 1470 6).“ls
1871 1368 1937 1423 ad
1966 1369 2075 1421 Au-

501 1507 692 1563 relium
723 1497 1187 1562 Carthagmcusem
1218 1480 1456 1537 scribens
1480 1474 1545 1528 dc
1580 1466 1833 1525 tollendis
1859 1475 2073 1529 compo-

504 1594 789 1652 tationibus
814 1602 880 1642 au
909 1581 1150 1652 sepulcra
1180 1582 1469 1642 martyrum
1506 1564 1618 1618 ﬁeri
1646 1559 1844 1621 solitis,
1879 1557 1987 1607 lnec
2014 1551 2079 1604 de

506 1686 715 1743 Valerio
742 1679 903 1735 habet
930 1718 939 1728 .
970 1642 1033 1726 iit
1057 1686 1145 1723 nos
1166 1664 1363 1737 quidem
1388 1659 1591 1712 illarum
1623 1652 1840 1723 partium
1865 1645 1935 1717 (in
1964 1642 2077 1711 qui-

504 1782 603 1836 bus
633 1776 747 1829 bacc
773 1760 1177 1834 intemperantia
1208 1770 1310 1809 non
1340 1749 1536 1819 viget),
1569 1744 1815 1797 hominem
1844 1736 2081 1789 habemus

505 1872 827 1944 episcopum,
868 1859 1001 1913 unde
1035 1866 1242 1922 magnas
1285 1846 1477 1916 agimus
1518 1838 1702 1907 {potius
1746 1833 1847 1884 Deo
1873 1845 1888 1881 :
1918 1842 2076 1896 quam

508 1925 658 2036 (1;le
674 1925 792 2031 'ejus
814 1950 1064 2008 modestia:
1084 1955 1230 2014 atque
1259 1936 1474 1993 lenitatis
1497 1941 1587 1994 est,
1614 1930 1718 1997 ejus
1744 1925 1952 1990 denique
1973 1935 2086 1991 pru-

1255 2032 1278 2036 “
1380 2030 1389 2036 “
1547 2032 1553 2036 ·
1617 2022 1643 2036 ·⁵
1762 2019 1771 2028 ¹
1814 2015 1917 2036 Δι’-..
1944 2020 2061 2036 -.κμηι

510 2015 693 2113 dentice
711 2062 757 2106 et
781 2040 1132 2102 sollicitudinis
1158 2038 1209 2088 in
1246 2030 1479 2091 Domino,
1504 2032 1553 2076 ut
1583 2019 1771 2073 etirnnsi
1798 2015 1917 2084 Afer
1937 2020 2079 2066 esset.

510 2151 607 2204 cito
640 2144 717 2199 illi
743 2143 804 2195 de
832 2132 1110 2205 Scripturis
1146 2120 1523 2195 persuaderetur
1545 2110 1843 2171 (ttt'ttttdttttl,
1869 2102 2000 2174 quod
2028 2103 2087 2153 li—

511 2238 733 2295 centiosa
766 2240 811 2286 et
837 2227 968 2282 male
987 2225 1137 2276 libera
1160 2210 1466 2269 consuetudo
1492 2203 1668 2256 vulnus
1694 2198 1879 2268 inﬂixit
1899 2194 2084 2265 (Epist.

848 2320 977 2373 Cum
1012 2330 1104 2383 per
1138 2310 1187 2363 id
1225 2316 1429 2372 tempus
1470 2291 1821 2365 llipponensis
1854 2285 2091 2341 Ecclesia

512 2381 905 2484 Donatistarum
948 2409 1233 2465 schismate
1272 2398 1684 2451 dilacerarelur,
1735 2381 2089 2449 Augustinus,

515 2520 601 2592 (lui
631 2516 677 2569 ei
706 2511 770 2565 ad
797 2504 1072 2578 pristinam
1099 2489 1437 2549 concordiam
1482 2476 1793 2536 rcvoezinilm
1828 2470 2091 2534 studebat,

1184 2586 1216 2592 λ
1338 2580 1365 2592 Α.
1406 2586 1415 2592 ,
1546 2572 1777 2592 uiam...“
1830 2563 2091 2592 Unln.inm

516 2563 867 2667 f’roetileiaho
897 2596 1145 2663 episcopo
1184 2580 1468 2637 Donatista:
1502 2572 1796 2642 pollicetur,
1830 2563 2096 2615 Valerium

519 2713 643 2758 tunc
680 2697 975 2750 absentem,
1017 2681 1191 2735 animo
1236 2668 1618 2727 lubentissime,
1650 2655 1897 2728 quidquid
1942 2652 2095 2707 simul

522 2794 769 2862 egissent,
793 2780 1155 2853 probaturum.
1184 2766 1256 2819 De
1279 2763 1465 2823 animo,
1490 2757 1581 2819 ait,
1606 2749 1869 2805 beatissimi
1888 2754 1932 2797 et
1954 2758 2097 2795 vene-

522 2838 694 2939 rttibilis
742 2874 862 2929 mihi
908 2867 1061 2939 patris
1101 2858 1285 2915 Valerii
1312 2868 1442 2907 nunc
1470 2846 1682 2901 absentis
1714 2852 1813 2894 tota
1842 2838 2101 2891 securitate

527 3022 655 3124 Enim
682 3067 921 3134 quantum
946 3051 1121 3119 diligat
1147 3057 1338 3116 pacem,
1372 3047 1416 3090 et
1444 3034 1581 3087 nulla
1604 3029 1716 3081 cani
1748 3027 1905 3095 fastus
1934 3022 2071 3072 inani
2090 3051 2103 3060 ι

1415 3128 1427 3134 “
1462 3130 1467 3134 “
1545 3122 1583 3134 "
1713 3125 1724 3134 ι
1793 3116 1858 3134 Α--
1891 3113 2102 3134 Δ...ιῖηηη

526 3169 623 3213 tate
668 3113 890 3226 j'actetur
932 3142 1134 3213 (Epist.
1164 3135 1263 3195 5?»,
1303 3148 1353 3182 η.
1403 3128 1498 3195 lt).
1545 3122 1731 3173 Narrat
1783 3113 2106 3226 Augus‘trin‘us

526 3202 891 3321 (Epis'tolazad
928 3235 1179 3289 Romanos
1214 3224 1399 3289 Expos.
1440 3215 1671 3268 inchoata
1694 3253 1705 3275 ,
1740 3226 1790 3260 η.
1828 3203 1929 3273 15)
1954 3202 2109 3256 vuln-

1298 3314 1309 3321 “
1490 3308 1520 3321 “
1568 3320 1613 3321 νν
1676 3320 1681 3321 ν
1728 3298 1917 3321 Δ---κειυι
1946 3294 2083 3321 ι-ηιιλ

527 3294 662 3399 iiurrn
686 3381 698 3404 ,
730 3350 849 3391 cum
888 3329 1019 3383 duos
1067 3314 1348 3388 aliquando
1395 3308 1688 3362 rusticanos
1728 3298 1920 3369 punice
1945 3294 2107 3348 collo.

530 3388 771 3505 quentes,
788 3432 842 3479 et
870 3432 1059 3475 nomen
1078 3412 1230 3467 Salus
1249 3414 1427 3460 mutuo
1447 3402 1758 3465 usurpantes
1778 3388 2107 3451 offendisset,

1146 3504 1151 3505 ⁷
1220 3501 1229 3505 ⁸
1398 3496 1408 3504 ¹
1480 3501 1489 3505 -
1652 3488 1801 3505 πηνα
1870 3479 1985 3505 --.ζίι
2010 3477 2107 3505 η;ι.;

531 3477 804 3596 qui-siisse
832 3515 898 3568 ab
923 3524 986 3565 eo
1016 3506 1103 3577 qui
1144 3501 1303 3555 latine
1338 3496 1496 3549 sciret
1525 3504 1585 3543 ac
1614 3488 1837 3557 punice,
1865 3479 1987 3549 quid
2010 3477 2111 3532 sibi

533 3571 693 3672 debet
721 3609 777 3664 id
808 3601 1071 3662 nominis;
1114 3592 1473 3654 rusticumque
1508 3578 1843 3647 respondisse
1863 3617 1875 3634 ,
1910 3572 2006 3625 tria
2035 3571 2109 3621 si—

534 3706 779 3777 gniﬁcare
812 3716 821 3751 :
854 3706 962 3748 tum
995 3687 1256 3742 Valerium
1288 3696 1402 3730 eum
1429 3673 1621 3743 gaudio
1642 3666 1973 3735 C(*{Ill0"l-‘S"i
2008 3676 2110 3711 ’νηὶ

1318 3772 1326 3777 .
1374 3770 1383 3777 .
1552 3763 1565 3777 ι
1732 3760 1816 3777 ι.ξ,.
1854 3758 1881 3777 2,
1980 3754 2077 3777 ,Ηυξ

538 3754 749 3852 ῗοτῐυὶῐει
779 3780 1162 3857 signiﬁcatione
1190 3770 1415 3826 nominis
1434 3814 1445 3829 ,
1476 3763 1569 3818 sed
1598 3758 1951 3814 occultissima
1977 3754 2114 3806 divi-

539 3902 623 3943 nte
650 3874 992 3953 providentur
1034 3861 1426 3935 dispensatione
1456 3856 1649 3908 factum
1672 3893 1684 3913 ,
1716 3858 1773 3902 ut
1802 3847 1985 3902 eodem
2018 3858 2112 3897 vo-

541 3936 752 4035 cabulo,
776 3984 877 4037 quo
896 3963 1035 4018 salus
1056 3958 1215 4011 latine
1238 3942 1814 4020 signiﬁcatnr,Trinitas
1830 3953 1951 3993 vera
1974 3936 2116 3990 salus

542 4075 724 4123 nostra
760 4057 950 4129 punice
992 4052 1350 4105 dcuotarctur.
1407 4040 1532 4091 Eam
1575 4032 1995 4087 observationem
2033 4029 2115 4079 di—

545 4171 697 4230 gnam
726 4121 932 4205 censuit
969 4136 1316 4210 Augustinus,
1350 4144 1503 4199 quam
1535 4126 1600 4179 ad
1626 4126 1879 4178 lectorum
1912 4121 2118 4174 animos

547 4220 884 4307 oblectandos
910 4240 961 4292 in
990 4249 1109 4291 suas
1138 4225 1531 4285 lucubrationes
1557 4220 1794 4273 referret.

619 4345 670 4397 4.
714 4335 1028 4392 Existimare
1073 4326 1197 4378 licet
1246 4336 1309 4373 eo
1358 4318 1461 4369 ﬁne
1508 4312 1775 4366 Valerium
1831 4306 2121 4373 Augustino

550 4426 862 4505 presbyterii
901 4420 1116 4492 gradum
1148 4410 1462 4472 contulisse,
1492 4413 1550 4458 ut
1583 4404 1630 4457 ei
1664 4410 1827 4454 totum
1873 4398 2122 4450 Eoi-iusin

552 4489 661 4581 sua:
688 4489 924 4589 r‘egimen
953 4509 1303 4567 committeret
1332 4520 1346 4553 :
1376 4514 1480 4569 quo
1518 4498 1605 4557 ﬁt,
1634 4504 1693 4549 ut
1722 4490 2043 4561 Augustinus
2073 4489 2121 4539 in

553 4613 773 4686 epistola
807 4609 870 4661 ad
901 4599 1241 4659 Maximinum
1272 4592 1595 4646 Donatistam
1623 4587 1930 4653 episcopum
1959 4598 2019 4633 ea
2047 4580 2126 4631 ili-

550 4678 707 4764 ccudi
730 4701 983 4773 gravitate
1013 4696 1276 4761 loquatur,
1301 4700 1416 4755 quae
1446 4682 1620 4751 potius
1652 4678 1904 4746 episcopo
1924 4715 1937 4738 ,
1971 4687 2127 4740 quam

552 4768 865 4871 presbytero
906 4784 1186 4842 conveniat
1228 4777 1433 4851 (Epist.
1476 4771 1587 4844 9.5).
1628 4768 1875 4836 Baptismi
1918 4777 2127 4833 quoque

553 4858 859 4949 conferendi
904 4893 1083 4936 curam
1130 4873 1380 4944 gerebat:
1418 4867 1555 4919 unde
1593 4881 1622 4917 a
1660 4861 1894 4915 Licentio
1938 4858 2130 4910 dicitur

554 4947 788 5037 iontibus
812 4973 1067 5029 infantum
1094 4964 1371 5036 praefectus
1394 4956 1479 5024 (In
1508 4956 1665 5024 Epist.
1685 4952 1775 5017 es,
1798 4967 1845 5003 η,
1872 4950 1924 5014 5,
1951 4963 1996 5000 υ.
2013 4947 2127 5016 27).

557 5072 616 5126 In
643 5063 937 5124 ordinando
964 5069 1139 5113 tamen
1168 5050 1461 5119 Augustino
1482 5046 1535 5097 id
1563 5042 1895 5113 potissimum
1925 5038 2131 5091 videtur

560 5170 826 5234 spectasse
848 5151 1088 5207 Valerius
1109 5188 1123 5213 ,
1151 5154 1207 5198 ut
1227 5140 1374 5196 verbi
1402 5133 1719 5208 praedicandi
1748 5143 1939 5185 munus
1959 5130 2007 5183 ei
2035 5127 2131 5181 de—

562 5222 854 5308 mandaret.
885 5243 1020 5297 Hinc
1043 5236 1227 5293 scribit
1257 5229 1578 5299 Augustinus
1606 5240 1686 5289 se,
1718 5236 1839 5277 cum
1868 5222 1917 5274 id
1944 5233 2132 5272 mune-

561 5346 637 5399 ris
666 5339 813 5395 obire
832 5333 1010 5401 coepit,
1040 5328 1206 5383 multo
1229 5320 1453 5392 amplius
1472 5324 1744 5385 expertum
1772 5312 1955 5375 ﬁnisse,
1978 5324 2135 5378 quam

566 5442 721 5488 antea
748 5399 947 5486 nosset,
963 5426 1090 5489 quot
1106 5426 1159 5471 et
1179 5421 1387 5485 quanta:
1401 5408 1820 5479 presbyteratum
1833 5399 2138 5455 circumcin-

565 5528 690 5594 gunt
708 5512 1050 5575 difficultates
1070 5518 1125 5563 et
1143 5504 1393 5576 pericula.
1418 5500 1526 5556 Sibi
1549 5508 1631 5553 sat
1651 5502 1985 5565 perspectum
2000 5500 2133 5557 erat,

570 5586 695 5684 quid
722 5610 785 5664 ad
816 5607 1038 5661 salutem
1066 5599 1354 5669 pertineret
1380 5613 1391 5646 :
1426 5592 1519 5646 sed
1538 5606 1643 5660 quo
1665 5597 1816 5657 pacto
1838 5587 1936 5639 hoc
1971 5586 2140 5653 ipsum

570 5707 638 5762 ad
668 5705 889 5759 aliorum
920 5698 1138 5753 salutem
1166 5686 1451 5743 ministrari
1480 5685 1727 5745 deberet,
1758 5679 1980 5734 necdum
2008 5677 2143 5731 didi-

572 5795 851 5855 cerat.'l‘ot
866 5788 1200 5847 difﬁcultates
1223 5782 1458 5841 intuitus,
1480 5792 1645 5846 usque
1666 5774 1796 5829 adeo
1813 5776 1875 5825 de
1894 5786 1951 5826 se
1975 5769 2145 5823 humi-

576 5890 699 5945 liter
720 5884 906 5950 sensit,
935 5890 993 5937 ut
1017 5880 1121 5933 vim
1150 5875 1215 5949 ad
1241 5870 1658 5942 presbyteratum
1688 5868 1875 5919 tactam
1903 5862 1999 5917 sibi
2030 5877 2144 5915 ere-

1610 429 1761 484 VlTA
1801 428 1857 483 S.
1902 419 2261 480 AUGUS'IlNl
2303 415 2625 474 EPISCOPI.

3649 401 3763 459 1⁸η

2174 534 2365 591 diderit
2388 575 2401 599 ,
2432 533 2542 586 Deo
2586 529 2641 583 id
2675 524 3017 597 permittente
3051 522 3106 576 in
3149 532 3356 590 prunam
3406 525 3757 587 (cenaturum

2175 641 2390 681 suorum
2417 666 2432 691 ,
2461 630 2514 678 et
2552 618 2977 676 emendationem
3014 612 3247 683 pristinae
3276 610 3589 665 temeritatis
3619 624 3750 673 suas,

2174 720 2297 773 dum
2320 716 2749 788 presbyterorum
2779 718 2833 764 et
2852 709 3217 778 episc0porum
3233 704 3412 771 culpas
3426 702 3649 756 liberius
3671 715 3757 755 re—

2176 810 2544 882 prehenderet.
2586 806 2724 860 Vires
2748 819 2905 868 meas,
2930 800 3118 870 inquit,
3148 798 3349 852 omnino
3371 812 3471 849 non
3500 810 3753 856 noveram,

2178 917 2225 962 et
2251 907 2465 972 alicujus
2493 901 2724 956 momenti
2752 895 3039 951 arbitrabar
3064 909 3080 947 :
3110 892 3357 945 Dominus
3394 898 3563 942 autem
3601 887 3759 940 irrisit

2178 1015 2272 1061 me,
2305 1006 2348 1049 et
2370 996 2508 1048 rebus
2530 994 2653 1062 ipsis
2677 989 2933 1045 ostendere
2948 985 3103 1040 voluit
3126 985 3371 1053 meipsum
3387 981 3527 1033 mihi.
3552 979 3759 1033 Nihilo-

2178 1090 2353 1143 minus
2380 1087 2473 1141 Dei
2503 1080 2862 1138 misericordia
2900 1078 3068 1133 fretus
3089 1119 3102 1141 ,
3130 1076 3198 1130 ab
3222 1089 3288 1129 eo
3314 1088 3374 1128 se
3410 1087 3513 1125 non
3539 1070 3761 1125 damna-

2181 1181 2245 1247 ri,
2279 1178 2369 1233 sed
2397 1176 2665 1231 emendari
2705 1171 2973 1228 credebat.
3003 1168 3224 1238 Cognita
3264 1165 3423 1235 igitur
3450 1160 3764 1232 aegritudine

2182 1286 2306 1335 sua,
2338 1269 2519 1325 statuit
2555 1270 2605 1320 in
2637 1266 2804 1319 sacris
2840 1249 3055 1317 Littbris
3082 1257 3464 1313 medicamenta
3491 1266 3760 1323 quaerere,

2183 1381 2243 1419 ac
2282 1364 2523 1418 idoneam
2554 1359 2618 1413 ad
2651 1368 2757 1413 tam
2788 1354 3141 1425 periculosum
3179 1346 3533 1402 ministerium
3572 1345 3765 1397 anima:

2184 1457 2542 1515 valetudinem
2584 1452 2703 1515 sibi,
2739 1464 2841 1521 qua
2878 1446 3144 1519 precibus,
3172 1456 3274 1513 qua
3302 1440 3525 1495 lectione
3547 1451 3765 1505 compa-

2186 1566 2336 1616 rare;
2367 1564 2484 1604 cum
2514 1546 2812 1601 nullatenus
2837 1539 3101 1595 dubitaret
3127 1534 3259 1605 quin
3284 1532 3451 1587 sacris
3487 1530 3539 1585 in
3565 1526 3759 1584 codici-

2186 1644 2283 1699 bus
2312 1652 2363 1697 et
2388 1639 2610 1696 consilia
2638 1645 2692 1690 et
2719 1642 2982 1705 praecepta
3009 1636 3151 1683 esset
3192 1634 3531 1696 reperturus;
3579 1621 3770 1691 quibus

2188 1734 2413 1803 Cognitis
2442 1740 2495 1786 et
2524 1725 2871 1798 apprehensis
2903 1722 3068 1793 possit
3096 1720 3254 1772 homo
3282 1716 3375 1771 Dei
3400 1715 3562 1770 rebus
3594 1712 3771 1766 eccle-

2190 1827 2415 1884 siasticis
2440 1820 2733 1878 ordinatius
2763 1819 3098 1877 ministrare,
3137 1821 3225 1867 aut
3249 1820 3391 1866 certe
3418 1811 3557 1864 inter
3583 1821 3773 1862 manus

2192 1921 2491 1988 iniquorum
2518 1915 2598 1969 vel
2626 1915 2803 1966 vivere
2833 1908 3157 1963 conscientia
3202 1904 3445 1965 saniore,
3484 1900 3564 1953 vel
3603 1898 3771 1964 mori,

2192 2024 2251 2067 ut
2277 2014 2361 2065 illa
2384 2011 2486 2063 vita
2512 2024 2614 2062 non
2637 2006 2925 2065 amittatur,
2958 2000 3041 2055 cui
3064 2000 3152 2054 uni
3176 1997 3460 2051 christiana
3488 1992 3647 2050 corda
3676 1992 3778 2045 bu-

2195 2105 2337 2158 mil-fa
2377 2111 2429 2155 et
2466 2107 2739 2153 mansueta
2787 2095 3073 2163 suspirant.
3127 2087 3407 2154 Quomodo
3449 2095 3622 2139 autem
3674 2082 3780 2137 hoc

2198 2196 2310 2249 ﬁeri
2336 2202 2528 2263 potest,
2560 2192 2659 2244 nisi
2689 2187 2935 2259 petendo,
2960 2182 3264 2254 quiereudo,
3292 2177 3572 2250 pulsando,
3597 2175 3647 2228 itl
3670 2185 3774 2239 est,

2196 2286 2429 2349 orando,
2468 2280 2689 2352 legendo
2712 2321 2726 2346 ,
2754 2274 3095 2348 plangentia?
3135 2272 3204 2327 Ut
3251 2272 3332 2324 his
3376 2270 3531 2339 igitur
3565 2273 3783 2319 vacaret

2199 2375 2510 2438 exercitiis,
2558 2370 2795 2425 inducias
2826 2368 3012 2421 saltem
3058 2366 3109 2418 in
3153 2376 3383 2430 sequens
3426 2358 3625 2413 Pascha
3649 2372 3781 2427 per-

2201 2469 2413 2537 Optabat
2442 2483 2453 2517 :
2485 2478 2640 2534 quam
2673 2460 2968 2514 facultatem
3014 2472 3043 2509 a
3072 2452 3286 2509 Valerio
3311 2451 3532 2505 fratrum
3563 2463 3783 2502 suorum

2204 2568 2255 2614 et
2282 2558 2564 2611 amicorum
2591 2552 2833 2623 precibus
2853 2548 3123 2619 flagitavit.
3154 2547 3221 2598 At
3245 2559 3363 2599 cum
3389 2557 3508 2596 eum
3537 2540 3785 2593 Valerius

2205 2652 2449 2705 omnibus
2473 2644 2733 2717 prasidiis
2759 2643 2825 2698 ad
2849 2651 3037 2697 cuncta
3066 2636 3363 2709 presbyteri
3390 2632 3559 2688 ofﬁcia
3589 2638 3644 2685 et
3667 2644 3801 2683 mu-‘

2205 2746 2291 2798 nia
2318 2745 2627 2795 instructum
2650 2753 2770 2791 esse
2806 2744 2953 2789 certo
2980 2734 3342 2801 cognosceret,
3366 2739 3474 2780 non
3499 2723 3649 2777 aliter
3671 2722 3792 2789 ejus

2207 2833 2446 2904 petitioni
2492 2828 2806 2899 respondit,
2840 2840 2993 2893 quam
3025 2823 3287 2875 sincerum
3318 2831 3468 2871 suum
3512 2827 3635 2883 erga
3664 2824 3794 2864 cum

2209 2940 2441 2980 amorem
2486 2928 2848 2983 contest-atus,
2892 2917 3042 2984 cujus
3090 2915 3253 2965 Deum
3288 2911 3456 2978 ipsum
3506 2915 3559 2959 et
3604 2903 3793 2958 losum

2208 3017 2474 3070 Christum
2512 3020 2699 3066 testem
2750 3006 3050 3061 adhibebat.
3083 3004 3418 3071 Quapropter
3461 2994 3794 3065 Augustinus

2214 3107 2524 3173 supplicem,
2556 3103 2721 3155 instar
2748 3098 3019 3168 epistol:e,
3051 3084 3285 3147 libellum
3308 3133 3321 3156 ,
3350 3105 3455 3160 quo
3484 3086 3797 3141 facultatem

2214 3194 2497 3248 secedendi
2516 3192 2814 3260 aliquandiu
2843 3187 2909 3241 ad
2930 3199 3195 3240 sacrarum
3218 3183 3530 3235 Litterarum
3558 3175 3803 3231 studium

2215 3286 2513 3355 postulabat
2537 3326 2549 3347 ,
2591 3284 2669 3336 illi
2707 3282 2897 3333 offerre
2934 3286 3148 3331 coactus
3184 3284 3285 3327 est.
3320 3273 3479 3325 Extat
3505 3270 3807 3324 etiamnum

2217 3378 2433 3447 insignis
2458 3375 2641 3429 istlncc
2668 3372 2886 3441 epistola
2920 3369 2937 3438 (
2963 3367 3129 3436 Epist.
3159 3366 3275 3433 2i),
3307 3379 3423 3433 quae
3450 3378 3571 3417 cum
3611 3360 3801 3429 singu-

2218 3472 2381 3525 larem
2414 3470 2463 3522 in
2499 3467 2788 3536 Augustino
2820 3462 2978 3515 animi
3005 3460 3379 3513 demissionem
3420 3453 3649 3519 indicet,
3682 3466 3804 3505 mo-

2220 3572 2308 3615 net
2336 3575 2488 3630 porro
2510 3573 2601 3612 eos
2626 3558 2712 3625 qui
2742 3569 2933 3607 munus
2961 3550 3277 3618 evangelica:
3300 3542 3689 3615 prccdicationis
3708 3556 3807 3596 co-

2221 3655 2387 3723 gitant
2418 3656 2555 3721 (qua:
2585 3658 2666 3703 est
2690 3647 2784 3699 viri
2818 3661 2920 3697 non
2946 3642 3202 3711 dignitate
3228 3638 3407 3701 modo,
3439 3634 3530 3689 sed
3559 3633 3809 3687 doctrina

2222 3760 2433 3816 quoque
2459 3760 2519 3796 ac
2542 3744 2733 3811 pietate
2756 3735 3101 3792 illustri~simi
3123 3731 3423 3786 observatio
3452 3727 3677 3799 [Antonii
3700 3724 3814 3778 Go-

2223 3842 2384 3906 deuu,
2433 3837 2720 3891 Grassensis
2764 3832 3020 3902 episcopi,
3072 3830 3120 3881 in
3163 3827 3277 3879 Vita
3324 3823 3483 3878 sancti
3515 3819 3810 3889 Augustini,

2226 3933 2311 3985 tib.
2348 3935 2525 4001 l,eap.
2550 3932 2615 3983 ‘28
2640 3929 2726 4000 ]),
2762 3936 2816 3979 ut
2838 3926 2901 3978 ad
2932 3926 3031 3977 hoc
3056 3919 3401 3975 ministerium
3431 3915 3687 3975 oratione,
3720 3924 3816 3964 se-

2226 4041 2399 4089 cessu,
2423 4034 2475 4077 et
2505 4022 2663 4075 divini
2682 4020 2825 4073 verbi
2850 4015 3191 4069 meditatione
3211 4027 3267 4065 se
3287 4013 3610 4077 comparent.
3632 4004 3816 4071 Atque

2228 4127 2283 4169 ut
2314 4131 2377 4169 ex
2400 4115 2583 4169 eadem
2613 4122 2782 4181 patet,
2816 4118 3069 4178 quantum
3105 4104 3430 4173 Augustinus
3457 4100 3594 4153 illius
3620 4112 3818 4149 mune-

2230 4209 2301 4260 ris
2324 4250 2337 4273 ,
2363 4221 2466 4275 quo
2493 4215 2598 4258 tam
2632 4203 2783 4257 multi
2812 4210 2989 4253 nostra
3026 4205 3181 4249 aetate
3216 4194 3346 4276 citga
3381 4188 3729 4245 reverentiam
3755 4194 3818 4239 et

2232 4299 2559 4352 vocationem
2588 4296 2819 4349 divinam
2846 4306 2903 4343 Se
2933 4300 3132 4343 temere
3155 4285 3444 4353 implicant,
3476 4280 3819 4333 sanctitatem

2233 4407 2293 4445 ac
2318 4390 2678 4444 dil‘t’icultatmn
2706 4387 2929 4440 haberet
2952 4381 3213 4450 ei‘ignitam
3244 4396 3255 4430 :
3291 4378 3363 4431 ita
3391 4374 3620 4428 studium
3645 4381 3699 4424 et
3724 4387 3823 4423 ar-

2234 4483 2331 4535 dor
2360 4482 2477 4543 ille,
2508 4495 2613 4547 quo
2640 4479 2881 4547 exiguam
2920 4471 3175 4540 temporis
3200 4482 3405 4522 moram
3429 4508 3443 4531 ,
3480 4479 3572 4533 pro
3611 4462 3821 4531 ingenti

2233 4570 2511 4635 beneﬁcio,
2530 4569 2751 4637 supplex
2772 4564 3039 4633 elﬂagitat,
3066 4559 3390 4631 praecipitem
3414 4556 3632 4608 aliorqu
3654 4552 3822 4605 festi-

2237 4663 2504 4715 nationem
2548 4658 2884 4713 severissime
2911 4654 3247 4707 condemnat.
3289 4647 3692 4714 (Lmterumpius
3719 4644 3823 4699 ille

2239 4764 2341 4807 tam
2389 4754 2596 4822 augusti
2639 4767 2699 4804 ac
2738 4747 3017 4817 periculosi
3064 4742 3341 4797 ministerii
3381 4747 3585 4802 metus,
3623 4751 3823 4789 eorum

2239 4846 2483 4915 proprius
2512 4853 2611 4903 est,
2641 4843 2728 4910 qui
2759 4848 3015 4893 vocantur
3034 4852 3059 4888 a
3083 4838 3186 4888 Deo
3212 4852 3221 4884 :
3251 4842 3435 4886 coiitra
3465 4842 3589 4882 vero
3612 4827 3827 4895 pleros-

2241 4953 2343 5005 que
2368 4951 2573 4993 omnes,
2604 4933 2691 5001 qui
2723 4946 2825 4983 non
2850 4929 3078 4996 Spiritus
3107 4925 3303 4987 sancti,
3336 4922 3428 4977 scd
3454 4936 3551 4974 suo
3577 4919 3829 4987 ipsorum

2242 5026 2473 5095 impulsu
2494 5030 2707 5076 sumunt
2730 5020 2829 5074 sibi
2858 5020 3137 5082 honorem,
3162 5015 3281 5069 illos
3306 5012 3499 5067 imitari
3521 5010 3723 5071 videas,
3751 5010 3834 5063 de

2242 5117 2432 5185 quibus
2464 5113 2734 5175 Dominus,
2770 5110 2890 5163 Non
2916 5106 3167 5162 mittebant
3188 5104 3478 5175 prop/tetas,
3507 5110 3556 5155 et
3583 5100 3680 5169 ipsi
3702 5115 3836 5151 cur-

2243 5210 2417 5263 rcbant
2447 5205 2667 5276 (larem.
2697 5219 2859 5265 xxiii,
2891 5202 3004 5271 Ἃ).

2317 5302 2372 5355 5.
2395 5298 2656 5353 Credibile
2680 5305 2761 5352 est
2794 5296 3054 5351 Valerium
3085 5302 3188 5347 tam
3218 5290 3455 5347 sollicitis
3471 5298 3525 5343 et
3537 5285 3695 5357 justis
3708 5284 3838 5339 Au-

2246 5392 2441 5464 gustini
2487 5390 2734 5460 precibus
2770 5388 3051 5447 annuisse,
3103 5386 3255 5453 eique
3304 5379 3597 5452 presbyteri
3642 5378 3843 5433 munia

2248 5486 2388 5540 forte
2411 5484 2475 5537 ad
2504 5492 2710 5551 tempus
2728 5478 3024 5534 traditionis
3039 5475 3295 5547 Symboli,
3318 5472 3458 5543 quod
3484 5467 3847 5524 Paschalibus

2251 5580 2396 5635 feriis
2417 5578 2647 5631 vicinum
2675 5582 2809 5637 erat,
2838 5569 3110 5625 (inferendi
3134 5574 3447 5635 potestatem
3474 5561 3662 5615 fecisse
3688 5577 3701 5612 :
3723 5574 3848 5628 quo

2254 5683 2494 5740 tempore
2518 5668 2840 5737 Augustinus
2867 5664 3009 5716 illum
3039 5662 3106 5715 de
3130 5657 3383 5729 Symbolo
3413 5666 3716 5709 sermonem
3734 5652 3849 5705 lia-

2226 5782 2229 5785 ·
2255 5765 2385 5829 buit,
2409 5763 2558 5829 cujus
2577 5758 2852 5814 exordium
2878 5764 2959 5810 est
2984 5773 2993 5807 :
3026 5752 3133 5806 Pro
3162 5749 3363 5804 modulo
3387 5747 3548 5801 aetatis
3572 5744 3853 5799 uidim-

2260 5869 2517 5923 torinnque
2533 5860 2835 5916 nostrorum,
2860 5864 2948 5918 pro
2967 5845 3195 5901 tirocinio
3212 5841 3433 5912 suscepti
3448 5837 3664 5895 muneris
3681 5844 3855 5905 atquc
