3994 6352
216 437 324 494 173

209 553 270 604 in
293 566 380 604 nos
394 549 677 604 ditestioms
694 549 902 616 affet-tu,
927 551 1012 619 qui
1025 551 1137 622 jam
1158 550 1495 610 ministrantes
1513 549 1685 617 altari,
1709 567 1803 618 quo

210 642 475 698 accessuri
505 644 651 712 estis,
688 644 993 708 assistimus,
1028 659 1117 696 nec
1147 644 1421 702 ministerio
1451 644 1692 698 sermonis
1719 659 1804 700 vos

209 735 465 807 fraudare
493 735 726 788 debemus
755 733 948 806 (Serm.
987 735 1120 798 2M,
1163 751 1216 789 η.
1262 734 1338 806 1).
1380 733 1567 789 Paucis
1595 749 1804 804 quoque

208 828 344 882 inde
371 829 571 899 elapsis
590 828 776 884 diebus
805 829 1178 898 Competentes
1199 839 1318 898 post
1343 828 1693 884 exorcismum
1726 827 1807 882 in-

210 922 450 975 stituens
474 922 552 974 sic
576 920 860 990 alloquitur
883 937 896 974 :
929 917 1237 974 Rudimenta
1263 919 1527 974 ministerii
1551 919 1728 984 nostri,
1761 929 1804 973 ct

209 1012 368 1065 uestri
393 1022 665 1084 conceptus
687 1009 884 1088 (Serm.
912 1009 1038 1079 216,
1067 1029 1119 1065 η.
1155 1010 1230 1081 1).
1259 1010 1516 1080 Quoniam
1539 1025 1665 1066 vero
1686 1019 1806 1080 post

209 1114 531 1172 susceptum
579 1099 1001 1178 presbyteratum
1052 1100 1269 1172 aliquod
1326 1117 1390 1158 eo
1443 1101 1496 1156 in
1550 1117 1801 1163 numere,

211 1199 451 1252 maxime
479 1206 658 1250 autem
684 1194 734 1248 in
765 1194 926 1248 divini
947 1195 1089 1248 verbi
1118 1194 1507 1263 przedicatione,
1533 1193 1639 1264 jam
1667 1192 1806 1262 peri-

210 1289 395 1342 culum
429 1287 631 1342 fecerat
657 1303 870 1341 suarum
897 1287 1085 1340 virium
1107 1326 1121 1350 ,
1153 1285 1363 1356 quando
1388 1300 1478 1340 eas
1509 1293 1655 1338 tanto
1684 1300 1802 1342 mu-

209 1380 332 1434 neri
365 1379 599 1447 impares
622 1386 912 1450 expertus,
946 1375 1240 1430 facultatem
1269 1375 1334 1430 ad
1361 1375 1524 1430 breve
1565 1383 1800 1443 tempus,

211 1470 408 1523 saltem
434 1469 503 1523 ad
529 1469 731 1522 Pascha
760 1483 946 1538 usque,
979 1465 1259 1521 secedendi
1288 1466 1545 1536 p0poscit,
1583 1482 1688 1536 quo
1717 1481 1803 1518 sa-

211 1562 322 1616 cris
351 1561 570 1616 Litteris
594 1576 810 1630 operam
837 1566 1088 1624 navaret;
1122 1559 1277 1614 facile
1301 1559 1635 1628 intelligitur,
1681 1574 1802 1612 eum

215 1669 325 1704 non
349 1652 525 1706 solum
552 1651 622 1704 ab
649 1651 864 1705 ineunte
891 1647 1298 1718 Quadragesima
1323 1690 1336 1713 ,
1383 1658 1438 1701 ut
1463 1649 1573 1701 vult
1599 1647 1800 1713 Rivius,

212 1742 308 1796 sed
337 1743 502 1796 etiam
530 1742 798 1812 aliquanto
837 1750 962 1796 ante
1005 1748 1239 1810 tempore
1283 1739 1446 1794 fuisse
1485 1739 1802 1794 ordinatum.

213 1832 557 1902 Quapropter
582 1832 694 1886 haec
721 1831 862 1885 illius
888 1831 1166 1885 ministerii
1197 1830 1482 1900 primordia
1513 1831 1717 1885 nonnisi
1736 1831 1802 1885 ad

213 1923 348 1976 illud
377 1933 590 1993 tempus
610 1964 622 1987 ,
665 1937 770 1990 quo
797 1939 860 1977 ex
887 1923 1144 1990 permisso
1170 1921 1266 1975 sibi
1297 1936 1509 1974 secessu
1539 1936 1802 1991 egressus,

213 2014 348 2072 huic
377 2015 586 2069 muneri
608 2030 665 2070 se
701 2022 867 2069 totum
908 2015 1125 2080 addixit,
1160 2023 1381 2084 possunt
1413 2015 1691 2069 commode
1718 2030 1805 2068 re-

217 2108 447 2166 vocari;
490 2109 558 2161 sic
587 2123 776 2178 nempe
807 2117 864 2160 ut
891 2107 1206 2179 intelligatur
1233 2107 1342 2177 ipse
1363 2107 1523 2160 missa
1547 2105 1719 2162 facere
1744 2122 1806 2160 ea

213 2199 428 2264 munia,
461 2214 575 2266 qua}
604 2208 728 2252 ante
753 2197 892 2251 hunc
924 2213 1189 2252 secessum
1217 2198 1442 2256 obierat.
1481 2197 1596 2263 Quo
1629 2212 1806 2251 seces-

218 2291 374 2358 serit,
404 2290 710 2360 ignoratur;
743 2299 887 2345 certe
911 2289 1123 2362 quidem
1168 2305 1271 2344 non
1306 2290 1489 2360 procul
1535 2289 1804 2358 Hippone:

217 2398 342 2436 nam
385 2382 759 2452 Hipponenses
801 2381 902 2437 hoc
944 2383 1113 2454 primo
1160 2398 1250 2436 seu
1288 2382 1527 2453 proxime
1567 2381 1809 2450 sequenti

217 2484 462 2545 tempore
489 2476 828 2546 longinquam
850 2476 1125 2545 Augustini
1151 2476 1442 2530 absentiam
1467 2474 1811 2528 vehementer

217 2567 491 2640 nimisque
513 2567 846 2634 metuebant,
874 2575 926 2620 et
957 2566 1028 2619 illi
1057 2566 1154 2619 hac
1182 2566 1232 2618 in
1265 2581 1323 2618 re
1347 2580 1677 2636 nequaquam
1711 2581 1806 2619 v0-

219 2655 400 2711 lehant
428 2655 654 2712 credere
686 2655 879 2730 (Epist.
900 2655 991 2722 9.2,
1020 2673 1072 2709 η.
1102 2654 1179 2725 9).
1213 2656 1287 2710 Ex
1313 2655 1394 2709 his
1421 2671 1536 2726 qua:
1558 2655 1807 2719 diximus,

218 2749 622 2804 ordinationem
655 2749 934 2819 Augustini
963 2749 1149 2802 saltem
1181 2749 1230 2801 in
1265 2749 1378 2818 ipso
1403 2749 1525 2802 anni
1556 2748 1812 2817 principio

219 2858 546 2914 reponamus
574 2858 794 2898 necesse
819 2850 916 2896 est.
946 2841 1023 2895 Ad
1049 2857 1248 2895 amuun
1269 2841 1694 2895 trecentesimum
1719 2855 1814 2892 no-

223 2937 560 3005 nagesimum
592 2935 821 3005 primum
847 2935 1004 3004 vulgo
1033 2935 1276 3000 refertur,
1296 2934 1444 3004 juxta
1461 2949 1520 2986 ea
1547 2949 1663 3004 qua:
1686 2932 1813 2986 Pos-

224 3026 397 3080 sidius
425 3026 643 3090 scribit,
673 3026 824 3080 illum
852 3025 1093 3078 videlicet
1120 3042 1180 3077 ex
1211 3024 1354 3078 Italia
1389 3024 1440 3076 in
1466 3023 1695 3076 Africam
1725 3037 1811 3075 re-

224 3131 469 3188 gressum
496 3117 670 3176 tribus
693 3117 846 3170 anuis
876 3116 1112 3186 Tagastae
1140 3116 1351 3178 vixisse,
1382 3115 1432 3168 in
1456 3115 1706 3168 clericatu
1722 3129 1813 3166 au-

227 3216 330 3262 tem
353 3207 430 3280 (id
462 3217 568 3276 est,
600 3208 994 3285 presbyteratu)
1017 3208 1098 3262 vel
1131 3207 1454 3276 episcopatu,
1481 3206 1631 3258 anuis
1652 3206 1814 3257 l'erme

233 3299 575 3370 quadraginta
625 3315 791 3370 usque
827 3298 894 3354 ad
943 3299 1181 3368 quintum
1221 3297 1473 3350 kalendas
1502 3294 1814 3364 septembris

233 3390 348 3444 anni
370 3390 890 3461 quadringentesimi
914 3388 1170 3460 trigesimi
1199 3387 1455 3460 (Possim,
1493 3387 1542 3438 in
1573 3384 1683 3436 Vita
1707 3384 1812 3436 Au-

234 3492 382 3553 gust,
402 3499 453 3536 ε.
483 3482 518 3537 5
551 3492 600 3534 et
629 3498 676 3536 ε.
704 3480 814 3553 51).
847 3480 1011 3536 Porro
1029 3496 1168 3533 anno
1190 3478 1561 3532 trecentesimo
1583 3491 1813 3544 nonage-

234 3573 360 3630 simo
388 3574 572 3644 primo
609 3573 810 3628 Pascha
842 3574 894 3626 in
928 3581 1134 3628 sextum
1163 3571 1342 3645 aprilis
1364 3569 1647 3624 incidebat.
1683 3567 1814 3621 Tum

235 3680 354 3720 vero
381 3663 580 3738 agebat
616 3665 940 3736 Augustinus
973 3678 1166 3718 annum
1195 3662 1366 3716 aetatis
1395 3675 1503 3718 sua:
1528 3658 1819 3730 quadrage-

236 3758 417 3814 simum
429 3796 443 3809 .

301 3849 351 3903 6.
383 3848 521 3902 Erat
550 3857 679 3902 tunc
707 3848 757 3901 in
785 3863 933 3901 more
955 3848 1296 3916 institutoque
1316 3847 1542 3915 positum
1570 3844 1817 3898 Ecclesite

238 3938 534 4006 Africaine,
589 3948 645 3992 ut
701 3940 992 4011 presbyteri
1035 3939 1254 3993 verbum
1294 3939 1385 3992 Dei
1427 3947 1514 3990 aut
1549 3953 1814 4004 nunquam

237 4029 589 4100 praedicarent
614 4071 628 4094 ,
663 4041 720 4084 ut
749 4031 1013 4083 nonnullis
1034 4046 1097 4083 ex
1126 4031 1314 4098 Optato
1340 4029 1404 4083 de
1434 4028 1818 4097 praedicationis

238 4138 458 4176 munere
495 4123 642 4177 velut
668 4122 735 4176 de
764 4121 939 4175 ollicio
976 4122 1261 4191 epist'OpaIi
1303 4122 1548 4188 loquente
1590 4119 1812 4190 (()ptat.,

238 4216 326 4270 lib.
358 4216 438 4282 5),
467 4217 640 4284 colligi
683 4230 840 4284 posse
873 4214 1109 4278 videtur;
1143 4220 1233 4266 aut
1271 4213 1453 4266 saltem
1498 4228 1673 4266 coram
1703 4213 1816 4280 epi-

238 4307 411 4376 scopis
441 4305 571 4360 illud
602 4307 653 4359 in
681 4306 904 4360 ecclesia
934 4321 1034 4358 non
1066 4314 1367 4358 tractarent.
1417 4303 1653 4358 Meminit
1695 4305 1815 4359 llic-

233 4412 493 4468 ronymus
519 4398 920 4452 consuetudinis
951 4397 1124 4465 hujus,
1155 4413 1273 4466 qua:
1300 4397 1350 4450 in
1377 4397 1686 4467 quihusdam
1719 4397 1817 4450 Ec-

233 4489 405 4546 clesiis
436 4488 673 4557 vigebat,
707 4499 757 4542 ut
783 4488 1074 4558 presbyteri
1105 4497 1359 4554 tat-orent,
1385 4504 1444 4541 ac
1469 4489 1816 4560 praesentibus

234 4580 504 4650 episcopis
534 4595 642 4633 non
670 4579 1013 4648 loquerentur
1040 4599 1051 4633 :
1083 4597 1236 4648 quam
1271 4581 1380 4650 ipse
1410 4581 1690 4650 pessimam
1723 4597 1814 4632 vo—

233 4681 331 4737 mt,
356 4681 412 4725 et
434 4686 560 4741 qute
587 4673 922 4726 occasionem
953 4672 1184 4740 praebeat
1213 4671 1509 4742 suspicaudi
1539 4649 1816 4742 epise0pos

235 4747 317 4813 au‘t
347 4761 791 4831 presbyterorum
822 4777 1037 4818 suorum
1063 4763 1243 4832 gloria:
1289 4762 1523 4818 invidere
1543 4805 1556 4827 ,
1608 4773 1696 4817 aut
1728 4779 1818 4820 eo-

233 4865 344 4903 rum
377 4865 666 4905 sermones
710 4849 944 4906 fastidire
983 4851 1328 4926 (llicronynt.,
1366 4853 1528 4924 Epist.
1555 4854 1588 4906 2
1615 4854 1680 4906 ad
1710 4852 1816 4909 Ne-

235 4937 478 5013 potian.).
518 4939 762 4996 Valerius
781 4940 848 4994 ab
875 4941 1018 4997 hisce
1043 4944 1215 5012 pravis
1245 4943 1604 4998 affectionibus
1630 4945 1818 4999 immu-

235 5033 332 5096 nis,
362 5047 489 5085 cum
520 5029 574 5084 in
601 5031 959 5088 Orientalibus
998 5033 1249 5090 Ecclesiis
1280 5037 1614 5106 presbyteros
1636 5053 1817 5093 coram

235 5123 503 5194 episcOpis
527 5138 594 5179 ex
623 5140 721 5178 usu
748 5133 959 5200 recepto
985 5127 1235 5201 pepulum
1262 5126 1452 5183 docere
1472 5144 1576 5183 non
1608 5131 1817 5200 ignora-

236 5224 331 5278 ret,
365 5214 680 5270 Africanum
707 5215 853 5271 illum
881 5232 1084 5271 morem
1115 5217 1321 5274 solvere
1354 5236 1458 5274 non
1485 5230 1567 5276 est
1596 5223 1814 5278 veritus.

235 5305 365 5364 Nam
392 5307 525 5378 quia
555 5308 659 5363 sibi
686 5306 891 5365 l‘acilem
927 5309 1072 5364 latini
1105 5313 1364 5370 sermonis
1398 5329 1552 5372 usum
1595 5315 1660 5370 ad
1704 5317 1816 5390 plc-

238 5398 356 5455 bem
387 5401 770 5457 instituendam
793 5419 900 5459 non
928 5414 1210 5476 suppetere
1235 5408 1506 5476 cernebat,
1533 5410 1675 5468 vices
1695 5427 1819 5470 suas

240 5493 538 5562 Augustino
579 5495 878 5564 commisit,
925 5511 1154 5569 eumque
1185 5512 1362 5556 coram
1403 5514 1462 5556 se
1502 5501 1556 5556 in
1595 5503 1819 5562 ecclesia

241 5580 586 5649 Evangelium
609 5583 768 5654 jussit
795 5587 1218 5664 frequentissime
1244 5596 1468 5646 tractare
1495 5590 1816 5663 (Possidius,

241 5671 291 5728 in
323 5672 444 5729 Vita
465 5677 703 5750 August,
729 5697 773 5733 c.
807 5679 889 5750 5).
922 5678 979 5736 id
1005 5681 1242 5736 nonnulli
1274 5694 1589 5754 carpserunt
1607 5689 1816 5760 episco-

244 5765 331 5833 pi:
361 5767 458 5823 sed
487 5770 804 5826 venerabilis
833 5769 924 5827 ille
963 5789 1024 5828 ac
1066 5775 1311 5843 providus
1354 5791 1515 5832 senex
1559 5779 1818 5840 minorem

247 5859 441 5925 [litavit
469 5857 768 5918 habendam
806 5879 921 5920 esse
960 5865 1365 5923 obtrectautium
1392 5871 1689 5941 linguarum
1729 5888 1816 5926 ra-

1561 435 1762 490 LIBER
1800 433 2112 492 TERTlUS.

3382 434 3485 491 174

1912 549 2132 614 tionem,
2154 560 2310 618 quam
2342 546 2506 616 ipsius
2534 547 2771 602 utilitatis
2798 555 2851 602 et
2873 547 3094 613 fructus,
3123 564 3277 622 quem
3305 549 3488 606 Eccle-

1912 643 2004 695 size
2044 655 2152 696 suae
2191 654 2288 712 per
2320 640 2668 694 ministerium
2710 639 3001 713 presbyteri
3046 656 3162 695 eam
3202 642 3486 700 erudientis

1913 730 2130 802 (quippe
2158 747 2278 785 cum
2306 747 2400 802 per
2426 747 2483 786 se
2505 731 2678 786 minus
2707 732 2756 785 id
2791 733 2994 802 posset)
3028 734 3359 800 procurabat.
3395 735 3484 792 Sic

1912 825 2255 893 Augustinus,
2285 833 2340 879 ut
2365 824 2580 882 lucerna
2611 825 2804 880 ardens
2833 833 2887 880 et
2911 825 3095 880 lucens
3122 842 3279 896 super
3308 827 3491 882 Eccle-

1911 917 2004 971 siae
2046 917 2422 973 candelabrum
2462 919 2632 992 posita
2657 959 2670 982 ,
2710 917 2960 976 omnibus
2999 919 3086 988 qui
3118 919 3168 974 in
3210 919 3368 974 domo
3396 920 3486 974 Dei

1911 1015 2083 1071 erant,
2109 1007 2366 1064 doctrina:
2393 1023 2503 1062 suae
2524 1008 2685 1063 radiis
2707 1007 2969 1063 illucebat.
2991 1006 3123 1063 Cum
3150 1018 3325 1064 autem
3351 1008 3489 1066 fama

1913 1115 2184 1154 sacrarum
2212 1102 2525 1156 concinnum
2544 1141 2557 1165 ,
2590 1116 2722 1170 quas
2749 1101 2815 1155 ad
2846 1102 3210 1172 llipponenses
3239 1103 3486 1171 habebat,

1912 1189 2069 1260 longe
2096 1191 2306 1260 lateque
2335 1191 2753 1258 dill‘underctur,
2797 1192 3065 1249 nonnulla:
3098 1193 3351 1248 Ecclesia:
3392 1194 3488 1250 bo-

1912 1295 2040 1336 num
2068 1281 2366 1350 exemplum
2394 1293 2589 1340 secutis
2611 1292 2754 1350 sunt,
2773 1292 2831 1338 ut
2855 1284 2908 1339 in
2935 1284 2999 1340 iis
3019 1285 3334 1358 presbyteri,
3355 1284 3491 1340 facta

1912 1373 2012 1426 sibi
2043 1374 2108 1426 ab
2133 1374 2385 1445 episcopo
2411 1390 2509 1430 suo
2542 1384 2833 1445 potestate,
2861 1391 3041 1432 coram
3066 1392 3133 1432 eo
3157 1377 3375 1434 verbum
3408 1392 3492 1432 sa-

1913 1461 2034 1520 lutis
2056 1471 2284 1519 tractare
2313 1463 2624 1534 inciperent.
2655 1466 2839 1521 Exstat
2860 1466 3121 1538 hodieque
3147 1468 3420 1538 Augustini
3439 1476 3494 1521 et

1911 1555 2084 1627 Alypii
2104 1556 2214 1625 jam
2242 1557 2614 1632 episcoporum
2642 1559 2865 1626 epistola
2889 1559 2953 1612 ad
2978 1558 3250 1614 Aurelium
3277 1558 3496 1616 Cartha-

1911 1648 2205 1718 gineusem,
2230 1650 2317 1703 cui
2348 1649 2417 1704 ob
2446 1649 2582 1704 hanc
2611 1650 2874 1720 przeeipue
2902 1666 3116 1706 causam
3140 1653 3488 1722 gratulantur,

1912 1739 2054 1810 quod
2081 1741 2402 1811 presbyteris
2430 1756 2490 1798 se
2515 1751 2778 1811 praesente
2808 1757 3110 1798 sermonem
3147 1744 3211 1799 ad
3245 1746 3492 1816 populum

1913 1829 2232 1900 haberejam
2255 1831 2482 1902 primum
2501 1832 3042 1903 permitteret(Epist.
3065 1835 3154 1899 41,
3185 1852 3235 1888 n.
3268 1835 3338 1904 1).
3372 1835 3494 1892 [Lee

1913 1923 2136 1991 epistola
2157 1965 2170 1988 ,
2217 1931 2275 1979 ut
2302 1925 2528 1988 videtur.
2563 1926 2826 1994 prioribus
2854 1927 3005 1982 annis
3029 1929 3366 1998 episcopatus
3386 1930 3494 1984 Au-

1917 2015 2112 2086 gustini
2143 2017 2443 2085 conscripta
2467 2026 2566 2072 est.
2595 2017 2919 2086 Augustinus
2953 2019 3064 2086 ipse
3090 2030 3209 2090 post
3233 2019 3389 2074 ﬁnem
3417 2019 3498 2074 sui

1913 2108 2197 2177 aliquando
2222 2110 2506 2174 sermonis,
2536 2109 2790 2179 p0pulum
2820 2109 3126 2164 cohortatus
3153 2120 3233 2166 est
3251 2151 3266 2176 ,
3295 2119 3347 2166 ut
3379 2125 3500 2179 pre-

1913 2200 2155 2271 sbyteros
2183 2211 2304 2270 post
2337 2217 2396 2255 se
2423 2201 2582 2256 verba
2621 2201 2719 2256 Dei
2747 2202 3137 2262 ministraturos
3173 2203 3355 2258 audire
3392 2217 3496 2257 non

1915 2295 2115 2362 pigeret
2141 2292 2330 2363 (Serm.
2358 2292 2447 2359 20,
2480 2309 2530 2345 η.
2555 2293 2632 2360 5).

2541 2403 2770 2459 CAPUT
2801 2405 2867 2459 V.

1919 2497 1943 2550 1
1983 2495 2343 2550 Mouasterium
2367 2496 2603 2567 Hippone
2622 2497 2894 2550 constituit.
2922 2496 2958 2550 2
2986 2495 3060 2550 De
3085 2498 3194 2567 ejus
3214 2498 3496 2567 discipulis.

1989 2589 2023 2642 5
2053 2587 2136 2641 Ea:
2173 2589 2235 2641 iis
2279 2587 2448 2659 plures
2490 2589 2556 2641 ad
2590 2588 2934 2658 episcopatum
2957 2591 3218 2658 assumpti.
3252 2591 3285 2643 ι
3317 2589 3500 2644 Mona-

1989 2680 2110 2731 stica
2142 2680 2239 2731 vita
2269 2679 2537 2748 Augustini
2566 2679 2730 2732 studio
2784 2696 2874 2749 per
2920 2678 3144 2747 Africam
3201 2689 3496 2749 propagata.

1993 2771 2023 2823 5
2052 2769 2419 2823 Monachorum
2442 2771 2776 2840 quorumdam
2799 2787 2862 2824 ea:
2881 2787 3089 2824 suarum
3109 2789 3311 2824 nuner
3332 2774 3504 2841 lapsus

1990 2878 2139 2931 quam
2168 2862 2381 2930 graviter
2411 2861 2546 2914 tulit.
2581 2862 2614 2914 6
2645 2861 2962 2916 Demonstrat
2991 2863 3110 2930 r/ﬁci
3135 2880 3234 2915 non
3272 2879 3416 2932 posse
3451 2873 3505 2917 ut

1991 2953 2266 3004 monastica
2297 2953 2541 3021 professio
2569 2952 2734 3005 nullos
2757 2953 2894 3005 bouis
2918 2952 3078 3005 mulos
3099 2955 3279 3007 mixtos
3304 2954 3502 3006 habeat.

1992 3044 2022 3095 7
2051 3041 2251 3109 lit/inite
2282 3045 2429 3096 sortis
2457 3043 2679 3097 homines
2710 3044 2776 3096 ad
2801 3061 2911 3098 eam
2937 3044 3133 3098 admitti
3152 3047 3314 3116 jubet,
3342 3061 3500 3115 neque

1992 3132 2225 3186 divitibus
2259 3134 2459 3187 admitti
2503 3136 2814 3204 cupientibus
2852 3137 3025 3189 haberi
3049 3139 3265 3191 minores
3293 3141 3500 3208 gratias,

1992 3241 2106 3277 cum
2130 3225 2330 3279 ubilibet
2356 3228 2540 3294 egenis,
2573 3244 2725 3295 quam
2753 3244 2870 3280 cum
2895 3231 3196 3282 monasterio
3216 3247 3332 3283 suas
3357 3230 3505 3285 dedc-

1992 3317 2092 3368 rint
2123 3317 2404 3385 facultates.
2438 3318 2470 3370 8
2498 3316 2575 3368 De
2601 3319 3064 3372 sancti-inamabilius
3094 3319 3500 3390 Ilipponeusibus

1994 3411 2274 3462 communis
2299 3411 2410 3463 vita:
2435 3410 2715 3466 institutum
2743 3411 2799 3464 in
2824 3414 3122 3466 monasterio
3145 3430 3234 3482 per
3260 3430 3372 3466 eum
3391 3428 3502 3468 cro-

1992 3512 2069 3552 cto
2098 3501 2352 3571 professis.

1994 3592 2044 3643 1.
2071 3590 2182 3644 Etsi
2204 3589 2408 3645 faustus
2433 3591 2520 3645 ille
2541 3590 2656 3646 dies
2671 3591 3018 3645 ordinationis
3037 3594 3151 3659 ejus
3166 3594 3326 3646 vitam
3343 3593 3499 3648 aliam

1921 3682 2130 3745 all'erre,
2156 3690 2312 3751 atque
2337 3682 2468 3736 alios
2501 3697 2678 3736 mores
2707 3684 3002 3755 presbyteri
3021 3685 3215 3753 gradus
3231 3686 3500 3754 postulare

1923 3773 2165 3826 videatur
2193 3774 2352 3841 (quod
2385 3773 2669 3828 Martianus
2693 3775 2865 3828 amico
2889 3790 2984 3829 suo
3012 3791 3071 3829 ea
3100 3776 3317 3831 forsitan
3344 3791 3497 3831 0cm-

1923 3862 2093 3925 sione,
2126 3863 2177 3916 id
2203 3872 2303 3925 est,
2329 3862 2609 3930 Tagastam
2644 3865 2780 3922 torte
2818 3881 3035 3922 reverso
3063 3876 3183 3936 post
3214 3868 3505 3921 ordinatio-

1924 3968 2076 4017 nem,
2131 3964 2290 4023 atque
2340 3954 2460 4009 inde
2502 3955 2799 4024 Hipponem
2843 3957 3149 4026 profectu-ro
3190 3960 3503 4028 suggerebat

1925 4045 2111 4117 [Ιτῖρὶδι.
2151 4047 2276 4112 258,
2306 4046 2426 4116 21.5]
2452 4048 2504 4115 );
2535 4046 2602 4102 de
2630 4049 2950 4102 monasterio
2973 4049 3316 4106 nihilominus
3341 4067 3498 4119 qutun

1923 4138 2149 4205 primum
2173 4138 2542 4194 constituendo
2567 4139 2761 4207 cogitat
2788 4140 2880 4193 Vir
2898 4150 3132 4204 sanctus,
3159 4143 3245 4195 ubi
3268 4157 3384 4196 cum
3411 4144 3502 4195 hei

1922 4231 2094 4286 servis
2134 4240 2444 4288 constanter
2483 4231 2682 4286 humile
2709 4242 2758 4286 et
2789 4232 3050 4300 abiectu-In
3083 4233 3290 4287 vivendi
3333 4250 3502 4302 genus

1923 4329 2103 4378 tenere
2129 4331 2332 4390 pergat.
2358 4321 2474 4388 Quo
2500 4323 2711 4390 quidem
2741 4333 3016 4390 comperto
3036 4323 3276 4377 Valerius
3296 4326 3504 4393 episco—

1922 4426 2020 4482 pus
2051 4414 2187 4466 votis
2209 4413 2352 4470 illius
2369 4414 2756 4478 obsecundaus,
2783 4416 2994 4470 hortum
3023 4415 3120 4484 ipsi
3152 4417 3286 4470 hanc
3313 4418 3365 4472 in
3388 4433 3497 4471 rem

1922 4503 2205 4559 concessit.
2233 4501 2292 4558 Id
2319 4503 2370 4557 in
2404 4503 2608 4572 publica
2632 4506 2887 4560 concione
2916 4507 3051 4574 plebi
3085 4522 3193 4559 suae
3224 4516 3401 4561 narrat
3421 4508 3502 4562 di-

1922 4594 2074 4649 cendi
2102 4595 2261 4648 modo
2300 4611 2551 4664 perquam
2588 4596 2853 4662 familiari,
2884 4613 2944 4650 ac
2969 4598 3156 4652 ordine
3177 4613 3352 4654 rerum
3382 4609 3499 4652 tan-

1923 4685 2088 4755 tisper
2109 4687 2378 4758 neglecto;
2410 4687 2546 4744 unde
2559 4688 2827 4744 nonnullis
2845 4688 2966 4742 data
2986 4691 3194 4744 occasio
3207 4692 3498 4758 asserendi,

1923 4791 2043 4831 eum
2071 4784 2352 4846 postquam
2383 4777 2508 4830 illud
2539 4778 2661 4832 vitae
2686 4793 2852 4847 genus
2875 4780 3016 4849 apud
3039 4781 3316 4850 'l‘agastam
3338 4796 3499 4836 exeo-

1922 4865 2117 4933 luerat,
2137 4881 2260 4922 sese
2282 4868 2588 4926 monasterii
2610 4868 2846 4938 erigendi
2871 4872 3034 4940 gratia
3059 4872 3348 4940 Hipponem
3373 4885 3501 4925 eon-

1925 4957 2132 5026 tttlisse,
2153 4959 2274 5028 quia
2299 4959 2535 5018 nondum
2560 4961 2775 5029 aliquod
2800 4964 2866 5017 ab
2890 4979 2957 5017 eo
2977 4964 3292 5018 instructum
3315 4964 3500 5019 fuisset

1924 5055 2302 5112 monasterium
2331 5055 2623 5128 (Bai-enim,
2654 5055 2721 5112 ad
2740 5071 2860 5111 ann.
2905 5057 3028 5122 591,
3060 5074 3110 5110 n.
3138 5057 3248 5126 24).
3281 5059 3349 5111 At
3385 5056 3501 5113 veri

1923 5160 2030 5204 non
2058 5147 2262 5202 videtur
2285 5149 2478 5212 simile.
2511 5159 2566 5209 et
2589 5165 2713 5206 eum
2739 5151 2950 5205 circiter
2973 5159 3082 5204 tres
3123 5165 3290 5206 annos
3326 5150 3381 5204 in
3411 5165 3500 5206 se-

1925 5251 2080 5294 cessu
2103 5240 2409 5298 monasticae
2433 5241 2553 5296 vitae
2574 5242 2840 5295 exercitiis
2862 5257 2983 5298 eum
3006 5241 3176 5295 servis
3199 5243 3288 5297 Dei
3311 5257 3502 5297 vacan~

1926 5340 2032 5392 tem
2052 5333 2286 5393 caruisse
2305 5336 2644 5402 monasterio,
2671 5344 2724 5390 et
2747 5336 2878 5389 illud
2900 5337 3217 5405 Tagastense
3237 5348 3504 5394 monaste-

1927 5423 2060 5478 rium
2086 5465 2102 5492 ,
2147 5424 2296 5494 cujus
2335 5425 2522 5482 incolis
2558 5439 2697 5479 anno
2739 5429 3114 5484 trecentesimo
3158 5431 3505 5500 nonagesimo

1927 5522 2116 5583 quarto
2151 5514 2374 5570 salutem
2421 5523 2658 5583 precatus
2687 5524 2766 5569 est
2796 5516 3048 5572 Paulinus
3077 5517 3238 5588 (apud
3264 5522 3500 5590 August.,

1929 5603 2090 5674 Epist.
2131 5602 2238 5671 24,
2280 5622 2330 5660 n.
2362 5605 2441 5674 6),
2470 5606 2661 5674 quovis
2689 5606 2792 5660 alio
2821 5609 2996 5676 potius
3024 5623 3178 5678 quam
3213 5610 3505 5678 Augustino

1927 5691 2205 5748 fundatore
2231 5702 2486 5748 erectum.
2519 5696 2608 5750 Sic
2629 5710 2758 5766 ergo
2785 5697 3038 5766 legendus
3068 5699 3414 5768 Augustinus,
3447 5708 3504 5750 ut

1928 5783 2070 5856 quod
2091 5785 2163 5837 ait
2188 5802 2198 5835 :
2233 5783 2342 5856 Ego
2363 5801 2508 5850 quem
2535 5786 2642 5840 Deo
2670 5789 2887 5856 prapitio
2913 5789 3085 5842 ridetis
3111 5791 3399 5859 episcopum
3421 5806 3506 5842 ue-

1932 5883 2110 5942 strum,
2143 5877 2336 5942 juvenis
2361 5880 2468 5931 veni
2489 5878 2555 5930 ad
2581 5879 2725 5932 istam
2754 5879 3018 5944 civitatem,
3049 5889 3099 5932 ut
3122 5882 3264 5935 multi
3289 5889 3498 5934 vestrum
