3990 6360
555 378 656 434 175

550 495 807 545 noverunt.
843 484 1136 551 Quaerebam
1169 481 1250 534 ubi
1277 481 1618 535 constituerent
1647 480 2000 534 monasterium
2022 519 2034 538 ,
2079 486 2126 530 et

548 581 758 636 viverem
772 595 886 633 cum
906 575 1144 648 fratribus
1166 575 1321 638 meis;
1345 583 1461 644 post
1480 570 1784 642 praedictum
1806 569 1953 635 illud,
1976 569 2124 634 ρυω.

547 673 736 736 rebam,
763 670 941 724 animo
969 666 1234 736 suppleas,
1263 681 1378 718 cum
1401 663 1526 717 mihi
1537 664 1651 733 jam
1679 659 1961 731 presbytero
1995 659 2124 729 Hip-

547 763 754 834 ponensi
781 763 835 815 in
863 762 958 814 hac
994 759 1190 812 civitate
1230 756 1530 810 nmnendum
1573 763 1738 808 esset:
1768 767 1993 822 moxque
2043 751 2123 805 his

544 870 664 924 quae
693 853 928 922 proxime
955 859 1245 919 sequuntur
1267 863 1360 918 per
1383 843 1736 916 parenthesim
1763 843 2032 910 seiunctis,
2057 841 2124 896 ad

546 947 818 1016 superiora
834 953 1085 998 anneclas
1113 959 1125 994 :
1156 940 1222 993 Et
1247 939 1365 1009 quia
1387 939 1480 991 hoc
1499 935 1843 1005 disponebam,
1867 935 1918 987 in
1944 949 2122 986 mona-

545 1038 694 1091 sterio
724 1051 828 1090 esse
853 1051 967 1088 cum
1001 1033 1244 1102 fratribus
1265 1072 1278 1094 ,
1311 1029 1509 1100 cognito
1533 1028 1756 1082 instituto
1785 1035 1831 1079 et
1870 1025 2123 1078 voluntate

545 1146 674 1195 mea,
703 1129 860 1182 beatae
877 1126 1131 1180 memoriae
1155 1139 1305 1177 senex
1340 1120 1571 1174 Valerius
1609 1119 1742 1172 dedit
1770 1117 1892 1170 mihi
1923 1115 2121 1168 hortum

543 1220 707 1286 illum,
735 1219 784 1271 in
810 1233 910 1289 quo
935 1232 1068 1269 nunc
1093 1223 1163 1268 est
1183 1212 1556 1266 monasterium.
1578 1208 1717 1280 Coepi
1743 1207 1855 1261 boni
1877 1204 2122 1276 prapositi

543 1313 722 1378 fratres
750 1309 1002 1379 colligere,
1035 1320 1292 1373 compares
1330 1319 1464 1355 meos
1486 1343 1501 1367 ,
1530 1300 1659 1354 nihil
1688 1299 1925 1352 habentes
1944 1337 1959 1362 ,
1993 1297 2122 1349 sicut

543 1404 667 1456 nihil
690 1401 950 1466 habebam,
982 1407 1027 1452 el
1055 1398 1303 1450 imitantes
1328 1411 1405 1448 me
1421 1409 1440 1448 :
1460 1403 1515 1447 ut
1539 1391 1790 1464 quomodo
1811 1406 1900 1460 ego
1924 1399 2120 1441 tenuem

552 1492 958 1565 paupertatulam
985 1505 1147 1543 meam
1169 1486 1385 1547 vendidi,
1415 1494 1462 1539 et
1488 1483 1790 1554 pauperibus
1812 1479 2031 1550 erogavi,
2050 1478 2121 1532 sic

540 1588 758 1655 facerent
779 1591 824 1636 et
843 1582 921 1635 illi
934 1581 1020 1650 qui
1047 1595 1237 1633 mecum
1261 1594 1365 1632 esse
1386 1575 1676 1640 voluissent,
1702 1581 1754 1626 ut
1781 1572 1842 1624 de
1866 1568 2120 1624 communi

537 1676 847 1737 viveremus;
875 1687 1135 1726 commune
1154 1679 1321 1723 autem
1343 1668 1483 1721 nobis
1499 1675 1622 1720 esset
1649 1679 1887 1734 maguum
1907 1671 1951 1714 et
1974 1663 2120 1712 uber-

537 1766 721 1819 rimum
750 1765 995 1835 prtedium
1021 1765 1127 1835 ipse
1153 1763 1291 1818 Deus
1320 1761 1508 1832 (Serm.
1538 1759 1671 1824 555,
1713 1775 1766 1812 η.
1793 1754 1870 1828 2).
1901 1754 1987 1808 Sic
2017 1768 2119 1808 una

535 1871 655 1911 cum
678 1856 846 1912 servis
874 1855 987 1921 Dei,
1011 1868 1146 1924 quos
1175 1858 1607 1923 congregaverat,
1643 1847 1780 1902 idem
1803 1847 1923 1899 vitzc
1953 1858 2119 1914 genus

535 1946 855 2016 sequebatur
873 1987 889 2010 ,
918 1943 1058 2014 quod
1085 1942 1434 2014 Jerosolymis
1461 1939 1834 2009 Apostolorum
1864 1935 2118 2004 tempori-

537 2037 636 2092 bus
667 2037 821 2106 primi
860 2034 1306 2090 consectabantur
1344 2030 1660 2093 Christiani;
1705 2029 1857 2096 quale
1883 2027 2034 2080 nobis
2064 2026 2116 2078 in

535 2127 682 2182 Actis
705 2126 1078 2195 Apostolorum
1108 2124 1406 2185 exhibetur,
1431 2130 1482 2175 et
1505 2119 1642 2188 quod
1677 2121 1786 2186 ipse
1818 2118 1991 2170 adhuc
2020 2118 2115 2170 lai-

534 2232 626 2270 cus
651 2218 832 2271 colere
851 2217 966 2284 jam
992 2224 1244 2282 coeperat.
1277 2211 1630 2281 Hipponensis
1653 2209 1792 2262 illius
1811 2208 2115 2261 monasterii

534 2309 856 2362 erectionem
899 2314 1047 2360 notat
1092 2304 1365 2359 Possidius
1409 2305 1489 2357 his
1534 2301 1746 2355 verbis:
1785 2300 1973 2352 Factus
1999 2316 2116 2368 ergo

536 2401 792 2470 presbyter
820 2397 1178 2451 monasterium
1200 2397 1335 2449 intra
1365 2394 1624 2448 ecclesiam
1653 2410 1769 2446 mox
1790 2393 1999 2444 instituit
2023 2407 2041 2454 ;
2071 2401 2116 2443 et

532 2506 644 2542 cum
673 2489 765 2542 Dei
783 2489 936 2542 servis
961 2488 1120 2541 vivere
1144 2487 1290 2557 caapit
1315 2485 1587 2539 secundum
1608 2483 1812 2536 modum
1830 2492 1874 2535 et
1890 2483 2115 2551 regulam

533 2582 621 2636 sub
641 2581 828 2635 sanctis
842 2579 1095 2650 Apostolis
1121 2578 1442 2632 constitutam
1467 2592 1486 2629 :
1503 2576 1720 2628 maxime
1741 2585 1792 2626 ut
1813 2591 1954 2627 nemo
1970 2573 2118 2642 quid-

491 2696 502 2700 -
533 2687 684 2740 quam
714 2671 972 2740 praprium
999 2670 1051 2722 in
1079 2669 1170 2722 illa
1199 2669 1430 2721 societate
1459 2665 1687 2730 haberet,
1733 2665 1819 2718 sed
1849 2665 1917 2717 cis
1956 2675 2114 2717 essent

533 2764 702 2818 omnia
737 2762 1043 2827 communia,
1072 2770 1118 2815 et
1147 2760 1522 2814 distribueretur
1546 2758 1812 2825 unicuique
1836 2759 1965 2810 sicut
1988 2773 2114 2822 Opus

532 2862 676 2920 erat;
703 2852 840 2925 quod
858 2853 971 2921 jam
998 2852 1107 2922 ipse
1134 2852 1272 2920 prior
1301 2855 1505 2920 fecerat,
1537 2851 1658 2902 dum
1681 2849 1740 2900 de
1766 2848 2114 2901 transmarinis

537 2945 605 2999 ad
631 2961 724 2998 sua
748 2952 1013 2998 remeasset
1057 2941 1361 3015 (Possidius
1383 2982 1398 3008 ,
1419 2942 1474 2994 in
1505 2939 1619 2994 Vita
1649 2941 1933 3011 Augustini,
1960 2957 2002 2992 c.
2021 2941 2052 2994 ὕ
2071 2937 2110 3008 ).

533 3037 851 3093 Cmnobium
891 3035 1028 3091 istud
1070 3037 1207 3090 intra
1236 3035 1512 3089 ecclesiam
1541 3033 1700 3087 fuisse
1726 3034 1909 3088 scribit
1937 3034 2110 3085 Possi-

533 3125 673 3192 dius,
702 3127 774 3182 ob
799 3141 917 3182 eam
945 3125 1186 3181 fortassis
1212 3139 1448 3191 causam,
1477 3124 1617 3194 quod
1645 3123 1831 3179 hortus
1853 3126 1880 3177 ἐι
1903 3125 2113 3180 Valerio

537 3218 612 3273 illi
645 3233 932 3273 concessus
969 3217 1038 3274 ad
1078 3218 1356 3273 ecclesiam
1385 3217 1773 3286 llipponensem
1805 3218 2109 3286 pertineret,

535 3317 588 3362 et
618 3309 739 3363 huic
756 3310 917 3364 etiam
950 3308 1088 3363 foret
1107 3307 1398 3377 proximus.
1429 3306 1560 3360 Nam
1587 3307 1725 3376 quod
1753 3307 1804 3360 in
1827 3308 2110 3376 episcopali

534 3400 694 3454 domo
711 3401 888 3456 erexit
905 3400 1304 3466 monasterium,
1332 3399 1472 3453 aliud
1499 3409 1664 3455 erata
1684 3401 1943 3469 superiori
1969 3416 1982 3461 ;
2017 3415 2114 3455 nec

539 3489 676 3546 istud
699 3491 798 3546 nisi
815 3491 924 3560 jam
951 3491 1230 3560 episcopus
1252 3501 1462 3550 creatus
1487 3491 1648 3560 cmpit
1673 3503 1963 3546 exstruere.
1985 3492 2113 3546 Pos—

535 3582 727 3636 sidium
755 3582 869 3636 hinc
905 3581 1014 3638 duo
1040 3583 1280 3638 emitobia
1308 3580 1610 3638 coufudisse
1647 3583 1828 3637 scribit
1858 3583 2112 3637 Baronius

535 3670 838 3741 (Baronius,
867 3673 935 3726 ad
961 3690 1147 3727 annum
1175 3672 1310 3738 591,
1342 3690 1394 3726 η.
1424 3672 1550 3743 25),
1579 3673 1718 3742 quod
1743 3682 1915 3729 tamen
1937 3674 2110 3728 credi-

534 3766 641 3822 bile
666 3783 771 3822 non
801 3768 1151 3832 videtur;nec
1181 3775 1261 3822 est
1285 3766 1424 3836 quod
1455 3781 1554 3821 nos
1583 3776 1736 3836 cogat
1766 3767 1815 3822 id
1847 3783 2108 3823 asserere.

535 3859 752 3913 Aurelio
796 3857 1290 3930 Carthaginensium
1321 3859 1571 3930 episcopo
1595 3861 1916 3929 Augustinus
1941 3862 2110 3918 adhuc

534 3951 813 4021 presbyter
849 3953 1044 4022 gratias
1071 3953 1211 4022 agit,
1250 3952 1390 4022 quod
1419 3953 1536 4022 ejus
1561 3963 1614 4006 et
1642 3955 1784 4008 curis
1811 3964 1863 4008 et
1894 3956 2110 4009 muniti-

541 4041 712 4096 ceutia
739 4043 994 4112 praadium
1027 4042 1239 4112 aliquod
1264 4043 1444 4096 datmn
1470 4054 1614 4098 esset
1649 4046 1892 4100 fratribus
1915 4045 2106 4118 (Epist.

531 4130 624 4197 22,
653 4149 704 4185 n.
733 4129 823 4202 9):
853 4147 957 4202 quo
997 4133 1213 4187 nomine
1258 4134 1626 4204 intelligendus
1655 4137 1797 4190 venit
1821 4137 1905 4191 vel
1942 4137 2109 4207 Taga-

534 4223 728 4278 stensis
753 4233 942 4288 cattus,
971 4225 1051 4279 vel
1079 4224 1428 4294 Hipponensis
1453 4243 1466 4292 ;
1497 4242 1620 4280 nam
1646 4242 1766 4281 cum
1793 4238 2012 4299 uterque
2041 4230 2110 4285 ab

536 4315 831 4384 Augustino
867 4324 1214 4386 congregatus
1244 4327 1405 4383 esset,
1433 4317 1499 4372 ad
1528 4318 1642 4388 ejus
1677 4334 1886 4390 quoque
1925 4336 2107 4376 curam

537 4412 760 4474 uterque
796 4405 1189 4475 quodammodo
1219 4409 1533 4477 pertinebat.
1581 4407 1732 4464 Illum
1757 4427 1883 4480 ergo
1912 4421 2108 4466 costum

533 4493 752 4548 fratrum
780 4510 1116 4566 summopere
1137 4497 1436 4553 devinctum
1466 4513 1584 4554 esse
1616 4501 1744 4555 dicit
1781 4502 1981 4556 Aurelii
2018 4501 2110 4557 be-

535 4585 753 4650 neficio,
796 4585 886 4655 qui
932 4589 1040 4641 suis
1075 4588 1275 4643 scilicet
1299 4605 1420 4659 erga
1459 4605 1582 4644 eum
1609 4591 1751 4644 curis
1781 4591 2106 4659 ostenderet,

539 4688 792 4746 quantum
824 4678 898 4731 illi
926 4680 1113 4748 spiritu
1138 4681 1566 4751 conjungeretur,
1591 4698 1621 4737 a
1650 4698 1755 4752 quo
1780 4685 1940 4737 tantis
1965 4684 2109 4738 loco-

531 4782 651 4823 rum
673 4769 967 4839 disjunctus
991 4782 1132 4826 esset
1161 4773 1467 4828 intervallis.

598 4857 654 4913 2.
684 4858 867 4914 Nullus
895 4861 946 4914 in
975 4860 1188 4916 dubium
1221 4865 1569 4934 vocat,.quin
1591 4865 1810 4935 Alypius
1832 4907 1846 4930 ,
1878 4864 2107 4922 Severus

530 4960 584 5004 et
606 4949 838 5008 Evodius
863 4951 1157 5021 Augustino
1186 4953 1358 5010 adhuc
1385 4956 1516 5010 laico
1543 4965 1648 5010 tam
1679 4966 1838 5011 arcta:
1873 4956 2105 5012 necessi-
2129 4969 2144 4983 '

530 5042 728 5098 tudinis
755 5045 965 5100 vinculo
991 5047 1229 5113 astricti,
1262 5048 1384 5104 huic
1423 5057 1618 5106 sanctae
1646 5049 1882 5104 societati
1909 5065 2102 5107 nomen

532 5135 794 5191 dederint.
821 5136 940 5208 Ipse
966 5141 1210 5194 Aurelius
1237 5141 1665 5211 Cartltaginensis
1692 5142 1983 5210 Augustino
2011 5157 2106 5210 per

530 5226 734 5281 litteras
761 5231 1122 5297 gratulabatur
1147 5274 1160 5298 ,
1207 5234 1346 5303 quod
1387 5234 1441 5287 in
1469 5233 1583 5302 ejus
1626 5233 2000 5303 conjunctione
2041 5249 2106 5290 ac

533 5317 791 5375 societate
828 5323 1108 5378 mansisset
1132 5325 1384 5395 Alypius,
1417 5333 1474 5378 ut
1504 5325 1750 5394 exemplo
1773 5335 1915 5381 esset
1949 5341 2104 5380 curas

531 5409 713 5463 saeculi
774 5411 941 5466 vitare
985 5414 1312 5482 cupientibus
1349 5411 1557 5486 (Ibid.,
1616 5431 1668 5468 n.
1715 5412 1806 5487 1).
1857 5416 2106 5486 Augusti-

533 5512 633 5552 nus
658 5499 708 5552 in
735 5500 943 5558 duobus
971 5504 1347 5573 posterioribus
1368 5504 1519 5560 libris
1538 5504 1604 5560 de
1631 5504 1824 5561 Libero
1849 5507 2102 5574 Arbitrio,

533 5601 670 5658 quos
693 5592 850 5662 paulo
874 5603 998 5649 ante
1022 5595 1381 5664 episcopatum
1408 5611 1561 5651 suum
1590 5598 1931 5668 conscripsit,
1963 5599 2101 5654 Evo-

533 5678 678 5736 dium
711 5696 890 5738 secum
944 5685 1243 5754 loquentem
1294 5685 1526 5755 inducit,
1570 5689 2011 5758 quemadmodum
2050 5691 2102 5745 in

533 5774 707 5842 priore
726 5815 740 5841 ,
773 5792 926 5847 quem
956 5777 1136 5834 Romae
1154 5793 1539 5870 composuerat.
1586 5782 1867 5838 Enimvero
1891 5790 2096 5839 constat

1681 364 1838 419 VITA
1879 364 1936 422 S.
1977 357 2344 419 AUGUS'I‘INI
2383 355 2704 416 EPISCOPI.

3712 355 3815 410 HO

2231 473 2488 528 Evodium
2507 474 2560 526 in
2581 465 2903 524 monasterio
2921 464 3128 536 degisse
3143 463 3335 536 (Epist.
3358 464 3481 532 158,
3503 481 3556 518 n.
3580 466 3690 537 11),
3714 482 3813 523 nec

2232 563 2497 618 habitasse
2525 561 2706 631 procul
2729 559 2968 628 Hippone
2991 575 3004 608 :
3031 556 3274 611 videlicet
3294 572 3416 610 casu
3439 555 3668 626 quodam
3689 571 3811 612 cum

2229 655 2570 710 Proculeiano
2601 651 2904 707 Donatianaz
2933 649 3099 720 partis
3129 649 3378 718 episcopo
3400 648 3727 718 Hipponensi
3755 649 3810 704 in

2229 763 2385 802 unam
2433 747 2648 802 domum
2677 744 3035 808 conveniens,
3090 743 3498 798 collocationem
3542 755 3663 798 cum
3693 744 3812 812 ipso

2229 839 2439 903 habuit,
2471 839 2892 906 sententiamque
2937 835 3103 904 ipsius
3147 842 3204 890 et
3242 843 3474 889 mentem
3517 834 3812 904 Augustino

2227 932 2449 986 subinde
2481 930 2732 986 indicavit
2775 928 2983 1000 (Epist.
3014 928 3104 995 55,
3155 944 3208 980 n.
3241 927 3337 998 2).
3377 926 3648 982 Possidius
3689 943 3812 998 per-

2228 1025 2443 1080 illustris
2483 1025 2761 1092 episcopus
2806 1020 3172 1083 Calamensis.
3204 1019 3295 1090 qui
3344 1021 3619 1090 Augustini
3665 1033 3810 1090 gesta

2226 1118 2498 1174 memoriae
2529 1117 2790 1186 prodidit,
2825 1116 2875 1168 in
2906 1115 3088 1184 primis
3125 1111 3266 1168 haud
3291 1112 3449 1168 dubie
3474 1113 3524 1166 in
3553 1112 3668 1183 ejus
3697 1129 3812 1168 mo-

2227 1211 2511 1266 nasterium
2551 1223 2608 1262 se
2656 1209 2886 1277 recepit;
2935 1222 3056 1260 cum
3104 1206 3220 1275 ejus
3257 1219 3316 1259 se
3363 1203 3605 1258 charitati
3649 1220 3807 1274 quam

2225 1301 2463 1371 plurimis
2501 1300 2650 1353 annis
2683 1299 2954 1351 iulia-sissc
2975 1340 2988 1362 ,
3023 1305 3181 1366 atque
3211 1296 3265 1349 in
3293 1296 3431 1349 illius
3475 1297 3726 1350 societate
3755 1306 3810 1352 et

2223 1392 2450 1446 amicitia
2477 1391 2710 1458 jucunde
2743 1405 2802 1442 ac
2832 1388 3188 1453 familiariter,
3227 1387 3356 1441 citra
3380 1386 3536 1440 ullam
3575 1401 3809 1442 amaram

2226 1483 2610 1536 dissensionem
2636 1524 2648 1546 ,
2681 1481 2834 1535 annis
2865 1479 3029 1534 ferme
3066 1479 3408 1550 quadraginta
3439 1479 3632 1534 vixisse
3655 1493 3810 1534 com-

2224 1581 2480 1628 memoret
2501 1572 2751 1644 (Possid.,
2778 1573 2829 1624 in
2855 1570 2964 1624 Vita
2983 1572 3136 1640 Ang.,
3161 1567 3455 1637 Prtefat.,et
3474 1585 3518 1622 c.
3534 1568 3646 1641 3i).
3665 1570 3812 1640 Ipse—

2224 1673 2332 1718 met
2361 1666 2680 1733 Augustinus
2711 1665 2891 1717 scribit
2920 1679 3038 1716 eum
3079 1677 3174 1714 suo
3219 1662 3510 1716 ministerio
3553 1663 3808 1718 nutritum

2223 1755 2412 1820 fuisse,
2438 1773 2539 1808 non
2565 1755 2971 1824 litterisquidcm
3003 1754 3124 1818 illis,
3144 1766 3275 1822 quas
3292 1752 3564 1807 libidinum
3591 1767 3806 1807 suarum

2221 1848 2360 1901 servi
2392 1847 2635 1900 liberales
2683 1853 3011 1920 nuncupant,
3047 1844 3138 1897 sed
3172 1843 3443 1897 Dominico
3495 1859 3627 1912 pane
3655 1844 3808 1898 cibo-

2222 1954 2323 2008 que
2354 1937 2588 2005 ςωιρειί,
2620 1947 2864 2008 quantus,
2895 1937 3080 2005 inquit,
3114 1935 3158 1988 ei
3187 1934 3345 2004 potuit
3378 1951 3465 2002 per
3493 1946 3688 1988 nostras
3715 1952 3809 1989 an-

2220 2031 2409 2100 gustias
2462 2031 2740 2100 dispensari
2775 2029 2972 2102 (Epist.
3012 2029 3133 2092 101,
3168 2044 3220 2080 n.
3257 2027 3346 2097 1).
3377 2026 3628 2081 Testatur
3665 2025 3810 2082 idem

2224 2123 2301 2174 \‘ll‘
2327 2122 2454 2187 Dei,
2486 2121 2747 2188 profuisse
2783 2135 2842 2175 se
2879 2120 3156 2174 conatibus
3201 2117 3312 2172 suis
3342 2117 3488 2171 fratri
3513 2116 3806 2172 Profuturo

2223 2215 2238 2281 (
2271 2214 2434 2284 Epist.
2462 2214 2552 2277 28,
2583 2231 2635 2266 n.
2668 2214 2744 2283 1),
2772 2212 2858 2281 qui
2882 2211 2947 2264 ad
2970 2211 3263 2264 Cirtensem
3285 2209 3644 2278 episcopatum
3664 2223 3811 2264 anno

2221 2307 2404 2358 saltem
2453 2305 2826 2359 trecentesimo
2852 2302 3192 2373 nonagesimo
3222 2302 3406 2372 quinto
3453 2311 3667 2356 evectus
3697 2309 3807 2356 est.

2223 2398 2448 2452 Evodius
2478 2407 2653 2451 autem
2684 2397 2868 2451 scribit
2895 2395 2960 2449 ad
3003 2395 3352 2464 Augustinum
3391 2393 3456 2448 de
3482 2391 3804 2458 Profuturo,

2223 2490 2433 2544 Privato
2454 2499 2505 2543 et
2525 2489 2773 2552 Servilio,
2799 2489 2885 2557 qui
2909 2491 3075 2542 sancti
3105 2487 3199 2540 viri
3230 2486 3294 2541 de
3321 2486 3644 2540 monasterio
3670 2501 3812 2556 prte-

2221 2590 2489 2633 cesst-rant
2514 2623 2527 2643 ,
2556 2591 2607 2633 et
2636 2595 2768 2649 quos
2797 2579 2892 2633 sibi
2929 2588 3045 2647 post
3067 2579 3264 2631 obitum
3296 2579 3498 2632 locutos
3528 2578 3685 2633 fuisse
3715 2593 3810 2631 as-

2221 2681 2426 2724 severat
2457 2670 2475 2739 (
2503 2669 2669 2741 Epist.
2711 2669 2812 2724 158
2837 2709 2851 2735 ,
2889 2685 2940 2722 n.
2977 2667 3068 2740 9).
3093 2668 3330 2723 Meminit
3358 2668 3680 2738 Augustinus
3708 2683 3812 2722 cu-

2217 2763 2428 2830 jusdam
2463 2762 2656 2815 Privati
2689 2761 2968 2826 monachi,
2999 2761 3088 2829 qui
3120 2760 3351 2814 moriens
3379 2759 3578 2828 aliquot
3607 2759 3814 2814 solidos

2225 2872 2231 2918 ι
2256 2869 2314 2904 er
2339 2853 2676 2905 donationem
2704 2853 2753 2904 in
2782 2851 3081 2919 quempiam
3104 2866 3207 2902 non
3240 2850 3578 2903 transtulerat
3609 2848 3808 2921 (Epist.

2219 2948 2314 3012 85,
2348 2963 2397 2998 u.
2434 2947 2466 3000 4
2487 2949 2524 3015 ).
2557 2945 2832 3008 Urbanus,
2868 2952 3047 3012 postea
3077 2942 3341 2997 Siccensis
3361 2943 3666 3011 episcopus,
3699 2938 3814 2995 fue-

2218 3048 2299 3092 rat
2346 3037 2617 3107 ;rcshyter
2666 3034 3018 3104 Hipponensis
3063 3032 3396 3102 (Sermonum
3449 3030 3757 3102 Fragmenta
3787 3072 3808 3098 ,

2218 3146 2269 3182 n.
2299 3130 2317 3179 1
2353 3129 2499 3198 primi
2533 3132 2715 3198 fragm.
2734 3124 2775 3196 ).
2807 3125 3106 3180 Verisimile
3127 3139 3335 3194 quoque
3359 3131 3440 3176 est
3462 3122 3813 3192 Peregrinum

2217 3221 2522 3288 episcopum
2542 3259 2558 3284 ,
2600 3219 2749 3272 illum
2780 3219 2949 3288 ipsum
2981 3233 3098 3271 eszse
3124 3217 3214 3285 qui
3241 3216 3518 3283 Augustini
3547 3215 3816 3270 diaconus

2217 3325 2338 3365 ante
2381 3311 2549 3364 fuerat
2577 3309 2785 3380 (Epist.
2813 3310 2934 3374 171,
2959 3318 3002 3360 et
3029 3307 3196 3377 Epist.
3228 3307 3351 3373 159,
3383 3323 3435 3360 n.
3459 3305 3547 3376 4).
3580 3305 3814 3360 Tantam

2221 3402 2549 3471 Augustinus
2595 3400 2695 3454 sibi
2739 3415 2858 3454 cum
2904 3399 3172 3453 Bonifacio
3210 3397 3526 3468 Cataquensi
3555 3397 3816 3465 episcopo

2218 3492 2666 3547 necessitudinem
2698 3491 2860 3545 fuisse
2887 3491 3080 3560 ubique
3106 3489 3529 3560 testatur(Epist.
3554 3487 3643 3554 96,
3663 3505 3717 3541 n.
3743 3488 3813 3555 2,

2217 3596 2262 3638 et
2280 3586 2439 3654 Epist.
2467 3585 2556 3650 97,
2583 3601 2635 3636 n.
2663 3583 2752 3654 ὅ),
2770 3592 2825 3636 ut
2847 3592 2990 3636 certe
3014 3582 3187 3651 colligi
3203 3581 3390 3650 possit,
3405 3596 3526 3634 eum
3547 3595 3608 3634 ex
3630 3578 3817 3634 sancti

2221 3679 2327 3731 V'iri
2382 3678 2539 3731 fuisse
2579 3676 2869 3745 discipulis.
2928 3675 3067 3729 ldem
3119 3674 3186 3729 de
3237 3673 3524 3727 Fortunato
3569 3669 3813 3726 Cirtensi

2217 3770 2466 3838 episcopo
2482 3767 2826 3822 asserendum
2843 3767 3045 3821 videtur
3058 3766 3246 3837 (Epist.
3267 3765 3389 3832 115,
3402 3776 3449 3819 et
3469 3765 3630 3833 Epist.
3648 3765 3782 3834 116)
3793 3803 3810 3816 .

2287 3862 2338 3915 5.
2381 3860 2484 3915 Sed
2523 3875 2682 3914 nemo
2718 3875 2778 3911 ex
2815 3859 2964 3913 nobis
2990 3858 3255 3926 requirat,
3295 3866 3350 3909 ut
3379 3861 3758 3910 recenseantur
3787 3894 3810 3919 ,

2214 3952 2302 4021 qui
2329 3967 2392 4004 ex
2415 3949 2691 4020 Augustini
2721 3949 2900 4002 schola
2923 3949 3168 4018 prodiere
3197 3962 3388 4017 magno
3410 3962 3630 4000 numero
3661 3962 3815 4014 pra:-

2216 4051 2417 4095 stantcs
2447 4042 2542 4094 viri
2568 4057 2582 4106 ;
2625 4040 2838 4110 quando
2864 4039 3132 4092 Possidius
3152 4081 3166 4105 ,
3192 4038 3280 4107 qui
3309 4053 3400 4091 eos
3441 4038 3600 4106 probe
3628 4051 3811 4089 nove-

2215 4141 2327 4200 rat,
2350 4147 2566 4186 curasse
2587 4131 2843 4194 videatur,
2873 4138 2928 4182 ut
2958 4129 3167 4183 illorum
3197 4145 3293 4182 nos
3315 4130 3536 4181 laterent
3558 4127 3807 4195 nomina,

2215 4242 2436 4294 quorum
2467 4226 2677 4296 egregia
2706 4226 2756 4279 itt
2788 4223 3080 4279 Ecclesiam
3114 4225 3297 4278 merita
3321 4224 3633 4293 publicabat.
3670 4220 3814 4277 Pro-

2217 4317 2414 4376 ﬁcieute
2440 4333 2620 4388 porro,
2671 4317 2869 4385 inquit,
2904 4315 3131 4369 doctrina
3177 4315 3347 4368 divina
3387 4313 3476 4368 sub
3527 4322 3698 4366 sancto
3745 4323 3812 4367 et

2213 4423 2327 4460 cum
2363 4420 2534 4461 sancto
2566 4407 2874 4478 Augustino,
2913 4408 2967 4460 in
3007 4408 3306 4460 monasterio
3350 4405 3454 4458 Deo
3492 4407 3755 4459 servientes
3785 4447 3808 4473 ,

2215 4496 2456 4552 Ecclesia
2486 4498 2800 4568 Hipponensi
2827 4498 2994 4550 clerici
3025 4498 3249 4550 ordinari
3281 4506 3550 4567 coeperunt.
3595 4496 3664 4547 Ac
3702 4495 3812 4546 de-

2212 4588 2329 4642 inde
2354 4589 2688 4642 inuotescente
2716 4598 2761 4642 et
2795 4589 3094 4642 clarescente
3136 4588 3198 4640 de
3243 4589 3326 4642 die
3366 4590 3419 4640 in
3456 4589 3585 4640 diem
3614 4586 3813 4638 Eccle-

2211 4682 2301 4734 sia:
2320 4681 2578 4734 catholica:
2599 4679 2970 4748 prwdicationis
2996 4680 3198 4732 veritate
3223 4688 3602 4746 sanctorumque
3620 4691 3810 4729 servo-

2212 4788 2325 4824 rum
2350 4769 2446 4824 Dei
2473 4772 2748 4841 pr0posito,
2781 4771 3086 4823 continentia
3125 4779 3169 4824 et
3193 4779 3488 4841 paupertate
3510 4768 3805 4838 profunda,

2209 4881 2274 4920 ex
2315 4866 2617 4918 monasterio
2643 4863 2775 4932 quod
2805 4880 2893 4934 per
2934 4863 3080 4917 illum
3123 4861 3490 4917 memorabilem
3533 4861 3692 4913 virum
3741 4869 3809 4913 et

2211 4973 2314 5012 esse
2338 4966 2382 5010 et
2405 4973 2623 5010 crescere
2646 4964 2860 5026 coeperat
2877 4997 2895 5022 ,
2922 4972 3103 5026 magno
3141 4955 3387 5009 desiderio
3413 4968 3613 5026 poscere
3637 4961 3810 5020 atque

2209 5049 2434 5118 accipere
2461 5050 2720 5118 episcOpos
2741 5057 2787 5101 et
2811 5049 3016 5102 clericos
3045 5065 3147 5119 pax
3179 5048 3422 5102 Ecclesite
3441 5059 3589 5119 atque
3617 5045 3807 5099 unitas

2209 5148 2254 5192 et
2273 5141 2418 5209 cwpit
2443 5139 2632 5208 primo,
2672 5148 2717 5193 et
2747 5150 2918 5211 postea
2944 5150 3206 5192 consecuta
3229 5149 3318 5192 est.
3352 5137 3487 5190 Nam
3514 5143 3669 5208 ferme
3697 5136 3806 5189 da-

2209 5247 2315 5285 cem
2333 5273 2348 5298 ,
2375 5248 2499 5302 quos
2523 5233 2630 5302 ipse
2655 5234 2768 5286 novi
2783 5275 2797 5299 ,
2831 5241 3030 5287 sanctos
3055 5249 3114 5286 ac
3141 5232 3442 5286 venerabiles
3463 5232 3591 5284 viros
3615 5271 3628 5295 ,
3661 5247 3805 5283 con-

2209 5323 2415 5377 tinentes
2439 5332 2486 5376 et
2521 5325 2868 5391 doctissimos,
2905 5325 3074 5378 beatus
3101 5325 3410 5395 Augustinus
3444 5323 3646 5376 diversis
3675 5320 3796 5375 Ec-

2208 5413 2370 5466 clesiis
2394 5455 2409 5480 ,
2438 5414 2694 5468 nonnullis
2713 5431 2907 5485 quoque
2931 5415 3334 5468 eminentioribus
3351 5457 3365 5481 ,
3393 5424 3593 5482 rogatus
3620 5411 3795 5467 dedit.

2209 5503 2555 5574 Similiterque
2577 5515 2623 5558 et
2649 5506 2744 5575 ipsi
2771 5521 2834 5558 ea:
2860 5503 3064 5558 illorum
3091 5514 3380 5559 sanctorum
3408 5503 3664 5575 preposito
3695 5519 3792 5557 ve-

2207 5597 2396 5651 nientes
2418 5640 2432 5664 ,
2486 5597 2694 5652 Domini
2737 5596 2975 5652 Ecclesiis
3021 5599 3342 5670 propagatis,
3383 5607 3428 5652 et
3475 5596 3797 5652 monasteria

2205 5690 2561 5755 instituerunt,
2593 5703 2640 5746 et
2667 5691 2831 5746 studio
2860 5699 3104 5746 crescente
3127 5691 3474 5758 tediﬁcationis
3499 5689 3632 5744 verbi
3653 5688 3783 5758 Dei,

2207 5785 2397 5841 ceteris
2433 5784 2668 5840 Ecclesiis
2699 5793 2951 5854 promotos
2977 5785 3158 5854 fratres
3185 5784 3252 5838 ad
3285 5783 3654 5855 suscipiendum
3687 5798 3782 5838 sa-
