3990 6360
261 326 351 388 «π
1585 321 1786 378 LIBER
1826 320 2134 380 TERTIUS.

257 443 524 501 cordolium
566 439 923 511 proditorum.
969 437 1115 495 Unde
1141 454 1232 509 per
1257 437 1440 492 multos
1466 447 1513 493 et
1549 439 1603 492 in
1651 439 1822 493 multis

257 535 465 590 salubris
491 533 612 602 ﬁdei
632 575 646 599 ,
688 532 794 602 spei
835 539 882 585 et
919 531 1177 584 charitatis
1207 528 1448 584 Ecclesia:
1490 529 1824 583 innotescente

258 626 478 680 doctrina
496 665 511 690 ,
559 640 658 676 non
703 621 867 676 solum
893 638 981 692 per
1007 637 1176 674 omnes
1215 621 1401 689 Africae
1430 629 1597 689 partes
1616 660 1631 686 ,
1660 637 1828 674 verum

257 719 396 772 etiam
432 717 486 770 in
519 714 873 769 transmarinis
897 755 910 778 ,
940 722 988 767 et
1031 728 1120 783 per
1166 712 1320 767 libros
1363 712 1559 779 editos,
1603 721 1748 782 atque
1774 712 1829 766 in

255 823 467 880 gris-erm:
510 821 792 861 sermonem
829 806 1098 858 translatos
1117 843 1134 869 ,
1162 803 1225 856 ab
1269 801 1360 856 illo
1385 818 1485 856 uno
1519 801 1754 864 homine,
1781 811 1830 856 et

257 917 334 969 per
356 898 508 953 illum
548 897 720 951 multis
743 940 756 961 ,
794 898 990 966 favente
1038 894 1180 962 Deo,
1205 895 1364 949 multa
1387 896 1692 949 innotescere
1719 911 1823 949 me-

255 1002 453 1046 ruerunt
491 989 786 1061 (Possidius
817 989 871 1042 in
904 987 1020 1041 Vita
1045 987 1310 1056 Augustini
1335 1029 1348 1053 ,
1385 1004 1429 1040 c.
1457 986 1584 1058 11).
1628 988 1704 1040 Ex
1747 985 1829 1040 his

255 1083 429 1137 decem
482 1080 783 1150 episcopis,
822 1079 910 1148 qui
956 1080 1022 1132 ab
1070 1078 1346 1148 Augustini
1391 1076 1713 1131 monasterio
1760 1076 1828 1131 ad

255 1173 610 1242 episcopatum
641 1170 900 1230 arcessiti,
930 1169 1224 1223 sanctitatis
1247 1169 1694 1223 existimationem
1717 1168 1828 1222 suis

252 1265 340 1317 sibi
367 1263 574 1316 meritis
596 1261 978 1326 conciliarunt,
1008 1269 1128 1315 octo
1151 1260 1260 1330 jam
1285 1275 1317 1314 a
1343 1260 1494 1314 nobis
1522 1274 1680 1330 supra
1710 1260 1828 1313 lau-

251 1355 347 1409 dati
376 1355 428 1407 in
475 1354 718 1407 notitiam
753 1361 990 1407 nostram
1011 1359 1307 1416 venerunt;
1338 1350 1585 1405 videlicet
1611 1349 1830 1421 Alypius

249 1446 615 1515 Tagastensis,
643 1444 878 1499 Evodius
906 1443 1202 1511 Uzaleusis,
1231 1441 1546 1496 Profuturus
1573 1441 1828 1497 Cirtensis

249 1538 503 1592 Numidiae
526 1536 991 1606 metropolitanus,
1018 1535 1340 1590 Fortunatus
1355 1534 1590 1604 ejusdem
1613 1549 1828 1589 succes-

249 1644 331 1682 sor
354 1671 367 1691 ,
396 1628 635 1683 Severus
655 1628 982 1681 Milevitanus
1008 1668 1023 1692 ,
1050 1625 1319 1680 Possidius
1346 1626 1702 1692 Calamensis,
1735 1626 1829 1681 Ur-

248 1720 408 1773 banus
450 1718 754 1784 Siccensis,
793 1726 847 1772 et
890 1718 1226 1787 Peregrinus.
1279 1717 1630 1771 Ecclesiamm
1673 1717 1828 1788 longe

247 1812 536 1882 positarum
571 1812 979 1866 necessitatibus
1005 1810 1346 1865 charissimos
1367 1811 1649 1880 discipulos
1677 1825 1823 1878 suos,

247 1919 375 1974 quos
401 1913 464 1957 ut
488 1905 731 1957 alumnos
757 1904 1086 1957 strictissima
1109 1903 1523 1972 dulcissimaque
1552 1901 1827 1956 familiari-

250 2006 354 2050 tate
381 1997 480 2049 sibi
509 1996 823 2063 conjunctos
851 1995 1119 2065 diligebat,
1151 1995 1443 2050 concedere
1465 2009 1567 2049 non
1597 2001 1822 2063 poterat,

246 2089 371 2157 quin
418 2102 482 2140 ex
514 2101 697 2140 eorum
725 2085 990 2140 desiderio
1017 2085 1310 2151 laboraret,
1353 2100 1414 2139 ac
1443 2085 1642 2138 doloris
1664 2084 1826 2138 veluti

242 2179 470 2232 stimulis
511 2177 802 2231 foderetur.
836 2177 1078 2231 Publicas
1117 2184 1294 2232 tamen
1339 2177 1696 2232 Ecclesiarum
1727 2193 1824 2231 nc-

242 2270 521 2323 cessitates
567 2267 792 2338 privatis
835 2268 1130 2322 commodis
1171 2269 1555 2338 anteponebat,
1605 2283 1826 2338 sperans

241 2359 380 2421 fore,
415 2367 476 2412 ut
512 2373 632 2411 cum
681 2358 816 2424 illis,
848 2373 983 2428 quos
1025 2359 1076 2411 in
1109 2359 1262 2412 terris
1303 2368 1520 2428 propter
1558 2357 1823 2413 Christum

241 2449 305 2504 ab
344 2465 404 2503 se
444 2448 627 2503 divelli
659 2457 957 2518 pateretur,
999 2449 1051 2502 in
1079 2449 1229 2504 cmlis
1257 2463 1353 2518 per
1374 2448 1640 2503 Christum
1684 2457 1826 2504 esset

238 2546 494 2594 azternum
526 2539 866 2592 convicturus
892 2537 1080 2609 (Epist.
1099 2538 1188 2604 84,
1209 2556 1262 2592 η.
1287 2540 1363 2610 1).
1389 2540 1504 2609 Ipse
1529 2555 1654 2593 vero
1677 2554 1827 2595 crea-

238 2641 321 2684 tus
345 2631 656 2700 episcopus,
683 2645 746 2685 ex
777 2630 861 2683 his
881 2631 967 2699 qui
993 2631 1159 2684 sancti
1189 2630 1439 2699 propositi
1468 2638 1684 2685 tenaces
1707 2646 1826 2701 per-

235 2723 592 2778 manebantin
612 2724 936 2777 monasterio
955 2763 970 2788 ,
1001 2722 1211 2777 nonnisi
1240 2723 1488 2777 meliores
1514 2733 1675 2792 atque
1703 2739 1822 2792 pro-

234 2815 470 2869 batiores
499 2815 553 2868 in
584 2815 786 2869 clerum
813 2830 966 2868 suum
997 2814 1200 2868 solebat
1224 2814 1504 2869 asciscere.
1532 2813 1706 2869 Nihilo
1747 2824 1824 2869 ta-

235 2920 354 2957 men
378 2905 556 2956 minus
576 2903 951 2972 experiebatur
971 2904 1272 2974 aliquando,
1297 2919 1360 2957 ex
1405 2905 1543 2958 bono
1562 2906 1823 2960 monacho

237 2996 327 3048 vix
350 2994 546 3048 bonum
579 2995 830 3048 clericum
858 2994 1010 3058 ﬁeri,
1045 2994 1088 3047 si
1117 2994 1253 3049 adsit
1279 2995 1325 3049 ei
1357 2996 1623 3051 subiciens
1647 2996 1820 3052 conti-

237 3087 409 3139 nentia
437 3096 491 3139 et
517 3095 698 3140 tamen
722 3087 857 3140 desit
889 3085 1164 3140 instructio
1192 3088 1491 3142 necessaria
1513 3129 1528 3155 ,
1568 3096 1659 3143 aut
1697 3105 1820 3159 per-

233 3193 373 3230 sonrc
403 3177 668 3246 regularis
696 3177 967 3246 integritas
991 3169 1184 3249 (Epist.
1215 3178 1304 3244 60,
1335 3195 1389 3232 n.
1421 3177 1495 3248 1).

297 3269 348 3320 4.
381 3267 500 3320 Non
540 3267 714 3321 solum
741 3276 916 3322 autem
942 3268 1196 3336 praesules
1222 3269 1290 3322 ab
1313 3269 1589 3339 Augustini
1631 3284 1817 3325 mona-

231 3359 389 3412 sterio
414 3358 700 3424 arcessiti,
731 3359 832 3412 alia
858 3360 1097 3414 etnnobia
1127 3360 1178 3413 in
1218 3373 1310 3414 sua
1349 3361 1571 3430 quisque
1600 3361 1818 3418 ditecesi

230 3449 658 3513 constituerunt;
689 3464 873 3503 verum
903 3451 1060 3504 etiam
1101 3451 1404 3506 existimare
1447 3451 1602 3520 licet,
1649 3456 1819 3508 Aure-

226 3539 348 3593 lium
380 3549 437 3592 et
463 3539 772 3609 complures
802 3540 934 3594 alios
961 3541 1120 3594 etiam
1149 3552 1273 3596 ante
1301 3533 1580 3611 Augustini
1607 3543 1809 3613 episco-

229 3638 408 3698 patum
432 3629 579 3684 idem
606 3630 890 3686 factitasse.
921 3631 1052 3685 Nam
1067 3647 1188 3686 cum
1208 3633 1568 3702 episcopatum
1593 3634 1816 3704 adeptus

223 3729 333 3783 est,
378 3720 494 3789 jam
522 3735 698 3774 annus
737 3731 850 3776 erat
875 3729 931 3776 et
956 3722 1178 3792 amplius
1214 3737 1278 3778 ex
1303 3739 1408 3794 quo
1428 3725 1680 3778 Paulinus
1709 3742 1814 3780 non

223 3811 384 3864 modo
396 3826 498 3881 per
515 3811 762 3882 Alypiqu
774 3828 832 3868 se
846 3813 1088 3883 precibus
1098 3823 1398 3870 sanctorum
1416 3817 1816 3872 commendave-

220 3915 321 3970 rat,
340 3906 429 3974 qui
451 3915 592 3968 sunt,
615 3907 804 3974 inquit,
833 3908 883 3960 in
909 3908 1042 3960 clero
1070 3907 1365 3962 Sanctitatis
1395 3917 1494 3963 tua:
1513 3910 1737 3976 comites,
1766 3918 1814 3964 et

217 3997 270 4047 in
291 3996 616 4049 monasteriis
630 3996 747 4064 ﬁdei
763 4013 822 4049 ac
837 3998 1037 4051 virtutis
1058 4008 1156 4052 tua
1174 3999 1523 4064 aemulatores;
1541 4000 1634 4054 sed
1650 4001 1810 4056 etiam

221 4087 276 4140 in
314 4097 552 4141 extrema
603 4097 752 4156 parte
788 4088 1028 4157 epistolae
1062 4088 1252 4144 fratres
1288 4097 1396 4143 tum
1433 4090 1808 4156 Ecclesiarum,

221 4186 340 4230 tum
366 4179 811 4232 monasteriorum
836 4177 1194 4248 Carthaginis,
1228 4179 1467 4248 Tagastae
1488 4221 1501 4244 ,
1525 4180 1808 4250 Hipponis-

214 4269 372 4339 Regii
399 4271 738 4339 aliorumque
766 4269 958 4324 Africae
996 4271 1228 4324 locorum
1259 4271 1452 4326 salutat
1477 4275 1491 4340 (
1519 4272 1680 4341 Epist.
1708 4271 1806 4341 24,

207 4378 259 4413 n.
284 4361 368 4432 3).
401 4361 469 4413 Ei
498 4376 714 4430 quoque
742 4361 1069 4430 Augustinus
1096 4361 1270 4415 verbis
1310 4363 1526 4432 fratrum
1545 4403 1559 4427 ,
1596 4379 1698 4415 non
1721 4357 1806 4416 so-

204 4453 316 4502 tum
345 4451 440 4519 qui
482 4452 768 4517 nobiscum,
798 4451 996 4521 inquit,
1025 4451 1282 4517 habitant,
1318 4460 1362 4505 et
1384 4453 1469 4520 qui
1492 4453 1692 4506 ubilibet
1713 4453 1808 4506 ha-

205 4546 430 4598 bitantes
461 4543 573 4598 Deo
606 4547 792 4614 pariter
819 4547 1070 4610 serviunt,
1112 4547 1335 4602 salutem
1366 4549 1570 4601 nuntiat
1596 4548 1614 4617 (
1643 4549 1804 4619 Epist.

201 4632 270 4685 27
289 4674 309 4699 ,
343 4651 397 4686 n.
431 4633 516 4701 6).
561 4633 695 4703 Ipsae
719 4635 876 4688 etiam
903 4636 1047 4690 cedri
1074 4635 1292 4704 Libani,
1321 4635 1426 4691 hoc
1453 4646 1535 4692 est
1556 4679 1572 4705 ,
1605 4639 1809 4694 nobiles

201 4735 256 4775 et
280 4724 497 4778 divites
527 4723 687 4793 hujus
714 4726 927 4792 saeculi,
961 4727 1212 4795 praeclare
1241 4742 1420 4782 secum
1451 4737 1626 4783 actum
1655 4737 1807 4799 puta-

202 4815 372 4880 bant,
428 4815 482 4868 si
528 4815 630 4868 sub
658 4816 839 4868 tunbra
879 4831 1146 4890 ramorum
1193 4832 1410 4872 suorum
1469 4819 1807 4875 nidiﬁcantes

199 4907 535 4975 colligerent
562 4921 804 4975 passeres
820 4915 870 4962 et
897 4923 1176 4978 pauperes,
1198 4910 1286 4978 qui
1305 4918 1519 4980 propter
1537 4911 1807 4968 Christum

197 4998 633 5067 communisque
657 4999 783 5053 vita:
821 4998 1206 5069 professionem
1248 5002 1422 5055 omnia
1454 5003 1803 5072 reliquerant;

199 5102 370 5154 agros
405 5088 517 5141 illis
541 5098 596 5142 et
628 5088 811 5143 hortos
835 5091 1234 5160 concedebant,
1262 5093 1514 5148 ecclesias
1543 5104 1597 5148 et
1617 5111 1804 5149 mona—

199 5180 383 5232 steria
427 5181 814 5236 construebant
841 5181 860 5251 (
885 5181 1073 5236 Enarr.
1118 5184 1171 5236 in
1211 5181 1354 5238 Psal.
1387 5185 1520 5250 105,
1548 5202 1695 5240 serm.
1739 5188 1800 5254 5,

197 5285 298 5324 an.
351 5271 442 5334 16,
478 5272 592 5342 17).
627 5271 778 5328 Unde
803 5274 1050 5344 contigit,
1090 5274 1140 5327 in
1169 5290 1270 5328 una
1297 5284 1350 5330 et
1387 5276 1570 5332 eadem
1595 5279 1806 5334 civitate

198 5362 496 5430 complura
518 5363 800 5432 aliquando
818 5365 1062 5420 ctenobia
1083 5366 1324 5435 reperiri.
1355 5367 1484 5421 Nam
1517 5381 1708 5437 praeter
1735 5371 1802 5424 il-

201 5451 302 5506 lud
326 5495 344 5518 ,
375 5454 522 5523 quod
551 5456 874 5525 Augustinus
898 5472 929 5511 a
967 5473 1060 5512 sua
1090 5451 1264 5514 statim
1308 5461 1638 5519 ordinatione
1664 5465 1803 5536 apud

205 5541 526 5614 Hipponem
551 5547 821 5614 condidit,
848 5548 1070 5603 alterum
1100 5563 1130 5602 a
1160 5550 1387 5620 Leporio
1417 5555 1724 5624 presbytero
1749 5557 1802 5610 in

204 5636 406 5688 eadem
431 5638 588 5703 urbe,
614 5640 826 5693 tertium
849 5640 1122 5696 ibidentab
1144 5641 1396 5698 Eleusino
1416 5645 1620 5700 videtur
1644 5647 1803 5705 fuisse

205 5727 568 5784 constitutum
596 5729 804 5802 (Serm.
831 5731 953 5799 356,
988 5749 1074 5786 nn.
1104 5732 1188 5800 10,
1216 5732 1345 5804 15).
1372 5736 1504 5791 Hinc
1533 5737 1802 5796 Possidius

3408 330 3511 390 178

1934 439 2136 507 scribit,
2163 440 2513 512 Augustinum
2540 457 2604 498 ex
2629 442 2728 498 hac
2751 443 2856 498 vita
2879 444 3190 514 migrantcm
3214 446 3372 500 multa
3403 447 3507 500 Ec-

1934 531 2112 585 clesiae
2141 547 2251 587 suae
2279 535 2602 588 monasteria
2634 534 2862 588 virorum
2904 550 2965 588 ac
3002 534 3313 589 feminarum
3343 538 3509 591 conti-

1933 624 2168 677 nentium
2194 624 2340 693 plena
2371 623 2633 680 dimisisse
2655 624 2940 696 (Possidius
2958 669 2971 691 ,
2995 627 3046 680 in
3082 625 3196 679 Vita
3218 628 3506 699 Augustini,

1932 730 1977 767 c.
2005 716 2097 783 31)
2116 733 2127 778 ;
2149 730 2265 784 quae
2284 715 2336 770 in
2354 715 2484 772 urbe
2505 717 2783 771 constituta
2807 717 2966 772 fuisse
2987 726 3211 787 Oportet;
3229 718 3459 790 alioquin
3480 733 3510 773 ει

1937 804 2200 872 Vandalis,
2221 807 2343 876 quia
2371 806 2550 862 multis
2575 822 2690 860 eam
2713 808 2980 862 mensibus
3010 807 3353 872 obsidebant,
3382 807 3511 863 tuis--

1933 905 2052 950 sent
2075 897 2361 950 devastata.
2401 896 2465 951 Hi
2506 898 2896 952 suntuberrimi
2927 900 3155 964 fructus,
3190 899 3278 969 qui
3305 898 3371 953 ab
3396 902 3509 953 Au-

1933 989 2129 1059 gustini
2171 989 2366 1058 pietate
2392 991 2534 1044 velut
2566 1005 2596 1044 a
2623 990 2803 1046 radice
2845 991 3170 1060 prodierunt.
3202 991 3376 1057 Quare
3401 1005 3511 1046 non

1934 1079 2197 1134 immerito
2239 1089 2293 1134 et
2328 1079 2708 1135 monachorum
2737 1090 2790 1134 et
2818 1081 3258 1135 monasteriorum
3299 1080 3511 1135 institu-

1934 1176 2020 1224 tor
2039 1168 2362 1236 habebatur;
2387 1186 2506 1225 cum
2531 1172 2705 1240 reipsa
2731 1172 3007 1226 monaStici
3032 1173 3242 1227 Ordinis
3259 1173 3309 1226 in
3332 1171 3510 1230 Africa

1932 1259 2265 1314 iundatorem
2294 1277 2411 1316 eum
2433 1261 2591 1315 fuisse
2610 1261 2900 1317 videamus.
2925 1262 3120 1318 Verum
3142 1263 3391 1317 Ecclesiae
3416 1263 3510 1318 ad-

1933 1353 2148 1406 versarii
2168 1393 2181 1416 ,
2210 1354 2296 1422 qui
2331 1353 2429 1408 hoc
2455 1355 2746 1423 Augustin
2770 1355 2820 1408 in
2856 1355 3058 1426 magnis
3079 1355 3384 1409 criminibus
3413 1354 3508 1410 ob-

1928 1443 2129 1512 jectare
2169 1460 2269 1497 non
2301 1446 2648 1510 verebantur,
2680 1446 2807 1500 illud
2829 1447 2949 1500 vitae
2977 1463 3140 1516 genus
3173 1447 3414 1516 ignorare
3451 1461 3510 1503 se

1932 1537 2394 1601 demonstrabant,
2434 1538 2517 1592 vel
2553 1540 2724 1606 potius
2754 1547 2864 1593 toto
2890 1540 3019 1593 orbe
3055 1540 3388 1594 notissimum
3414 1555 3511 1594 ne-

1931 1627 2065 1680 scire
2094 1642 2150 1680 sc
2176 1627 2494 1682 simulabant
2519 1626 2743 1700 (Contra
2783 1627 2997 1682 Litteras
3042 1629 3296 1694 Petiliam,
3329 1630 3416 1683 lib.
3439 1630 3506 1696 3,

1932 1734 1982 1770 η.
2018 1717 2125 1785 b8).
2159 1718 2323 1785 Quid,
2354 1719 2492 1789 quod
2521 1720 2658 1774 adeo
2687 1720 2940 1789 pudorem
2972 1736 3182 1775 onmem
3208 1722 3503 1789 exuebant,

1931 1820 1988 1865 ut
2015 1811 2403 1866 sanctissimum
2435 1813 2729 1866 institutum
2758 1828 2879 1867 cum
2905 1814 3014 1867 suis
3055 1815 3509 1869 Circumcellioni-

1931 1903 2029 1957 bus
2055 1904 2312 1958 auderent
2339 1894 2685 1973 comparare?
2730 1905 2840 1970 Qua
2883 1905 2949 1960 de
2988 1923 3042 1959 re
3081 1907 3156 1960 sic
3187 1907 3506 1975 Augustinus

1933 1993 1996 2047 ad
2027 1993 2329 2049 Catholicos
2353 2011 2366 2047 :
2401 1994 2458 2049 Si
2481 1995 2807 2064 comparandi
2829 2005 2945 2048 sunt
2963 2036 2978 2061 ,
3007 2011 3091 2050 vos
3116 1995 3305 2059 videte;
3330 1997 3371 2049 si
3400 2011 3510 2050 ver-

1931 2085 2004 2138 bis
2033 2085 2204 2139 vestris
2224 2102 2350 2154 opus
2376 2094 2445 2138 est
2461 2125 2478 2150 ,
2497 2087 2610 2155 jam
2637 2084 2894 2139 laboratis.
2931 2084 3049 2139 Non
3078 2103 3204 2154 opus
3232 2097 3303 2139 est
3330 2088 3428 2141 nisi
3454 2097 3508 2141 ut

1930 2177 2237 2230 admonentis
2263 2193 2662 2246 unumquemque
2692 2187 2743 2229 ut
2781 2176 3042 2240 attendat;
3091 2178 3254 2230 solum
3279 2175 3504 2230 attendat

1931 2277 1975 2322 et
2000 2277 2270 2338 comparet.
2303 2268 2437 2334 Quid
2458 2285 2585 2337 opus
2615 2277 2682 2321 est
2713 2268 2872 2322 verbis
2898 2268 3114 2321 uestris?
3145 2266 3511 2337 Comparentur

1930 2365 2108 2420 ebriosi
2127 2382 2242 2419 cum
2263 2366 2440 2420 sobriis
2457 2408 2470 2432 ,
2503 2365 2780 2435 principites
2807 2381 2919 2416 cum
2944 2363 3272 2416 consideratis
3291 2403 3306 2430 ,
3334 2366 3512 2434 furen-

1929 2464 2000 2510 tes
2018 2472 2131 2510 eum
2154 2456 2482 2526 simplicibus,
2515 2464 2749 2524 vagantes
2775 2470 2887 2506 cum
2917 2453 3246 2523 congregatis.
3298 2450 3506 2505 Verum-

1930 2560 2126 2612 tamen,
2159 2549 2473 2614 charissimi,
2503 2557 2617 2601 sunt
2660 2557 2705 2601 et
2733 2548 2816 2616 qui
2855 2545 3084 2599 monachi
3133 2543 3248 2616 falsi.
3276 2553 3422 2608 sunt;
3460 2553 3508 2598 et

1928 2657 2020 2695 nos
2048 2641 2273 2694 novimus
2299 2641 2420 2694 tales
2449 2655 2467 2693 :
2493 2640 2579 2693 sed
2610 2655 2711 2691 non
2749 2637 2891 2705 periit
2929 2636 3216 2706 fraternitas
3245 2636 3356 2706 pia,
3389 2650 3508 2704 pro-

1927 2740 2039 2803 pter
2067 2749 2149 2786 eos
2177 2731 2264 2802 qui
2289 2731 2584 2800 proﬁtentur
2613 2729 2747 2799 quod
2769 2745 2867 2782 non
2897 2737 3009 2781 sunt
3035 2725 3248 2796 (Enarr.
3279 2726 3330 2778 in
3359 2723 3505 2780 Psal.

1928 2823 2050 2890 152,
2083 2840 2172 2876 nn.
2203 2822 2254 2888 5,
2285 2821 2359 2891 4).
2961 2810 2963 2812 ’

1996 2915 2050 2968 5.
2083 2913 2237 2968 Tales
2269 2912 2408 2967 inter
2433 2924 2559 2966 suos
2585 2923 2704 2964 cum
2748 2908 2931 2963 dolore
2969 2907 3087 2961 tulit
3132 2920 3234 2960 non
3263 2908 3502 2975 ignotos,

1924 3019 2024 3060 nec
2049 3004 2336 3058 levioribus
2356 3001 2725 3057 tantummodo
2764 2999 3075 3054 criminibus
3103 2998 3404 3052 obstrictos.
3439 2993 3503 3050 Ut

1923 3096 2063 3151 enim
2090 3095 2204 3165 ipse
2233 3095 2372 3164 plebi
2401 3109 2509 3149 suae
2531 3092 2817 3148 identidem
2841 3093 3061 3161 repetit,
3092 3107 3194 3146 ttOu
3225 3100 3307 3146 est
3334 3099 3504 3144 status

1923 3187 2058 3243 adeo
2079 3186 2376 3256 perfectus,
2400 3187 2450 3240 in
2479 3201 2584 3257 quo
2613 3201 2717 3240 non
2738 3185 2842 3239 sint
2859 3184 3059 3240 debiles
3078 3225 3092 3251 ,
3119 3184 3224 3238 imo
3251 3193 3305 3237 et
3330 3180 3506 3252 prodi-

1921 3285 2099 3342 tores;
2123 3291 2294 3345 neque
2313 3276 2539 3332 societas
2559 3275 2693 3329 adeo
2722 3283 2905 3329 sancta
2931 3283 3012 3328 est
3029 3316 3044 3340 ,
3073 3274 3123 3327 in
3145 3289 3248 3343 qua
3277 3271 3502 3329 scanda-

1921 3369 2030 3423 lum
2054 3369 2316 3423 interdum
2345 3383 2447 3421 nou
2464 3367 2776 3436 reperiatur.
2807 3366 2960 3433 Nam,
2993 3367 3080 3420 ubi
3110 3365 3362 3420 Dominus
3380 3379 3501 3421 om-

1921 3475 2016 3515 nes
2043 3460 2211 3513 tribus
2229 3460 2511 3528 generibus
2531 3458 2804 3513 hominum
2831 3457 3233 3527 comprehendit
3257 3499 3272 3525 ,
3299 3458 3502 3514 scilicet

1918 3553 2258 3608 existentium
2278 3553 2434 3606 autin
2459 3567 2602 3622 agro,
2623 3559 2717 3606 aut
2733 3552 2784 3605 in
2806 3551 3134 3620 molendiuo,
3150 3559 3242 3606 aut
3260 3552 3313 3606 in
3339 3553 3498 3618 lecto;

1919 3643 1986 3698 In
2015 3643 2140 3698 lecto
2166 3653 2333 3698 autem
2361 3660 2474 3708 eos,
2506 3643 2674 3712 inquit
2702 3643 3052 3714 Augustinus,
3082 3643 3294 3712 intelligi
3321 3644 3496 3708 voluit,

1917 3737 2004 3806 qui
2031 3744 2322 3789 amaverunt
2345 3736 2592 3805 quietem;
2617 3750 2704 3804 per
2732 3735 2913 3788 lectum
2944 3734 3076 3788 enim
3106 3735 3317 3805 quietem
3342 3735 3500 3788 voluit

1917 3828 2164 3898 intelligi;
2191 3844 2288 3880 non
2310 3844 2361 3880 se
2392 3829 2650 3881 miscentes
2679 3825 2865 3891 turbis,
2913 3843 3013 3880 non
3043 3827 3277 3880 tumultui
3304 3828 3497 3897 generis

1918 3919 2123 3972 humani
2146 3959 2158 3982 ,
2181 3919 2233 3972 in
2259 3919 2358 3972 otio
2381 3919 2645 3973 servientes
2674 3917 2779 3972 Deo
2807 3933 2825 3971 :
2854 3928 2898 3971 et
2923 3919 3040 3972 inde
3068 3928 3232 3972 tamen
3261 3935 3391 3972 unus
3411 3935 3496 3972 as-

1915 4021 2134 4064 sumetur
2153 4053 2167 4075 ,
2200 4021 2244 4063 et
2270 4027 2399 4064 unus
2427 4010 2751 4080 relinquetur.
2777 4010 2910 4065 Sunt
2933 4011 2999 4064 ibi
3027 4012 3192 4082 probi,
3221 4020 3265 4065 et
3286 4021 3402 4064 sunt
3428 4011 3498 4065 ibi

1915 4103 2112 4170 reprobi
2139 4101 2327 4168 (Ibid,
2353 4119 2404 4154 η.
2432 4101 2507 4173 4).
2536 4101 2687 4157 Unde
2713 4103 2790 4157 sic
2816 4102 3006 4157 alicubi
3035 4103 3293 4172 loquitur:
3313 4102 3494 4168 Quan~

1915 4192 2136 4246 tumlibet
2178 4195 2345 4263 vigilet
2387 4193 2656 4264 disciplina
2681 4195 2859 4247 domus
2894 4210 3050 4262 mete,
3093 4195 3240 4248 homo
3271 4211 3383 4248 sunt
3405 4235 3420 4260 ,
3450 4203 3496 4248 et

1914 4286 2042 4338 inter
2064 4285 2289 4339 homines
2318 4287 2464 4349 vivo;
2490 4303 2579 4339 nec
2616 4287 2740 4340 mihi
2761 4303 2999 4356 arrogare
3020 4287 3212 4352 audeo,
3240 4296 3294 4340 ut
3314 4288 3494 4340 domus

1914 4393 2025 4430 mea
2046 4377 2221 4430 melior
2239 4379 2303 4431 sit
2324 4394 2474 4447 quam
2502 4395 2622 4432 arca
2645 4377 2757 4432 Noe
2776 4421 2788 4444 ,
2821 4378 2903 4432 ubi
2927 4389 3094 4434 tamen
3119 4380 3246 4432 inter
3266 4388 3375 4432 octo
3403 4379 3496 4432 Ito-

1915 4469 2071 4521 mines
2096 4469 2335 4536 reprobus
2361 4486 2490 4523 unus
2512 4471 2736 4523 inventus
2756 4479 2849 4535 est,
2875 4479 2970 4524 etc.
2997 4480 3120 4524 :aut
3145 4470 3322 4524 melior
3341 4486 3491 4540 quam

1913 4560 2216 4612 cohabitatio
2245 4561 2400 4629 ipsius
2425 4560 2630 4612 Domini
2657 4560 2874 4626 Christi,
2900 4561 2953 4614 in
2978 4577 3076 4631 qua
3105 4561 3337 4614 undecim
3375 4561 3493 4614 boni

1915 4648 2167 4718 perfidum
2208 4658 2254 4702 et
2282 4652 2446 4721 furem
2477 4649 2669 4702 ludam
2699 4649 3037 4706 toleraverunt
3060 4666 3079 4705 :
3103 4659 3190 4704 aut
3227 4651 3404 4704 melior
3427 4653 3491 4705 sit

1915 4748 2162 4809 postremo
2182 4756 2332 4808 quam
2354 4739 2568 4804 caelum;
2598 4740 2731 4794 unde
2757 4740 2938 4812 Angeli
2961 4742 3262 4796 ceciderunt.
3288 4743 3494 4812 Simpli-

1912 4830 2031 4882 citer
2050 4839 2215 4883 autem
2242 4833 2402 4901 fateor
2424 4828 2670 4885 Charitati
2693 4840 2892 4898 vestrm,
2933 4848 3103 4886 coram
3123 4833 3342 4886 Domino
3381 4833 3490 4886 Deo

1912 4931 2102 4987 nostro,
2122 4921 2207 4990 qui
2229 4922 2365 4975 testis
2381 4931 2452 4975 est
2475 4939 2624 4992 super
2639 4924 2860 4976 animum
2878 4939 3058 4989 meam,
3084 4939 3143 4977 ea:
3157 4939 3254 4989 quo
3271 4922 3378 4977 Deo
3393 4939 3492 4976 ser-

1909 5015 2012 5066 uire
2032 5013 2158 5083 coepi
2181 5029 2200 5067 :
2228 5015 2475 5082 quomodo
2496 5014 2694 5086 difficile
2712 5033 2823 5070 sum
2843 5025 3072 5088 expertus
3091 5015 3318 5069 meliores
3336 5033 3488 5085 quam

1909 5104 1994 5173 qui
2018 5104 2070 5157 in
2121 5105 2434 5160 monasteriis
2465 5110 2813 5179 profecerunt;
2864 5109 2934 5160 ita
2961 5123 3062 5161 non
3107 5123 3216 5160 sum
3253 5116 3488 5179 expertus

1911 5197 2106 5266 peiores
2121 5239 2136 5265 ,
2163 5215 2314 5268 quam
2331 5199 2422 5269 qui
2440 5202 2492 5254 in
2513 5203 2824 5255 monasteriis
2849 5201 3133 5254 ceciderunt
3154 5219 3171 5266 ;
3192 5203 3264 5256 ita
3287 5214 3341 5257 ut
3369 5204 3486 5258 hinc

1911 5288 2121 5343 arbitrer
2145 5290 2199 5343 in
2220 5289 2525 5362 Apocalypsi
2538 5292 2798 5359 scriptum,
2821 5311 2839 5344 ι
2861 5292 3043 5348 Justus
3065 5292 3259 5362 justior
3289 5296 3400 5359 ﬁat,
3433 5304 3490 5350 et

1909 5381 2154 5435 sordidus
2175 5382 2630 5436 sordescatadhnc
2652 5382 2859 5452 »(Αροσ.
2877 5397 3009 5448 nn,
3031 5384 3142 5454 11).
3169 5385 3486 5456 Quapropter

1909 5473 1999 5526 etsi
2028 5473 2382 5525 contristamur
2409 5473 2472 5525 de
2498 5472 2745 5544 aliquibus
2767 5477 3106 5544 purgamentis
3131 5517 3142 5540 ,
3171 5475 3486 5529 consolamur

1911 5571 2075 5616 tamen
2098 5564 2247 5614 etiam
2267 5561 2328 5615 de
2353 5562 2576 5632 pluribus
2597 5566 2917 5619 ornamentis.
2948 5565 3120 5620 Nolite
3144 5583 3260 5636 ergo
3281 5576 3485 5636 propter

1910 5669 2186 5718 amurcam,
2217 5669 2318 5723 qua
2346 5653 2476 5706 oculi
2503 5655 2650 5708 vestri
2677 5657 2999 5722 offenduntur
3017 5699 3032 5723 ,
3077 5656 3347 5709 toreularia
3390 5656 3481 5708 de-

1912 5743 2111 5809 testari,
2141 5742 2274 5796 unde
2299 5744 2554 5812 apothecae
2574 5745 2850 5802 Dominicte
2877 5753 3042 5816 fructu
3067 5747 3164 5800 olei
3184 5747 3479 5801 turninosio—
