3990 6360
505 309 608 371 179

505 437 577 490 ris
599 432 868 503 implentur
889 428 1192 500 (Episln'is,
1227 437 1314 480 nn.
1337 425 1392 490 8,
1421 422 1497 496 9).
1531 422 1641 477 Hoc
1663 423 1772 491 iam
1799 421 2078 489 cpiscopus

506 527 571 584 ad
599 526 848 598 populum
871 522 1264 592 Hipponensem
1295 517 1576 581 scribebat,
1597 514 1880 568 occasione
1903 511 2074 581 cujus-

507 619 628 674 dam
660 615 926 680 scandaii,
961 615 1012 666 in
1038 612 1203 683 ipsius
1239 609 1400 664 domo
1426 608 1562 662 inter
1587 604 1913 677 Bonifacium
1951 618 2074 672 pre-

505 714 776 783 sbyterum
806 717 860 763 et
887 707 1049 761 alium
1079 703 1478 783 nomiueﬁpem
1500 700 1688 754 exorti.
1720 697 1811 752 liis
1831 697 2078 751 utebatur

506 800 881 873 experimentis
905 807 963 852 ut
991 797 1195 864 abiecte
1223 793 1288 848 de
1315 808 1372 847 se
1391 791 1629 854 sentiret,
1659 788 1893 857 aliosque
1916 788 2074 843 simul

506 895 896 955 cohortaretur,
930 903 997 942 ne
1013 887 1254 940 fiduciam
1280 886 1331 936 in
1361 884 1495 950 ipso,
1518 890 1609 933 aut
1636 881 1686 932 in
1702 879 1890 932 domus
1912 878 2075 947 ipsius

505 983 842 1057 quantumvis
873 981 1008 1034 bona
1045 977 1321 1046 disciplina
1349 1015 1363 1038 ,
1391 973 1485 1026 sed
1509 973 1559 1025 in
1588 986 1694 1025 uno
1718 972 1822 1024 Deo
1843 971 2072 1024 colloca-

505 1088 644 1133 rent.
671 1071 788 1128 Fuit
817 1071 1057 1143 quidam,
1087 1070 1178 1132 ait,
1204 1069 1254 1119 in
1292 1075 1461 1119 nostra
1487 1062 1934 1130 monasterio,'qui
1959 1078 2073 1115 cor-

501 1165 795 1240 ripientibus
812 1161 1048 1234 fratribus
1071 1201 1083 1224 ,
1114 1166 1200 1211 cur
1223 1155 1452 1227 quaedam
1480 1167 1578 1208 non
1596 1153 1828 1223 facienda
1855 1157 2069 1224 faceret,

467 1315 472 1329 _,
505 1267 550 1317 et
598 1259 827 1329 facienda
860 1273 960 1309 non
1001 1256 1220 1324 faceret,
1267 1247 1640 1319 respondebat:
1691 1246 2075 1315 Qualiscumque

463 1327 470 1408 ,Ι
504 1327 633 1406 nunc
660 1351 755 1404 sim
773 1391 787 1415 ,
819 1345 931 1402 talis
962 1359 1063 1409 ero,
1091 1343 1286 1412 qualem
1313 1358 1390 1393 me
1409 1340 1546 1394 Deus
1571 1342 1801 1410 futurum
1826 1355 1930 1391 esse
1945 1353 2072 1406 pra:-

498 1444 658 1500 scicit.
690 1442 788 1507 Qui
827 1443 1049 1509 profecto
1078 1443 1126 1489 et
1158 1449 1329 1488 verum
1356 1433 1577 1495 dicebat,
1626 1442 1673 1485 et
1713 1433 1805 1485 hoc
1829 1446 1942 1484 vero
1972 1446 2073 1483 non

501 1533 792 1606 proficiebat
839 1531 890 1583 in
919 1529 1100 1583 bonum
1131 1542 1149 1579 :
1181 1526 1268 1579 sed
1291 1541 1444 1594 usque
1473 1525 1596 1576 adeo
1628 1524 1838 1594 profecit
1879 1523 1931 1574 in
1959 1538 2070 1574 ma-

504 1627 627 1690 lunt,
661 1636 713 1678 ut
739 1623 931 1677 deserta
956 1619 1242 1674 monasterii
1268 1620 1496 1671 societate
1517 1619 1656 1686 ﬁeret
1685 1618 1823 1669 canis
1850 1631 2072 1669 reversus

503 1716 569 1770 ad
596 1725 744 1767 Suum
779 1713 1057 1765 vomitum:
1088 1719 1132 1763 et
1156 1715 1319 1761 tamen
1348 1706 1511 1760 adhuc
1537 1708 1700 1776 qualis
1738 1707 1800 1760 sit
1831 1706 2030 1775 futurus
2054 1747 2068 1771 ,

495 1807 734 1860 incertum
759 1811 830 1857 est
865 1802 964 1874 (De
995 1801 1140 1854 Dono
1170 1799 1546 1868 perseverantior:
1568 1839 1582 1863 ,
1611 1815 1662 1851 η.
1692 1797 1802 1867 58).
1851 1797 1926 1850 Ex
1958 1798 2072 1866 ejus

495 1896 816 1952 monasterio
847 1895 1080 1948 Donatus
1125 1906 1242 1946 cum
1272 1889 1431 1943 fratre
1465 1903 1562 1942 suo
1591 1889 1760 1942 fuerat
1793 1901 2034 1956 egressus
2053 1925 2070 1952 ,

498 1993 554 2045 ut
576 1989 870 2045 ambitione
897 1981 1202 2042 stimulante
1223 1983 1288 2037 ad
1312 1984 1617 2038 clericatum
1640 1981 1764 2035 alibi
1789 1980 2072 2049 suscipien-

495 2083 621 2139 dum
650 2093 871 2151 uterque
899 2080 1200 2134 convolaret
1228 2077 1417 2147 (Epist.
1460 2075 1571 2143 60).
1601 2075 1818 2129 Paulum
1861 2074 2070 2142 episco-

495 2183 641 2246 pum,
671 2173 756 2227 cui
777 2170 1073 2226 Bonifacius
1099 2170 1150 2222 in
1179 2167 1360 2223 sedem
1380 2164 1765 2234 Cataquensem
1795 2163 2068 2229 successit,

492 2269 548 2321 in
579 2260 790 2322 Christo
818 2264 944 2319 Jesu
971 2273 1066 2333 per
1091 2260 1435 2330 Evangelium
1461 2267 1750 2328 genuerat;
1780 2255 1874 2310 sed
1896 2268 2070 2324 neque

491 2354 810 2415 salutaribus
840 2357 950 2412 suis
991 2354 1253 2420 consiliis,
1285 2365 1456 2421 neque
1500 2348 1855 2419 benignitate,
1900 2361 2071 2416 neque

491 2450 774 2506 severitate
814 2448 991 2502 faeere
1022 2447 1219 2515 potuit,
1266 2445 1392 2513 quin
1421 2442 1510 2496 ille
1535 2441 1835 2495 universam
1879 2439 2068 2493 Eccle—

489 2539 623 2596 siam
653 2537 1047 2608 liipponensern
1072 2532 1334 2602 perversis
1361 2531 1470 2585 suis
1490 2530 1724 2584 moribus
1747 2529 2065 2582 vulneraret.

495 2629 830 2702 Quapropter
849 2629 915 2682 ab
937 2626 1052 2695 eius
1079 2623 1450 2679 communione
1470 2621 1747 2690 seiungere
1771 2634 1829 2674 se
1857 2628 2067 2674 coactus

492 2727 575 2780 est
602 2719 925 2792 Augustinus
949 2717 1150 2789 (Epist.
1177 2713 1300 2784 85).
1332 2713 1618 2768 Antonium
1643 2753 1657 2777 ,
1699 2727 1855 2782 quem
1883 2725 2066 2766 secuta

491 2814 720 2868 habebat
752 2812 805 2866 in
827 2809 1146 2864 monasterio
1171 2821 1267 2862 suo
1291 2822 1321 2860 a
1350 2805 1566 2876 parvula
1593 2812 1747 2858 aztate
1771 2805 2025 2858 nutritum
2046 2839 2062 2871 ,

491 2903 557 2960 ad
583 2903 953 2958 Fussalensem
979 2901 1338 2969 episcopatum
1360 2897 1603 2966 provexit
1626 2909 1643 2949 :
1665 2909 1730 2949 eo
1757 2902 1934 2948 tamen
1960 2909 2071 2946 mu-

491 3013 617 3052 nere
648 2989 724 3050 sic
751 2995 836 3048 ille
866 2991 1188 3062 prchostere
1215 2989 1423 3044 iuuetus
1451 2997 1529 3042 est
1547 3027 1562 3053 ,
1592 2992 1649 3041 ut
1677 2987 1788 3055 ipse
1814 2985 2063 3054 Augusti-

489 3101 588 3144 nus
618 3097 851 3143 maerore
878 3083 1225 3139 discruciatus
1242 3122 1256 3147 ,
1280 3079 1421 3150 quod
1465 3078 1579 3149 ejus
1600 3076 1921 3146 episcopatui
1951 3074 2064 3129 sul-

489 3179 721 3252 fragatus
752 3173 967 3245 fuisset,
1013 3174 1080 3229 de
1125 3173 1412 3229 abdicando
1451 3170 1733 3241 episcopali
1777 3167 2060 3239 dignitate,

486 3279 546 3327 ut
595 3281 653 3326 se
694 3267 938 3325 lamentis
969 3261 1137 3322 errori
1184 3277 1282 3320 suo
1328 3262 1765 3319 convenientibus
1808 3260 2060 3326 dederet,

487 3362 728 3433 cogitarit
764 3357 950 3434 (Epist.
995 3357 1134 3421 209,
1166 3373 1252 3410 nn.
1299 3354 1353 3420 δ,
1391 3350 1498 3425 10).
1550 3353 1682 3407 Rem
1713 3352 1780 3406 de
1805 3349 2064 3405 momcho

488 3449 628 3524 apud
671 3467 729 3507 se
759 3445 952 3521 pariter
979 3464 1008 3502 a
1036 3446 1257 3517 pueritia
1282 3445 1514 3500 enutrirc
1542 3444 1726 3498 miram
1752 3443 1819 3496 ad
1847 3442 2060 3496 modum

486 3551 698 3608 narrat;
729 3553 831 3612 qua
880 3546 1090 3594 narrata
1129 3536 1373 3591 eumdem
1421 3544 1596 3590 tamen
1635 3533 1762 3588 dicit
1805 3548 1909 3587 non
1938 3547 2058 3602 per-

487 3632 747 3688 mansisse
774 3633 826 3685 in
858 3631 1128 3700 proposito
1159 3627 1449 3682 sanctitatis
1478 3623 1578 3699 (De
1614 3625 1791 3679 Genesi
1810 3625 1878 3678 ad
1898 3625 2018 3679 Litt.
2039 3667 2054 3692 ,

485 3723 574 3780 lib.
604 3725 693 3791 12,
716 3739 803 3777 nn.
828 3722 896 3777 57
917 3765 931 3789 ,
963 3721 1076 3792 58).

551 3815 606 3870 ϐ.
635 3816 843 3882 Quanto
888 3811 1183 3868 citeriorem
1229 3809 1456 3864 habebat
1500 3807 1751 3864 Ordinem
1807 3809 2059 3863 monasti-

481 3921 600 3961 cum
622 3947 636 3970 ,
665 3911 816 3960 tanto
839 3903 1219 3959 monachorum
1243 3902 1423 3972 lapsus
1460 3907 1516 3955 et
1551 3899 1744 3970 probra
1785 3901 2058 3956 molestius

481 3995 683 4052 ferebat
709 4013 722 4061 ;
748 4009 868 4049 cum
895 4005 956 4050 ea
981 3977 1226 4048 nimirum
1256 3994 1661 4047 adversarentur
1688 3993 1864 4048 studio
1894 3994 2056 4063 ipsius

481 4097 535 4144 et
558 4097 712 4155 voto,
739 4100 846 4158 quo
868 4097 1110 4142 sanctum
1149 4085 1277 4140 illud
1305 4085 1598 4140 institutum
1640 4101 1732 4155 per
1757 4085 2056 4140 universam

479 4175 712 4234 Africam
732 4219 745 4242 ,
776 4185 834 4232 ‘u’t
855 4178 964 4246 jam
989 4178 1042 4231 in
1069 4178 1184 4231 aliis
1207 4175 1354 4231 orbis
1377 4174 1649 4230 christiani
1691 4176 1928 4245 partibus
1957 4217 1972 4245 ,
2001 4185 2056 4231 et

479 4270 756 4341 propagari
785 4277 840 4324 et
862 4268 1051 4324 florere
1077 4269 1337 4338 cupiebat.
1371 4268 1566 4322 Verum
1588 4266 1827 4322 dolorem
1852 4276 2055 4338 tempe-

477 4362 632 4418 rabat
654 4403 669 4430 ,
702 4362 788 4416 ubi
827 4361 1134 4416 attendebat
1161 4373 1277 4414 eam
1318 4373 1470 4427 esse,
1502 4360 1610 4414 Deo
1634 4359 1705 4413 ita
1744 4359 2049 4425 ordinante,

480 4454 640 4524 hujus
667 4455 788 4508 vitae
813 4453 1202 4519 conditionem,
1232 4460 1286 4506 ut
1314 4464 1573 4521 nusquam
1611 4452 1717 4505 sint
1747 4467 1908 4521 grana
1937 4453 2052 4507 sine

475 4545 624 4614 palea
645 4584 658 4610 ,
698 4553 958 4613 nusquam
984 4543 1246 4596 frumenta
1274 4541 1373 4596 nisi
1411 4542 1548 4596 inter
1583 4541 1782 4594 zizania
1813 4559 1825 4593 :
1860 4542 2052 4611 ubique

474 4650 652 4695 autem
679 4640 915 4704 animas,
952 4638 1112 4692 etiam
1144 4637 1252 4690 Deo
1283 4636 1351 4690 ob
1386 4634 1700 4688 munditiem
1739 4635 2006 4702 proximas
2031 4676 2045 4699 ,

474 4732 529 4786 in
558 4729 734 4786 medio
762 4727 989 4783 ﬁliarum
1017 4728 1151 4783 sicut
1181 4725 1290 4780 lilia
1320 4727 1456 4779 inter
1485 4726 1665 4795 spinas
1692 4727 1919 4788 versari;
1949 4725 2050 4780 hoc

475 4829 556 4879 e’st
577 4865 593 4891 ,
637 4831 757 4877 cum
785 4820 849 4875 iis
887 4819 1186 4874 necessario
1211 4818 1372 4871 vitam
1411 4831 1566 4886 agerc
1591 4859 1605 4883 ,
1635 4831 1753 4886 quae
1780 4818 1904 4872 licet
1930 4817 2046 4871 tiliae

471 4911 690 4983 propter
717 4915 1045 4968 sacramenta
1065 4909 1293 4974 Domini,
1315 4909 1482 4978 spinae
1507 4918 1680 4963 tamen
1703 4909 1809 4964 sint
1831 4918 2047 4979 propter

473 5015 648 5060 mores
688 5015 814 5059 suos
842 5003 1064 5073 (Enarr.
1091 5003 1144 5054 in
1187 5000 1487 5064 Psalqu,
1525 5018 1576 5052 η.
1599 5001 1676 5070 8).
1717 5000 2047 5070 Quapropter

472 5097 609 5150 sicut
636 5095 834 5150 nullam
860 5093 1217 5148 conditionem
1248 5092 1453 5147 volebat
1482 5092 1551 5146 ita
1578 5092 1798 5157 laudari,
1826 5103 1884 5146 ut
1905 5094 2044 5148 maia

472 5195 771 5242 tacerentur
797 5199 915 5256 quae
953 5185 1024 5239 ibi
1063 5184 1224 5238 mixta
1249 5193 1400 5248 sunt;
1439 5184 1510 5238 ita
1553 5197 1653 5238 nec
1678 5183 1934 5252 probabat
1956 5224 1969 5248 ,
1997 5184 2042 5238 si

470 5280 559 5349 qui
588 5275 933 5332 monasticam
961 5275 1343 5346 professionem
1366 5277 1528 5331 nimis
1553 5275 1708 5331 valde
1735 5276 2038 5346 laudarent,

470 5379 530 5426 ut
547 5383 612 5426 ea
638 5369 748 5424 sola
776 5369 992 5440 proprio
1017 5369 1164 5439 quasi
1190 5367 1538 5438 prterogativo
1560 5367 1678 5436 jure
1701 5367 1941 5436 reprobis
1954 5381 2042 5422 αι-

469 5473 592 5516 re're
619 5459 920 5514 hominibus
948 5461 1116 5530 putari
1143 5468 1344 5530 posset.
1377 5457 1453 5512 Tu
1481 5459 1565 5525 qui
1590 5458 1784 5522 laudas,
1825 5460 1917 5524 ait,
1958 5460 2041 5512 die

471 5555 655 5607 mixtos
677 5552 837 5606 malos
851 5569 870 5619 ;
895 5561 946 5606 tu
968 5554 1050 5623 qui
1073 5553 1347 5624 vituperas,
1375 5549 1486 5602 vide
1510 5548 1577 5602 ibi
1599 5558 1649 5602 et
1675 5551 1848 5603 bonos.
1879 5547 1966 5604 Sic
1989 5557 2039 5604 et

472 5646 523 5698 in
550 5643 642 5698 illa
667 5645 767 5698 vita
794 5647 1041 5698 communi
1071 5648 1314 5715 fratrum,
1356 5657 1467 5713 qua
1503 5650 1572 5696 est
1605 5642 1657 5694 in
1684 5642 1986 5695 nwnasteria
2019 5657 2037 5694 :

469 5735 642 5808 magni
663 5739 755 5792 viri
800 5739 980 5793 sancti.
1004 5736 1221 5791 quotidie
1246 5735 1300 5788 in
1324 5735 1540 5805 hymnis,
1556 5737 1608 5788 in
1634 5736 1957 5802 orationibus,
1981 5735 2036 5787 in

1629 304 1785 362 VITA
1823 303 1880 359 S.
1921 299 2283 356 AUGUSTINI
2320 301 2639 359 EPISCOPI.

3664 317 3765 373 ιω

2185 418 2416 474 laudibus
2437 418 2570 488 Dei,
2597 420 2717 475 inde
2739 422 2926 486 uiuunt,
2955 435 3066 476 cum
3091 425 3419 482 [submittis
3438 445 3515 483 res
3536 441 3641 496 est;
3668 434 3736 488 la-

2186 511 2361 564 borant
2386 513 2616 567 manibus
2642 514 2765 579 suis,
2796 514 2914 570 inde
2935 532 2988 570 se
3011 518 3295 587 transigunt
3309 537 3328 584 ;
3357 538 3456 575 non
3483 537 3632 578 avare
3647 525 3749 581 ali-

2181 603 2303 672 quid
2330 611 2521 672 petunt,
2549 604 2795 677 quidquid
2823 606 2893 659 eis
2919 607 3131 678 infertur
3158 625 3190 661 a
3215 611 3311 680 piis
3338 614 3595 682 fratribus,
3636 633 3751 672 cum

2182 695 2476 764 sufﬁcientia
2496 704 2542 750 et
2565 713 2679 749 cum
2702 697 2946 752 obesitate
2967 708 3215 764 utuntur;
3248 718 3392 756 nemo
3411 704 3509 758 sibi
3541 718 3756 776 usuer

2181 786 2393 856 aliquid,
2415 786 2549 857 quod
2568 787 2698 842 alter
2714 801 2815 843 non
2829 789 3007 844 habeat
3019 806 3040 855 ;
3057 807 3229 846 omnes
3260 810 3313 848 se
3331 796 3565 866 diligmit,
3586 816 3758 858 omnes

2181 876 2389 931 inuicem
2409 894 2462 932 se
2476 880 2740 933 sustinent.
2761 879 3020 945 Laudasti,
3041 882 3261 937 laudasti
3286 900 3304 938 :
3326 887 3413 956 qui
3450 890 3606 944 nescit
3635 892 3760 958 quid

2181 969 2388 1022 interius
2413 979 2594 1039 agatur
2611 1011 2627 1036 ,
2663 971 2747 1039 qui
2783 973 2934 1025 nescit
2961 975 3209 1042 quomodo
3245 975 3340 1029 illo
3369 986 3512 1034 uento
3541 981 3759 1036 intrante

2181 1060 2330 1112 etiam
2359 1075 2508 1114 naves
2535 1077 2589 1114 se
2607 1061 2659 1114 in
2689 1071 2834 1132 portu
2859 1063 3133 1130 collidunt,
3172 1067 3326 1120 intrat
3350 1070 3495 1137 quasi
3519 1073 3757 1126 securita-

2181 1161 2276 1204 tem
2301 1169 2529 1222 sperans,
2549 1154 2795 1207 neminem
2814 1171 2960 1227 quem
2980 1154 3154 1210 toleret
3169 1158 3661 1224 habiturusﬁnuenit
3684 1165 3755 1225 ibi

2181 1246 2365 1314 fratres
2387 1246 2567 1310 malos,
2592 1245 2677 1314 qui
2700 1247 2821 1300 ntali
2845 1247 3054 1300 inueniri
3075 1265 3174 1301 non
3203 1260 3422 1319 possent,
3445 1253 3542 1305 nisi
3571 1254 3758 1307 adnuit-

2180 1343 2400 1388 terentur
2416 1335 2482 1406 (et
2506 1352 2703 1403 necesse
2725 1347 2799 1390 est
2823 1345 2879 1390 ut
2909 1339 3070 1406 primo
3099 1339 3385 1405 (alerentur,
3405 1358 3465 1395 ne
3492 1346 3622 1412 forte
3643 1361 3757 1398 cor-

2177 1426 2438 1496 rigantur;
2471 1444 2562 1481 nec
2585 1428 2783 1481 mludi
2809 1428 2959 1499 facile
2986 1439 3225 1499 possunt,
3256 1433 3352 1485 nisi
3397 1433 3534 1501 prius
3568 1437 3757 1506 fuerint

2179 1515 2412 1588 tolerati)
2443 1533 2458 1570 :
2491 1526 2539 1572 et
2561 1519 2620 1586 fit
2653 1519 2760 1588 ipso
2783 1520 3112 1575 intoleranda
3142 1521 3483 1590 impatientite.
3515 1524 3641 1588 Quis
3673 1543 3759 1581 me

2179 1608 2275 1661 huc
2307 1611 2600 1677 qurerebat?
2626 1611 2735 1680 Ego
2779 1611 3014 1681 putabam
3037 1613 3157 1682 quia
3185 1613 3403 1670 citaritus
3444 1626 3516 1671 est
3557 1618 3656 1672 hic.
3687 1618 3755 1672 Et

2179 1715 2452 1767 paucorum
2484 1701 2741 1755 hominum
2771 1704 2994 1757 molestia
3019 1704 3276 1772 irritatus,
3307 1706 3431 1760 dum
3455 1724 3554 1762 non
3583 1727 3754 1779 persc-

2177 1795 2413 1847 uerauerit
2441 1795 2647 1863 implere
2665 1797 2797 1864 tfuod
2833 1798 2980 1862 uouit,
3013 1798 3072 1865 fit
3091 1797 3315 1851 desertor
3331 1808 3435 1853 tam
3459 1803 3618 1854 sancti
3633 1819 3758 1871 pro-

2177 1885 2356 1955 positi,
2389 1895 2434 1939 et
2457 1902 2572 1940 rests
2587 1887 2688 1940 uoti
2715 1903 2815 1941 non
2837 1887 3042 1942 redditi.
3066 1887 3190 1942 Jam
3218 1906 3330 1944 vero
3351 1907 3468 1945 cum
3496 1893 3614 1946 inde
3641 1896 3754 1948 ean-

2176 1977 2285 2043 erit,
2318 1978 2376 2046 fit
2403 1986 2450 2031 et
2478 1979 2587 2049 ipse
2605 1979 2910 2048 uituperator
2931 1991 2978 2034 et
3001 1981 3276 2036 maledicus
3297 1998 3317 2036 .'
3339 1993 3385 2037 et
3416 1985 3535 2037 dicit
3557 2002 3616 2038 ea
3643 1988 3756 2040 sola

2175 2084 2287 2138 quin
2322 2070 2470 2138 quasi
2499 2085 2553 2124 se
2583 2073 2686 2140 pati
2709 2088 2812 2124 non
2845 2073 3068 2141 potuisse
3102 2084 3380 2138 asseverat;
3411 2085 3458 2128 et
3479 2077 3754 2144 aliquando

2177 2178 2308 2214 vera.
2342 2163 2447 2216 Sed
2471 2177 2588 2216 ocra
2615 2164 2865 2216 malorum
2893 2164 3152 2218 toleranda
3184 2174 3298 2218 sunt
3320 2174 3519 2237 propter
3536 2170 3752 2223 societa-

2175 2262 2272 2308 κηι
2289 2253 2548 2308 bonorum.
2571 2254 2707 2308 Dicit
2725 2255 2799 2308 illi
2818 2255 3088 2326 Scriptum
3109 2273 3126 2309 ι
3149 2276 3171 2309 1
3195 2257 3285 2312 γε
3303 2258 3384 2312 his
3401 2262 3494 2330 qui
3509 2261 3755 2329 perdide-

2174 2355 2297 2401 runt
2314 2347 2701 2402 sustinentium!
2724 2366 2744 2399 ι
2768 2347 2952 2418 (Eccli.
2979 2365 3038 2415 ιι,
3061 2347 3174 2421 16.)
3189 2349 3254 2402 Et
3269 2351 3404 2419 quod
3422 2361 3493 2406 est
3511 2355 3752 2424 inplias,

2172 2447 2332 2491 ructat
2353 2439 2710 2510 indignationis
2735 2440 2925 2493 malum
2950 2441 3183 2506 odorem,
3226 2443 3357 2496 unde
3379 2445 3652 2499 absterreat
3671 2448 3755 2502 in-

2175 2538 2392 2583 traturos
2410 2546 2428 2593 ;
2449 2531 2566 2600 quia
2595 2530 2701 2600 ipse
2721 2547 2832 2584 cum
2860 2526 3111 2596 in'irasset,
3145 2532 3418 2600 perdurare
3431 2550 3534 2587 non
3567 2538 3751 2602 potuit.

2175 2619 2359 2685 Quales
2389 2621 2511 2675 illi?
2546 2621 2716 2676 Insidi
2741 2663 2755 2687 ,
2795 2623 3067 2693 litigatores
3087 2663 3102 2686 .
3135 2625 3388 2679 neminem
3411 2628 3711 2682 sustinentes
3733 2670 3750 2694 ,

2171 2713 2345 2778 avari;
2381 2714 2466 2766 ille
2489 2715 2556 2766 ibi
2585 2714 2718 2768 illud
2745 2715 2859 2782 fecit
2878 2754 2893 2779 ,
2923 2726 2971 2768 et
3003 2715 3091 2769 ille
3113 2715 3181 2769 ibi
3205 2717 3335 2771 illud
3357 2719 3496 2787 ferit.
3520 2719 3571 2773 0
3593 2722 3751 2787 ciale,

2170 2818 2328 2872 quare
2351 2812 2482 2858 taces
2521 2805 2715 2861 bonos?
2742 2805 2878 2871 Quos
2917 2806 3130 2860 tolerare
3147 2823 3252 2861 non
3287 2810 3512 2878 pot-iisti,
3535 2811 3704 2881 jactus
3733 2827 3755 2865 :

2170 2895 2254 2964 qui
2280 2904 2328 2949 te
2349 2896 2539 2949 malum
2565 2897 2930 2964 toleraverunt,
2974 2906 3124 2952 taces.
3157 2899 3304 2954 Hanc
3331 2901 3507 2971 itaque
3548 2904 3757 2972 profes-

2171 2985 2374 3041 sionem
2394 3002 2516 3042 curn
2541 2997 2698 3057 portu
2713 2989 3081 3058 comparabat,
3103 2989 3155 3043 in
3177 3005 3282 3060 quo
3306 2991 3509 3046 ieiicius
3533 2994 3750 3063 quidem

2169 3091 2325 3147 quam
2345 3079 2401 3131 in
2421 3079 2612 3149 pelago
2631 3093 2796 3135 naves
2813 3121 2828 3146 ,
2854 3087 2910 3134 at
2933 3095 3039 3135 non
3058 3096 3182 3136 cum
3205 3077 3310 3136 tota
3331 3085 3609 3139 securitate
3625 3100 3755 3141 con-

2169 3169 2378 3222 sistunt.
2418 3167 2574 3223 Habet
2597 3171 2728 3224 enim
2751 3209 2765 3235 ,
2796 3171 3095 3240 inquiebat,
3126 3171 3360 3227 alicunde
3383 3185 3428 3227 et
3459 3185 3630 3244 portus
3652 3177 3751 3229 ad-

2169 3260 2292 3314 itum
2316 3262 2397 3315 :si
2429 3271 2602 3332 portus
2622 3262 2817 3317 alitum
2853 3280 2918 3316 es:
2932 3265 3078 3318 nulla
3105 3275 3249 3334 parte
3274 3266 3496 3331 haberet,
3525 3269 3668 3321 nulla
3691 3269 3749 3323 in

2168 3366 2279 3404 eam
2302 3353 2442 3406 navis
2468 3353 2708 3420 intraret;
2733 3362 2926 3423 oportet
2959 3370 3078 3424 ergo
3107 3364 3162 3408 ut
3183 3371 3252 3408 ex
3280 3356 3449 3425 aliqua
3473 3367 3614 3425 parte
3645 3375 3746 3428 ρι-

2167 3451 2264 3496 tent
2289 3458 2311 3496 :
2335 3444 2605 3509 aliquando
2625 3455 2792 3501 autem
2811 3463 2900 3515 per
2920 3463 3028 3500 eum
3058 3458 3251 3516 partem
3276 3464 3374 3520 qua
3399 3458 3747 3520 patenum

2164 3533 2342 3599 irruit;
2367 3545 2412 3587 et
2441 3535 2524 3588 ubi
2545 3523 2739 3606 scopuli
2758 3553 2858 3590 non
2879 3546 2998 3590 sunt
3017 3579 3030 3604 ,
3061 3553 3212 3592 narres
3239 3555 3291 3592 se
3313 3541 3521 3594 inuicem
3552 3544 3746 3597 collisa

2166 3625 2503 3694 confringant.
2521 3623 2621 3679 Ubi
2633 3641 2752 3697 ergo
2769 3628 3029 3694 securitas,
3046 3630 3088 3682 si
3109 3645 3198 3682 nec
3211 3630 3267 3683 in
3288 3642 3433 3701 portu
3448 3633 3473 3685 ?
3487 3631 3552 3694 Et
3573 3642 3744 3689 tamen

2163 3721 2425 3782 adeuntque
2451 3715 2695 3784 feliciores
2717 3717 2771 3770 in
2809 3729 2957 3788 portu
2977 3734 3128 3789 quam
3147 3720 3203 3774 in
3239 3722 3416 3792 pelago
3435 3764 3450 3789 ,
3479 3724 3744 3794 fulgidum

2162 3807 2660 3868 est,me
2692 3817 2799 3874 est,
2835 3824 3006 3863 min
3040 3820 3136 3864 est.
3183 3812 3361 3866 Ament
3406 3831 3459 3868 se
3499 3817 3656 3869 mes"
3685 3819 3742 3872 in

2164 3907 2309 3966 portu
2331 3939 2345 3963 ,
2375 3899 2498 3954 bene
2515 3901 2608 3954 sibi
2635 3901 2948 3972 applicentur
2969 3944 2984 3968 ,
3013 3920 3112 3957 non
3141 3905 3233 3958 sibi
3255 3907 3559 3962 collidantur
3582 3923 3602 3964 :
3627 3926 3742 3964 ser-

2162 4000 2298 4044 retur
2322 3991 2389 4044 ibi
2417 3993 2642 4062 parilitas
2666 3995 3037 4064 quabilitatis,
3061 3999 3340 4051 constantia
3365 3999 3655 4066 cltaritatis;
3691 4010 3742 4056 et

2161 4082 2360 4149 quando
2381 4087 2508 4153 forte
2530 4093 2699 4139 ventus
2723 4101 2785 4139 ea:
2804 4085 2900 4139 illa
2931 4096 3090 4155 parte,
3113 4103 3218 4157 qua
3250 4099 3402 4158 patet,
3430 4092 3650 4158 imit,
3673 4095 3742 4148 sit

2160 4171 2227 4224 ibi
2247 4183 2394 4226 cauta
2413 4176 2722 4243 gubernatio.
2765 4176 2902 4230 Nam
2928 4178 3049 4248 quid
3071 4179 3296 4234 dicturus
3323 4191 3398 4235 est
3418 4185 3562 4248 mihi,
3588 4187 3737 4254 quis-
3803 4193 3814 4200 ’

2159 4265 2269 4333 quis
2327 4265 2507 4321 talibus
2549 4269 2672 4322 locis
2695 4273 2822 4338 forte
2850 4279 3046 4339 praeest,
3079 4272 3179 4325 into
3205 4275 3352 4327 scivit
3378 4275 3614 4344 fratribus
3637 4320 3653 4343 ,
3682 4277 3739 4332 in

2160 4356 2238 4410 liis
2262 4371 2375 4426 qua:
2400 4360 2698 4412 monasteria
2723 4362 2954 4415 dicuntur
2971 4363 2996 4416 Γ
3013 4363 3137 4435 quid
3159 4364 3387 4421 dicturus
3403 4378 3473 4420 est
3495 4372 3520 4422 γ
3545 4368 3738 4424 Caldus

2157 4465 2268 4510 em,
2301 4451 2496 4502 nullum
2533 4451 2720 4504 malum
2745 4453 3028 4507 admittam.
3079 4455 3343 4520 Quomodo
3385 4460 3581 4512 nullum
3618 4477 3733 4514 ma-

2159 4540 2262 4592 lum
2297 4541 2524 4594 admittes
2544 4543 2570 4596 Ρ
2599 4541 2814 4596 Nullum
2847 4545 3094 4599 lientinem
3123 4549 3314 4601 malum
3336 4591 3350 4616 ,
3394 4551 3584 4604 nullum
3623 4555 3709 4621 {ra

2157 4641 2279 4685 trem
2325 4633 2513 4685 malum
2558 4634 2823 4688 intrantem
2864 4638 3174 4692 admissurus
3219 4656 3362 4704 sum;
3404 4657 3520 4694 cunt
3559 4648 3740 4710 paucis

2154 4725 2293 4779 bonis
2325 4726 2444 4779 bene
2469 4728 2590 4780 mihi
2623 4729 2733 4781 erit.
2761 4728 2858 4783 Ubi
2885 4732 3140 4800 cognoscis
3175 4749 3318 4802 quem
3359 4738 3486 4804 forte
3526 4736 3599 4788 vis
3641 4752 3739 4789 ea:-

2155 4816 2396 4870 eludere?
2427 4817 2493 4870 Ut
2532 4830 2860 4888 cognoscatur
2885 4823 3046 4874 malus
3069 4865 3082 4887 ,
3111 4824 3246 4876 intus
3286 4824 3571 4893 probandus
3609 4835 3684 4878 est
3717 4844 3736 4881 :

2153 4909 2400 4978 quomodo
2419 4926 2538 4980 ergo
2556 4911 2784 4964 eancludis
2803 4914 3127 4981 intraturum,
3146 4917 3232 4984 qui
3247 4926 3423 4985 postea
3442 4919 3734 4987 probandus

2151 5005 2243 5064 est,
2262 5008 2311 5051 et
2333 5001 2532 5068 probari
2555 5001 2652 5054 nisi
2676 5003 2933 5057 intraverit
2953 5023 3052 5058 non
3076 5016 3236 5075 potest
3257 5009 3282 5060 .’
3309 5007 3536 5078 Repelics
3554 5027 3735 5066 attines

2150 5093 2308 5146 malos
2329 5095 2354 5145 ?
2384 5092 2522 5146 Dicis
2547 5095 2698 5160 enim,
2732 5105 2776 5148 et
2793 5098 2921 5150 nosti
2945 5099 3211 5166 inspicere.
3236 5099 3423 5154 Omnes
3448 5102 3596 5154 nudis
3614 5118 3706 5155 cor

2150 5181 2292 5236 dibus
2312 5183 2379 5235 ad
2402 5193 2449 5236 te
2467 5185 2708 5238 veniunt!
2737 5187 2834 5251 Qui
2857 5188 3086 5241 inanimi
3115 5200 3232 5242 sunt
3258 5233 3268 5253 ,
3302 5191 3402 5259 ipsi
3426 5208 3477 5244 se
3503 5209 3602 5244 non
3628 5210 3729 5247 no-

2148 5283 2354 5339 verunt;
2381 5285 2567 5345 quanto
2594 5278 2757 5330 minus
2781 5281 2874 5331 tu?
2904 5278 3056 5332 Multi
3084 5281 3219 5333 enim
3245 5283 3337 5334 sibi
3367 5285 3726 5351 promiserunt,

2147 5364 2281 5432 quod
2306 5364 2562 5435 impleturi
2589 5375 2748 5420 essent
2773 5368 2912 5421 illam
2941 5371 3088 5421 vitam
3119 5383 3346 5425 sanctam
3375 5374 3427 5426 in
3467 5390 3734 5429 commune

2147 5455 2405 5510 [iubentem
2447 5457 2615 5510 omisit:
2638 5499 2652 5524 ,
2698 5458 2784 5511 ubi
2805 5475 2948 5512 neruo
2973 5459 3091 5512 dicit
3125 5462 3316 5530 aliquid
3352 5479 3518 5528 enim,
3547 5461 3733 5532 quibus

2145 5556 2213 5600 est
2241 5563 2344 5601 una
2364 5548 2532 5601 animo
2559 5556 2606 5601 et
2636 5564 2721 5601 cor
2738 5563 2895 5600 unum
2919 5549 2973 5601 in
3000 5550 3160 5602 Dem»
3192 5567 3210 5604 :
3235 5553 3377 5605 irrisui
3396 5563 3514 5606 sunt
3533 5553 3590 5606 in
3613 5555 3731 5622 for-

2143 5658 2314 5694 nucem
2331 5681 2345 5706 ,
2385 5649 2432 5694 et
2471 5648 2790 5709 crepuerunt.
2834 5639 3092 5704 Quomodo
3129 5658 3244 5712 ergo
3281 5645 3534 5714 cognoscis
3569 5661 3724 5713 erm,

2143 5735 2228 5804 qui
2262 5733 2351 5787 sibi
2389 5735 2495 5803 ipse
2511 5730 2680 5784 adhuc
2699 5729 2895 5801 ignotus
2912 5741 2989 5785 est
3005 5733 3029 5785 ?
3059 5728 3311 5788 Exul-sodes
3340 5734 3500 5789 Italos
3541 5739 3728 5807 rm
