  <div class='ocr_page' id='page_1' title='image "/cluster/home/n/w/nwhite01/storage/ocr_20150623/32/hvd.32044015706328/098.png"; bbox 0 0 3990 6360; ppageno 0'>
   <div class='ocr_carea' id='block_1_1' title="bbox 262 265 2118 330">
    <p class='ocr_par' dir='ltr' id='par_1_1' title="bbox 262 265 2118 330">
     <span class='ocr_line' id='line_1_1' title="bbox 262 265 2118 330; baseline 0.003 -6"><span class='ocrx_word' id='word_1_1' title='bbox 262 265 354 324; x_wconf 74' lang='grc'><strong><em>181</em></strong></span> <span class='ocrx_word' id='word_1_2' title='bbox 1574 270 1774 327; x_wconf 65' lang='grc' dir='ltr'><strong><em>ιω</em></strong></span> <span class='ocrx_word' id='word_1_3' title='bbox 1808 268 2118 330; x_wconf 70' lang='lat' dir='ltr'><strong><em>mm</em></strong></span> 
     </span>
    </p>
   </div>
   <div class='ocr_carea' id='block_1_2' title="bbox 264 379 1834 453">
    <p class='ocr_par' dir='ltr' id='par_1_2' title="bbox 264 379 1834 453">
     <span class='ocr_line' id='line_1_2' title="bbox 264 379 1834 453; baseline 0.004 -21"><span class='ocrx_word' id='word_1_4' title='bbox 264 396 294 431; x_wconf 87' lang='lat' dir='ltr'><strong><em>a</em></strong></span> <span class='ocrx_word' id='word_1_5' title='bbox 314 386 560 434; x_wconf 76' lang='lat' dir='ltr'><strong><em>conuentu</em></strong></span> <span class='ocrx_word' id='word_1_6' title='bbox 589 379 833 435; x_wconf 81' lang='lat' dir='ltr'><strong><em>bonorum</em></strong></span> <span class='ocrx_word' id='word_1_7' title='bbox 854 382 881 435; x_wconf 68' lang='lat'><strong><em>.9</em></strong></span> <span class='ocrx_word' id='word_1_8' title='bbox 902 380 981 435; x_wconf 87' lang='lat' dir='ltr'><strong><em>De</em></strong></span> <span class='ocrx_word' id='word_1_9' title='bbox 1002 382 1152 437; x_wconf 83' lang='lat' dir='ltr'><strong><em>corde</em></strong></span> <span class='ocrx_word' id='word_1_10' title='bbox 1175 392 1283 449; x_wconf 81' lang='lat' dir='ltr'><strong><em>tuo,</em></strong></span> <span class='ocrx_word' id='word_1_11' title='bbox 1308 384 1530 453; x_wconf 76' lang='lat' dir='ltr'><strong><em>quisquis</em></strong></span> <span class='ocrx_word' id='word_1_12' title='bbox 1554 396 1648 439; x_wconf 68' lang='lat' dir='ltr'><strong><em>ista</em></strong></span> <span class='ocrx_word' id='word_1_13' title='bbox 1668 386 1796 439; x_wconf 85' lang='lat' dir='ltr'><strong><em>dicis</em></strong></span> <span class='ocrx_word' id='word_1_14' title='bbox 1817 428 1834 453; x_wconf 92' lang='lat'><strong><em>,</em></strong></span> 
     </span>
    </p>
   </div>
   <div class='ocr_carea' id='block_1_3' title="bbox 258 470 1837 546">
    <p class='ocr_par' dir='ltr' id='par_1_3' title="bbox 258 470 1837 546">
     <span class='ocr_line' id='line_1_3' title="bbox 258 470 1837 546; baseline 0.005 -23"><span class='ocrx_word' id='word_1_15' title='bbox 258 486 431 524; x_wconf 68' lang='lat' dir='ltr'><strong><em>osnnes</em></strong></span> <span class='ocrx_word' id='word_1_16' title='bbox 459 470 622 524; x_wconf 87' lang='lat' dir='ltr'><strong><em>malas</em></strong></span> <span class='ocrx_word' id='word_1_17' title='bbox 642 471 983 541; x_wconf 78' lang='lat' dir='ltr'><strong><em>cogitationes,</em></strong></span> <span class='ocrx_word' id='word_1_18' title='bbox 1006 473 1049 527; x_wconf 88' lang='lat' dir='ltr'><strong><em>si</em></strong></span> <span class='ocrx_word' id='word_1_19' title='bbox 1067 482 1225 542; x_wconf 97' lang='lat' dir='ltr'><strong><em>potes,</em></strong></span> <span class='ocrx_word' id='word_1_20' title='bbox 1244 474 1469 529; x_wconf 52' lang='lat' dir='ltr'><strong><em>made.</em></strong></span> <span class='ocrx_word' id='word_1_21' title='bbox 1494 473 1593 530; x_wconf 82' lang='lat' dir='ltr'><strong><em>Ubi</em></strong></span> <span class='ocrx_word' id='word_1_22' title='bbox 1616 491 1734 546; x_wconf 78' lang='lat' dir='ltr'><strong><em>ergo</em></strong></span> <span class='ocrx_word' id='word_1_23' title='bbox 1759 493 1837 531; x_wconf 85' lang='lat' dir='ltr'><strong><em>se-</em></strong></span> 
     </span>
    </p>
   </div>
   <div class='ocr_carea' id='block_1_4' title="bbox 260 563 1838 638">
    <p class='ocr_par' dir='ltr' id='par_1_4' title="bbox 260 563 1838 638">
     <span class='ocr_line' id='line_1_4' title="bbox 260 563 1838 638; baseline 0.004 -21"><span class='ocrx_word' id='word_1_24' title='bbox 260 564 446 617; x_wconf 80' lang='lat' dir='ltr'><strong><em>curitas</em></strong></span> <span class='ocrx_word' id='word_1_25' title='bbox 468 565 493 617; x_wconf 84' lang='lat'><strong><em>?</em></strong></span> <span class='ocrx_word' id='word_1_26' title='bbox 520 563 619 621; x_wconf 85' lang='lat' dir='ltr'><strong><em>Hic</em></strong></span> <span class='ocrx_word' id='word_1_27' title='bbox 644 581 920 635; x_wconf 78' lang='lat' dir='ltr'><strong><em>nusquam,</em></strong></span> <span class='ocrx_word' id='word_1_28' title='bbox 942 566 993 620; x_wconf 88' lang='lat' dir='ltr'><strong><em>in</em></strong></span> <span class='ocrx_word' id='word_1_29' title='bbox 1005 566 1104 623; x_wconf 76' lang='lat' dir='ltr'><strong><em>ista</em></strong></span> <span class='ocrx_word' id='word_1_30' title='bbox 1130 568 1230 620; x_wconf 65' lang='lat' dir='ltr'><strong><em>vita</em></strong></span> <span class='ocrx_word' id='word_1_31' title='bbox 1258 584 1505 638; x_wconf 71' lang='lat' dir='ltr'><strong><em>nusquam</em></strong></span> <span class='ocrx_word' id='word_1_32' title='bbox 1534 570 1630 623; x_wconf 85' lang='lat' dir='ltr'><strong><em>nisi</em></strong></span> <span class='ocrx_word' id='word_1_33' title='bbox 1649 571 1703 623; x_wconf 66' lang='lat' dir='ltr'><strong><em>it</em></strong></span> <span class='ocrx_word' id='word_1_34' title='bbox 1727 570 1838 624; x_wconf 82' lang='lat' dir='ltr'><strong><em>sola</em></strong></span> 
     </span>
    </p>
   </div>
   <div class='ocr_carea' id='block_1_5' title="bbox 260 653 1833 732">
    <p class='ocr_par' dir='ltr' id='par_1_5' title="bbox 260 653 1833 732">
     <span class='ocr_line' id='line_1_5' title="bbox 260 653 1833 732; baseline 0.004 -26"><span class='ocrx_word' id='word_1_35' title='bbox 260 669 345 721; x_wconf 78' lang='lat' dir='ltr'><strong><em>spe</em></strong></span> <span class='ocrx_word' id='word_1_36' title='bbox 369 654 735 724; x_wconf 74' lang='lat' dir='ltr'><strong><em>promissorum</em></strong></span> <span class='ocrx_word' id='word_1_37' title='bbox 757 654 852 709; x_wconf 86' lang='lat' dir='ltr'><strong><em>Dei</em></strong></span> <span class='ocrx_word' id='word_1_38' title='bbox 872 653 1088 731; x_wconf 72' lang='lat' dir='ltr'><strong><em>(Euan.</em></strong></span> <span class='ocrx_word' id='word_1_39' title='bbox 1112 657 1168 711; x_wconf 85' lang='lat' dir='ltr'><strong><em>iu</em></strong></span> <span class='ocrx_word' id='word_1_40' title='bbox 1197 656 1344 714; x_wconf 78' lang='lat' dir='ltr'><strong><em>Psal.</em></strong></span> <span class='ocrx_word' id='word_1_41' title='bbox 1364 674 1512 725; x_wconf 78' lang='lat' dir='ltr'><strong><em>xcrx,</em></strong></span> <span class='ocrx_word' id='word_1_42' title='bbox 1534 658 1833 732; x_wconf 47' lang='lat' dir='ltr'><strong><em>nudos“).</em></strong></span> 
     </span>
    </p>
   </div>
   <div class='ocr_carea' id='block_1_6' title="bbox 322 745 1837 815">
    <p class='ocr_par' dir='ltr' id='par_1_6' title="bbox 322 745 1837 815">
     <span class='ocr_line' id='line_1_6' title="bbox 322 745 1837 815; baseline 0.005 -16"><span class='ocrx_word' id='word_1_43' title='bbox 322 745 380 799; x_wconf 84' lang='lat'><strong><em>7.</em></strong></span> <span class='ocrx_word' id='word_1_44' title='bbox 411 746 677 804; x_wconf 61' lang='lat' dir='ltr'><strong><em>Craterum</em></strong></span> <span class='ocrx_word' id='word_1_45' title='bbox 708 747 1017 805; x_wconf 61' lang='lat' dir='ltr'><strong><em>humillimae</em></strong></span> <span class='ocrx_word' id='word_1_46' title='bbox 1044 748 1205 804; x_wconf 84' lang='lat' dir='ltr'><strong><em>sortis</em></strong></span> <span class='ocrx_word' id='word_1_47' title='bbox 1242 749 1501 815; x_wconf 77' lang='lat' dir='ltr'><strong><em>homines,</em></strong></span> <span class='ocrx_word' id='word_1_48' title='bbox 1534 752 1657 807; x_wconf 80' lang='lat' dir='ltr'><strong><em>licet</em></strong></span> <span class='ocrx_word' id='word_1_49' title='bbox 1678 751 1746 807; x_wconf 81' lang='lat' dir='ltr'><strong><em>de</em></strong></span> <span class='ocrx_word' id='word_1_50' title='bbox 1774 751 1837 806; x_wconf 80' lang='lat' dir='ltr'><strong><em>il-</em></strong></span> 
     </span>
    </p>
   </div>
   <div class='ocr_carea' id='block_1_7' title="bbox 256 832 1835 909">
    <p class='ocr_par' dir='ltr' id='par_1_7' title="bbox 256 832 1835 909">
     <span class='ocr_line' id='line_1_7' title="bbox 256 832 1835 909; baseline 0.005 -17"><span class='ocrx_word' id='word_1_51' title='bbox 256 832 320 892; x_wconf 83' lang='lat' dir='ltr'><strong><em>lis</em></strong></span> <span class='ocrx_word' id='word_1_52' title='bbox 350 839 532 892; x_wconf 87' lang='lat' dir='ltr'><strong><em>minus</em></strong></span> <span class='ocrx_word' id='word_1_53' title='bbox 554 848 829 895; x_wconf 77' lang='lat' dir='ltr'><strong><em>constaret</em></strong></span> <span class='ocrx_word' id='word_1_54' title='bbox 850 855 918 893; x_wconf 85' lang='lat' dir='ltr'><strong><em>an</em></strong></span> <span class='ocrx_word' id='word_1_55' title='bbox 949 856 1070 896; x_wconf 86' lang='lat' dir='ltr'><strong><em>vere</em></strong></span> <span class='ocrx_word' id='word_1_56' title='bbox 1096 842 1276 897; x_wconf 78' lang='lat' dir='ltr'><strong><em>animo</em></strong></span> <span class='ocrx_word' id='word_1_57' title='bbox 1302 843 1412 898; x_wconf 85' lang='lat' dir='ltr'><strong><em>Deo</em></strong></span> <span class='ocrx_word' id='word_1_58' title='bbox 1441 843 1741 909; x_wconf 64' lang='lat' dir='ltr'><strong><em>serviendi,</em></strong></span> <span class='ocrx_word' id='word_1_59' title='bbox 1769 859 1835 900; x_wconf 77' lang='lat' dir='ltr'><strong><em>an</em></strong></span> 
     </span>
    </p>
   </div>
   <div class='ocr_carea' id='block_1_8' title="bbox 257 928 1832 1003">
    <p class='ocr_par' dir='ltr' id='par_1_8' title="bbox 257 928 1832 1003">
     <span class='ocr_line' id='line_1_8' title="bbox 257 928 1832 1003; baseline 0.006 -21"><span class='ocrx_word' id='word_1_60' title='bbox 257 930 431 1001; x_wconf 84' lang='lat' dir='ltr'><strong><em>potius</em></strong></span> <span class='ocrx_word' id='word_1_61' title='bbox 459 928 840 986; x_wconf 83' lang='lat' dir='ltr'><strong><em>commodioris</em></strong></span> <span class='ocrx_word' id='word_1_62' title='bbox 883 932 1268 1003; x_wconf 79' lang='lat' dir='ltr'><strong><em>ornatiorisque</em></strong></span> <span class='ocrx_word' id='word_1_63' title='bbox 1309 934 1429 987; x_wconf 67' lang='lat' dir='ltr'><strong><em>vitae</em></strong></span> <span class='ocrx_word' id='word_1_64' title='bbox 1472 949 1652 1001; x_wconf 77' lang='lat' dir='ltr'><strong><em>amore</em></strong></span> <span class='ocrx_word' id='word_1_65' title='bbox 1682 936 1832 991; x_wconf 79' lang='lat' dir='ltr'><strong><em>veni-</em></strong></span> 
     </span>
    </p>
   </div>
   <div class='ocr_carea' id='block_1_9' title="bbox 257 1022 1833 1096">
    <p class='ocr_par' dir='ltr' id='par_1_9' title="bbox 257 1022 1833 1096">
     <span class='ocr_line' id='line_1_9' title="bbox 257 1022 1833 1096; baseline 0.006 -22"><span class='ocrx_word' id='word_1_66' title='bbox 257 1029 405 1087; x_wconf 86' lang='lat' dir='ltr'><strong><em>rent,</em></strong></span> <span class='ocrx_word' id='word_1_67' title='bbox 455 1023 669 1076; x_wconf 74' lang='lat' dir='ltr'><strong><em>excludi</em></strong></span> <span class='ocrx_word' id='word_1_68' title='bbox 716 1023 898 1078; x_wconf 88' lang='lat' dir='ltr'><strong><em>noluit.</em></strong></span> <span class='ocrx_word' id='word_1_69' title='bbox 949 1022 1100 1078; x_wconf 86' lang='lat' dir='ltr'><strong><em>Nunc</em></strong></span> <span class='ocrx_word' id='word_1_70' title='bbox 1138 1033 1341 1092; x_wconf 82' lang='lat' dir='ltr'><strong><em>autem,</em></strong></span> <span class='ocrx_word' id='word_1_71' title='bbox 1377 1026 1583 1096; x_wconf 80' lang='lat' dir='ltr'><strong><em>inquit,</em></strong></span> <span class='ocrx_word' id='word_1_72' title='bbox 1630 1028 1833 1083; x_wconf 63' lang='lat' dir='ltr'><strong><em>senium</em></strong></span> 
     </span>
    </p>
   </div>
   <div class='ocr_carea' id='block_1_10' title="bbox 258 1110 1834 1187">
    <p class='ocr_par' dir='ltr' id='par_1_10' title="bbox 258 1110 1834 1187">
     <span class='ocr_line' id='line_1_10' title="bbox 258 1110 1834 1187; baseline 0.006 -22"><span class='ocrx_word' id='word_1_73' title='bbox 258 1110 549 1183; x_wconf 57' lang='lat' dir='ltr'><strong><em>fabrumque</em></strong></span> <span class='ocrx_word' id='word_1_74' title='bbox 577 1114 645 1165; x_wconf 89' lang='lat' dir='ltr'><strong><em>ad</em></strong></span> <span class='ocrx_word' id='word_1_75' title='bbox 688 1114 818 1167; x_wconf 85' lang='lat' dir='ltr'><strong><em>hanc</em></strong></span> <span class='ocrx_word' id='word_1_76' title='bbox 856 1116 1215 1187; x_wconf 80' lang='lat' dir='ltr'><strong><em>professionem</em></strong></span> <span class='ocrx_word' id='word_1_77' title='bbox 1253 1118 1502 1171; x_wconf 80' lang='lat' dir='ltr'><strong><em>servitutis</em></strong></span> <span class='ocrx_word' id='word_1_78' title='bbox 1542 1117 1638 1172; x_wconf 82' lang='lat' dir='ltr'><strong><em>Dei</em></strong></span> <span class='ocrx_word' id='word_1_79' title='bbox 1676 1128 1726 1173; x_wconf 78' lang='lat' dir='ltr'><strong><em>et</em></strong></span> <span class='ocrx_word' id='word_1_80' title='bbox 1771 1136 1834 1174; x_wconf 75' lang='lat' dir='ltr'><strong><em>ea;</em></strong></span> 
     </span>
    </p>
   </div>
   <div class='ocr_carea' id='block_1_11' title="bbox 252 1200 1833 1281">
    <p class='ocr_par' dir='ltr' id='par_1_11' title="bbox 252 1200 1833 1281">
     <span class='ocr_line' id='line_1_11' title="bbox 252 1200 1833 1281; baseline 0.007 -26"><span class='ocrx_word' id='word_1_81' title='bbox 252 1200 538 1257; x_wconf 80' lang='lat' dir='ltr'><strong><em>conditione</em></strong></span> <span class='ocrx_word' id='word_1_82' title='bbox 562 1205 730 1259; x_wconf 81' lang='lat' dir='ltr'><strong><em>servili</em></strong></span> <span class='ocrx_word' id='word_1_83' title='bbox 752 1247 768 1272; x_wconf 90' lang='lat'><strong><em>,</em></strong></span> <span class='ocrx_word' id='word_1_84' title='bbox 800 1207 873 1261; x_wconf 82' lang='lat' dir='ltr'><strong><em>vel</em></strong></span> <span class='ocrx_word' id='word_1_85' title='bbox 899 1210 1048 1260; x_wconf 85' lang='lat' dir='ltr'><strong><em>etiam</em></strong></span> <span class='ocrx_word' id='word_1_86' title='bbox 1088 1207 1274 1276; x_wconf 65' lang='lat' dir='ltr'><strong><em>libati,</em></strong></span> <span class='ocrx_word' id='word_1_87' title='bbox 1312 1208 1389 1265; x_wconf 80' lang='lat' dir='ltr'><strong><em>vel</em></strong></span> <span class='ocrx_word' id='word_1_88' title='bbox 1432 1220 1635 1281; x_wconf 74' lang='lat' dir='ltr'><strong><em>propter</em></strong></span> <span class='ocrx_word' id='word_1_89' title='bbox 1673 1211 1767 1266; x_wconf 81' lang='lat' dir='ltr'><strong><em>hoc</em></strong></span> <span class='ocrx_word' id='word_1_90' title='bbox 1796 1230 1833 1266; x_wconf 79' lang='grc' dir='ltr'><em>α</em></span> 
     </span>
    </p>
   </div>
   <div class='ocr_carea' id='block_1_12' title="bbox 253 1294 1830 1369">
    <p class='ocr_par' dir='ltr' id='par_1_12' title="bbox 253 1294 1830 1369">
     <span class='ocr_line' id='line_1_12' title="bbox 253 1294 1830 1369; baseline 0.01 -23"><span class='ocrx_word' id='word_1_91' title='bbox 253 1294 468 1347; x_wconf 76' lang='lat' dir='ltr'><strong><em>dominis</em></strong></span> <span class='ocrx_word' id='word_1_92' title='bbox 493 1297 689 1350; x_wconf 77' lang='lat' dir='ltr'><strong><em>liberati</em></strong></span> <span class='ocrx_word' id='word_1_93' title='bbox 714 1298 814 1350; x_wconf 85' lang='lat' dir='ltr'><strong><em>sive</em></strong></span> <span class='ocrx_word' id='word_1_94' title='bbox 838 1298 1106 1365; x_wconf 83' lang='lat' dir='ltr'><strong><em>liberandi,</em></strong></span> <span class='ocrx_word' id='word_1_95' title='bbox 1144 1310 1192 1352; x_wconf 86' lang='lat' dir='ltr'><strong><em>et</em></strong></span> <span class='ocrx_word' id='word_1_96' title='bbox 1228 1317 1291 1354; x_wconf 66' lang='lat' dir='ltr'><strong><em>ea:</em></strong></span> <span class='ocrx_word' id='word_1_97' title='bbox 1318 1302 1418 1355; x_wconf 80' lang='lat' dir='ltr'><strong><em>vita</em></strong></span> <span class='ocrx_word' id='word_1_98' title='bbox 1443 1302 1696 1356; x_wconf 85' lang='lat' dir='ltr'><strong><em>rusticana</em></strong></span> <span class='ocrx_word' id='word_1_99' title='bbox 1722 1345 1735 1369; x_wconf 97' lang='lat'><strong><em>,</em></strong></span> <span class='ocrx_word' id='word_1_100' title='bbox 1779 1314 1830 1361; x_wconf 78' lang='lat' dir='ltr'><strong><em>el</em></strong></span> 
     </span>
    </p>
   </div>
   <div class='ocr_carea' id='block_1_13' title="bbox 254 1388 1832 1464">
    <p class='ocr_par' dir='ltr' id='par_1_13' title="bbox 254 1388 1832 1464">
     <span class='ocr_line' id='line_1_13' title="bbox 254 1388 1832 1464; baseline 0.008 -25"><span class='ocrx_word' id='word_1_101' title='bbox 254 1403 311 1440; x_wconf 73' lang='lat' dir='ltr'><strong><em>ex</em></strong></span> <span class='ocrx_word' id='word_1_102' title='bbox 334 1388 583 1456; x_wconf 76' lang='lat' dir='ltr'><strong><em>opiﬁcum</em></strong></span> <span class='ocrx_word' id='word_1_103' title='bbox 604 1390 962 1444; x_wconf 74' lang='lat' dir='ltr'><strong><em>exercitatione</em></strong></span> <span class='ocrx_word' id='word_1_104' title='bbox 986 1399 1031 1443; x_wconf 82' lang='lat' dir='ltr'><strong><em>et</em></strong></span> <span class='ocrx_word' id='word_1_105' title='bbox 1050 1390 1247 1460; x_wconf 76' lang='lat' dir='ltr'><strong><em>plebeio</em></strong></span> <span class='ocrx_word' id='word_1_106' title='bbox 1277 1391 1467 1460; x_wconf 80' lang='lat' dir='ltr'><strong><em>labore,</em></strong></span> <span class='ocrx_word' id='word_1_107' title='bbox 1496 1403 1637 1447; x_wconf 78' lang='lat' dir='ltr'><strong><em>tanto</em></strong></span> <span class='ocrx_word' id='word_1_108' title='bbox 1664 1395 1832 1464; x_wconf 82' lang='lat' dir='ltr'><strong><em>utique</em></strong></span> 
     </span>
    </p>
   </div>
   <div class='ocr_carea' id='block_1_14' title="bbox 253 1478 1830 1556">
    <p class='ocr_par' dir='ltr' id='par_1_14' title="bbox 253 1478 1830 1556">
     <span class='ocr_line' id='line_1_14' title="bbox 253 1478 1830 1556; baseline 0.007 -26"><span class='ocrx_word' id='word_1_109' title='bbox 253 1478 469 1547; x_wconf 73' lang='lat' dir='ltr'><strong><em>felicius,</em></strong></span> <span class='ocrx_word' id='word_1_110' title='bbox 496 1489 687 1549; x_wconf 87' lang='lat' dir='ltr'><strong><em>quanto</em></strong></span> <span class='ocrx_word' id='word_1_111' title='bbox 706 1480 889 1550; x_wconf 86' lang='lat' dir='ltr'><strong><em>fortius</em></strong></span> <span class='ocrx_word' id='word_1_112' title='bbox 910 1482 1108 1535; x_wconf 83' lang='lat' dir='ltr'><strong><em>educati</em></strong></span> <span class='ocrx_word' id='word_1_113' title='bbox 1137 1498 1156 1537; x_wconf 92' lang='lat'><em>:</em></span> <span class='ocrx_word' id='word_1_114' title='bbox 1180 1484 1269 1555; x_wconf 82' lang='lat' dir='ltr'><strong><em>qui</em></strong></span> <span class='ocrx_word' id='word_1_115' title='bbox 1288 1485 1333 1538; x_wconf 87' lang='lat' dir='ltr'><strong><em>si</em></strong></span> <span class='ocrx_word' id='word_1_116' title='bbox 1356 1501 1459 1539; x_wconf 85' lang='lat' dir='ltr'><strong><em>non</em></strong></span> <span class='ocrx_word' id='word_1_117' title='bbox 1480 1486 1830 1556; x_wconf 80' lang='lat' dir='ltr'><strong><em>admittuntur,</em></strong></span> 
     </span>
    </p>
   </div>
   <div class='ocr_carea' id='block_1_15' title="bbox 252 1568 1834 1647">
    <p class='ocr_par' dir='ltr' id='par_1_15' title="bbox 252 1568 1834 1647">
     <span class='ocr_line' id='line_1_15' title="bbox 252 1568 1834 1647; baseline 0.006 -26"><span class='ocrx_word' id='word_1_118' title='bbox 252 1586 396 1638; x_wconf 78' lang='lat' dir='ltr'><strong><em>grave</em></strong></span> <span class='ocrx_word' id='word_1_119' title='bbox 416 1568 663 1623; x_wconf 70' lang='lat' dir='ltr'><strong><em>delictum</em></strong></span> <span class='ocrx_word' id='word_1_120' title='bbox 694 1580 783 1627; x_wconf 77' lang='lat' dir='ltr'><strong><em>est.</em></strong></span> <span class='ocrx_word' id='word_1_121' title='bbox 816 1572 969 1626; x_wconf 75' lang='lat' dir='ltr'><strong><em>Multi</em></strong></span> <span class='ocrx_word' id='word_1_122' title='bbox 985 1574 1118 1626; x_wconf 84' lang='lat' dir='ltr'><strong><em>enim</em></strong></span> <span class='ocrx_word' id='word_1_123' title='bbox 1140 1591 1200 1627; x_wconf 74' lang='lat' dir='ltr'><strong><em>eo:</em></strong></span> <span class='ocrx_word' id='word_1_124' title='bbox 1216 1593 1275 1628; x_wconf 80' lang='lat' dir='ltr'><strong><em>eo</em></strong></span> <span class='ocrx_word' id='word_1_125' title='bbox 1297 1592 1502 1630; x_wconf 84' lang='lat' dir='ltr'><strong><em>numero</em></strong></span> <span class='ocrx_word' id='word_1_126' title='bbox 1526 1593 1637 1630; x_wconf 73' lang='lat' dir='ltr'><strong><em>vere</em></strong></span> <span class='ocrx_word' id='word_1_127' title='bbox 1666 1579 1834 1647; x_wconf 79' lang='lat' dir='ltr'><strong><em>magni</em></strong></span> 
     </span>
    </p>
   </div>
   <div class='ocr_carea' id='block_1_16' title="bbox 252 1660 1833 1737">
    <p class='ocr_par' dir='ltr' id='par_1_16' title="bbox 252 1660 1833 1737">
     <span class='ocr_line' id='line_1_16' title="bbox 252 1660 1833 1737; baseline 0.008 -25"><span class='ocrx_word' id='word_1_128' title='bbox 252 1669 293 1712; x_wconf 80' lang='lat' dir='ltr'><strong><em>et</em></strong></span> <span class='ocrx_word' id='word_1_129' title='bbox 338 1660 579 1713; x_wconf 79' lang='lat' dir='ltr'><strong><em>imitandi</em></strong></span> <span class='ocrx_word' id='word_1_130' title='bbox 618 1663 935 1716; x_wconf 67' lang='lat' dir='ltr'><strong><em>exstiterunt.</em></strong></span> <span class='ocrx_word' id='word_1_131' title='bbox 983 1662 1122 1718; x_wconf 85' lang='lat' dir='ltr'><strong><em>Nam</em></strong></span> <span class='ocrx_word' id='word_1_132' title='bbox 1172 1676 1444 1737; x_wconf 83' lang='lat' dir='ltr'><strong><em>propterea</em></strong></span> <span class='ocrx_word' id='word_1_133' title='bbox 1474 1684 1493 1717; x_wconf 72' lang='grc' dir='ltr'><strong><em>ι</em></strong></span> <span class='ocrx_word' id='word_1_134' title='bbox 1527 1675 1581 1722; x_wconf 81' lang='lat' dir='ltr'><strong><em>et</em></strong></span> <span class='ocrx_word' id='word_1_135' title='bbox 1624 1668 1833 1724; x_wconf 78' lang='lat' dir='ltr'><strong><em>infirma</em></strong></span> 
     </span>
    </p>
   </div>
   <div class='ocr_carea' id='block_1_17' title="bbox 254 1752 1831 1825">
    <p class='ocr_par' dir='ltr' id='par_1_17' title="bbox 254 1752 1831 1825">
     <span class='ocr_line' id='line_1_17' title="bbox 254 1752 1831 1825; baseline 0.006 -21"><span class='ocrx_word' id='word_1_136' title='bbox 254 1752 433 1806; x_wconf 88' lang='lat' dir='ltr'><strong><em>mundi</em></strong></span> <span class='ocrx_word' id='word_1_137' title='bbox 480 1754 638 1822; x_wconf 82' lang='lat' dir='ltr'><strong><em>elegit</em></strong></span> <span class='ocrx_word' id='word_1_138' title='bbox 676 1752 855 1821; x_wconf 88' lang='lat' dir='ltr'><strong><em>Deus,</em></strong></span> <span class='ocrx_word' id='word_1_139' title='bbox 898 1762 955 1809; x_wconf 88' lang='lat' dir='ltr'><strong><em>ut</em></strong></span> <span class='ocrx_word' id='word_1_140' title='bbox 981 1755 1326 1812; x_wconf 78' lang='lat' dir='ltr'><strong><em>confunderet</em></strong></span> <span class='ocrx_word' id='word_1_141' title='bbox 1352 1756 1545 1825; x_wconf 78' lang='lat' dir='ltr'><strong><em>fortia;</em></strong></span> <span class='ocrx_word' id='word_1_142' title='bbox 1584 1768 1638 1814; x_wconf 87' lang='lat' dir='ltr'><strong><em>et</em></strong></span> <span class='ocrx_word' id='word_1_143' title='bbox 1675 1761 1831 1814; x_wconf 82' lang='lat' dir='ltr'><strong><em>stulta</em></strong></span> 
     </span>
    </p>
   </div>
   <div class='ocr_carea' id='block_1_18' title="bbox 253 1844 1830 1923">
    <p class='ocr_par' dir='ltr' id='par_1_18' title="bbox 253 1844 1830 1923">
     <span class='ocr_line' id='line_1_18' title="bbox 253 1844 1830 1923; baseline 0.005 -25"><span class='ocrx_word' id='word_1_144' title='bbox 253 1844 431 1899; x_wconf 89' lang='lat' dir='ltr'><strong><em>mundi</em></strong></span> <span class='ocrx_word' id='word_1_145' title='bbox 458 1845 619 1916; x_wconf 73' lang='lat' dir='ltr'><strong><em>elegit</em></strong></span> <span class='ocrx_word' id='word_1_146' title='bbox 639 1887 654 1912; x_wconf 94' lang='lat'><strong><em>,</em></strong></span> <span class='ocrx_word' id='word_1_147' title='bbox 685 1855 745 1901; x_wconf 87' lang='lat' dir='ltr'><strong><em>ut</em></strong></span> <span class='ocrx_word' id='word_1_148' title='bbox 773 1848 1120 1903; x_wconf 82' lang='lat' dir='ltr'><strong><em>confunderet</em></strong></span> <span class='ocrx_word' id='word_1_149' title='bbox 1150 1850 1449 1919; x_wconf 78' lang='lat' dir='ltr'><strong><em>sapientes;</em></strong></span> <span class='ocrx_word' id='word_1_150' title='bbox 1481 1861 1536 1906; x_wconf 80' lang='lat' dir='ltr'><strong><em>et</em></strong></span> <span class='ocrx_word' id='word_1_151' title='bbox 1580 1852 1830 1923; x_wconf 79' lang='lat' dir='ltr'><strong><em>ignobilia</em></strong></span> 
     </span>
    </p>
   </div>
   <div class='ocr_carea' id='block_1_19' title="bbox 252 1936 1828 2015">
    <p class='ocr_par' dir='ltr' id='par_1_19' title="bbox 252 1936 1828 2015">
     <span class='ocr_line' id='line_1_19' title="bbox 252 1936 1828 2015; baseline 0.006 -25"><span class='ocrx_word' id='word_1_152' title='bbox 252 1936 433 1990; x_wconf 81' lang='lat' dir='ltr'><strong><em>mundi</em></strong></span> <span class='ocrx_word' id='word_1_153' title='bbox 462 1978 476 1999; x_wconf 91' lang='lat'><strong><em>,</em></strong></span> <span class='ocrx_word' id='word_1_154' title='bbox 508 1948 561 1990; x_wconf 85' lang='lat' dir='ltr'><strong><em>et</em></strong></span> <span class='ocrx_word' id='word_1_155' title='bbox 590 1952 650 1991; x_wconf 86' lang='lat' dir='ltr'><strong><em>ea</em></strong></span> <span class='ocrx_word' id='word_1_156' title='bbox 676 1953 795 2006; x_wconf 67' lang='lat' dir='ltr'><strong><em>qua:</em></strong></span> <span class='ocrx_word' id='word_1_157' title='bbox 821 1955 923 1995; x_wconf 89' lang='lat' dir='ltr'><strong><em>non</em></strong></span> <span class='ocrx_word' id='word_1_158' title='bbox 953 1949 1076 1994; x_wconf 89' lang='lat' dir='ltr'><strong><em>sunt</em></strong></span> <span class='ocrx_word' id='word_1_159' title='bbox 1106 1950 1350 2011; x_wconf 80' lang='lat' dir='ltr'><strong><em>tanquam</em></strong></span> <span class='ocrx_word' id='word_1_160' title='bbox 1374 1943 1481 1997; x_wconf 87' lang='lat' dir='ltr'><strong><em>sint</em></strong></span> <span class='ocrx_word' id='word_1_161' title='bbox 1500 1984 1517 2008; x_wconf 83' lang='lat'><strong><em>,</em></strong></span> <span class='ocrx_word' id='word_1_162' title='bbox 1546 1953 1600 1999; x_wconf 83' lang='lat' dir='ltr'><strong><em>ut</em></strong></span> <span class='ocrx_word' id='word_1_163' title='bbox 1620 1960 1685 1999; x_wconf 86' lang='lat' dir='ltr'><strong><em>ea</em></strong></span> <span class='ocrx_word' id='word_1_164' title='bbox 1711 1962 1828 2015; x_wconf 63' lang='lat' dir='ltr'><strong><em>qua:</em></strong></span> 
     </span>
    </p>
   </div>
   <div class='ocr_carea' id='block_1_20' title="bbox 253 2032 1828 2102">
    <p class='ocr_par' dir='ltr' id='par_1_20' title="bbox 253 2032 1828 2102">
     <span class='ocr_line' id='line_1_20' title="bbox 253 2032 1828 2102; baseline 0.006 -22"><span class='ocrx_word' id='word_1_165' title='bbox 253 2037 377 2082; x_wconf 87' lang='lat' dir='ltr'><strong><em>sunt</em></strong></span> <span class='ocrx_word' id='word_1_166' title='bbox 414 2038 742 2084; x_wconf 79' lang='lat' dir='ltr'><strong><em>evacuentur</em></strong></span> <span class='ocrx_word' id='word_1_167' title='bbox 772 2048 785 2085; x_wconf 92' lang='lat'><strong>:</strong></span> <span class='ocrx_word' id='word_1_168' title='bbox 815 2039 872 2084; x_wconf 91' lang='lat' dir='ltr'><strong><em>ut</em></strong></span> <span class='ocrx_word' id='word_1_169' title='bbox 912 2047 1019 2086; x_wconf 83' lang='lat' dir='ltr'><strong><em>non</em></strong></span> <span class='ocrx_word' id='word_1_170' title='bbox 1063 2032 1319 2102; x_wconf 80' lang='lat' dir='ltr'><strong><em>glorietur</em></strong></span> <span class='ocrx_word' id='word_1_171' title='bbox 1355 2035 1529 2091; x_wconf 84' lang='lat' dir='ltr'><strong><em>omnis</em></strong></span> <span class='ocrx_word' id='word_1_172' title='bbox 1574 2051 1699 2091; x_wconf 87' lang='lat' dir='ltr'><strong><em>caro</em></strong></span> <span class='ocrx_word' id='word_1_173' title='bbox 1738 2051 1828 2090; x_wconf 80' lang='lat' dir='ltr'><strong><em>co-</em></strong></span> 
     </span>
    </p>
   </div>
   <div class='ocr_carea' id='block_1_21' title="bbox 254 2118 1832 2198">
    <p class='ocr_par' dir='ltr' id='par_1_21' title="bbox 254 2118 1832 2198">
     <span class='ocr_line' id='line_1_21' title="bbox 254 2118 1832 2198; baseline 0.006 -24"><span class='ocrx_word' id='word_1_174' title='bbox 254 2135 369 2174; x_wconf 85' lang='lat' dir='ltr'><strong><em>ram</em></strong></span> <span class='ocrx_word' id='word_1_175' title='bbox 404 2120 506 2175; x_wconf 85' lang='lat' dir='ltr'><strong><em>Deo</em></strong></span> <span class='ocrx_word' id='word_1_176' title='bbox 535 2141 553 2172; x_wconf 73' lang='grc' dir='ltr'><strong><em>ι</em></strong></span> <span class='ocrx_word' id='word_1_177' title='bbox 588 2118 633 2191; x_wconf 83' lang='grc'>(1</span> <span class='ocrx_word' id='word_1_178' title='bbox 664 2118 784 2176; x_wconf 86' lang='lat' dir='ltr'><strong><em>Cor.</em></strong></span> <span class='ocrx_word' id='word_1_179' title='bbox 812 2139 864 2187; x_wconf 84' lang='grc' dir='ltr'><strong><em>ι,</em></strong></span> <span class='ocrx_word' id='word_1_180' title='bbox 901 2125 1114 2195; x_wconf 72' lang='grc'><strong><em>27-29).</em></strong></span> <span class='ocrx_word' id='word_1_181' title='bbox 1145 2125 1272 2179; x_wconf 67' lang='lat' dir='ltr'><strong><em>Haec</em></strong></span> <span class='ocrx_word' id='word_1_182' title='bbox 1293 2127 1457 2198; x_wconf 82' lang='lat' dir='ltr'><strong><em>itaque</em></strong></span> <span class='ocrx_word' id='word_1_183' title='bbox 1480 2128 1565 2198; x_wconf 85' lang='lat' dir='ltr'><strong><em>pia</em></strong></span> <span class='ocrx_word' id='word_1_184' title='bbox 1582 2138 1631 2182; x_wconf 84' lang='lat' dir='ltr'><strong><em>et</em></strong></span> <span class='ocrx_word' id='word_1_185' title='bbox 1658 2140 1832 2184; x_wconf 84' lang='lat' dir='ltr'><strong><em>sancta</em></strong></span> 
     </span>
    </p>
   </div>
   <div class='ocr_carea' id='block_1_22' title="bbox 251 2210 1830 2291">
    <p class='ocr_par' dir='ltr' id='par_1_22' title="bbox 251 2210 1830 2291">
     <span class='ocr_line' id='line_1_22' title="bbox 251 2210 1830 2291; baseline 0.01 -30"><span class='ocrx_word' id='word_1_186' title='bbox 251 2210 486 2280; x_wconf 78' lang='lat' dir='ltr'><strong><em>cogitatio</em></strong></span> <span class='ocrx_word' id='word_1_187' title='bbox 507 2213 653 2281; x_wconf 85' lang='lat' dir='ltr'><strong><em>facit,</em></strong></span> <span class='ocrx_word' id='word_1_188' title='bbox 683 2223 737 2266; x_wconf 85' lang='lat' dir='ltr'><strong><em>ut</em></strong></span> <span class='ocrx_word' id='word_1_189' title='bbox 766 2216 917 2268; x_wconf 83' lang='lat' dir='ltr'><strong><em>etiam</em></strong></span> <span class='ocrx_word' id='word_1_190' title='bbox 944 2218 1068 2270; x_wconf 87' lang='lat' dir='ltr'><strong><em>tales</em></strong></span> <span class='ocrx_word' id='word_1_191' title='bbox 1095 2217 1425 2273; x_wconf 80' lang='lat' dir='ltr'><strong><em>admittuntur</em></strong></span> <span class='ocrx_word' id='word_1_192' title='bbox 1448 2258 1464 2287; x_wconf 90' lang='lat'><strong><em>,</em></strong></span> <span class='ocrx_word' id='word_1_193' title='bbox 1503 2221 1591 2291; x_wconf 89' lang='lat' dir='ltr'><strong><em>qui</em></strong></span> <span class='ocrx_word' id='word_1_194' title='bbox 1635 2223 1830 2277; x_wconf 83' lang='lat' dir='ltr'><strong><em>nullum</em></strong></span> 
     </span>
    </p>
   </div>
   <div class='ocr_carea' id='block_1_23' title="bbox 249 2301 1832 2385">
    <p class='ocr_par' dir='ltr' id='par_1_23' title="bbox 249 2301 1832 2385">
     <span class='ocr_line' id='line_1_23' title="bbox 249 2301 1832 2385; baseline 0.01 -30"><span class='ocrx_word' id='word_1_195' title='bbox 249 2301 468 2369; x_wconf 64' lang='lat' dir='ltr'><strong><em>afferant</em></strong></span> <span class='ocrx_word' id='word_1_196' title='bbox 505 2315 712 2360; x_wconf 74' lang='lat' dir='ltr'><strong><em>mutata:</em></strong></span> <span class='ocrx_word' id='word_1_197' title='bbox 756 2308 808 2361; x_wconf 86' lang='lat' dir='ltr'><strong><em>in</em></strong></span> <span class='ocrx_word' id='word_1_198' title='bbox 856 2310 1031 2364; x_wconf 87' lang='lat' dir='ltr'><strong><em>melius</em></strong></span> <span class='ocrx_word' id='word_1_199' title='bbox 1068 2312 1182 2365; x_wconf 82' lang='lat' dir='ltr'><strong><em>vitce</em></strong></span> <span class='ocrx_word' id='word_1_200' title='bbox 1234 2313 1606 2369; x_wconf 83' lang='lat' dir='ltr'><strong><em>documentum.</em></strong></span> <span class='ocrx_word' id='word_1_201' title='bbox 1656 2316 1832 2385; x_wconf 81' lang='lat' dir='ltr'><strong><em>Neque</em></strong></span> 
     </span>
    </p>
   </div>
   <div class='ocr_carea' id='block_1_24' title="bbox 249 2397 1827 2477">
    <p class='ocr_par' dir='ltr' id='par_1_24' title="bbox 249 2397 1827 2477">
     <span class='ocr_line' id='line_1_24' title="bbox 249 2397 1827 2477; baseline 0.01 -29"><span class='ocrx_word' id='word_1_202' title='bbox 249 2397 376 2449; x_wconf 81' lang='lat' dir='ltr'><strong><em>enim</em></strong></span> <span class='ocrx_word' id='word_1_203' title='bbox 402 2407 621 2467; x_wconf 76' lang='lat' dir='ltr'><strong><em>apparet</em></strong></span> <span class='ocrx_word' id='word_1_204' title='bbox 646 2408 815 2455; x_wconf 87' lang='lat' dir='ltr'><strong><em>utrum</em></strong></span> <span class='ocrx_word' id='word_1_205' title='bbox 842 2418 905 2454; x_wconf 73' lang='lat' dir='ltr'><strong><em>ea:</em></strong></span> <span class='ocrx_word' id='word_1_206' title='bbox 930 2405 1186 2473; x_wconf 86' lang='lat' dir='ltr'><strong><em>proposito</em></strong></span> <span class='ocrx_word' id='word_1_207' title='bbox 1211 2407 1458 2459; x_wconf 75' lang='lat' dir='ltr'><strong><em>servitutis</em></strong></span> <span class='ocrx_word' id='word_1_208' title='bbox 1475 2406 1568 2461; x_wconf 85' lang='lat' dir='ltr'><strong><em>Dei</em></strong></span> <span class='ocrx_word' id='word_1_209' title='bbox 1590 2411 1827 2477; x_wconf 75' lang='lat' dir='ltr'><strong><em>venerint,</em></strong></span> 
     </span>
    </p>
   </div>
   <div class='ocr_carea' id='block_1_25' title="bbox 251 2489 1831 2571">
    <p class='ocr_par' dir='ltr' id='par_1_25' title="bbox 251 2489 1831 2571">
     <span class='ocr_line' id='line_1_25' title="bbox 251 2489 1831 2571; baseline 0.01 -31"><span class='ocrx_word' id='word_1_210' title='bbox 251 2504 313 2541; x_wconf 81' lang='lat' dir='ltr'><strong><em>an</em></strong></span> <span class='ocrx_word' id='word_1_211' title='bbox 342 2489 496 2542; x_wconf 71' lang='lat' dir='ltr'><strong><em>ritum</em></strong></span> <span class='ocrx_word' id='word_1_212' title='bbox 536 2490 738 2559; x_wconf 80' lang='lat' dir='ltr'><strong><em>inapem</em></strong></span> <span class='ocrx_word' id='word_1_213' title='bbox 766 2501 812 2546; x_wconf 87' lang='lat' dir='ltr'><strong><em>et</em></strong></span> <span class='ocrx_word' id='word_1_214' title='bbox 858 2493 1155 2549; x_wconf 80' lang='lat' dir='ltr'><strong><em>laboriosam</em></strong></span> <span class='ocrx_word' id='word_1_215' title='bbox 1178 2499 1423 2569; x_wconf 72' lang='lat' dir='ltr'><strong><em>fugientes</em></strong></span> <span class='ocrx_word' id='word_1_216' title='bbox 1462 2502 1645 2567; x_wconf 71' lang='lat' dir='ltr'><strong><em>vacui,</em></strong></span> <span class='ocrx_word' id='word_1_217' title='bbox 1694 2505 1831 2571; x_wconf 81' lang='lat' dir='ltr'><strong><em>pasci</em></strong></span> 
     </span>
    </p>
   </div>
   <div class='ocr_carea' id='block_1_26' title="bbox 250 2585 1831 2661">
    <p class='ocr_par' dir='ltr' id='par_1_26' title="bbox 250 2585 1831 2661">
     <span class='ocr_line' id='line_1_26' title="bbox 250 2585 1831 2661; baseline 0.013 -28"><span class='ocrx_word' id='word_1_218' title='bbox 250 2590 389 2652; x_wconf 78' lang='lat' dir='ltr'><strong><em>atque</em></strong></span> <span class='ocrx_word' id='word_1_219' title='bbox 414 2585 589 2636; x_wconf 82' lang='lat' dir='ltr'><strong><em>vestiri</em></strong></span> <span class='ocrx_word' id='word_1_220' title='bbox 616 2585 894 2653; x_wconf 70' lang='lat' dir='ltr'><strong><em>voluerint,</em></strong></span> <span class='ocrx_word' id='word_1_221' title='bbox 939 2598 985 2645; x_wconf 83' lang='lat' dir='ltr'><strong><em>et</em></strong></span> <span class='ocrx_word' id='word_1_222' title='bbox 1032 2591 1236 2661; x_wconf 80' lang='lat' dir='ltr'><strong><em>insuper</em></strong></span> <span class='ocrx_word' id='word_1_223' title='bbox 1280 2593 1518 2649; x_wconf 82' lang='lat' dir='ltr'><strong><em>honorari</em></strong></span> <span class='ocrx_word' id='word_1_224' title='bbox 1554 2597 1615 2651; x_wconf 89' lang='lat' dir='ltr'><strong><em>ab</em></strong></span> <span class='ocrx_word' id='word_1_225' title='bbox 1644 2600 1714 2651; x_wconf 86' lang='lat' dir='ltr'><strong><em>eis</em></strong></span> <span class='ocrx_word' id='word_1_226' title='bbox 1740 2641 1753 2661; x_wconf 83' lang='lat'><strong><em>,</em></strong></span> <span class='ocrx_word' id='word_1_227' title='bbox 1798 2618 1831 2653; x_wconf 87' lang='lat' dir='ltr'><strong><em>a</em></strong></span> 
     </span>
    </p>
   </div>
   <div class='ocr_carea' id='block_1_27' title="bbox 246 2672 1824 2759">
    <p class='ocr_par' dir='ltr' id='par_1_27' title="bbox 246 2672 1824 2759">
     <span class='ocr_line' id='line_1_27' title="bbox 246 2672 1824 2759; baseline 0.013 -36"><span class='ocrx_word' id='word_1_228' title='bbox 246 2672 420 2740; x_wconf 82' lang='lat' dir='ltr'><strong><em>quibus</em></strong></span> <span class='ocrx_word' id='word_1_229' title='bbox 447 2677 702 2728; x_wconf 77' lang='lat' dir='ltr'><strong><em>contemni</em></strong></span> <span class='ocrx_word' id='word_1_230' title='bbox 723 2681 1006 2750; x_wconf 80' lang='lat' dir='ltr'><strong><em>conterique</em></strong></span> <span class='ocrx_word' id='word_1_231' title='bbox 1027 2695 1377 2738; x_wconf 75' lang='lat' dir='ltr'><strong><em>consueverant</em></strong></span> <span class='ocrx_word' id='word_1_232' title='bbox 1408 2686 1506 2758; x_wconf 85' lang='lat' dir='ltr'><strong><em>(De</em></strong></span> <span class='ocrx_word' id='word_1_233' title='bbox 1528 2688 1627 2759; x_wconf 84' lang='lat' dir='ltr'><strong><em>0p.</em></strong></span> <span class='ocrx_word' id='word_1_234' title='bbox 1658 2690 1824 2757; x_wconf 68' lang='lat' dir='ltr'><strong><em>Mam,</em></strong></span> 
     </span>
    </p>
   </div>
   <div class='ocr_carea' id='block_1_28' title="bbox 246 2763 1828 2842">
    <p class='ocr_par' dir='ltr' id='par_1_28' title="bbox 246 2763 1828 2842">
     <span class='ocr_line' id='line_1_28' title="bbox 246 2763 1828 2842; baseline 0.014 -27"><span class='ocrx_word' id='word_1_235' title='bbox 246 2780 297 2815; x_wconf 72' lang='grc' dir='ltr'><strong><em>η.</em></strong></span> <span class='ocrx_word' id='word_1_236' title='bbox 316 2763 432 2833; x_wconf 76' lang='lat'><strong><em>9.5).</em></strong></span> <span class='ocrx_word' id='word_1_237' title='bbox 468 2765 652 2835; x_wconf 78' lang='lat' dir='ltr'><strong><em>Neque</em></strong></span> <span class='ocrx_word' id='word_1_238' title='bbox 676 2768 832 2821; x_wconf 86' lang='lat' dir='ltr'><strong><em>etiam</em></strong></span> <span class='ocrx_word' id='word_1_239' title='bbox 862 2771 1070 2826; x_wconf 89' lang='lat' dir='ltr'><strong><em>volebat</em></strong></span> <span class='ocrx_word' id='word_1_240' title='bbox 1095 2789 1353 2842; x_wconf 81' lang='lat' dir='ltr'><strong><em>pauperes</em></strong></span> <span class='ocrx_word' id='word_1_241' title='bbox 1378 2778 1428 2831; x_wconf 88' lang='lat' dir='ltr'><strong><em>in</em></strong></span> <span class='ocrx_word' id='word_1_242' title='bbox 1455 2793 1549 2833; x_wconf 90' lang='lat' dir='ltr'><strong><em>sua</em></strong></span> <span class='ocrx_word' id='word_1_243' title='bbox 1574 2780 1828 2837; x_wconf 85' lang='lat' dir='ltr'><strong><em>societate</em></strong></span> 
     </span>
    </p>
   </div>
   <div class='ocr_carea' id='block_1_29' title="bbox 244 2855 1823 2944">
    <p class='ocr_par' dir='ltr' id='par_1_29' title="bbox 244 2855 1823 2944">
     <span class='ocr_line' id='line_1_29' title="bbox 244 2855 1823 2944; baseline 0.015 -36"><span class='ocrx_word' id='word_1_244' title='bbox 244 2855 308 2909; x_wconf 84' lang='lat' dir='ltr'><strong><em>ab</em></strong></span> <span class='ocrx_word' id='word_1_245' title='bbox 333 2856 397 2911; x_wconf 88' lang='lat' dir='ltr'><strong><em>iis</em></strong></span> <span class='ocrx_word' id='word_1_246' title='bbox 422 2873 662 2928; x_wconf 90' lang='lat' dir='ltr'><strong><em>unquam</em></strong></span> <span class='ocrx_word' id='word_1_247' title='bbox 691 2860 962 2932; x_wconf 76' lang='lat' dir='ltr'><strong><em>distingui,</em></strong></span> <span class='ocrx_word' id='word_1_248' title='bbox 985 2864 1073 2934; x_wconf 85' lang='lat' dir='ltr'><strong><em>qui</em></strong></span> <span class='ocrx_word' id='word_1_249' title='bbox 1094 2866 1289 2936; x_wconf 82' lang='lat' dir='ltr'><strong><em>aliquid</em></strong></span> <span class='ocrx_word' id='word_1_250' title='bbox 1315 2870 1611 2926; x_wconf 79' lang='lat' dir='ltr'><strong><em>attulissent</em></strong></span> <span class='ocrx_word' id='word_1_251' title='bbox 1633 2873 1823 2944; x_wconf 78' lang='lat' dir='ltr'><strong><em>(Serm.</em></strong></span> 
     </span>
    </p>
   </div>
   <div class='ocr_carea' id='block_1_30' title="bbox 245 2950 1830 3032">
    <p class='ocr_par' dir='ltr' id='par_1_30' title="bbox 245 2950 1830 3032">
     <span class='ocr_line' id='line_1_30' title="bbox 245 2950 1830 3032; baseline 0.012 -29"><span class='ocrx_word' id='word_1_252' title='bbox 245 2950 373 3015; x_wconf 74' lang='lat'><strong><em>556,</em></strong></span> <span class='ocrx_word' id='word_1_253' title='bbox 413 2968 469 3004; x_wconf 78' lang='grc' dir='ltr'><strong><em>τι.</em></strong></span> <span class='ocrx_word' id='word_1_254' title='bbox 500 2951 590 3022; x_wconf 89' lang='grc'><strong><em>9).</em></strong></span> <span class='ocrx_word' id='word_1_255' title='bbox 622 2953 736 3009; x_wconf 85' lang='lat' dir='ltr'><strong><em>llac</em></strong></span> <span class='ocrx_word' id='word_1_256' title='bbox 765 2965 943 3011; x_wconf 87' lang='lat' dir='ltr'><strong><em>mente</em></strong></span> <span class='ocrx_word' id='word_1_257' title='bbox 978 2958 1255 3027; x_wconf 71' lang='lat' dir='ltr'><strong><em>praeditus,</em></strong></span> <span class='ocrx_word' id='word_1_258' title='bbox 1278 2962 1517 3032; x_wconf 78' lang='lat' dir='ltr'><strong><em>profecto</em></strong></span> <span class='ocrx_word' id='word_1_259' title='bbox 1547 2980 1649 3019; x_wconf 91' lang='lat' dir='ltr'><strong><em>non</em></strong></span> <span class='ocrx_word' id='word_1_260' title='bbox 1681 2982 1830 3021; x_wconf 88' lang='lat' dir='ltr'><strong><em>com-</em></strong></span> 
     </span>
    </p>
   </div>
   <div class='ocr_carea' id='block_1_31' title="bbox 252 3033 1830 3125">
    <p class='ocr_par' dir='ltr' id='par_1_31' title="bbox 252 3033 1830 3125">
     <span class='ocr_line' id='line_1_31' title="bbox 252 3033 1830 3125; baseline 0.013 -34"><span class='ocrx_word' id='word_1_261' title='bbox 252 3039 506 3105; x_wconf 79' lang='lat' dir='ltr'><strong><em>mittebat,</em></strong></span> <span class='ocrx_word' id='word_1_262' title='bbox 532 3052 595 3095; x_wconf 88' lang='lat' dir='ltr'><strong><em>ut</em></strong></span> <span class='ocrx_word' id='word_1_263' title='bbox 618 3033 802 3098; x_wconf 74' lang='lat' dir='ltr'><strong><em>abilla</em></strong></span> <span class='ocrx_word' id='word_1_264' title='bbox 827 3044 1126 3102; x_wconf 89' lang='lat' dir='ltr'><strong><em>discederet</em></strong></span> <span class='ocrx_word' id='word_1_265' title='bbox 1156 3066 1383 3120; x_wconf 79' lang='lat' dir='ltr'><strong><em>unquam</em></strong></span> <span class='ocrx_word' id='word_1_266' title='bbox 1410 3052 1477 3108; x_wconf 88' lang='lat' dir='ltr'><strong><em>de</em></strong></span> <span class='ocrx_word' id='word_1_267' title='bbox 1514 3056 1830 3125; x_wconf 82' lang='lat' dir='ltr'><strong><em>recipiendis</em></strong></span> 
     </span>
    </p>
   </div>
   <div class='ocr_carea' id='block_1_32' title="bbox 251 3129 1829 3213">
    <p class='ocr_par' dir='ltr' id='par_1_32' title="bbox 251 3129 1829 3213">
     <span class='ocr_line' id='line_1_32' title="bbox 251 3129 1829 3213; baseline 0.013 -31"><span class='ocrx_word' id='word_1_268' title='bbox 251 3129 595 3185; x_wconf 84' lang='lat' dir='ltr'><strong><em>credentibus</em></strong></span> <span class='ocrx_word' id='word_1_269' title='bbox 616 3132 667 3186; x_wconf 91' lang='lat' dir='ltr'><strong><em>in</em></strong></span> <span class='ocrx_word' id='word_1_270' title='bbox 695 3131 890 3189; x_wconf 81' lang='lat' dir='ltr'><strong><em>Christi</em></strong></span> <span class='ocrx_word' id='word_1_271' title='bbox 921 3134 1172 3192; x_wconf 73' lang='lat' dir='ltr'><strong><em>familiam</em></strong></span> <span class='ocrx_word' id='word_1_272' title='bbox 1200 3143 1405 3210; x_wconf 80' lang='lat' dir='ltr'><strong><em>regula,</em></strong></span> <span class='ocrx_word' id='word_1_273' title='bbox 1437 3160 1593 3213; x_wconf 89' lang='lat' dir='ltr'><strong><em>quam</em></strong></span> <span class='ocrx_word' id='word_1_274' title='bbox 1625 3146 1676 3200; x_wconf 91' lang='lat' dir='ltr'><strong><em>in</em></strong></span> <span class='ocrx_word' id='word_1_275' title='bbox 1718 3147 1829 3204; x_wconf 61' lang='lat' dir='ltr'><strong><em>haec</em></strong></span> 
     </span>
    </p>
   </div>
   <div class='ocr_carea' id='block_1_33' title="bbox 246 3220 1830 3308">
    <p class='ocr_par' dir='ltr' id='par_1_33' title="bbox 246 3220 1830 3308">
     <span class='ocr_line' id='line_1_33' title="bbox 246 3220 1830 3308; baseline 0.013 -37"><span class='ocrx_word' id='word_1_276' title='bbox 246 3220 402 3273; x_wconf 82' lang='lat' dir='ltr'><strong><em>verba</em></strong></span> <span class='ocrx_word' id='word_1_277' title='bbox 430 3223 654 3290; x_wconf 82' lang='lat' dir='ltr'><strong><em>protulit</em></strong></span> <span class='ocrx_word' id='word_1_278' title='bbox 681 3241 694 3277; x_wconf 90' lang='lat'><strong>:</strong></span> <span class='ocrx_word' id='word_1_279' title='bbox 723 3224 864 3278; x_wconf 79' lang='lat' dir='ltr'><strong><em>Absit</em></strong></span> <span class='ocrx_word' id='word_1_280' title='bbox 886 3236 938 3278; x_wconf 88' lang='lat' dir='ltr'><strong><em>ut</em></strong></span> <span class='ocrx_word' id='word_1_281' title='bbox 963 3227 1015 3280; x_wconf 85' lang='lat' dir='ltr'><strong><em>in</em></strong></span> <span class='ocrx_word' id='word_1_282' title='bbox 1044 3229 1364 3286; x_wconf 82' lang='lat' dir='ltr'><strong><em>tabernaculo</em></strong></span> <span class='ocrx_word' id='word_1_283' title='bbox 1391 3243 1473 3286; x_wconf 90' lang='lat' dir='ltr'><strong><em>tuo</em></strong></span> <span class='ocrx_word' id='word_1_284' title='bbox 1500 3252 1604 3304; x_wconf 72' lang='lat' dir='ltr'><strong><em>pra:</em></strong></span> <span class='ocrx_word' id='word_1_285' title='bbox 1644 3255 1830 3308; x_wconf 80' lang='lat' dir='ltr'><strong><em>paupe-</em></strong></span> 
     </span>
    </p>
   </div>
   <div class='ocr_carea' id='block_1_34' title="bbox 245 3308 1830 3397">
    <p class='ocr_par' dir='ltr' id='par_1_34' title="bbox 245 3308 1830 3397">
     <span class='ocr_line' id='line_1_34' title="bbox 245 3308 1830 3397; baseline 0.014 -36"><span class='ocrx_word' id='word_1_286' title='bbox 245 3308 377 3363; x_wconf 74' lang='lat' dir='ltr'><strong><em>ribus</em></strong></span> <span class='ocrx_word' id='word_1_287' title='bbox 406 3313 729 3383; x_wconf 67' lang='lat' dir='ltr'><strong><em>accipiantur</em></strong></span> <span class='ocrx_word' id='word_1_288' title='bbox 756 3333 983 3383; x_wconf 74' lang='lat' dir='ltr'><strong><em>persona:</em></strong></span> <span class='ocrx_word' id='word_1_289' title='bbox 1006 3320 1234 3388; x_wconf 77' lang='lat' dir='ltr'><strong><em>divitum,</em></strong></span> <span class='ocrx_word' id='word_1_290' title='bbox 1279 3334 1365 3377; x_wconf 86' lang='lat' dir='ltr'><strong><em>aut</em></strong></span> <span class='ocrx_word' id='word_1_291' title='bbox 1395 3342 1498 3394; x_wconf 72' lang='lat' dir='ltr'><strong><em>pra:</em></strong></span> <span class='ocrx_word' id='word_1_292' title='bbox 1535 3328 1830 3397; x_wconf 79' lang='lat' dir='ltr'><strong><em>ignobilibus</em></strong></span> 
     </span>
    </p>
   </div>
   <div class='ocr_carea' id='block_1_35' title="bbox 243 3402 1828 3487">
    <p class='ocr_par' dir='ltr' id='par_1_35' title="bbox 243 3402 1828 3487">
     <span class='ocr_line' id='line_1_35' title="bbox 243 3402 1828 3487; baseline 0.012 -33"><span class='ocrx_word' id='word_1_293' title='bbox 243 3402 429 3455; x_wconf 75' lang='lat' dir='ltr'><strong><em>nobiles</em></strong></span> <span class='ocrx_word' id='word_1_294' title='bbox 464 3418 482 3456; x_wconf 91' lang='lat'><strong><em>:</em></strong></span> <span class='ocrx_word' id='word_1_295' title='bbox 507 3405 715 3472; x_wconf 85' lang='lat' dir='ltr'><strong><em>quando</em></strong></span> <span class='ocrx_word' id='word_1_296' title='bbox 749 3408 915 3476; x_wconf 83' lang='lat' dir='ltr'><strong><em>potius</em></strong></span> <span class='ocrx_word' id='word_1_297' title='bbox 939 3409 1141 3478; x_wconf 81' lang='lat' dir='ltr'><strong><em>inﬁrma</em></strong></span> <span class='ocrx_word' id='word_1_298' title='bbox 1181 3414 1357 3466; x_wconf 86' lang='lat' dir='ltr'><strong><em>mundi</em></strong></span> <span class='ocrx_word' id='word_1_299' title='bbox 1383 3415 1594 3487; x_wconf 75' lang='lat' dir='ltr'><strong><em>clegisti,</em></strong></span> <span class='ocrx_word' id='word_1_300' title='bbox 1622 3428 1676 3471; x_wconf 87' lang='lat' dir='ltr'><strong><em>ut</em></strong></span> <span class='ocrx_word' id='word_1_301' title='bbox 1705 3435 1828 3473; x_wconf 79' lang='lat' dir='ltr'><strong><em>con--</em></strong></span> 
     </span>
    </p>
   </div>
   <div class='ocr_carea' id='block_1_36' title="bbox 243 3494 1831 3585">
    <p class='ocr_par' dir='ltr' id='par_1_36' title="bbox 243 3494 1831 3585">
     <span class='ocr_line' id='line_1_36' title="bbox 243 3494 1831 3585; baseline 0.012 -39"><span class='ocrx_word' id='word_1_302' title='bbox 243 3494 479 3562; x_wconf 70' lang='lat' dir='ltr'><strong><em>{auderes</em></strong></span> <span class='ocrx_word' id='word_1_303' title='bbox 505 3496 699 3565; x_wconf 81' lang='lat' dir='ltr'><strong><em>fortia;</em></strong></span> <span class='ocrx_word' id='word_1_304' title='bbox 727 3506 773 3551; x_wconf 83' lang='lat' dir='ltr'><strong><em>et</em></strong></span> <span class='ocrx_word' id='word_1_305' title='bbox 793 3498 1031 3569; x_wconf 83' lang='lat' dir='ltr'><strong><em>ignobilia</em></strong></span> <span class='ocrx_word' id='word_1_306' title='bbox 1056 3501 1206 3572; x_wconf 83' lang='lat' dir='ltr'><strong><em>hujus</em></strong></span> <span class='ocrx_word' id='word_1_307' title='bbox 1233 3505 1408 3559; x_wconf 88' lang='lat' dir='ltr'><strong><em>mundi</em></strong></span> <span class='ocrx_word' id='word_1_308' title='bbox 1430 3507 1619 3578; x_wconf 83' lang='lat' dir='ltr'><strong><em>elegiin</em></strong></span> <span class='ocrx_word' id='word_1_309' title='bbox 1640 3518 1686 3563; x_wconf 81' lang='lat' dir='ltr'><strong><em>et</em></strong></span> <span class='ocrx_word' id='word_1_310' title='bbox 1711 3527 1831 3585; x_wconf 76' lang='lat' dir='ltr'><strong><em>con-</em></strong></span> 
     </span>
    </p>
   </div>
   <div class='ocr_carea' id='block_1_37' title="bbox 243 3584 1830 3672">
    <p class='ocr_par' dir='ltr' id='par_1_37' title="bbox 243 3584 1830 3672">
     <span class='ocr_line' id='line_1_37' title="bbox 243 3584 1830 3672; baseline 0.014 -37"><span class='ocrx_word' id='word_1_311' title='bbox 243 3584 568 3655; x_wconf 83' lang='lat' dir='ltr'><strong><em>temptibilia,</em></strong></span> <span class='ocrx_word' id='word_1_312' title='bbox 593 3596 639 3640; x_wconf 87' lang='lat' dir='ltr'><strong><em>et</em></strong></span> <span class='ocrx_word' id='word_1_313' title='bbox 666 3605 722 3641; x_wconf 87' lang='lat' dir='ltr'><strong><em>ea</em></strong></span> <span class='ocrx_word' id='word_1_314' title='bbox 746 3606 857 3659; x_wconf 68' lang='lat' dir='ltr'><strong><em>qua:</em></strong></span> <span class='ocrx_word' id='word_1_315' title='bbox 870 3606 969 3645; x_wconf 88' lang='lat' dir='ltr'><strong><em>non</em></strong></span> <span class='ocrx_word' id='word_1_316' title='bbox 985 3601 1102 3645; x_wconf 88' lang='lat' dir='ltr'><strong><em>sunt</em></strong></span> <span class='ocrx_word' id='word_1_317' title='bbox 1124 3602 1359 3663; x_wconf 86' lang='lat' dir='ltr'><strong><em>tanquam</em></strong></span> <span class='ocrx_word' id='word_1_318' title='bbox 1393 3598 1510 3664; x_wconf 88' lang='lat' dir='ltr'><strong><em>sint,</em></strong></span> <span class='ocrx_word' id='word_1_319' title='bbox 1544 3610 1597 3653; x_wconf 89' lang='lat' dir='ltr'><strong><em>ut</em></strong></span> <span class='ocrx_word' id='word_1_320' title='bbox 1638 3618 1695 3654; x_wconf 88' lang='lat' dir='ltr'><strong><em>ea</em></strong></span> <span class='ocrx_word' id='word_1_321' title='bbox 1720 3584 1830 3672; x_wconf 73' lang='lat' dir='ltr'><strong><em>qua:</em></strong></span> 
     </span>
    </p>
   </div>
   <div class='ocr_carea' id='block_1_38' title="bbox 239 3679 1827 3759">
    <p class='ocr_par' dir='ltr' id='par_1_38' title="bbox 239 3679 1827 3759">
     <span class='ocr_line' id='line_1_38' title="bbox 239 3679 1827 3759; baseline 0.011 -30"><span class='ocrx_word' id='word_1_322' title='bbox 239 3684 357 3729; x_wconf 80' lang='lat' dir='ltr'><strong><em>sunt</em></strong></span> <span class='ocrx_word' id='word_1_323' title='bbox 398 3694 673 3732; x_wconf 80' lang='lat' dir='ltr'><strong><em>evacuares</em></strong></span> <span class='ocrx_word' id='word_1_324' title='bbox 717 3679 965 3752; x_wconf 87' lang='lat' dir='ltr'><strong><em>(Confess.</em></strong></span> <span class='ocrx_word' id='word_1_325' title='bbox 1005 3682 1090 3737; x_wconf 63' lang='lat' dir='ltr'><strong><em>lib.</em></strong></span> <span class='ocrx_word' id='word_1_326' title='bbox 1122 3684 1184 3749; x_wconf 88' lang='lat'><strong><em>8,</em></strong></span> <span class='ocrx_word' id='word_1_327' title='bbox 1232 3702 1346 3754; x_wconf 82' lang='lat' dir='ltr'><strong><em>cap.</em></strong></span> <span class='ocrx_word' id='word_1_328' title='bbox 1397 3689 1449 3755; x_wconf 72' lang='grc'><strong><em>4,</em></strong></span> <span class='ocrx_word' id='word_1_329' title='bbox 1479 3707 1530 3744; x_wconf 88' lang='lat' dir='ltr'><strong><em>n.</em></strong></span> <span class='ocrx_word' id='word_1_330' title='bbox 1556 3690 1631 3759; x_wconf 87' lang='lat'><strong><em>9).</em></strong></span> <span class='ocrx_word' id='word_1_331' title='bbox 1677 3692 1827 3759; x_wconf 85' lang='lat' dir='ltr'><strong><em>Quod</em></strong></span> 
     </span>
    </p>
   </div>
   <div class='ocr_carea' id='block_1_39' title="bbox 239 3760 1827 3841">
    <p class='ocr_par' dir='ltr' id='par_1_39' title="bbox 239 3760 1827 3841">
     <span class='ocr_line' id='line_1_39' title="bbox 239 3760 1827 3841; baseline 0.012 -23"><span class='ocrx_word' id='word_1_332' title='bbox 239 3767 432 3821; x_wconf 83' lang='lat' dir='ltr'><strong><em>attinet</em></strong></span> <span class='ocrx_word' id='word_1_333' title='bbox 476 3760 545 3822; x_wconf 88' lang='lat' dir='ltr'><strong><em>ad</em></strong></span> <span class='ocrx_word' id='word_1_334' title='bbox 595 3764 821 3837; x_wconf 82' lang='lat' dir='ltr'><strong><em>divites,</em></strong></span> <span class='ocrx_word' id='word_1_335' title='bbox 870 3772 957 3841; x_wconf 89' lang='lat' dir='ltr'><strong><em>qui</em></strong></span> <span class='ocrx_word' id='word_1_336' title='bbox 1004 3774 1202 3829; x_wconf 87' lang='lat' dir='ltr'><strong><em>relictis</em></strong></span> <span class='ocrx_word' id='word_1_337' title='bbox 1252 3777 1361 3831; x_wconf 90' lang='lat' dir='ltr'><strong><em>suis</em></strong></span> <span class='ocrx_word' id='word_1_338' title='bbox 1402 3778 1734 3836; x_wconf 77' lang='lat' dir='ltr'><strong><em>facultatibus</em></strong></span> <span class='ocrx_word' id='word_1_339' title='bbox 1776 3792 1827 3837; x_wconf 89' lang='lat' dir='ltr'><strong><em>et</em></strong></span> 
     </span>
    </p>
   </div>
   <div class='ocr_carea' id='block_1_40' title="bbox 240 3856 1827 3937">
    <p class='ocr_par' dir='ltr' id='par_1_40' title="bbox 240 3856 1827 3937">
     <span class='ocr_line' id='line_1_40' title="bbox 240 3856 1827 3937; baseline 0.011 -27"><span class='ocrx_word' id='word_1_340' title='bbox 240 3856 293 3910; x_wconf 88' lang='lat' dir='ltr'><strong><em>in</em></strong></span> <span class='ocrx_word' id='word_1_341' title='bbox 338 3874 605 3929; x_wconf 81' lang='lat' dir='ltr'><strong><em>pauperes</em></strong></span> <span class='ocrx_word' id='word_1_342' title='bbox 650 3862 898 3931; x_wconf 79' lang='lat' dir='ltr'><strong><em>erogatis,</em></strong></span> <span class='ocrx_word' id='word_1_343' title='bbox 932 3879 1042 3919; x_wconf 73' lang='lat' dir='ltr'><strong><em>non</em></strong></span> <span class='ocrx_word' id='word_1_344' title='bbox 1090 3882 1311 3937; x_wconf 83' lang='lat' dir='ltr'><strong><em>parvum</em></strong></span> <span class='ocrx_word' id='word_1_345' title='bbox 1341 3871 1501 3925; x_wconf 84' lang='lat' dir='ltr'><strong><em>animi</em></strong></span> <span class='ocrx_word' id='word_1_346' title='bbox 1549 3873 1628 3927; x_wconf 89' lang='lat' dir='ltr'><strong><em>sui</em></strong></span> <span class='ocrx_word' id='word_1_347' title='bbox 1674 3873 1827 3929; x_wconf 86' lang='lat' dir='ltr'><strong><em>docu-</em></strong></span> 
     </span>
    </p>
   </div>
   <div class='ocr_carea' id='block_1_41' title="bbox 239 3948 1827 4033">
    <p class='ocr_par' dir='ltr' id='par_1_41' title="bbox 239 3948 1827 4033">
     <span class='ocr_line' id='line_1_41' title="bbox 239 3948 1827 4033; baseline 0.012 -32"><span class='ocrx_word' id='word_1_348' title='bbox 239 3957 485 4004; x_wconf 83' lang='lat' dir='ltr'><strong><em>mentum</em></strong></span> <span class='ocrx_word' id='word_1_349' title='bbox 530 3948 759 4007; x_wconf 83' lang='lat' dir='ltr'><strong><em>alTerunt</em></strong></span> <span class='ocrx_word' id='word_1_350' title='bbox 790 3971 802 4007; x_wconf 92' lang='lat'>:</span> <span class='ocrx_word' id='word_1_351' title='bbox 836 3952 957 4007; x_wconf 85' lang='lat' dir='ltr'><strong><em>Non</em></strong></span> <span class='ocrx_word' id='word_1_352' title='bbox 988 3966 1059 4009; x_wconf 87' lang='lat' dir='ltr'><strong><em>est</em></strong></span> <span class='ocrx_word' id='word_1_353' title='bbox 1094 3959 1473 4027; x_wconf 84' lang='lat' dir='ltr'><strong><em>attendendum,</em></strong></span> <span class='ocrx_word' id='word_1_354' title='bbox 1524 3964 1723 4033; x_wconf 82' lang='lat' dir='ltr'><strong><em>inquit,</em></strong></span> <span class='ocrx_word' id='word_1_355' title='bbox 1772 3968 1827 4019; x_wconf 86' lang='lat' dir='ltr'><strong><em>in</em></strong></span> 
     </span>
    </p>
   </div>
   <div class='ocr_carea' id='block_1_42' title="bbox 234 4039 1826 4127">
    <p class='ocr_par' dir='ltr' id='par_1_42' title="bbox 234 4039 1826 4127">
     <span class='ocr_line' id='line_1_42' title="bbox 234 4039 1826 4127; baseline 0.013 -37"><span class='ocrx_word' id='word_1_356' title='bbox 234 4039 419 4105; x_wconf 82' lang='lat' dir='ltr'><strong><em>quibus</em></strong></span> <span class='ocrx_word' id='word_1_357' title='bbox 468 4043 790 4096; x_wconf 82' lang='lat' dir='ltr'><strong><em>monasteriis</em></strong></span> <span class='ocrx_word' id='word_1_358' title='bbox 834 4044 909 4097; x_wconf 86' lang='lat' dir='ltr'><strong><em>vel</em></strong></span> <span class='ocrx_word' id='word_1_359' title='bbox 946 4046 998 4099; x_wconf 87' lang='lat' dir='ltr'><strong><em>in</em></strong></span> <span class='ocrx_word' id='word_1_360' title='bbox 1041 4064 1137 4117; x_wconf 86' lang='lat' dir='ltr'><strong><em>quo</em></strong></span> <span class='ocrx_word' id='word_1_361' title='bbox 1178 4049 1319 4117; x_wconf 89' lang='lat' dir='ltr'><strong><em>loco,</em></strong></span> <span class='ocrx_word' id='word_1_362' title='bbox 1362 4052 1693 4124; x_wconf 80' lang='lat' dir='ltr'><strong><em>indigentibus</em></strong></span> <span class='ocrx_word' id='word_1_363' title='bbox 1728 4061 1826 4127; x_wconf 80' lang='lat' dir='ltr'><strong><em>fra-</em></strong></span> 
     </span>
    </p>
   </div>
   <div class='ocr_carea' id='block_1_43' title="bbox 241 4129 1825 4213">
    <p class='ocr_par' dir='ltr' id='par_1_43' title="bbox 241 4129 1825 4213">
     <span class='ocr_line' id='line_1_43' title="bbox 241 4129 1825 4213; baseline 0.014 -32"><span class='ocrx_word' id='word_1_364' title='bbox 241 4129 404 4183; x_wconf 82' lang='lat' dir='ltr'><strong><em>tribus</em></strong></span> <span class='ocrx_word' id='word_1_365' title='bbox 445 4134 650 4203; x_wconf 84' lang='lat' dir='ltr'><strong><em>quisque</em></strong></span> <span class='ocrx_word' id='word_1_366' title='bbox 698 4132 753 4187; x_wconf 83' lang='lat' dir='ltr'><strong><em>id</em></strong></span> <span class='ocrx_word' id='word_1_367' title='bbox 808 4136 943 4204; x_wconf 86' lang='lat' dir='ltr'><strong><em>quod</em></strong></span> <span class='ocrx_word' id='word_1_368' title='bbox 981 4138 1189 4194; x_wconf 87' lang='lat' dir='ltr'><strong><em>habebat</em></strong></span> <span class='ocrx_word' id='word_1_369' title='bbox 1226 4143 1542 4213; x_wconf 79' lang='lat' dir='ltr'><strong><em>impenderit.</em></strong></span> <span class='ocrx_word' id='word_1_370' title='bbox 1590 4147 1825 4203; x_wconf 85' lang='lat' dir='ltr'><strong><em>Omnium</em></strong></span> 
     </span>
    </p>
   </div>
   <div class='ocr_carea' id='block_1_44' title="bbox 172 4222 1823 4309">
    <p class='ocr_par' dir='ltr' id='par_1_44' title="bbox 172 4222 1823 4309">
     <span class='ocr_line' id='line_1_44' title="bbox 172 4222 1823 4309; baseline 0.012 -33"><span class='ocrx_word' id='word_1_371' title='bbox 172 4240 189 4252; x_wconf 79' lang='lat'><strong><em>°</em></strong></span> <span class='ocrx_word' id='word_1_372' title='bbox 234 4224 375 4277; x_wconf 79' lang='lat' dir='ltr'><strong><em>enim</em></strong></span> <span class='ocrx_word' id='word_1_373' title='bbox 418 4222 823 4281; x_wconf 82' lang='lat' dir='ltr'><strong><em>Christianorum</em></strong></span> <span class='ocrx_word' id='word_1_374' title='bbox 867 4246 969 4283; x_wconf 88' lang='lat' dir='ltr'><strong><em>una</em></strong></span> <span class='ocrx_word' id='word_1_375' title='bbox 996 4233 1275 4302; x_wconf 84' lang='lat' dir='ltr'><strong><em>respublica</em></strong></span> <span class='ocrx_word' id='word_1_376' title='bbox 1322 4245 1410 4290; x_wconf 89' lang='lat' dir='ltr'><strong><em>est.</em></strong></span> <span class='ocrx_word' id='word_1_377' title='bbox 1445 4237 1512 4291; x_wconf 85' lang='lat' dir='ltr'><strong><em>Et</em></strong></span> <span class='ocrx_word' id='word_1_378' title='bbox 1534 4239 1647 4293; x_wconf 85' lang='lat' dir='ltr'><strong><em>ideo</em></strong></span> <span class='ocrx_word' id='word_1_379' title='bbox 1683 4243 1823 4309; x_wconf 87' lang='lat' dir='ltr'><strong><em>quis-</em></strong></span> 
     </span>
    </p>
   </div>
   <div class='ocr_carea' id='block_1_45' title="bbox 228 4314 1825 4400">
    <p class='ocr_par' dir='ltr' id='par_1_45' title="bbox 228 4314 1825 4400">
     <span class='ocr_line' id='line_1_45' title="bbox 228 4314 1825 4400; baseline 0.013 -32"><span class='ocrx_word' id='word_1_380' title='bbox 228 4314 346 4386; x_wconf 76' lang='lat' dir='ltr'><strong><em>quis</em></strong></span> <span class='ocrx_word' id='word_1_381' title='bbox 404 4317 711 4374; x_wconf 83' lang='lat' dir='ltr'><strong><em>Christianis</em></strong></span> <span class='ocrx_word' id='word_1_382' title='bbox 781 4324 1059 4377; x_wconf 85' lang='lat' dir='ltr'><strong><em>necessaria</em></strong></span> <span class='ocrx_word' id='word_1_383' title='bbox 1123 4327 1322 4381; x_wconf 82' lang='lat' dir='ltr'><strong><em>ubilibet</em></strong></span> <span class='ocrx_word' id='word_1_384' title='bbox 1370 4333 1671 4400; x_wconf 83' lang='lat' dir='ltr'><strong><em>crogaverit,</em></strong></span> <span class='ocrx_word' id='word_1_385' title='bbox 1723 4336 1825 4388; x_wconf 89' lang='lat' dir='ltr'><strong><em>ubi-</em></strong></span> 
     </span>
    </p>
   </div>
   <div class='ocr_carea' id='block_1_46' title="bbox 227 4413 1819 4496">
    <p class='ocr_par' dir='ltr' id='par_1_46' title="bbox 227 4413 1819 4496">
     <span class='ocr_line' id='line_1_46' title="bbox 227 4413 1819 4496; baseline 0.011 -33"><span class='ocrx_word' id='word_1_386' title='bbox 227 4426 454 4482; x_wconf 75' lang='lat' dir='ltr'><strong><em>cumque</em></strong></span> <span class='ocrx_word' id='word_1_387' title='bbox 477 4413 628 4466; x_wconf 88' lang='lat' dir='ltr'><strong><em>etiam</em></strong></span> <span class='ocrx_word' id='word_1_388' title='bbox 655 4413 791 4482; x_wconf 88' lang='lat' dir='ltr'><strong><em>ipse,</em></strong></span> <span class='ocrx_word' id='word_1_389' title='bbox 813 4416 949 4486; x_wconf 89' lang='lat' dir='ltr'><strong><em>quod</em></strong></span> <span class='ocrx_word' id='word_1_390' title='bbox 975 4416 1064 4471; x_wconf 84' lang='lat' dir='ltr'><strong><em>sibi</em></strong></span> <span class='ocrx_word' id='word_1_391' title='bbox 1110 4421 1442 4477; x_wconf 85' lang='lat' dir='ltr'><strong><em>necessarium</em></strong></span> <span class='ocrx_word' id='word_1_392' title='bbox 1477 4433 1546 4476; x_wconf 88' lang='lat' dir='ltr'><strong><em>est</em></strong></span> <span class='ocrx_word' id='word_1_393' title='bbox 1565 4466 1579 4489; x_wconf 94' lang='lat'><strong><em>,</em></strong></span> <span class='ocrx_word' id='word_1_394' title='bbox 1608 4427 1819 4496; x_wconf 87' lang='lat' dir='ltr'><strong><em>accipit,</em></strong></span> 
     </span>
    </p>
   </div>
   <div class='ocr_carea' id='block_1_47' title="bbox 223 4504 1823 4584">
    <p class='ocr_par' dir='ltr' id='par_1_47' title="bbox 223 4504 1823 4584">
     <span class='ocr_line' id='line_1_47' title="bbox 223 4504 1823 4584; baseline 0.01 -28"><span class='ocrx_word' id='word_1_395' title='bbox 223 4504 293 4557; x_wconf 86' lang='lat' dir='ltr'><strong><em>de</em></strong></span> <span class='ocrx_word' id='word_1_396' title='bbox 322 4504 520 4559; x_wconf 82' lang='lat' dir='ltr'><strong><em>Christi</em></strong></span> <span class='ocrx_word' id='word_1_397' title='bbox 547 4506 689 4559; x_wconf 83' lang='lat' dir='ltr'><strong><em>bonis</em></strong></span> <span class='ocrx_word' id='word_1_398' title='bbox 714 4508 916 4577; x_wconf 88' lang='lat' dir='ltr'><strong><em>accipit.</em></strong></span> <span class='ocrx_word' id='word_1_399' title='bbox 946 4509 1078 4575; x_wconf 85' lang='lat' dir='ltr'><strong><em>Quia</em></strong></span> <span class='ocrx_word' id='word_1_400' title='bbox 1107 4511 1402 4583; x_wconf 84' lang='lat' dir='ltr'><strong><em>ubicumque</em></strong></span> <span class='ocrx_word' id='word_1_401' title='bbox 1438 4524 1481 4567; x_wconf 88' lang='lat' dir='ltr'><strong><em>et</em></strong></span> <span class='ocrx_word' id='word_1_402' title='bbox 1511 4516 1617 4584; x_wconf 84' lang='lat' dir='ltr'><strong><em>ipse</em></strong></span> <span class='ocrx_word' id='word_1_403' title='bbox 1642 4518 1823 4573; x_wconf 85' lang='lat' dir='ltr'><strong><em>talibus</em></strong></span> 
     </span>
    </p>
   </div>
   <div class='ocr_carea' id='block_1_48' title="bbox 221 4593 1817 4679">
    <p class='ocr_par' dir='ltr' id='par_1_48' title="bbox 221 4593 1817 4679">
     <span class='ocr_line' id='line_1_48' title="bbox 221 4593 1817 4679; baseline 0.01 -31"><span class='ocrx_word' id='word_1_404' title='bbox 221 4596 390 4663; x_wconf 77' lang='lat' dir='ltr'><strong><em>dedit,</em></strong></span> <span class='ocrx_word' id='word_1_405' title='bbox 422 4598 540 4667; x_wconf 86' lang='lat' dir='ltr'><strong><em>quis</em></strong></span> <span class='ocrx_word' id='word_1_406' title='bbox 563 4599 657 4651; x_wconf 82' lang='lat' dir='ltr'><strong><em>nisi</em></strong></span> <span class='ocrx_word' id='word_1_407' title='bbox 690 4593 916 4654; x_wconf 73' lang='lat' dir='ltr'><strong><em>Christus</em></strong></span> <span class='ocrx_word' id='word_1_408' title='bbox 945 4602 1132 4670; x_wconf 88' lang='lat' dir='ltr'><strong><em>accepit</em></strong></span> <span class='ocrx_word' id='word_1_409' title='bbox 1158 4602 1258 4675; x_wconf 90' lang='lat' dir='ltr'><strong><em>(De</em></strong></span> <span class='ocrx_word' id='word_1_410' title='bbox 1291 4604 1388 4674; x_wconf 89' lang='lat' dir='ltr'><strong><em>0p.</em></strong></span> <span class='ocrx_word' id='word_1_411' title='bbox 1414 4605 1580 4672; x_wconf 65' lang='lat' dir='ltr'><strong><em>Mum,</em></strong></span> <span class='ocrx_word' id='word_1_412' title='bbox 1615 4627 1665 4662; x_wconf 90' lang='lat' dir='ltr'><strong><em>n.</em></strong></span> <span class='ocrx_word' id='word_1_413' title='bbox 1699 4610 1817 4679; x_wconf 81' lang='lat'><strong><em>55).</em></strong></span> 
     </span>
    </p>
   </div>
   <div class='ocr_carea' id='block_1_49' title="bbox 222 4690 1820 4769">
    <p class='ocr_par' dir='ltr' id='par_1_49' title="bbox 222 4690 1820 4769">
     <span class='ocr_line' id='line_1_49' title="bbox 222 4690 1820 4769; baseline 0.009 -29"><span class='ocrx_word' id='word_1_414' title='bbox 222 4690 309 4743; x_wconf 76' lang='lat' dir='ltr'><strong><em>Ac</em></strong></span> <span class='ocrx_word' id='word_1_415' title='bbox 354 4697 627 4758; x_wconf 71' lang='lat' dir='ltr'><strong><em>prmterca</em></strong></span> <span class='ocrx_word' id='word_1_416' title='bbox 675 4690 907 4744; x_wconf 85' lang='lat' dir='ltr'><strong><em>animum</em></strong></span> <span class='ocrx_word' id='word_1_417' title='bbox 952 4692 1227 4748; x_wconf 75' lang='lat' dir='ltr'><strong><em>induxerat</em></strong></span> <span class='ocrx_word' id='word_1_418' title='bbox 1271 4695 1361 4750; x_wconf 87' lang='lat' dir='ltr'><strong><em>Vir</em></strong></span> <span class='ocrx_word' id='word_1_419' title='bbox 1403 4708 1634 4764; x_wconf 80' lang='lat' dir='ltr'><strong><em>sanctus,</em></strong></span> <span class='ocrx_word' id='word_1_420' title='bbox 1690 4718 1820 4769; x_wconf 85' lang='lat' dir='ltr'><strong><em>opus</em></strong></span> 
     </span>
    </p>
   </div>
   <div class='ocr_carea' id='block_1_50' title="bbox 222 4776 1817 4860">
    <p class='ocr_par' dir='ltr' id='par_1_50' title="bbox 222 4776 1817 4860">
     <span class='ocr_line' id='line_1_50' title="bbox 222 4776 1817 4860; baseline 0.009 -31"><span class='ocrx_word' id='word_1_421' title='bbox 222 4776 462 4832; x_wconf 85' lang='lat' dir='ltr'><strong><em>istorum</em></strong></span> <span class='ocrx_word' id='word_1_422' title='bbox 480 4776 686 4831; x_wconf 79' lang='lat' dir='ltr'><strong><em>bonum</em></strong></span> <span class='ocrx_word' id='word_1_423' title='bbox 711 4780 949 4833; x_wconf 86' lang='lat' dir='ltr'><strong><em>nonnihil</em></strong></span> <span class='ocrx_word' id='word_1_424' title='bbox 976 4784 1222 4849; x_wconf 77' lang='lat' dir='ltr'><strong><em>prodesse</em></strong></span> <span class='ocrx_word' id='word_1_425' title='bbox 1244 4788 1584 4853; x_wconf 84' lang='lat' dir='ltr'><strong><em>monasterio,</em></strong></span> <span class='ocrx_word' id='word_1_426' title='bbox 1610 4790 1659 4842; x_wconf 92' lang='lat' dir='ltr'><strong><em>in</em></strong></span> <span class='ocrx_word' id='word_1_427' title='bbox 1678 4791 1817 4860; x_wconf 82' lang='lat' dir='ltr'><strong><em>quod</em></strong></span> 
     </span>
    </p>
   </div>
   <div class='ocr_carea' id='block_1_51' title="bbox 225 4871 1819 4943">
    <p class='ocr_par' dir='ltr' id='par_1_51' title="bbox 225 4871 1819 4943">
     <span class='ocr_line' id='line_1_51' title="bbox 225 4871 1819 4943; baseline 0.009 -20"><span class='ocrx_word' id='word_1_428' title='bbox 225 4884 286 4923; x_wconf 74' lang='lat' dir='ltr'><strong><em>se</em></strong></span> <span class='ocrx_word' id='word_1_429' title='bbox 318 4871 612 4939; x_wconf 84' lang='lat' dir='ltr'><strong><em>recipiunt,</em></strong></span> <span class='ocrx_word' id='word_1_430' title='bbox 646 4871 753 4925; x_wconf 90' lang='lat' dir='ltr'><strong><em>imo</em></strong></span> <span class='ocrx_word' id='word_1_431' title='bbox 781 4881 834 4925; x_wconf 88' lang='lat' dir='ltr'><strong><em>et</em></strong></span> <span class='ocrx_word' id='word_1_432' title='bbox 854 4877 921 4926; x_wconf 84' lang='lat' dir='ltr'><strong><em>ad</em></strong></span> <span class='ocrx_word' id='word_1_433' title='bbox 954 4873 1078 4926; x_wconf 77' lang='lat' dir='ltr'><strong><em>illud</em></strong></span> <span class='ocrx_word' id='word_1_434' title='bbox 1106 4877 1401 4943; x_wconf 84' lang='lat' dir='ltr'><strong><em>pertinere,</em></strong></span> <span class='ocrx_word' id='word_1_435' title='bbox 1436 4880 1477 4934; x_wconf 91' lang='lat' dir='ltr'><strong><em>si</em></strong></span> <span class='ocrx_word' id='word_1_436' title='bbox 1519 4882 1676 4936; x_wconf 89' lang='lat' dir='ltr'><strong><em>modo</em></strong></span> <span class='ocrx_word' id='word_1_437' title='bbox 1717 4883 1819 4936; x_wconf 81' lang='lat' dir='ltr'><strong><em>frn-</em></strong></span> 
     </span>
    </p>
   </div>
   <div class='ocr_carea' id='block_1_52' title="bbox 225 4961 1821 5046">
    <p class='ocr_par' dir='ltr' id='par_1_52' title="bbox 225 4961 1821 5046">
     <span class='ocr_line' id='line_1_52' title="bbox 225 4961 1821 5046; baseline 0.011 -33"><span class='ocrx_word' id='word_1_438' title='bbox 225 4961 405 5015; x_wconf 85' lang='lat' dir='ltr'><strong><em>tribus</em></strong></span> <span class='ocrx_word' id='word_1_439' title='bbox 450 4969 663 5032; x_wconf 80' lang='lat' dir='ltr'><strong><em>gratum</em></strong></span> <span class='ocrx_word' id='word_1_440' title='bbox 710 4962 1011 5018; x_wconf 83' lang='lat' dir='ltr'><strong><em>haberetur.</em></strong></span> <span class='ocrx_word' id='word_1_441' title='bbox 1056 4966 1187 5020; x_wconf 87' lang='lat' dir='ltr'><strong><em>llinc</em></strong></span> <span class='ocrx_word' id='word_1_442' title='bbox 1218 4970 1299 5023; x_wconf 82' lang='lat' dir='ltr'><strong><em>ubi</em></strong></span> <span class='ocrx_word' id='word_1_443' title='bbox 1344 4974 1607 5027; x_wconf 86' lang='lat' dir='ltr'><strong><em>enarravit</em></strong></span> <span class='ocrx_word' id='word_1_444' title='bbox 1652 4975 1821 5046; x_wconf 86' lang='lat' dir='ltr'><strong><em>Lepo-</em></strong></span> 
     </span>
    </p>
   </div>
   <div class='ocr_carea' id='block_1_53' title="bbox 220 5051 1818 5132">
    <p class='ocr_par' dir='ltr' id='par_1_53' title="bbox 220 5051 1818 5132">
     <span class='ocr_line' id='line_1_53' title="bbox 220 5051 1818 5132; baseline 0.011 -29"><span class='ocrx_word' id='word_1_445' title='bbox 220 5051 391 5115; x_wconf 82' lang='lat' dir='ltr'><strong><em>rium,</em></strong></span> <span class='ocrx_word' id='word_1_446' title='bbox 426 5053 677 5121; x_wconf 75' lang='lat' dir='ltr'><strong><em>quamvis</em></strong></span> <span class='ocrx_word' id='word_1_447' title='bbox 713 5053 893 5131; x_wconf 74' lang='lat' dir='ltr'><strong><em>_s:cculi</em></strong></span> <span class='ocrx_word' id='word_1_448' title='bbox 939 5055 1199 5112; x_wconf 71' lang='lat' dir='ltr'><strong><em>natalibus</em></strong></span> <span class='ocrx_word' id='word_1_449' title='bbox 1225 5060 1422 5114; x_wconf 87' lang='lat' dir='ltr'><strong><em>clarum</em></strong></span> <span class='ocrx_word' id='word_1_450' title='bbox 1450 5072 1502 5117; x_wconf 89' lang='lat' dir='ltr'><strong><em>et</em></strong></span> <span class='ocrx_word' id='word_1_451' title='bbox 1532 5065 1667 5132; x_wconf 78' lang='lat' dir='ltr'><strong><em>apud</em></strong></span> <span class='ocrx_word' id='word_1_452' title='bbox 1695 5082 1818 5122; x_wconf 82' lang='lat' dir='ltr'><strong><em>suos</em></strong></span> 
     </span>
    </p>
   </div>
   <div class='ocr_carea' id='block_1_54' title="bbox 223 5136 1812 5225">
    <p class='ocr_par' dir='ltr' id='par_1_54' title="bbox 223 5136 1812 5225">
     <span class='ocr_line' id='line_1_54' title="bbox 223 5136 1812 5225; baseline 0.012 -32"><span class='ocrx_word' id='word_1_453' title='bbox 223 5140 621 5196; x_wconf 76' lang='lat' dir='ltr'><strong><em>honestissimo</em></strong></span> <span class='ocrx_word' id='word_1_454' title='bbox 642 5136 764 5197; x_wconf 81' lang='lat' dir='ltr'><strong><em>loco</em></strong></span> <span class='ocrx_word' id='word_1_455' title='bbox 795 5154 995 5213; x_wconf 88' lang='lat' dir='ltr'><strong><em>natum,</em></strong></span> <span class='ocrx_word' id='word_1_456' title='bbox 1019 5154 1191 5202; x_wconf 85' lang='lat' dir='ltr'><strong><em>tamen</em></strong></span> <span class='ocrx_word' id='word_1_457' title='bbox 1221 5151 1326 5206; x_wconf 84' lang='lat' dir='ltr'><strong><em>Deo</em></strong></span> <span class='ocrx_word' id='word_1_458' title='bbox 1345 5152 1452 5221; x_wconf 90' lang='lat' dir='ltr'><strong><em>jam</em></strong></span> <span class='ocrx_word' id='word_1_459' title='bbox 1476 5158 1812 5225; x_wconf 72' lang='lat' dir='ltr'><strong><em>servientem,</em></strong></span> 
     </span>
    </p>
   </div>
   <div class='ocr_carea' id='block_1_55' title="bbox 222 5226 1814 5317">
    <p class='ocr_par' dir='ltr' id='par_1_55' title="bbox 222 5226 1814 5317">
     <span class='ocr_line' id='line_1_55' title="bbox 222 5226 1814 5317; baseline 0.013 -32"><span class='ocrx_word' id='word_1_460' title='bbox 222 5233 444 5287; x_wconf 84' lang='lat' dir='ltr'><strong><em>cunctis</em></strong></span> <span class='ocrx_word' id='word_1_461' title='bbox 469 5249 589 5303; x_wconf 73' lang='lat' dir='ltr'><strong><em>qua:</em></strong></span> <span class='ocrx_word' id='word_1_462' title='bbox 611 5226 840 5289; x_wconf 84' lang='lat' dir='ltr'><strong><em>habebat</em></strong></span> <span class='ocrx_word' id='word_1_463' title='bbox 858 5235 1080 5302; x_wconf 82' lang='lat' dir='ltr'><strong><em>relictis,</em></strong></span> <span class='ocrx_word' id='word_1_464' title='bbox 1105 5239 1312 5310; x_wconf 86' lang='lat' dir='ltr'><strong><em>inopem</em></strong></span> <span class='ocrx_word' id='word_1_465' title='bbox 1344 5258 1645 5316; x_wconf 84' lang='lat' dir='ltr'><strong><em>susceptum</em></strong></span> <span class='ocrx_word' id='word_1_466' title='bbox 1678 5265 1814 5317; x_wconf 86' lang='lat' dir='ltr'><strong><em>esse,</em></strong></span> 
     </span>
    </p>
   </div>
   <div class='ocr_carea' id='block_1_56' title="bbox 225 5323 1818 5407">
    <p class='ocr_par' dir='ltr' id='par_1_56' title="bbox 225 5323 1818 5407">
     <span class='ocr_line' id='line_1_56' title="bbox 225 5323 1818 5407; baseline 0.013 -32"><span class='ocrx_word' id='word_1_467' title='bbox 225 5323 357 5393; x_wconf 76' lang='lat' dir='ltr'><strong><em>quia</em></strong></span> <span class='ocrx_word' id='word_1_468' title='bbox 381 5324 501 5393; x_wconf 81' lang='lat' dir='ltr'><strong><em>jam</em></strong></span> <span class='ocrx_word' id='word_1_469' title='bbox 526 5338 615 5379; x_wconf 88' lang='lat' dir='ltr'><strong><em>res</em></strong></span> <span class='ocrx_word' id='word_1_470' title='bbox 642 5339 766 5379; x_wconf 87' lang='lat' dir='ltr'><strong><em>suas</em></strong></span> <span class='ocrx_word' id='word_1_471' title='bbox 796 5324 849 5379; x_wconf 92' lang='lat' dir='ltr'><strong><em>in</em></strong></span> <span class='ocrx_word' id='word_1_472' title='bbox 892 5342 1146 5397; x_wconf 85' lang='lat' dir='ltr'><strong><em>pauperes</em></strong></span> <span class='ocrx_word' id='word_1_473' title='bbox 1188 5345 1495 5403; x_wconf 86' lang='lat' dir='ltr'><strong><em>erogavcrat</em></strong></span> <span class='ocrx_word' id='word_1_474' title='bbox 1527 5357 1538 5393; x_wconf 89' lang='lat'><strong><em>:</em></strong></span> <span class='ocrx_word' id='word_1_475' title='bbox 1572 5339 1671 5392; x_wconf 84' lang='lat' dir='ltr'><strong><em>llic</em></strong></span> <span class='ocrx_word' id='word_1_476' title='bbox 1691 5384 1704 5407; x_wconf 93' lang='lat'><strong><em>,</em></strong></span> <span class='ocrx_word' id='word_1_477' title='bbox 1740 5342 1818 5397; x_wconf 89' lang='lat' dir='ltr'><strong><em>in-</em></strong></span> 
     </span>
    </p>
   </div>
   <div class='ocr_carea' id='block_1_57' title="bbox 225 5415 1816 5501">
    <p class='ocr_par' dir='ltr' id='par_1_57' title="bbox 225 5415 1816 5501">
     <span class='ocr_line' id='line_1_57' title="bbox 225 5415 1816 5501; baseline 0.015 -36"><span class='ocrx_word' id='word_1_478' title='bbox 225 5415 370 5482; x_wconf 78' lang='lat' dir='ltr'><strong><em>quit,</em></strong></span> <span class='ocrx_word' id='word_1_479' title='bbox 426 5432 531 5469; x_wconf 86' lang='lat' dir='ltr'><strong><em>non</em></strong></span> <span class='ocrx_word' id='word_1_480' title='bbox 576 5416 734 5486; x_wconf 84' lang='lat' dir='ltr'><strong><em>fecit,</em></strong></span> <span class='ocrx_word' id='word_1_481' title='bbox 784 5417 873 5471; x_wconf 81' lang='lat' dir='ltr'><strong><em>sed</em></strong></span> <span class='ocrx_word' id='word_1_482' title='bbox 900 5435 990 5473; x_wconf 88' lang='lat' dir='ltr'><strong><em>nos</em></strong></span> <span class='ocrx_word' id='word_1_483' title='bbox 1032 5422 1216 5477; x_wconf 86' lang='lat' dir='ltr'><strong><em>scimus</em></strong></span> <span class='ocrx_word' id='word_1_484' title='bbox 1250 5434 1297 5478; x_wconf 85' lang='lat' dir='ltr'><strong><em>et</em></strong></span> <span class='ocrx_word' id='word_1_485' title='bbox 1338 5427 1421 5480; x_wconf 86' lang='lat' dir='ltr'><strong><em>ubi</em></strong></span> <span class='ocrx_word' id='word_1_486' title='bbox 1455 5431 1589 5501; x_wconf 86' lang='lat' dir='ltr'><strong><em>fecit.</em></strong></span> <span class='ocrx_word' id='word_1_487' title='bbox 1640 5428 1816 5489; x_wconf 62' lang='lat' dir='ltr'><strong><em>(ﬁnitas</em></strong></span> 
     </span>
    </p>
   </div>
   <div class='ocr_carea' id='block_1_58' title="bbox 226 5504 1814 5591">
    <p class='ocr_par' dir='ltr' id='par_1_58' title="bbox 226 5504 1814 5591">
     <span class='ocr_line' id='line_1_58' title="bbox 226 5504 1814 5591; baseline 0.014 -33"><span class='ocrx_word' id='word_1_488' title='bbox 226 5504 424 5560; x_wconf 61' lang='grc' dir='ltr'><strong><em>υἱεῖ-ἱδιὶ</em></strong></span> <span class='ocrx_word' id='word_1_489' title='bbox 446 5515 494 5560; x_wconf 92' lang='lat' dir='ltr'><strong><em>et</em></strong></span> <span class='ocrx_word' id='word_1_490' title='bbox 521 5504 769 5562; x_wconf 62' lang='lat' dir='ltr'><strong><em>Ecclesia:</em></strong></span> <span class='ocrx_word' id='word_1_491' title='bbox 808 5524 909 5562; x_wconf 86' lang='lat' dir='ltr'><strong><em>una</em></strong></span> <span class='ocrx_word' id='word_1_492' title='bbox 955 5520 1027 5565; x_wconf 90' lang='lat' dir='ltr'><strong><em>est</em></strong></span> <span class='ocrx_word' id='word_1_493' title='bbox 1056 5528 1074 5565; x_wconf 90' lang='grc'><strong><em>.·</em></strong></span> <span class='ocrx_word' id='word_1_494' title='bbox 1102 5513 1395 5586; x_wconf 87' lang='lat' dir='ltr'><strong><em>ubicumque</em></strong></span> <span class='ocrx_word' id='word_1_495' title='bbox 1416 5520 1529 5588; x_wconf 82' lang='lat' dir='ltr'><strong><em>fecit</em></strong></span> <span class='ocrx_word' id='word_1_496' title='bbox 1574 5539 1698 5591; x_wconf 80' lang='lat' dir='ltr'><strong><em>Opus</em></strong></span> <span class='ocrx_word' id='word_1_497' title='bbox 1725 5526 1814 5580; x_wconf 85' lang='lat' dir='ltr'><strong><em>bo-</em></strong></span> 
     </span>
    </p>
   </div>
   <div class='ocr_carea' id='block_1_59' title="bbox 229 5599 1809 5683">
    <p class='ocr_par' dir='ltr' id='par_1_59' title="bbox 229 5599 1809 5683">
     <span class='ocr_line' id='line_1_59' title="bbox 229 5599 1809 5683; baseline 0.014 -34"><span class='ocrx_word' id='word_1_498' title='bbox 229 5613 383 5667; x_wconf 75' lang='lat' dir='ltr'><strong><em>num,</em></strong></span> <span class='ocrx_word' id='word_1_499' title='bbox 411 5599 624 5666; x_wconf 83' lang='lat' dir='ltr'><strong><em>pertinet</em></strong></span> <span class='ocrx_word' id='word_1_500' title='bbox 650 5609 696 5654; x_wconf 90' lang='lat' dir='ltr'><strong><em>et</em></strong></span> <span class='ocrx_word' id='word_1_501' title='bbox 721 5599 791 5653; x_wconf 87' lang='lat' dir='ltr'><strong><em>ad</em></strong></span> <span class='ocrx_word' id='word_1_502' title='bbox 820 5616 928 5669; x_wconf 87' lang='lat' dir='ltr'><strong><em>nos,</em></strong></span> <span class='ocrx_word' id='word_1_503' title='bbox 966 5602 1010 5656; x_wconf 87' lang='lat' dir='ltr'><strong><em>si</em></strong></span> <span class='ocrx_word' id='word_1_504' title='bbox 1034 5607 1439 5676; x_wconf 85' lang='lat' dir='ltr'><strong><em>congaudcamus</em></strong></span> <span class='ocrx_word' id='word_1_505' title='bbox 1467 5609 1654 5682; x_wconf 87' lang='lat' dir='ltr'><strong><em>(Serm.</em></strong></span> <span class='ocrx_word' id='word_1_506' title='bbox 1687 5617 1809 5683; x_wconf 76' lang='lat'><strong><em>536,</em></strong></span> 
     </span>
    </p>
   </div>
   <div class='ocr_carea' id='block_1_60' title="bbox 228 5684 1804 5777">
    <p class='ocr_par' dir='ltr' id='par_1_60' title="bbox 228 5684 1804 5777">
     <span class='ocr_line' id='line_1_60' title="bbox 228 5684 1804 5777; baseline 0.013 -34"><span class='ocrx_word' id='word_1_507' title='bbox 228 5703 289 5743; x_wconf 76' lang='lat' dir='ltr'><strong><em>st.</em></strong></span> <span class='ocrx_word' id='word_1_508' title='bbox 317 5684 431 5765; x_wconf 76' lang='grc' dir='ltr'><strong><em>ω).</em></strong></span> <span class='ocrx_word' id='word_1_509' title='bbox 462 5688 634 5747; x_wconf 87' lang='lat' dir='ltr'><strong><em>Porro</em></strong></span> <span class='ocrx_word' id='word_1_510' title='bbox 675 5700 868 5764; x_wconf 77' lang='lat' dir='ltr'><strong><em>praeter</em></strong></span> <span class='ocrx_word' id='word_1_511' title='bbox 892 5693 1018 5750; x_wconf 90' lang='lat' dir='ltr'><strong><em>illud</em></strong></span> <span class='ocrx_word' id='word_1_512' title='bbox 1057 5700 1433 5756; x_wconf 84' lang='lat' dir='ltr'><strong><em>monachorum</em></strong></span> <span class='ocrx_word' id='word_1_513' title='bbox 1473 5705 1804 5777; x_wconf 70' lang='lat' dir='ltr'><strong><em>coenobium,</em></strong></span> 
     </span>
    </p>
   </div>
   <div class='ocr_carea' id='block_1_61' title="bbox 1948 388 3520 474">
    <p class='ocr_par' dir='ltr' id='par_1_61' title="bbox 1948 388 3520 474">
     <span class='ocr_line' id='line_1_61' title="bbox 1948 388 3520 474; baseline 0.015 -33"><span class='ocrx_word' id='word_1_514' title='bbox 1948 388 2090 458; x_wconf 78' lang='lat' dir='ltr'><strong><em>quod</em></strong></span> <span class='ocrx_word' id='word_1_515' title='bbox 2118 388 2242 445; x_wconf 60' lang='lat' dir='ltr'><strong><em>hic</em></strong></span> <span class='ocrx_word' id='word_1_516' title='bbox 2272 394 2568 448; x_wconf 65' lang='lat' dir='ltr'><strong><em>manent</em></strong></span> <span class='ocrx_word' id='word_1_517' title='bbox 2612 396 2785 453; x_wconf 76' lang='lat' dir='ltr'><strong><em>locum</em></strong></span> <span class='ocrx_word' id='word_1_518' title='bbox 2816 400 3000 467; x_wconf 70' lang='lat' dir='ltr'><strong><em>ossa,</em></strong></span> <span class='ocrx_word' id='word_1_519' title='bbox 3038 412 3100 458; x_wconf 67' lang='lat' dir='ltr'><strong><em>et</em></strong></span> <span class='ocrx_word' id='word_1_520' title='bbox 3132 406 3283 474; x_wconf 62' lang='grc' dir='ltr'><strong><em>ψη</em></strong></span> <span class='ocrx_word' id='word_1_521' title='bbox 3312 406 3520 464; x_wconf 65' lang='lat' dir='ltr'><strong><em>ridetur</em></strong></span> 
     </span>
    </p>
   </div>
   <div class='ocr_carea' id='block_1_62' title="bbox 1947 483 3517 567">
    <p class='ocr_par' dir='ltr' id='par_1_62' title="bbox 1947 483 3517 567">
     <span class='ocr_line' id='line_1_62' title="bbox 1947 483 3517 567; baseline 0.013 -30"><span class='ocrx_word' id='word_1_522' title='bbox 1947 483 2270 554; x_wconf 68' lang='lat' dir='ltr'><strong><em>Augustinus</em></strong></span> <span class='ocrx_word' id='word_1_523' title='bbox 2296 487 2363 542; x_wconf 80' lang='lat' dir='ltr'><strong><em>sd</em></strong></span> <span class='ocrx_word' id='word_1_524' title='bbox 2404 498 2593 544; x_wconf 68' lang='lat' dir='ltr'><strong><em>eorum</em></strong></span> <span class='ocrx_word' id='word_1_525' title='bbox 2625 494 2897 564; x_wconf 67' lang='lat' dir='ltr'><strong><em>exeruplsr</em></strong></span> <span class='ocrx_word' id='word_1_526' title='bbox 2921 536 2935 561; x_wconf 93' lang='lat'><strong><em>,</em></strong></span> <span class='ocrx_word' id='word_1_527' title='bbox 2978 504 3099 567; x_wconf 69' lang='lat' dir='ltr'><strong><em>quae</em></strong></span> <span class='ocrx_word' id='word_1_528' title='bbox 3136 497 3421 555; x_wconf 74' lang='lat' dir='ltr'><strong><em>Mediolani</em></strong></span> <span class='ocrx_word' id='word_1_529' title='bbox 3457 510 3517 558; x_wconf 72' lang='lat' dir='ltr'><strong><em>et</em></strong></span> 
     </span>
    </p>
   </div>
   <div class='ocr_carea' id='block_1_63' title="bbox 1946 576 3513 657">
    <p class='ocr_par' dir='ltr' id='par_1_63' title="bbox 1946 576 3513 657">
     <span class='ocr_line' id='line_1_63' title="bbox 1946 576 3513 657; baseline 0.013 -27"><span class='ocrx_word' id='word_1_530' title='bbox 1946 576 2132 632; x_wconf 78' lang='lat' dir='ltr'><strong><em>Romae</em></strong></span> <span class='ocrx_word' id='word_1_531' title='bbox 2150 579 2323 635; x_wconf 53' lang='lat' dir='ltr'><strong><em>ulla</em></strong></span> <span class='ocrx_word' id='word_1_532' title='bbox 2349 581 2571 649; x_wconf 72' lang='lat' dir='ltr'><strong><em>vlde,</em></strong></span> <span class='ocrx_word' id='word_1_533' title='bbox 2600 586 2924 642; x_wconf 58' lang='grc' dir='ltr'><strong><em>ωκιθωερε</em></strong></span> <span class='ocrx_word' id='word_1_534' title='bbox 2947 588 3178 645; x_wconf 48' lang='lat' dir='ltr'><strong><em>“fuisse</em></strong></span> <span class='ocrx_word' id='word_1_535' title='bbox 3199 633 3214 657; x_wconf 91' lang='lat'><strong><em>,</em></strong></span> <span class='ocrx_word' id='word_1_536' title='bbox 3240 591 3381 648; x_wconf 57' lang='lat' dir='ltr'><strong><em>mod</em></strong></span> <span class='ocrx_word' id='word_1_537' title='bbox 3406 593 3513 649; x_wconf 81' lang='lat' dir='ltr'><strong><em>cle-</em></strong></span> 
     </span>
    </p>
   </div>
   <div class='ocr_carea' id='block_1_64' title="bbox 1943 668 3436 751">
    <p class='ocr_par' dir='ltr' id='par_1_64' title="bbox 1943 668 3436 751">
     <span class='ocr_line' id='line_1_64' title="bbox 1943 668 3436 751; baseline 0.011 -28"><span class='ocrx_word' id='word_1_538' title='bbox 1943 668 2067 724; x_wconf 80' lang='lat' dir='ltr'><strong><em>ricis</em></strong></span> <span class='ocrx_word' id='word_1_539' title='bbox 2091 671 2201 739; x_wconf 72' lang='lat' dir='ltr'><strong><em>jam</em></strong></span> <span class='ocrx_word' id='word_1_540' title='bbox 2226 673 2524 743; x_wconf 79' lang='lat' dir='ltr'><strong><em>episcopus,</em></strong></span> <span class='ocrx_word' id='word_1_541' title='bbox 2555 676 2611 730; x_wconf 65' lang='lat' dir='ltr'><strong><em>at</em></strong></span> <span class='ocrx_word' id='word_1_542' title='bbox 2639 684 2736 733; x_wconf 74' lang='lat' dir='ltr'><strong><em>suo</em></strong></span> <span class='ocrx_word' id='word_1_543' title='bbox 2761 680 3217 751; x_wconf 68' lang='lat' dir='ltr'><strong><em>loco‘videbimns,</em></strong></span> <span class='ocrx_word' id='word_1_544' title='bbox 3244 684 3436 740; x_wconf 76' lang='lat' dir='ltr'><strong><em>erexit.</em></strong></span> 
     </span>
    </p>
   </div>
   <div class='ocr_carea' id='block_1_65' title="bbox 2010 762 3518 833">
    <p class='ocr_par' dir='ltr' id='par_1_65' title="bbox 2010 762 3518 833">
     <span class='ocr_line' id='line_1_65' title="bbox 2010 762 3518 833; baseline 0.011 -17"><span class='ocrx_word' id='word_1_545' title='bbox 2010 762 2065 816; x_wconf 68' lang='lat'><strong><em>8.</em></strong></span> <span class='ocrx_word' id='word_1_546' title='bbox 2096 762 2213 829; x_wconf 75' lang='lat' dir='ltr'><strong><em>Quo</em></strong></span> <span class='ocrx_word' id='word_1_547' title='bbox 2240 774 2415 820; x_wconf 64' lang='lat' dir='ltr'><strong><em>autem</em></strong></span> <span class='ocrx_word' id='word_1_548' title='bbox 2442 767 2617 823; x_wconf 70' lang='lat' dir='ltr'><strong><em>studio</em></strong></span> <span class='ocrx_word' id='word_1_549' title='bbox 2630 778 2685 824; x_wconf 82' lang='lat' dir='ltr'><strong><em>et</em></strong></span> <span class='ocrx_word' id='word_1_550' title='bbox 2712 772 2934 827; x_wconf 73' lang='lat' dir='ltr'><strong><em>oonsilio</em></strong></span> <span class='ocrx_word' id='word_1_551' title='bbox 2956 774 3083 829; x_wconf 63' lang='lat' dir='ltr'><strong><em>viris</em></strong></span> <span class='ocrx_word' id='word_1_552' title='bbox 3104 776 3216 830; x_wconf 82' lang='lat' dir='ltr'><strong><em>Deo</em></strong></span> <span class='ocrx_word' id='word_1_553' title='bbox 3239 778 3518 833; x_wconf 73' lang='lat' dir='ltr'><strong><em>servienti-</em></strong></span> 
     </span>
    </p>
   </div>
   <div class='ocr_carea' id='block_1_66' title="bbox 1940 851 3514 939">
    <p class='ocr_par' dir='ltr' id='par_1_66' title="bbox 1940 851 3514 939">
     <span class='ocr_line' id='line_1_66' title="bbox 1940 851 3514 939; baseline 0.012 -33"><span class='ocrx_word' id='word_1_554' title='bbox 1940 851 2040 907; x_wconf 82' lang='lat' dir='ltr'><strong><em>bus</em></strong></span> <span class='ocrx_word' id='word_1_555' title='bbox 2060 857 2357 912; x_wconf 74' lang='lat' dir='ltr'><strong><em>conmunis</em></strong></span> <span class='ocrx_word' id='word_1_556' title='bbox 2378 859 2497 911; x_wconf 70' lang='lat' dir='ltr'><strong><em>vitre</em></strong></span> <span class='ocrx_word' id='word_1_557' title='bbox 2528 860 2823 917; x_wconf 75' lang='lat' dir='ltr'><strong><em>institutum</em></strong></span> <span class='ocrx_word' id='word_1_558' title='bbox 2838 863 3150 932; x_wconf 71' lang='lat' dir='ltr'><strong><em>tradiderat,</em></strong></span> <span class='ocrx_word' id='word_1_559' title='bbox 3180 868 3365 923; x_wconf 86' lang='lat' dir='ltr'><strong><em>eodem</em></strong></span> <span class='ocrx_word' id='word_1_560' title='bbox 3381 876 3514 939; x_wconf 87' lang='lat' dir='ltr'><strong><em>quo-</em></strong></span> 
     </span>
    </p>
   </div>
   <div class='ocr_carea' id='block_1_67' title="bbox 1941 950 3516 1019">
    <p class='ocr_par' dir='ltr' id='par_1_67' title="bbox 1941 950 3516 1019">
     <span class='ocr_line' id='line_1_67' title="bbox 1941 950 3516 1019; baseline 0.012 -21"><span class='ocrx_word' id='word_1_561' title='bbox 1941 957 2046 1013; x_wconf 82' lang='lat' dir='ltr'><strong><em>que</em></strong></span> <span class='ocrx_word' id='word_1_562' title='bbox 2070 956 2283 1001; x_wconf 77' lang='lat' dir='ltr'><strong><em>sanctus</em></strong></span> <span class='ocrx_word' id='word_1_563' title='bbox 2297 950 2603 1019; x_wconf 80' lang='lat' dir='ltr'><strong><em>Episcopus,</em></strong></span> <span class='ocrx_word' id='word_1_564' title='bbox 2632 952 2941 1009; x_wconf 70' lang='lat' dir='ltr'><strong><em>inornatum</em></strong></span> <span class='ocrx_word' id='word_1_565' title='bbox 2968 958 3189 1012; x_wconf 63' lang='lat' dir='ltr'><strong><em>satiatem</em></strong></span> <span class='ocrx_word' id='word_1_566' title='bbox 3210 965 3316 1014; x_wconf 84' lang='lat' dir='ltr'><strong><em>tota</em></strong></span> <span class='ocrx_word' id='word_1_567' title='bbox 3336 969 3516 1018; x_wconf 84' lang='lat' dir='ltr'><strong><em>mente</em></strong></span> 
     </span>
    </p>
   </div>
   <div class='ocr_carea' id='block_1_68' title="bbox 1942 1035 3513 1121">
    <p class='ocr_par' dir='ltr' id='par_1_68' title="bbox 1942 1035 3513 1121">
     <span class='ocr_line' id='line_1_68' title="bbox 1942 1035 3513 1121; baseline 0.012 -34"><span class='ocrx_word' id='word_1_568' title='bbox 1942 1035 2194 1101; x_wconf 74' lang='lat' dir='ltr'><strong><em>intentus,</em></strong></span> <span class='ocrx_word' id='word_1_569' title='bbox 2215 1046 2271 1092; x_wconf 87' lang='lat' dir='ltr'><strong><em>ut</em></strong></span> <span class='ocrx_word' id='word_1_570' title='bbox 2299 1040 2585 1110; x_wconf 81' lang='lat' dir='ltr'><strong><em>virginibus</em></strong></span> <span class='ocrx_word' id='word_1_571' title='bbox 2611 1043 2823 1099; x_wconf 65' lang='lat' dir='ltr'><strong><em>Christo</em></strong></span> <span class='ocrx_word' id='word_1_572' title='bbox 2844 1046 3028 1101; x_wconf 78' lang='lat' dir='ltr'><strong><em>dicatis</em></strong></span> <span class='ocrx_word' id='word_1_573' title='bbox 3046 1048 3097 1102; x_wconf 90' lang='lat' dir='ltr'><strong><em>id</em></strong></span> <span class='ocrx_word' id='word_1_574' title='bbox 3122 1050 3351 1117; x_wconf 75' lang='lat' dir='ltr'><strong><em>prmsidii</em></strong></span> <span class='ocrx_word' id='word_1_575' title='bbox 3370 1067 3513 1121; x_wconf 71' lang='lat' dir='ltr'><strong><em>prte-</em></strong></span> 
     </span>
    </p>
   </div>
   <div class='ocr_carea' id='block_1_69' title="bbox 1941 1126 3514 1209">
    <p class='ocr_par' dir='ltr' id='par_1_69' title="bbox 1941 1126 3514 1209">
     <span class='ocr_line' id='line_1_69' title="bbox 1941 1126 3514 1209; baseline 0.011 -29"><span class='ocrx_word' id='word_1_576' title='bbox 1941 1126 2105 1189; x_wconf 85' lang='lat' dir='ltr'><strong><em>beret,</em></strong></span> <span class='ocrx_word' id='word_1_577' title='bbox 2134 1129 2395 1198; x_wconf 74' lang='lat' dir='ltr'><strong><em>impulsus</em></strong></span> <span class='ocrx_word' id='word_1_578' title='bbox 2420 1143 2519 1186; x_wconf 65' lang='lat' dir='ltr'><strong><em>esu</em></strong></span> <span class='ocrx_word' id='word_1_579' title='bbox 2554 1130 2683 1187; x_wconf 77' lang='lat' dir='ltr'><strong><em>Nam</em></strong></span> <span class='ocrx_word' id='word_1_580' title='bbox 2716 1136 2820 1188; x_wconf 82' lang='lat' dir='ltr'><strong><em>etsi</em></strong></span> <span class='ocrx_word' id='word_1_581' title='bbox 2850 1134 3083 1193; x_wconf 84' lang='lat' dir='ltr'><strong><em>Ecclesia</em></strong></span> <span class='ocrx_word' id='word_1_582' title='bbox 3106 1138 3337 1209; x_wconf 77' lang='lat' dir='ltr'><strong><em>virgines</em></strong></span> <span class='ocrx_word' id='word_1_583' title='bbox 3369 1155 3514 1196; x_wconf 86' lang='lat' dir='ltr'><strong><em>sem-</em></strong></span> 
     </span>
    </p>
   </div>
   <div class='ocr_carea' id='block_1_70' title="bbox 1940 1222 3512 1295">
    <p class='ocr_par' dir='ltr' id='par_1_70' title="bbox 1940 1222 3512 1295">
     <span class='ocr_line' id='line_1_70' title="bbox 1940 1222 3512 1295; baseline 0.011 -23"><span class='ocrx_word' id='word_1_584' title='bbox 1940 1235 2035 1290; x_wconf 87' lang='lat' dir='ltr'><strong><em>per</em></strong></span> <span class='ocrx_word' id='word_1_585' title='bbox 2064 1222 2324 1290; x_wconf 80' lang='lat' dir='ltr'><strong><em>habuerit,</em></strong></span> <span class='ocrx_word' id='word_1_586' title='bbox 2356 1236 2487 1295; x_wconf 71' lang='lat' dir='ltr'><strong><em>quas</em></strong></span> <span class='ocrx_word' id='word_1_587' title='bbox 2514 1228 2731 1295; x_wconf 85' lang='lat' dir='ltr'><strong><em>perinde</em></strong></span> <span class='ocrx_word' id='word_1_588' title='bbox 2758 1243 2821 1284; x_wconf 85' lang='lat' dir='ltr'><strong><em>ac</em></strong></span> <span class='ocrx_word' id='word_1_589' title='bbox 2842 1232 3222 1286; x_wconf 82' lang='lat' dir='ltr'><strong><em>nobilissimam</em></strong></span> <span class='ocrx_word' id='word_1_590' title='bbox 3240 1234 3512 1290; x_wconf 81' lang='lat' dir='ltr'><strong><em>christiani</em></strong></span> 
     </span>
    </p>
   </div>
   <div class='ocr_carea' id='block_1_71' title="bbox 1938 1315 3516 1396">
    <p class='ocr_par' dir='ltr' id='par_1_71' title="bbox 1938 1315 3516 1396">
     <span class='ocr_line' id='line_1_71' title="bbox 1938 1315 3516 1396; baseline 0.01 -30"><span class='ocrx_word' id='word_1_591' title='bbox 1938 1315 2112 1383; x_wconf 81' lang='lat' dir='ltr'><strong><em>gregis</em></strong></span> <span class='ocrx_word' id='word_1_592' title='bbox 2153 1325 2356 1383; x_wconf 83' lang='lat' dir='ltr'><strong><em>partem</em></strong></span> <span class='ocrx_word' id='word_1_593' title='bbox 2397 1327 2685 1385; x_wconf 78' lang='lat' dir='ltr'><strong><em>spectaret;</em></strong></span> <span class='ocrx_word' id='word_1_594' title='bbox 2734 1321 2872 1375; x_wconf 83' lang='lat' dir='ltr'><strong><em>haud</em></strong></span> <span class='ocrx_word' id='word_1_595' title='bbox 2930 1330 3107 1378; x_wconf 83' lang='lat' dir='ltr'><strong><em>tamen</em></strong></span> <span class='ocrx_word' id='word_1_596' title='bbox 3148 1325 3250 1379; x_wconf 61' lang='lat' dir='ltr'><strong><em>illae</em></strong></span> <span class='ocrx_word' id='word_1_597' title='bbox 3301 1338 3516 1396; x_wconf 72' lang='lat' dir='ltr'><strong><em>semper</em></strong></span> 
     </span>
    </p>
   </div>
   <div class='ocr_carea' id='block_1_72' title="bbox 1938 1406 3513 1479">
    <p class='ocr_par' dir='ltr' id='par_1_72' title="bbox 1938 1406 3513 1479">
     <span class='ocr_line' id='line_1_72' title="bbox 1938 1406 3513 1479; baseline 0.008 -19"><span class='ocrx_word' id='word_1_598' title='bbox 1938 1407 2117 1460; x_wconf 82' lang='lat' dir='ltr'><strong><em>vixere</em></strong></span> <span class='ocrx_word' id='word_1_599' title='bbox 2144 1406 2300 1462; x_wconf 74' lang='lat' dir='ltr'><strong><em>simul</em></strong></span> <span class='ocrx_word' id='word_1_600' title='bbox 2330 1409 2379 1463; x_wconf 89' lang='lat' dir='ltr'><strong><em>in</em></strong></span> <span class='ocrx_word' id='word_1_601' title='bbox 2402 1414 2754 1479; x_wconf 82' lang='lat' dir='ltr'><strong><em>monasteriis,</em></strong></span> <span class='ocrx_word' id='word_1_602' title='bbox 2786 1416 2874 1468; x_wconf 69' lang='lat' dir='ltr'><strong><em>{tibi</em></strong></span> <span class='ocrx_word' id='word_1_603' title='bbox 2920 1430 2975 1469; x_wconf 87' lang='lat' dir='ltr'><strong><em>se</em></strong></span> <span class='ocrx_word' id='word_1_604' title='bbox 3002 1426 3186 1470; x_wconf 86' lang='lat' dir='ltr'><strong><em>mutuo</em></strong></span> <span class='ocrx_word' id='word_1_605' title='bbox 3212 1417 3513 1474; x_wconf 81' lang='lat' dir='ltr'><strong><em>inflamma-</em></strong></span> 
     </span>
    </p>
   </div>
   <div class='ocr_carea' id='block_1_73' title="bbox 1938 1499 3513 1574">
    <p class='ocr_par' dir='ltr' id='par_1_73' title="bbox 1938 1499 3513 1574">
     <span class='ocr_line' id='line_1_73' title="bbox 1938 1499 3513 1574; baseline 0.008 -23"><span class='ocrx_word' id='word_1_606' title='bbox 1938 1508 2057 1552; x_wconf 81' lang='lat' dir='ltr'><strong><em>rent</em></strong></span> <span class='ocrx_word' id='word_1_607' title='bbox 2075 1499 2139 1552; x_wconf 79' lang='lat' dir='ltr'><strong><em>ad</em></strong></span> <span class='ocrx_word' id='word_1_608' title='bbox 2150 1500 2359 1568; x_wconf 78' lang='lat' dir='ltr'><strong><em>pietatis</em></strong></span> <span class='ocrx_word' id='word_1_609' title='bbox 2375 1502 2624 1569; x_wconf 84' lang='lat' dir='ltr'><strong><em>studium,</em></strong></span> <span class='ocrx_word' id='word_1_610' title='bbox 2640 1513 2795 1574; x_wconf 73' lang='lat' dir='ltr'><strong><em>atque</em></strong></span> <span class='ocrx_word' id='word_1_611' title='bbox 2817 1506 2883 1559; x_wconf 79' lang='lat' dir='ltr'><strong><em>ab</em></strong></span> <span class='ocrx_word' id='word_1_612' title='bbox 2898 1507 3171 1561; x_wconf 82' lang='lat' dir='ltr'><strong><em>hominum</em></strong></span> <span class='ocrx_word' id='word_1_613' title='bbox 3184 1508 3513 1564; x_wconf 79' lang='lat' dir='ltr'><strong><em>daemonum-</em></strong></span> 
     </span>
    </p>
   </div>
   <div class='ocr_carea' id='block_1_74' title="bbox 1938 1591 3510 1669">
    <p class='ocr_par' dir='ltr' id='par_1_74' title="bbox 1938 1591 3510 1669">
     <span class='ocr_line' id='line_1_74' title="bbox 1938 1591 3510 1669; baseline 0.01 -27"><span class='ocrx_word' id='word_1_614' title='bbox 1938 1604 2043 1660; x_wconf 87' lang='lat' dir='ltr'><strong><em>que</em></strong></span> <span class='ocrx_word' id='word_1_615' title='bbox 2088 1591 2290 1645; x_wconf 82' lang='lat' dir='ltr'><strong><em>insidiis</em></strong></span> <span class='ocrx_word' id='word_1_616' title='bbox 2329 1593 2553 1648; x_wconf 86' lang='lat' dir='ltr'><strong><em>invicem</em></strong></span> <span class='ocrx_word' id='word_1_617' title='bbox 2600 1604 2891 1651; x_wconf 81' lang='lat' dir='ltr'><strong><em>tuerentur.</em></strong></span> <span class='ocrx_word' id='word_1_618' title='bbox 2935 1599 3117 1669; x_wconf 82' lang='lat' dir='ltr'><strong><em>Neque</em></strong></span> <span class='ocrx_word' id='word_1_619' title='bbox 3156 1616 3312 1669; x_wconf 88' lang='lat' dir='ltr'><strong><em>porro</em></strong></span> <span class='ocrx_word' id='word_1_620' title='bbox 3356 1602 3510 1658; x_wconf 86' lang='lat' dir='ltr'><strong><em>nobis</em></strong></span> 
     </span>
    </p>
   </div>
   <div class='ocr_carea' id='block_1_75' title="bbox 1937 1692 3509 1761">
    <p class='ocr_par' dir='ltr' id='par_1_75' title="bbox 1937 1692 3509 1761">
     <span class='ocr_line' id='line_1_75' title="bbox 1937 1692 3509 1761; baseline 0.008 -25"><span class='ocrx_word' id='word_1_621' title='bbox 1937 1694 2265 1752; x_wconf 78' lang='lat' dir='ltr'><strong><em>compertum</em></strong></span> <span class='ocrx_word' id='word_1_622' title='bbox 2312 1694 2417 1753; x_wconf 85' lang='lat' dir='ltr'><strong><em>est,</em></strong></span> <span class='ocrx_word' id='word_1_623' title='bbox 2469 1704 2535 1741; x_wconf 86' lang='lat' dir='ltr'><strong><em>an</em></strong></span> <span class='ocrx_word' id='word_1_624' title='bbox 2573 1698 2696 1744; x_wconf 83' lang='lat' dir='ltr'><strong><em>ante</em></strong></span> <span class='ocrx_word' id='word_1_625' title='bbox 2740 1692 3087 1761; x_wconf 82' lang='lat' dir='ltr'><strong><em>Augustinum</em></strong></span> <span class='ocrx_word' id='word_1_626' title='bbox 3118 1694 3223 1747; x_wconf 80' lang='lat' dir='ltr'><strong><em>ulla</em></strong></span> <span class='ocrx_word' id='word_1_627' title='bbox 3258 1693 3509 1749; x_wconf 80' lang='lat' dir='ltr'><strong><em>horumce</em></strong></span> 
     </span>
    </p>
   </div>
   <div class='ocr_carea' id='block_1_76' title="bbox 1936 1776 3504 1849">
    <p class='ocr_par' dir='ltr' id='par_1_76' title="bbox 1936 1776 3504 1849">
     <span class='ocr_line' id='line_1_76' title="bbox 1936 1776 3504 1849; baseline 0.008 -23"><span class='ocrx_word' id='word_1_628' title='bbox 1936 1776 2374 1830; x_wconf 75' lang='lat' dir='ltr'><strong><em>monasteriorum</em></strong></span> <span class='ocrx_word' id='word_1_629' title='bbox 2404 1780 2621 1849; x_wconf 81' lang='lat' dir='ltr'><strong><em>vestigia</em></strong></span> <span class='ocrx_word' id='word_1_630' title='bbox 2664 1782 2991 1849; x_wconf 80' lang='lat' dir='ltr'><strong><em>reperiantur</em></strong></span> <span class='ocrx_word' id='word_1_631' title='bbox 3029 1783 3083 1836; x_wconf 88' lang='lat' dir='ltr'><strong><em>in</em></strong></span> <span class='ocrx_word' id='word_1_632' title='bbox 3124 1784 3319 1839; x_wconf 78' lang='lat' dir='ltr'><strong><em>Africa.</em></strong></span> <span class='ocrx_word' id='word_1_633' title='bbox 3358 1786 3504 1839; x_wconf 82' lang='lat' dir='ltr'><strong><em>Con-</em></strong></span> 
     </span>
    </p>
   </div>
   <div class='ocr_carea' id='block_1_77' title="bbox 1937 1869 3507 1944">
    <p class='ocr_par' dir='ltr' id='par_1_77' title="bbox 1937 1869 3507 1944">
     <span class='ocr_line' id='line_1_77' title="bbox 1937 1869 3507 1944; baseline 0.008 -27"><span class='ocrx_word' id='word_1_634' title='bbox 1937 1872 2040 1918; x_wconf 88' lang='lat' dir='ltr'><strong><em>stat</em></strong></span> <span class='ocrx_word' id='word_1_635' title='bbox 2064 1876 2236 1920; x_wconf 72' lang='lat' dir='ltr'><strong><em>autem</em></strong></span> <span class='ocrx_word' id='word_1_636' title='bbox 2267 1869 2406 1923; x_wconf 81' lang='lat' dir='ltr'><strong><em>illius</em></strong></span> <span class='ocrx_word' id='word_1_637' title='bbox 2434 1871 2759 1940; x_wconf 80' lang='lat' dir='ltr'><strong><em>temporibus</em></strong></span> <span class='ocrx_word' id='word_1_638' title='bbox 2783 1872 3288 1941; x_wconf 74' lang='lat' dir='ltr'><strong><em>aliquotcxstitisse;</em></strong></span> <span class='ocrx_word' id='word_1_639' title='bbox 3316 1889 3507 1944; x_wconf 87' lang='lat' dir='ltr'><strong><em>quam-</em></strong></span> 
     </span>
    </p>
   </div>
   <div class='ocr_carea' id='block_1_78' title="bbox 1936 1957 3507 2032">
    <p class='ocr_par' dir='ltr' id='par_1_78' title="bbox 1936 1957 3507 2032">
     <span class='ocr_line' id='line_1_78' title="bbox 1936 1957 3507 2032; baseline 0.006 -24"><span class='ocrx_word' id='word_1_640' title='bbox 1936 1957 2013 2009; x_wconf 89' lang='lat' dir='ltr'><strong><em>vis</em></strong></span> <span class='ocrx_word' id='word_1_641' title='bbox 2036 1972 2137 2010; x_wconf 90' lang='lat' dir='ltr'><strong><em>non</em></strong></span> <span class='ocrx_word' id='word_1_642' title='bbox 2160 1973 2344 2012; x_wconf 81' lang='lat' dir='ltr'><strong><em>omnes</em></strong></span> <span class='ocrx_word' id='word_1_643' title='bbox 2373 1976 2490 2028; x_wconf 74' lang='lat' dir='ltr'><strong><em>qum</em></strong></span> <span class='ocrx_word' id='word_1_644' title='bbox 2520 1961 2869 2029; x_wconf 66' lang='lat' dir='ltr'><strong><em>virginitatem</em></strong></span> <span class='ocrx_word' id='word_1_645' title='bbox 2894 1964 3290 2032; x_wconf 73' lang='lat' dir='ltr'><strong><em>profitebantur,</em></strong></span> <span class='ocrx_word' id='word_1_646' title='bbox 3321 1964 3373 2017; x_wconf 82' lang='lat' dir='ltr'><strong><em>in</em></strong></span> <span class='ocrx_word' id='word_1_647' title='bbox 3401 1963 3507 2020; x_wconf 76' lang='lat' dir='ltr'><strong><em>illis</em></strong></span> 
     </span>
    </p>
   </div>
   <div class='ocr_carea' id='block_1_79' title="bbox 1935 2050 3511 2125">
    <p class='ocr_par' dir='ltr' id='par_1_79' title="bbox 1935 2050 3511 2125">
     <span class='ocr_line' id='line_1_79' title="bbox 1935 2050 3511 2125; baseline 0.006 -24"><span class='ocrx_word' id='word_1_648' title='bbox 1935 2062 2053 2102; x_wconf 87' lang='lat' dir='ltr'><strong><em>sese</em></strong></span> <span class='ocrx_word' id='word_1_649' title='bbox 2078 2050 2407 2104; x_wconf 87' lang='lat' dir='ltr'><strong><em>includerent</em></strong></span> <span class='ocrx_word' id='word_1_650' title='bbox 2438 2052 2628 2120; x_wconf 84' lang='lat' dir='ltr'><strong><em>(Serm.</em></strong></span> <span class='ocrx_word' id='word_1_651' title='bbox 2674 2050 2797 2116; x_wconf 78' lang='grc'><strong><em>555,</em></strong></span> <span class='ocrx_word' id='word_1_652' title='bbox 2824 2071 2879 2107; x_wconf 86' lang='lat' dir='ltr'><strong><em>n.</em></strong></span> <span class='ocrx_word' id='word_1_653' title='bbox 2927 2055 3000 2125; x_wconf 85' lang='lat'><strong><em>6).</em></strong></span> <span class='ocrx_word' id='word_1_654' title='bbox 3049 2056 3314 2110; x_wconf 87' lang='lat' dir='ltr'><strong><em>Permulta</em></strong></span> <span class='ocrx_word' id='word_1_655' title='bbox 3358 2066 3511 2112; x_wconf 87' lang='lat' dir='ltr'><strong><em>erant</em></strong></span> 
     </span>
    </p>
   </div>
   <div class='ocr_carea' id='block_1_80' title="bbox 1935 2139 3503 2217">
    <p class='ocr_par' dir='ltr' id='par_1_80' title="bbox 1935 2139 3503 2217">
     <span class='ocr_line' id='line_1_80' title="bbox 1935 2139 3503 2217; baseline 0.006 -26"><span class='ocrx_word' id='word_1_656' title='bbox 1935 2139 2074 2207; x_wconf 73' lang='lat' dir='ltr'><strong><em>apud</em></strong></span> <span class='ocrx_word' id='word_1_657' title='bbox 2104 2140 2635 2209; x_wconf 58' lang='lat' dir='ltr'><strong><em>“immitem-Regium</em></strong></span> <span class='ocrx_word' id='word_1_658' title='bbox 2666 2142 2977 2215; x_wconf 74' lang='lat' dir='ltr'><strong><em>(Possidius,</em></strong></span> <span class='ocrx_word' id='word_1_659' title='bbox 3022 2145 3073 2198; x_wconf 87' lang='lat' dir='ltr'><strong><em>in</em></strong></span> <span class='ocrx_word' id='word_1_660' title='bbox 3118 2144 3233 2198; x_wconf 83' lang='lat' dir='ltr'><strong><em>Vita</em></strong></span> <span class='ocrx_word' id='word_1_661' title='bbox 3262 2145 3503 2217; x_wconf 79' lang='lat' dir='ltr'><strong><em>August.,</em></strong></span> 
     </span>
    </p>
   </div>
   <div class='ocr_carea' id='block_1_81' title="bbox 1934 2229 3509 2304">
    <p class='ocr_par' dir='ltr' id='par_1_81' title="bbox 1934 2229 3509 2304">
     <span class='ocr_line' id='line_1_81' title="bbox 1934 2229 3509 2304; baseline 0.006 -22"><span class='ocrx_word' id='word_1_662' title='bbox 1934 2246 1979 2282; x_wconf 82' lang='grc' dir='ltr'><strong><em>ε.</em></strong></span> <span class='ocrx_word' id='word_1_663' title='bbox 2004 2229 2125 2300; x_wconf 75' lang='grc'>51),</span> <span class='ocrx_word' id='word_1_664' title='bbox 2155 2240 2207 2283; x_wconf 85' lang='lat' dir='ltr'><strong><em>et</em></strong></span> <span class='ocrx_word' id='word_1_665' title='bbox 2235 2245 2392 2284; x_wconf 73' lang='lat' dir='ltr'><strong><em>unum</em></strong></span> <span class='ocrx_word' id='word_1_666' title='bbox 2422 2236 2684 2304; x_wconf 65' lang='lat' dir='ltr'><strong><em>pne-cipue</em></strong></span> <span class='ocrx_word' id='word_1_667' title='bbox 2708 2235 2848 2303; x_wconf 86' lang='lat' dir='ltr'><strong><em>quod</em></strong></span> <span class='ocrx_word' id='word_1_668' title='bbox 2871 2236 3193 2304; x_wconf 76' lang='lat' dir='ltr'><strong><em>Augustinus</em></strong></span> <span class='ocrx_word' id='word_1_669' title='bbox 3218 2237 3361 2291; x_wconf 85' lang='lat' dir='ltr'><strong><em>velut</em></strong></span> <span class='ocrx_word' id='word_1_670' title='bbox 3381 2237 3509 2291; x_wconf 89' lang='lat' dir='ltr'><strong><em>hor-</em></strong></span> 
     </span>
    </p>
   </div>
   <div class='ocr_carea' id='block_1_82' title="bbox 1937 2321 3504 2400">
    <p class='ocr_par' dir='ltr' id='par_1_82' title="bbox 1937 2321 3504 2400">
     <span class='ocr_line' id='line_1_82' title="bbox 1937 2321 3504 2400; baseline 0.005 -27"><span class='ocrx_word' id='word_1_671' title='bbox 1937 2329 2046 2375; x_wconf 85' lang='lat' dir='ltr'><strong><em>tum</em></strong></span> <span class='ocrx_word' id='word_1_672' title='bbox 2070 2321 2412 2389; x_wconf 82' lang='lat' dir='ltr'><strong><em>dominicum,</em></strong></span> <span class='ocrx_word' id='word_1_673' title='bbox 2441 2334 2497 2378; x_wconf 87' lang='lat' dir='ltr'><strong><em>ut</em></strong></span> <span class='ocrx_word' id='word_1_674' title='bbox 2535 2326 2647 2392; x_wconf 83' lang='lat' dir='ltr'><strong><em>ipse</em></strong></span> <span class='ocrx_word' id='word_1_675' title='bbox 2674 2326 2923 2393; x_wconf 81' lang='lat' dir='ltr'><strong><em>loquitur,</em></strong></span> <span class='ocrx_word' id='word_1_676' title='bbox 2954 2327 3280 2394; x_wconf 81' lang='lat' dir='ltr'><strong><em>plantaverat</em></strong></span> <span class='ocrx_word' id='word_1_677' title='bbox 3313 2326 3504 2400; x_wconf 83' lang='lat' dir='ltr'><strong><em>(Epist.</em></strong></span> 
     </span>
    </p>
   </div>
   <div class='ocr_carea' id='block_1_83' title="bbox 1932 2412 3509 2487">
    <p class='ocr_par' dir='ltr' id='par_1_83' title="bbox 1932 2412 3509 2487">
     <span class='ocr_line' id='line_1_83' title="bbox 1932 2412 3509 2487; baseline 0.005 -22"><span class='ocrx_word' id='word_1_678' title='bbox 1932 2412 2057 2480; x_wconf 70' lang='lat' dir='ltr'><strong><em>2H,</em></strong></span> <span class='ocrx_word' id='word_1_679' title='bbox 2091 2430 2142 2466; x_wconf 84' lang='grc' dir='ltr'><strong><em>η.</em></strong></span> <span class='ocrx_word' id='word_1_680' title='bbox 2195 2414 2267 2481; x_wconf 80' lang='grc'><strong><em>5).</em></strong></span> <span class='ocrx_word' id='word_1_681' title='bbox 2310 2414 2455 2469; x_wconf 67' lang='lat' dir='ltr'><strong><em>Illius</em></strong></span> <span class='ocrx_word' id='word_1_682' title='bbox 2499 2430 2651 2469; x_wconf 75' lang='lat' dir='ltr'><strong><em>soror</em></strong></span> <span class='ocrx_word' id='word_1_683' title='bbox 2674 2416 2800 2470; x_wconf 53' lang='lat' dir='ltr'><strong><em>hic</em></strong></span> <span class='ocrx_word' id='word_1_684' title='bbox 2846 2417 3168 2471; x_wconf 78' lang='lat' dir='ltr'><strong><em>monasterio</em></strong></span> <span class='ocrx_word' id='word_1_685' title='bbox 3209 2419 3509 2487; x_wconf 69' lang='lat' dir='ltr'><strong><em>umplures</em></strong></span> 
     </span>
    </p>
   </div>
   <div class='ocr_carea' id='block_1_84' title="bbox 1935 2506 3508 2577">
    <p class='ocr_par' dir='ltr' id='par_1_84' title="bbox 1935 2506 3508 2577">
     <span class='ocr_line' id='line_1_84' title="bbox 1935 2506 3508 2577; baseline 0.004 -20"><span class='ocrx_word' id='word_1_686' title='bbox 1935 2520 2102 2558; x_wconf 86' lang='lat' dir='ltr'><strong><em>annos</em></strong></span> <span class='ocrx_word' id='word_1_687' title='bbox 2134 2506 2435 2574; x_wconf 62' lang='lat' dir='ltr'><strong><em>pra‘fnerat,</em></strong></span> <span class='ocrx_word' id='word_1_688' title='bbox 2463 2506 2531 2561; x_wconf 72' lang='lat' dir='ltr'><strong><em>ad</em></strong></span> <span class='ocrx_word' id='word_1_689' title='bbox 2551 2507 2751 2561; x_wconf 68' lang='lat' dir='ltr'><strong><em>obitum</em></strong></span> <span class='ocrx_word' id='word_1_690' title='bbox 2772 2523 2940 2577; x_wconf 68' lang='lat' dir='ltr'><strong><em>usque</em></strong></span> <span class='ocrx_word' id='word_1_691' title='bbox 2967 2524 3120 2562; x_wconf 84' lang='lat' dir='ltr'><strong><em>suum</em></strong></span> <span class='ocrx_word' id='word_1_692' title='bbox 3144 2509 3199 2562; x_wconf 77' lang='lat' dir='ltr'><strong><em>in</em></strong></span> <span class='ocrx_word' id='word_1_693' title='bbox 3221 2516 3403 2564; x_wconf 84' lang='lat' dir='ltr'><strong><em>sancta</em></strong></span> <span class='ocrx_word' id='word_1_694' title='bbox 3424 2512 3508 2565; x_wconf 86' lang='lat' dir='ltr'><strong><em>vi-</em></strong></span> 
     </span>
    </p>
   </div>
   <div class='ocr_carea' id='block_1_85' title="bbox 1934 2599 3507 2671">
    <p class='ocr_par' dir='ltr' id='par_1_85' title="bbox 1934 2599 3507 2671">
     <span class='ocr_line' id='line_1_85' title="bbox 1934 2599 3507 2671; baseline 0.003 -19"><span class='ocrx_word' id='word_1_695' title='bbox 1934 2600 2132 2654; x_wconf 85' lang='lat' dir='ltr'><strong><em>duitate</em></strong></span> <span class='ocrx_word' id='word_1_696' title='bbox 2158 2600 2266 2656; x_wconf 89' lang='lat' dir='ltr'><strong><em>Deo</em></strong></span> <span class='ocrx_word' id='word_1_697' title='bbox 2290 2599 2612 2655; x_wconf 84' lang='lat' dir='ltr'><strong><em>deserviens.</em></strong></span> <span class='ocrx_word' id='word_1_698' title='bbox 2638 2600 2886 2669; x_wconf 80' lang='lat' dir='ltr'><strong><em>Ejusdem</em></strong></span> <span class='ocrx_word' id='word_1_699' title='bbox 2916 2617 2980 2656; x_wconf 83' lang='lat' dir='ltr'><strong><em>ex</em></strong></span> <span class='ocrx_word' id='word_1_700' title='bbox 3005 2600 3167 2656; x_wconf 85' lang='lat' dir='ltr'><strong><em>fratre</em></strong></span> <span class='ocrx_word' id='word_1_701' title='bbox 3193 2610 3376 2671; x_wconf 86' lang='lat' dir='ltr'><strong><em>neptes</em></strong></span> <span class='ocrx_word' id='word_1_702' title='bbox 3402 2603 3507 2657; x_wconf 82' lang='lat' dir='ltr'><strong><em>ibi-</em></strong></span> 
     </span>
    </p>
   </div>
   <div class='ocr_carea' id='block_1_86' title="bbox 1934 2688 3505 2762">
    <p class='ocr_par' dir='ltr' id='par_1_86' title="bbox 1934 2688 3505 2762">
     <span class='ocr_line' id='line_1_86' title="bbox 1934 2688 3505 2762; baseline 0.001 -19"><span class='ocrx_word' id='word_1_703' title='bbox 1934 2691 2054 2743; x_wconf 89' lang='lat' dir='ltr'><strong><em>dem</em></strong></span> <span class='ocrx_word' id='word_1_704' title='bbox 2083 2690 2345 2759; x_wconf 75' lang='lat' dir='ltr'><strong><em>degebant</em></strong></span> <span class='ocrx_word' id='word_1_705' title='bbox 2373 2688 2690 2760; x_wconf 81' lang='lat' dir='ltr'><strong><em>(Possidius,</em></strong></span> <span class='ocrx_word' id='word_1_706' title='bbox 2724 2692 2777 2743; x_wconf 76' lang='lat' dir='ltr'><strong><em>in</em></strong></span> <span class='ocrx_word' id='word_1_707' title='bbox 2816 2690 2931 2744; x_wconf 68' lang='lat' dir='ltr'><strong><em>Vita</em></strong></span> <span class='ocrx_word' id='word_1_708' title='bbox 2972 2692 3266 2762; x_wconf 76' lang='lat' dir='ltr'><strong><em>Augustini,</em></strong></span> <span class='ocrx_word' id='word_1_709' title='bbox 3298 2706 3346 2744; x_wconf 91' lang='lat' dir='ltr'><strong><em>c.</em></strong></span> <span class='ocrx_word' id='word_1_710' title='bbox 3372 2691 3442 2748; x_wconf 68' lang='lat'><strong><em>26</em></strong></span> <span class='ocrx_word' id='word_1_711' title='bbox 3463 2691 3505 2762; x_wconf 90' lang='lat'><strong><em>).</em></strong></span> 
     </span>
    </p>
   </div>
   <div class='ocr_carea' id='block_1_87' title="bbox 1936 2781 3507 2851">
    <p class='ocr_par' dir='ltr' id='par_1_87' title="bbox 1936 2781 3507 2851">
     <span class='ocr_line' id='line_1_87' title="bbox 1936 2781 3507 2851; baseline 0.001 -17"><span class='ocrx_word' id='word_1_712' title='bbox 1936 2781 2099 2850; x_wconf 82' lang='lat' dir='ltr'><strong><em>Hujus</em></strong></span> <span class='ocrx_word' id='word_1_713' title='bbox 2148 2781 2383 2835; x_wconf 68' lang='lat' dir='ltr'><strong><em>‘(mnolﬁi</em></strong></span> <span class='ocrx_word' id='word_1_714' title='bbox 2429 2782 2913 2836; x_wconf 55' lang='lat' dir='ltr'><strong><em>snnctimonialirtms</em></strong></span> <span class='ocrx_word' id='word_1_715' title='bbox 2958 2782 3176 2851; x_wconf 80' lang='lat' dir='ltr'><strong><em>scripsit</em></strong></span> <span class='ocrx_word' id='word_1_716' title='bbox 3226 2782 3507 2851; x_wconf 74' lang='lat' dir='ltr'><strong><em>epistolam</em></strong></span> 
     </span>
    </p>
   </div>
   <div class='ocr_carea' id='block_1_88' title="bbox 1937 2870 3510 2942">
    <p class='ocr_par' dir='ltr' id='par_1_88' title="bbox 1937 2870 3510 2942">
     <span class='ocr_line' id='line_1_88' title="bbox 1937 2870 3510 2942; baseline 0.002 -19"><span class='ocrx_word' id='word_1_717' title='bbox 1937 2871 2123 2940; x_wconf 71' lang='lat' dir='ltr'><strong><em>(Epist.</em></strong></span> <span class='ocrx_word' id='word_1_718' title='bbox 2150 2870 2299 2942; x_wconf 73' lang='lat' dir='ltr'><strong><em>2H),</em></strong></span> <span class='ocrx_word' id='word_1_719' title='bbox 2332 2886 2445 2940; x_wconf 80' lang='lat' dir='ltr'><strong><em>quae</em></strong></span> <span class='ocrx_word' id='word_1_720' title='bbox 2474 2870 2539 2925; x_wconf 78' lang='lat' dir='ltr'><strong><em>ad</em></strong></span> <span class='ocrx_word' id='word_1_721' title='bbox 2566 2881 2863 2939; x_wconf 52' lang='lat' dir='ltr'><strong><em>postiam</em></strong></span> <span class='ocrx_word' id='word_1_722' title='bbox 2882 2872 3339 2942; x_wconf 71' lang='lat' dir='ltr'><strong><em>auosAugustini</em></strong></span> <span class='ocrx_word' id='word_1_723' title='bbox 3361 2887 3510 2927; x_wconf 77' lang='lat' dir='ltr'><strong><em>com-</em></strong></span> 
     </span>
    </p>
   </div>
   <div class='ocr_carea' id='block_1_89' title="bbox 1936 2962 3509 3033">
    <p class='ocr_par' dir='ltr' id='par_1_89' title="bbox 1936 2962 3509 3033">
     <span class='ocr_line' id='line_1_89' title="bbox 1936 2962 3509 3033; baseline 0 -15"><span class='ocrx_word' id='word_1_724' title='bbox 1936 2963 2093 3018; x_wconf 86' lang='lat' dir='ltr'><strong><em>mode</em></strong></span> <span class='ocrx_word' id='word_1_725' title='bbox 2128 2971 2422 3017; x_wconf 87' lang='lat' dir='ltr'><strong><em>revocatur.</em></strong></span> <span class='ocrx_word' id='word_1_726' title='bbox 2454 2962 2580 3032; x_wconf 85' lang='lat' dir='ltr'><strong><em>Ejus</em></strong></span> <span class='ocrx_word' id='word_1_727' title='bbox 2607 2964 2750 3018; x_wconf 84' lang='lat' dir='ltr'><strong><em>enim</em></strong></span> <span class='ocrx_word' id='word_1_728' title='bbox 2794 2977 2946 3017; x_wconf 81' lang='lat' dir='ltr'><strong><em>soror</em></strong></span> <span class='ocrx_word' id='word_1_729' title='bbox 2986 2976 3104 3033; x_wconf 68' lang='lat' dir='ltr'><strong><em>quae</em></strong></span> <span class='ocrx_word' id='word_1_730' title='bbox 3145 2963 3282 3017; x_wconf 71' lang='lat' dir='ltr'><strong><em>illius</em></strong></span> <span class='ocrx_word' id='word_1_731' title='bbox 3325 2978 3509 3018; x_wconf 80' lang='lat' dir='ltr'><strong><em>como-</em></strong></span> 
     </span>
    </p>
   </div>
   <div class='ocr_carea' id='block_1_90' title="bbox 1936 3054 3508 3126">
    <p class='ocr_par' dir='ltr' id='par_1_90' title="bbox 1936 3054 3508 3126">
     <span class='ocr_line' id='line_1_90' title="bbox 1936 3054 3508 3126; baseline 0.001 -16"><span class='ocrx_word' id='word_1_732' title='bbox 1936 3056 2006 3111; x_wconf 89' lang='lat' dir='ltr'><strong><em>hii</em></strong></span> <span class='ocrx_word' id='word_1_733' title='bbox 2033 3056 2316 3126; x_wconf 72' lang='lat' dir='ltr'><strong><em>praeposita</em></strong></span> <span class='ocrx_word' id='word_1_734' title='bbox 2344 3054 2435 3109; x_wconf 90' lang='lat' dir='ltr'><strong><em>diu</em></strong></span> <span class='ocrx_word' id='word_1_735' title='bbox 2474 3056 2799 3126; x_wconf 72' lang='lat' dir='ltr'><strong><em>multumque</em></strong></span> <span class='ocrx_word' id='word_1_736' title='bbox 2826 3056 2941 3122; x_wconf 79' lang='lat' dir='ltr'><strong><em>fuit,</em></strong></span> <span class='ocrx_word' id='word_1_737' title='bbox 2971 3070 3002 3111; x_wconf 84' lang='lat' dir='ltr'><strong><em>e</em></strong></span> <span class='ocrx_word' id='word_1_738' title='bbox 3029 3056 3161 3110; x_wconf 82' lang='lat' dir='ltr'><strong><em>vivis</em></strong></span> <span class='ocrx_word' id='word_1_739' title='bbox 3184 3056 3293 3125; x_wconf 74' lang='lat' dir='ltr'><strong><em>jam</em></strong></span> <span class='ocrx_word' id='word_1_740' title='bbox 3319 3069 3508 3111; x_wconf 75' lang='lat' dir='ltr'><strong><em>exces-</em></strong></span> 
     </span>
    </p>
   </div>
   <div class='ocr_carea' id='block_1_91' title="bbox 1936 3144 3510 3216">
    <p class='ocr_par' dir='ltr' id='par_1_91' title="bbox 1936 3144 3510 3216">
     <span class='ocr_line' id='line_1_91' title="bbox 1936 3144 3510 3216; baseline 0.001 -16"><span class='ocrx_word' id='word_1_741' title='bbox 1936 3156 2097 3211; x_wconf 81' lang='lat' dir='ltr'><strong><em>serat,</em></strong></span> <span class='ocrx_word' id='word_1_742' title='bbox 2118 3157 2169 3200; x_wconf 86' lang='lat' dir='ltr'><strong><em>ct</em></strong></span> <span class='ocrx_word' id='word_1_743' title='bbox 2198 3148 2247 3199; x_wconf 91' lang='lat' dir='ltr'><strong><em>in</em></strong></span> <span class='ocrx_word' id='word_1_744' title='bbox 2278 3145 2392 3213; x_wconf 85' lang='lat' dir='ltr'><strong><em>ejus</em></strong></span> <span class='ocrx_word' id='word_1_745' title='bbox 2420 3144 2593 3199; x_wconf 79' lang='lat' dir='ltr'><strong><em>locum</em></strong></span> <span class='ocrx_word' id='word_1_746' title='bbox 2612 3146 2713 3199; x_wconf 74' lang='lat' dir='ltr'><strong><em>alia</em></strong></span> <span class='ocrx_word' id='word_1_747' title='bbox 2730 3155 3061 3200; x_wconf 80' lang='lat' dir='ltr'><strong><em>successerat</em></strong></span> <span class='ocrx_word' id='word_1_748' title='bbox 3086 3145 3389 3216; x_wconf 74' lang='lat' dir='ltr'><strong><em>praeposita,</em></strong></span> <span class='ocrx_word' id='word_1_749' title='bbox 3409 3145 3510 3201; x_wconf 83' lang='lat' dir='ltr'><strong><em>sub</em></strong></span> 
     </span>
    </p>
   </div>
   <div class='ocr_carea' id='block_1_92' title="bbox 1934 3237 3509 3308">
    <p class='ocr_par' dir='ltr' id='par_1_92' title="bbox 1934 3237 3509 3308">
     <span class='ocr_line' id='line_1_92' title="bbox 1934 3237 3509 3308; baseline -0.001 -16"><span class='ocrx_word' id='word_1_750' title='bbox 1934 3253 2037 3308; x_wconf 88' lang='lat' dir='ltr'><strong><em>qua</em></strong></span> <span class='ocrx_word' id='word_1_751' title='bbox 2067 3239 2208 3293; x_wconf 82' lang='lat' dir='ltr'><strong><em>velut</em></strong></span> <span class='ocrx_word' id='word_1_752' title='bbox 2222 3252 2317 3293; x_wconf 85' lang='lat' dir='ltr'><strong><em>sua</em></strong></span> <span class='ocrx_word' id='word_1_753' title='bbox 2346 3249 2518 3292; x_wconf 83' lang='lat' dir='ltr'><strong><em>matre</em></strong></span> <span class='ocrx_word' id='word_1_754' title='bbox 2536 3237 2965 3294; x_wconf 73' lang='lat' dir='ltr'><strong><em>sanotimeoiales</em></strong></span> <span class='ocrx_word' id='word_1_755' title='bbox 2988 3238 3059 3291; x_wconf 80' lang='lat' dir='ltr'><strong><em>ibi</em></strong></span> <span class='ocrx_word' id='word_1_756' title='bbox 3085 3237 3195 3307; x_wconf 77' lang='lat' dir='ltr'><strong><em>jam</em></strong></span> <span class='ocrx_word' id='word_1_757' title='bbox 3218 3252 3312 3306; x_wconf 84' lang='lat' dir='ltr'><strong><em>per</em></strong></span> <span class='ocrx_word' id='word_1_758' title='bbox 3338 3250 3509 3291; x_wconf 74' lang='lat' dir='ltr'><strong><em>annos</em></strong></span> 
     </span>
    </p>
   </div>
   <div class='ocr_carea' id='block_1_93' title="bbox 1935 3326 3506 3399">
    <p class='ocr_par' dir='ltr' id='par_1_93' title="bbox 1935 3326 3506 3399">
     <span class='ocr_line' id='line_1_93' title="bbox 1935 3326 3506 3399; baseline -0.001 -15"><span class='ocrx_word' id='word_1_759' title='bbox 1935 3329 2130 3384; x_wconf 88' lang='lat' dir='ltr'><strong><em>multos</em></strong></span> <span class='ocrx_word' id='word_1_760' title='bbox 2158 3326 2646 3399; x_wconf 84' lang='lat' dir='ltr'><strong><em>creverant(Epist.</em></strong></span> <span class='ocrx_word' id='word_1_761' title='bbox 2676 3328 2803 3393; x_wconf 76' lang='lat'><strong><em>‘2“,</em></strong></span> <span class='ocrx_word' id='word_1_762' title='bbox 2838 3346 2891 3381; x_wconf 70' lang='grc' dir='ltr'><strong><em>τι.</em></strong></span> <span class='ocrx_word' id='word_1_763' title='bbox 2920 3328 2995 3398; x_wconf 75' lang='grc'><strong><em>4).</em></strong></span> <span class='ocrx_word' id='word_1_764' title='bbox 3014 3328 3070 3382; x_wconf 86' lang='lat' dir='ltr'><strong><em>la</em></strong></span> <span class='ocrx_word' id='word_1_765' title='bbox 3100 3327 3202 3382; x_wconf 73' lang='lat' dir='ltr'><strong><em>hoc</em></strong></span> <span class='ocrx_word' id='word_1_766' title='bbox 3233 3337 3506 3383; x_wconf 71' lang='lat' dir='ltr'><strong><em>monaste~</em></strong></span> 
     </span>
    </p>
   </div>
   <div class='ocr_carea' id='block_1_94' title="bbox 1935 3419 3506 3489">
    <p class='ocr_par' dir='ltr' id='par_1_94' title="bbox 1935 3419 3506 3489">
     <span class='ocr_line' id='line_1_94' title="bbox 1935 3419 3506 3489; baseline -0.001 -14"><span class='ocrx_word' id='word_1_767' title='bbox 1935 3422 2013 3475; x_wconf 88' lang='lat' dir='ltr'><strong><em>rio</em></strong></span> <span class='ocrx_word' id='word_1_768' title='bbox 2044 3421 2328 3489; x_wconf 83' lang='lat' dir='ltr'><strong><em>plurimum</em></strong></span> <span class='ocrx_word' id='word_1_769' title='bbox 2363 3420 2535 3472; x_wconf 56' lang='grc' dir='ltr'><strong><em>εωθιίί</em></strong></span> <span class='ocrx_word' id='word_1_770' title='bbox 2564 3419 2806 3488; x_wconf 68' lang='lat' dir='ltr'><strong><em>capiebat</em></strong></span> <span class='ocrx_word' id='word_1_771' title='bbox 2832 3420 3177 3488; x_wconf 74' lang='lat' dir='ltr'><strong><em>Augustinus,</em></strong></span> <span class='ocrx_word' id='word_1_772' title='bbox 3198 3419 3265 3474; x_wconf 85' lang='lat' dir='ltr'><strong><em>de</em></strong></span> <span class='ocrx_word' id='word_1_773' title='bbox 3291 3433 3398 3488; x_wconf 82' lang='lat' dir='ltr'><strong><em>quo</em></strong></span> <span class='ocrx_word' id='word_1_774' title='bbox 3437 3419 3506 3474; x_wconf 77' lang='lat' dir='ltr'><strong><em>ita</em></strong></span> 
     </span>
    </p>
   </div>
   <div class='ocr_carea' id='block_1_95' title="bbox 1934 3508 3507 3581">
    <p class='ocr_par' dir='ltr' id='par_1_95' title="bbox 1934 3508 3507 3581">
     <span class='ocr_line' id='line_1_95' title="bbox 1934 3508 3507 3581; baseline 0 -17"><span class='ocrx_word' id='word_1_775' title='bbox 1934 3512 2161 3581; x_wconf 77' lang='lat' dir='ltr'><strong><em>loquitur</em></strong></span> <span class='ocrx_word' id='word_1_776' title='bbox 2194 3528 2205 3562; x_wconf 74' lang='grc' dir='ltr'><strong>ε</strong></span> <span class='ocrx_word' id='word_1_777' title='bbox 2232 3508 2382 3565; x_wconf 87' lang='lat' dir='ltr'><strong><em>Soleo</em></strong></span> <span class='ocrx_word' id='word_1_778' title='bbox 2406 3510 2624 3581; x_wconf 84' lang='lat' dir='ltr'><strong><em>gaudere</em></strong></span> <span class='ocrx_word' id='word_1_779' title='bbox 2653 3509 2716 3564; x_wconf 74' lang='lat' dir='ltr'><strong><em>de</em></strong></span> <span class='ocrx_word' id='word_1_780' title='bbox 2741 3510 2899 3575; x_wconf 74' lang='lat' dir='ltr'><strong><em>vobis,</em></strong></span> <span class='ocrx_word' id='word_1_781' title='bbox 2937 3519 2985 3564; x_wconf 78' lang='lat' dir='ltr'><strong><em>et</em></strong></span> <span class='ocrx_word' id='word_1_782' title='bbox 3024 3511 3153 3563; x_wconf 74' lang='lat' dir='ltr'><strong><em>inter</em></strong></span> <span class='ocrx_word' id='word_1_783' title='bbox 3194 3518 3334 3563; x_wconf 74' lang='lat' dir='ltr'><strong><em>tanta</em></strong></span> <span class='ocrx_word' id='word_1_784' title='bbox 3360 3525 3507 3564; x_wconf 67' lang='lat' dir='ltr'><strong><em>solu-</em></strong></span> 
     </span>
    </p>
   </div>
   <div class='ocr_carea' id='block_1_96' title="bbox 1933 3602 3509 3675">
    <p class='ocr_par' dir='ltr' id='par_1_96' title="bbox 1933 3602 3509 3675">
     <span class='ocr_line' id='line_1_96' title="bbox 1933 3602 3509 3675; baseline -0.001 -17"><span class='ocrx_word' id='word_1_785' title='bbox 1933 3605 2070 3668; x_wconf 86' lang='lat' dir='ltr'><strong><em>dala,</em></strong></span> <span class='ocrx_word' id='word_1_786' title='bbox 2125 3604 2300 3675; x_wconf 83' lang='lat' dir='ltr'><strong><em>quibus</em></strong></span> <span class='ocrx_word' id='word_1_787' title='bbox 2338 3602 2516 3672; x_wconf 80' lang='lat' dir='ltr'><strong><em>ubique</em></strong></span> <span class='ocrx_word' id='word_1_788' title='bbox 2556 3603 2778 3657; x_wconf 80' lang='lat' dir='ltr'><strong><em>abundat</em></strong></span> <span class='ocrx_word' id='word_1_789' title='bbox 2821 3603 2901 3656; x_wconf 81' lang='lat' dir='ltr'><strong><em>hic</em></strong></span> <span class='ocrx_word' id='word_1_790' title='bbox 2944 3604 3185 3668; x_wconf 57' lang='lat' dir='ltr'><strong><em>mucius,</em></strong></span> <span class='ocrx_word' id='word_1_791' title='bbox 3234 3602 3509 3669; x_wconf 65' lang='lat' dir='ltr'><strong><em>aliqu-atde</em></strong></span> 
     </span>
    </p>
   </div>
   <div class='ocr_carea' id='block_1_97' title="bbox 1933 3696 3503 3767">
    <p class='ocr_par' dir='ltr' id='par_1_97' title="bbox 1933 3696 3503 3767">
     <span class='ocr_line' id='line_1_97' title="bbox 1933 3696 3503 3767; baseline -0.001 -17"><span class='ocrx_word' id='word_1_792' title='bbox 1933 3698 2201 3759; x_wconf 84' lang='lat' dir='ltr'><strong><em>consolari,</em></strong></span> <span class='ocrx_word' id='word_1_793' title='bbox 2230 3699 2457 3767; x_wconf 73' lang='lat' dir='ltr'><strong><em>cogitans</em></strong></span> <span class='ocrx_word' id='word_1_794' title='bbox 2488 3696 2745 3766; x_wconf 86' lang='lat' dir='ltr'><strong><em>capiosam</em></strong></span> <span class='ocrx_word' id='word_1_795' title='bbox 2764 3696 3218 3765; x_wconf 73' lang='lat' dir='ltr'><strong><em>congregationem,</em></strong></span> <span class='ocrx_word' id='word_1_796' title='bbox 3246 3704 3291 3748; x_wconf 87' lang='lat' dir='ltr'><strong><em>et</em></strong></span> <span class='ocrx_word' id='word_1_797' title='bbox 3312 3703 3503 3748; x_wconf 58' lang='lat' dir='ltr'><strong><em>castam</em></strong></span> 
     </span>
    </p>
   </div>
   <div class='ocr_carea' id='block_1_98' title="bbox 1932 3786 3504 3854">
    <p class='ocr_par' dir='ltr' id='par_1_98' title="bbox 1932 3786 3504 3854">
     <span class='ocr_line' id='line_1_98' title="bbox 1932 3786 3504 3854; baseline 0 -14"><span class='ocrx_word' id='word_1_798' title='bbox 1932 3788 2265 3852; x_wconf 81' lang='lat' dir='ltr'><strong><em>dilectionem,</em></strong></span> <span class='ocrx_word' id='word_1_799' title='bbox 2293 3798 2338 3840; x_wconf 90' lang='lat' dir='ltr'><strong><em>et</em></strong></span> <span class='ocrx_word' id='word_1_800' title='bbox 2364 3797 2588 3842; x_wconf 79' lang='lat' dir='ltr'><strong><em>sanctam</em></strong></span> <span class='ocrx_word' id='word_1_801' title='bbox 2611 3787 3029 3842; x_wconf 65' lang='lat' dir='ltr'><strong><em>conversationem</em></strong></span> <span class='ocrx_word' id='word_1_802' title='bbox 3059 3794 3290 3854; x_wconf 61' lang='lat' dir='ltr'><strong><em>vestrm,</em></strong></span> <span class='ocrx_word' id='word_1_803' title='bbox 3322 3794 3371 3841; x_wconf 82' lang='lat' dir='ltr'><strong><em>et</em></strong></span> <span class='ocrx_word' id='word_1_804' title='bbox 3390 3786 3504 3840; x_wconf 54' lang='lat' dir='ltr'><strong><em>in.</em></strong></span> 
     </span>
    </p>
   </div>
   <div class='ocr_carea' id='block_1_99' title="bbox 1930 3876 3505 3949">
    <p class='ocr_par' dir='ltr' id='par_1_99' title="bbox 1930 3876 3505 3949">
     <span class='ocr_line' id='line_1_99' title="bbox 1930 3876 3505 3949; baseline -0.001 -18"><span class='ocrx_word' id='word_1_805' title='bbox 1930 3881 2120 3949; x_wconf 83' lang='lat' dir='ltr'><strong><em>giorem</em></strong></span> <span class='ocrx_word' id='word_1_806' title='bbox 2147 3880 2362 3949; x_wconf 83' lang='lat' dir='ltr'><strong><em>gratiam</em></strong></span> <span class='ocrx_word' id='word_1_807' title='bbox 2388 3878 2503 3944; x_wconf 86' lang='lat' dir='ltr'><strong><em>Dei,</em></strong></span> <span class='ocrx_word' id='word_1_808' title='bbox 2540 3894 2651 3948; x_wconf 74' lang='lat' dir='ltr'><strong><em>qua:</em></strong></span> <span class='ocrx_word' id='word_1_809' title='bbox 2701 3878 2823 3931; x_wconf 66' lang='lat' dir='ltr'><strong><em>data</em></strong></span> <span class='ocrx_word' id='word_1_810' title='bbox 2847 3887 2919 3932; x_wconf 83' lang='lat' dir='ltr'><strong><em>est</em></strong></span> <span class='ocrx_word' id='word_1_811' title='bbox 2952 3876 3111 3943; x_wconf 68' lang='lat' dir='ltr'><strong><em>vobis,</em></strong></span> <span class='ocrx_word' id='word_1_812' title='bbox 3144 3886 3197 3930; x_wconf 83' lang='lat' dir='ltr'><strong><em>ut</em></strong></span> <span class='ocrx_word' id='word_1_813' title='bbox 3220 3892 3323 3930; x_wconf 83' lang='lat' dir='ltr'><strong><em>non</em></strong></span> <span class='ocrx_word' id='word_1_814' title='bbox 3336 3876 3505 3931; x_wconf 81' lang='lat' dir='ltr'><strong><em>solum</em></strong></span> 
     </span>
    </p>
   </div>
   <div class='ocr_carea' id='block_1_100' title="bbox 1930 3969 3507 4043">
    <p class='ocr_par' dir='ltr' id='par_1_100' title="bbox 1930 3969 3507 4043">
     <span class='ocr_line' id='line_1_100' title="bbox 1930 3969 3507 4043; baseline -0.003 -16"><span class='ocrx_word' id='word_1_815' title='bbox 1930 3974 2157 4029; x_wconf 78' lang='lat' dir='ltr'><strong><em>carnales</em></strong></span> <span class='ocrx_word' id='word_1_816' title='bbox 2194 3974 2396 4043; x_wconf 55' lang='lat' dir='ltr'><strong><em>numias</em></strong></span> <span class='ocrx_word' id='word_1_817' title='bbox 2437 3972 2834 4035; x_wconf 78' lang='lat' dir='ltr'><strong><em>contemneretis,</em></strong></span> <span class='ocrx_word' id='word_1_818' title='bbox 2880 3987 3048 4026; x_wconf 74' lang='lat' dir='ltr'><strong><em>verum</em></strong></span> <span class='ocrx_word' id='word_1_819' title='bbox 3084 3969 3507 4041; x_wconf 58' lang='grc' dir='ltr'><strong><em>αὖοι-σκοπῶ·</em></strong></span> 
     </span>
    </p>
   </div>
   <div class='ocr_carea' id='block_1_101' title="bbox 1928 4061 3504 4128">
    <p class='ocr_par' dir='ltr' id='par_1_101' title="bbox 1928 4061 3504 4128">
     <span class='ocr_line' id='line_1_101' title="bbox 1928 4061 3504 4128; baseline -0.002 -11"><span class='ocrx_word' id='word_1_820' title='bbox 1928 4065 1980 4117; x_wconf 86' lang='lat' dir='ltr'><strong><em>in</em></strong></span> <span class='ocrx_word' id='word_1_821' title='bbox 2004 4064 2156 4118; x_wconf 73' lang='lat' dir='ltr'><strong><em>domo</em></strong></span> <span class='ocrx_word' id='word_1_822' title='bbox 2177 4064 2458 4118; x_wconf 82' lang='lat' dir='ltr'><strong><em>societatem</em></strong></span> <span class='ocrx_word' id='word_1_823' title='bbox 2482 4065 2744 4117; x_wconf 70' lang='lat' dir='ltr'><strong><em>unmimes</em></strong></span> <span class='ocrx_word' id='word_1_824' title='bbox 2768 4062 3052 4128; x_wconf 68' lang='lat' dir='ltr'><strong><em>habitandi,</em></strong></span> <span class='ocrx_word' id='word_1_825' title='bbox 3081 4069 3133 4114; x_wconf 74' lang='lat' dir='ltr'><strong><em>ut</em></strong></span> <span class='ocrx_word' id='word_1_826' title='bbox 3150 4062 3219 4115; x_wconf 81' lang='lat' dir='ltr'><strong><em>sit</em></strong></span> <span class='ocrx_word' id='word_1_827' title='bbox 3238 4061 3373 4115; x_wconf 75' lang='lat' dir='ltr'><strong><em>vobis</em></strong></span> <span class='ocrx_word' id='word_1_828' title='bbox 3386 4061 3504 4115; x_wconf 66' lang='lat' dir='ltr'><strong><em>alti-</em></strong></span> 
     </span>
    </p>
   </div>
   <div class='ocr_carea' id='block_1_102' title="bbox 1929 4151 3545 4217">
    <p class='ocr_par' dir='ltr' id='par_1_102' title="bbox 1929 4151 3545 4217">
     <span class='ocr_line' id='line_1_102' title="bbox 1929 4151 3545 4217; baseline -0.002 -7"><span class='ocrx_word' id='word_1_829' title='bbox 1929 4174 2011 4210; x_wconf 88' lang='lat' dir='ltr'><strong><em>ma</em></strong></span> <span class='ocrx_word' id='word_1_830' title='bbox 2033 4173 2133 4209; x_wconf 86' lang='lat' dir='ltr'><strong><em>una</em></strong></span> <span class='ocrx_word' id='word_1_831' title='bbox 2153 4166 2199 4209; x_wconf 87' lang='lat' dir='ltr'><strong><em>et</em></strong></span> <span class='ocrx_word' id='word_1_832' title='bbox 2220 4172 2306 4210; x_wconf 89' lang='lat' dir='ltr'><strong><em>cor</em></strong></span> <span class='ocrx_word' id='word_1_833' title='bbox 2332 4171 2487 4209; x_wconf 74' lang='lat' dir='ltr'><strong><em>unum</em></strong></span> <span class='ocrx_word' id='word_1_834' title='bbox 2510 4155 2561 4207; x_wconf 85' lang='lat' dir='ltr'><strong><em>in</em></strong></span> <span class='ocrx_word' id='word_1_835' title='bbox 2583 4153 2764 4207; x_wconf 83' lang='lat' dir='ltr'><strong><em>Deum.</em></strong></span> <span class='ocrx_word' id='word_1_836' title='bbox 2797 4152 2924 4209; x_wconf 68' lang='lat' dir='ltr'><strong><em>lisse</em></strong></span> <span class='ocrx_word' id='word_1_837' title='bbox 2961 4153 3016 4208; x_wconf 85' lang='lat' dir='ltr'><strong><em>in</em></strong></span> <span class='ocrx_word' id='word_1_838' title='bbox 3040 4153 3177 4208; x_wconf 75' lang='lat' dir='ltr'><strong><em>vobis</em></strong></span> <span class='ocrx_word' id='word_1_839' title='bbox 3213 4152 3364 4217; x_wconf 82' lang='lat' dir='ltr'><strong><em>bona,</em></strong></span> <span class='ocrx_word' id='word_1_840' title='bbox 3395 4151 3503 4206; x_wconf 61' lang='lat' dir='ltr'><strong><em>hac</em></strong></span> <span class='ocrx_word' id='word_1_841' title='bbox 3542 4184 3545 4187; x_wconf 56' lang='grc' dir='ltr'><strong><em>λ</em></strong></span> 
     </span>
    </p>
   </div>
   <div class='ocr_carea' id='block_1_103' title="bbox 1926 4240 3503 4314">
    <p class='ocr_par' dir='ltr' id='par_1_103' title="bbox 1926 4240 3503 4314">
     <span class='ocr_line' id='line_1_103' title="bbox 1926 4240 3503 4314; baseline 0 -17"><span class='ocrx_word' id='word_1_842' title='bbox 1926 4243 2025 4299; x_wconf 88' lang='lat' dir='ltr'><strong><em>Dei</em></strong></span> <span class='ocrx_word' id='word_1_843' title='bbox 2051 4247 2183 4299; x_wconf 84' lang='lat' dir='ltr'><strong><em>dona</em></strong></span> <span class='ocrx_word' id='word_1_844' title='bbox 2206 4244 2547 4305; x_wconf 77' lang='lat' dir='ltr'><strong><em>considerans,</em></strong></span> <span class='ocrx_word' id='word_1_845' title='bbox 2578 4247 2706 4296; x_wconf 79' lang='lat' dir='ltr'><strong><em>inter</em></strong></span> <span class='ocrx_word' id='word_1_846' title='bbox 2746 4244 2929 4296; x_wconf 77' lang='lat' dir='ltr'><strong><em>multas</em></strong></span> <span class='ocrx_word' id='word_1_847' title='bbox 2966 4250 3301 4312; x_wconf 76' lang='lat' dir='ltr'><strong><em>tempestates,</em></strong></span> <span class='ocrx_word' id='word_1_848' title='bbox 3318 4240 3503 4314; x_wconf 82' lang='lat' dir='ltr'><strong><em>quibus</em></strong></span> 
     </span>
    </p>
   </div>
   <div class='ocr_carea' id='block_1_104' title="bbox 1927 4333 3501 4403">
    <p class='ocr_par' dir='ltr' id='par_1_104' title="bbox 1927 4333 3501 4403">
     <span class='ocr_line' id='line_1_104' title="bbox 1927 4333 3501 4403; baseline -0.003 -13"><span class='ocrx_word' id='word_1_849' title='bbox 1927 4352 1989 4389; x_wconf 80' lang='lat' dir='ltr'><strong><em>ea:</em></strong></span> <span class='ocrx_word' id='word_1_850' title='bbox 2026 4336 2141 4389; x_wconf 86' lang='lat' dir='ltr'><strong><em>aliis</em></strong></span> <span class='ocrx_word' id='word_1_851' title='bbox 2171 4333 2318 4388; x_wconf 84' lang='lat' dir='ltr'><strong><em>malis</em></strong></span> <span class='ocrx_word' id='word_1_852' title='bbox 2361 4334 2581 4403; x_wconf 78' lang='lat' dir='ltr'><strong><em>quatitur</em></strong></span> <span class='ocrx_word' id='word_1_853' title='bbox 2611 4350 2697 4386; x_wconf 90' lang='lat' dir='ltr'><strong><em>cor</em></strong></span> <span class='ocrx_word' id='word_1_854' title='bbox 2726 4349 2907 4399; x_wconf 77' lang='lat' dir='ltr'><strong><em>meum,</em></strong></span> <span class='ocrx_word' id='word_1_855' title='bbox 2951 4333 3075 4388; x_wconf 85' lang='lat' dir='ltr'><strong><em>solet</em></strong></span> <span class='ocrx_word' id='word_1_856' title='bbox 3110 4345 3374 4402; x_wconf 83' lang='lat' dir='ltr'><strong><em>utcumque</em></strong></span> <span class='ocrx_word' id='word_1_857' title='bbox 3418 4350 3501 4386; x_wconf 83' lang='lat' dir='ltr'><strong><em>re-</em></strong></span> 
     </span>
    </p>
   </div>
   <div class='ocr_carea' id='block_1_105' title="bbox 1926 4425 3499 4499">
    <p class='ocr_par' dir='ltr' id='par_1_105' title="bbox 1926 4425 3499 4499">
     <span class='ocr_line' id='line_1_105' title="bbox 1926 4425 3499 4499; baseline 0.001 -18"><span class='ocrx_word' id='word_1_858' title='bbox 1926 4429 2178 4499; x_wconf 87' lang='lat' dir='ltr'><strong><em>quiescere</em></strong></span> <span class='ocrx_word' id='word_1_859' title='bbox 2206 4425 2386 4498; x_wconf 83' lang='lat' dir='ltr'><strong><em>(Ibid.,</em></strong></span> <span class='ocrx_word' id='word_1_860' title='bbox 2426 4443 2512 4479; x_wconf 87' lang='lat' dir='ltr'><strong><em>nn.</em></strong></span> <span class='ocrx_word' id='word_1_861' title='bbox 2535 4425 2590 4490; x_wconf 77' lang='lat'><strong><em>9.,</em></strong></span> <span class='ocrx_word' id='word_1_862' title='bbox 2636 4426 2670 4481; x_wconf 78' lang='lat'><strong>5</strong></span> <span class='ocrx_word' id='word_1_863' title='bbox 2684 4426 2726 4495; x_wconf 89' lang='lat'><strong><em>).</em></strong></span> <span class='ocrx_word' id='word_1_864' title='bbox 2747 4425 2998 4492; x_wconf 73' lang='lat' dir='ltr'><strong><em>Quamvis</em></strong></span> <span class='ocrx_word' id='word_1_865' title='bbox 3015 4425 3156 4480; x_wconf 79' lang='lat' dir='ltr'><strong><em>hunc</em></strong></span> <span class='ocrx_word' id='word_1_866' title='bbox 3175 4427 3499 4482; x_wconf 68' lang='lat' dir='ltr'><strong><em>dontiuicum</em></strong></span> 
     </span>
    </p>
   </div>
   <div class='ocr_carea' id='block_1_106' title="bbox 1926 4516 3500 4589">
    <p class='ocr_par' dir='ltr' id='par_1_106' title="bbox 1926 4516 3500 4589">
     <span class='ocr_line' id='line_1_106' title="bbox 1926 4516 3500 4589; baseline 0.001 -16"><span class='ocrx_word' id='word_1_867' title='bbox 1926 4519 2159 4586; x_wconf 89' lang='lat' dir='ltr'><strong><em>hortum,</em></strong></span> <span class='ocrx_word' id='word_1_868' title='bbox 2190 4533 2349 4589; x_wconf 86' lang='lat' dir='ltr'><strong><em>quem</em></strong></span> <span class='ocrx_word' id='word_1_869' title='bbox 2384 4533 2479 4572; x_wconf 89' lang='lat' dir='ltr'><strong><em>suo</em></strong></span> <span class='ocrx_word' id='word_1_870' title='bbox 2518 4517 2630 4586; x_wconf 88' lang='lat' dir='ltr'><strong><em>ipse</em></strong></span> <span class='ocrx_word' id='word_1_871' title='bbox 2670 4516 2851 4572; x_wconf 84' lang='lat' dir='ltr'><strong><em>labore</em></strong></span> <span class='ocrx_word' id='word_1_872' title='bbox 2886 4518 3231 4586; x_wconf 78' lang='lat' dir='ltr'><strong><em>plantaverat,</em></strong></span> <span class='ocrx_word' id='word_1_873' title='bbox 3265 4519 3500 4575; x_wconf 79' lang='lat' dir='ltr'><strong><em>studiose</em></strong></span> 
     </span>
    </p>
   </div>
   <div class='ocr_carea' id='block_1_107' title="bbox 1925 4606 3496 4678">
    <p class='ocr_par' dir='ltr' id='par_1_107' title="bbox 1925 4606 3496 4678">
     <span class='ocr_line' id='line_1_107' title="bbox 1925 4606 3496 4678; baseline -0.002 -13"><span class='ocrx_word' id='word_1_874' title='bbox 1925 4612 2123 4665; x_wconf 86' lang='lat' dir='ltr'><strong><em>coleret</em></strong></span> <span class='ocrx_word' id='word_1_875' title='bbox 2146 4624 2206 4664; x_wconf 89' lang='lat' dir='ltr'><strong><em>ac</em></strong></span> <span class='ocrx_word' id='word_1_876' title='bbox 2221 4609 2498 4678; x_wconf 83' lang='lat' dir='ltr'><strong><em>diligenter</em></strong></span> <span class='ocrx_word' id='word_1_877' title='bbox 2529 4606 2775 4677; x_wconf 80' lang='lat' dir='ltr'><strong><em>irrigaret</em></strong></span> <span class='ocrx_word' id='word_1_878' title='bbox 2801 4625 2814 4673; x_wconf 89' lang='lat'><strong>;</strong></span> <span class='ocrx_word' id='word_1_879' title='bbox 2845 4609 2992 4662; x_wconf 84' lang='lat' dir='ltr'><strong><em>illum</em></strong></span> <span class='ocrx_word' id='word_1_880' title='bbox 3026 4618 3198 4664; x_wconf 83' lang='lat' dir='ltr'><strong><em>tamen</em></strong></span> <span class='ocrx_word' id='word_1_881' title='bbox 3221 4609 3286 4664; x_wconf 83' lang='lat' dir='ltr'><strong><em>ad</em></strong></span> <span class='ocrx_word' id='word_1_882' title='bbox 3318 4610 3496 4664; x_wconf 84' lang='lat' dir='ltr'><strong><em>visen-</em></strong></span> 
     </span>
    </p>
   </div>
   <div class='ocr_carea' id='block_1_108' title="bbox 1927 4698 3494 4755">
    <p class='ocr_par' dir='ltr' id='par_1_108' title="bbox 1927 4698 3494 4755">
     <span class='ocr_line' id='line_1_108' title="bbox 1927 4698 3494 4755; baseline -0.002 -1"><span class='ocrx_word' id='word_1_883' title='bbox 1927 4700 2021 4755; x_wconf 89' lang='lat' dir='ltr'><strong><em>das</em></strong></span> <span class='ocrx_word' id='word_1_884' title='bbox 2047 4699 2470 4754; x_wconf 75' lang='lat' dir='ltr'><strong><em>sanctimonialcs</em></strong></span> <span class='ocrx_word' id='word_1_885' title='bbox 2496 4712 2619 4752; x_wconf 85' lang='lat' dir='ltr'><strong><em>raro</em></strong></span> <span class='ocrx_word' id='word_1_886' title='bbox 2648 4698 2929 4752; x_wconf 87' lang='lat' dir='ltr'><strong><em>admodum</em></strong></span> <span class='ocrx_word' id='word_1_887' title='bbox 2971 4699 3149 4754; x_wconf 77' lang='lat' dir='ltr'><strong><em>adibat</em></strong></span> <span class='ocrx_word' id='word_1_888' title='bbox 3178 4717 3192 4754; x_wconf 87' lang='lat'><strong>:</strong></span> <span class='ocrx_word' id='word_1_889' title='bbox 3219 4714 3316 4754; x_wconf 89' lang='lat' dir='ltr'><strong><em>nec</em></strong></span> <span class='ocrx_word' id='word_1_890' title='bbox 3352 4700 3494 4754; x_wconf 91' lang='lat' dir='ltr'><strong><em>enim</em></strong></span> 
     </span>
    </p>
   </div>
   <div class='ocr_carea' id='block_1_109' title="bbox 1924 4789 3498 4858">
    <p class='ocr_par' dir='ltr' id='par_1_109' title="bbox 1924 4789 3498 4858">
     <span class='ocr_line' id='line_1_109' title="bbox 1924 4789 3498 4858; baseline -0.001 -13"><span class='ocrx_word' id='word_1_891' title='bbox 1924 4792 2242 4847; x_wconf 74' lang='lat' dir='ltr'><strong><em>feininarum</em></strong></span> <span class='ocrx_word' id='word_1_892' title='bbox 2283 4790 2599 4842; x_wconf 84' lang='lat' dir='ltr'><strong><em>monasteria</em></strong></span> <span class='ocrx_word' id='word_1_893' title='bbox 2622 4789 2787 4858; x_wconf 90' lang='lat' dir='ltr'><strong><em>(quod</em></strong></span> <span class='ocrx_word' id='word_1_894' title='bbox 2809 4789 3074 4844; x_wconf 82' lang='lat' dir='ltr'><strong><em>Possidius</em></strong></span> <span class='ocrx_word' id='word_1_895' title='bbox 3101 4791 3382 4845; x_wconf 81' lang='lat' dir='ltr'><strong><em>observata</em></strong></span> <span class='ocrx_word' id='word_1_896' title='bbox 3416 4789 3498 4843; x_wconf 84' lang='lat' dir='ltr'><strong><em>di-</em></strong></span> 
     </span>
    </p>
   </div>
   <div class='ocr_carea' id='block_1_110' title="bbox 1924 4883 3491 4957">
    <p class='ocr_par' dir='ltr' id='par_1_110' title="bbox 1924 4883 3491 4957">
     <span class='ocr_line' id='line_1_110' title="bbox 1924 4883 3491 4957; baseline -0.001 -17"><span class='ocrx_word' id='word_1_897' title='bbox 1924 4903 2081 4957; x_wconf 72' lang='lat' dir='ltr'><strong><em>gnum</em></strong></span> <span class='ocrx_word' id='word_1_898' title='bbox 2109 4883 2383 4956; x_wconf 84' lang='lat' dir='ltr'><strong><em>judicavit)</em></strong></span> <span class='ocrx_word' id='word_1_899' title='bbox 2411 4884 2509 4938; x_wconf 88' lang='lat' dir='ltr'><strong><em>uisi</em></strong></span> <span class='ocrx_word' id='word_1_900' title='bbox 2535 4884 2851 4940; x_wconf 87' lang='lat' dir='ltr'><strong><em>necessitate</em></strong></span> <span class='ocrx_word' id='word_1_901' title='bbox 2869 4900 3071 4940; x_wconf 88' lang='lat' dir='ltr'><strong><em>summa</em></strong></span> <span class='ocrx_word' id='word_1_902' title='bbox 3091 4887 3392 4954; x_wconf 88' lang='lat' dir='ltr'><strong><em>compulsus</em></strong></span> <span class='ocrx_word' id='word_1_903' title='bbox 3409 4886 3491 4939; x_wconf 87' lang='lat' dir='ltr'><strong><em>vi-</em></strong></span> 
     </span>
    </p>
   </div>
   <div class='ocr_carea' id='block_1_111' title="bbox 1923 4974 3551 5047">
    <p class='ocr_par' dir='ltr' id='par_1_111' title="bbox 1923 4974 3551 5047">
     <span class='ocr_line' id='line_1_111' title="bbox 1923 4974 3551 5047; baseline -0.001 -15"><span class='ocrx_word' id='word_1_904' title='bbox 1923 4977 2111 5032; x_wconf 80' lang='lat' dir='ltr'><strong><em>silahat</em></strong></span> <span class='ocrx_word' id='word_1_905' title='bbox 2136 4975 2441 5047; x_wconf 78' lang='lat' dir='ltr'><strong><em>(Possidius,</em></strong></span> <span class='ocrx_word' id='word_1_906' title='bbox 2468 4976 2519 5029; x_wconf 83' lang='lat' dir='ltr'><strong><em>in</em></strong></span> <span class='ocrx_word' id='word_1_907' title='bbox 2562 4974 2673 5029; x_wconf 81' lang='lat' dir='ltr'><strong><em>Vita</em></strong></span> <span class='ocrx_word' id='word_1_908' title='bbox 2698 4976 2995 5045; x_wconf 80' lang='lat' dir='ltr'><strong><em>Augustini,</em></strong></span> <span class='ocrx_word' id='word_1_909' title='bbox 3037 4992 3084 5028; x_wconf 89' lang='lat' dir='ltr'><strong><em>c.</em></strong></span> <span class='ocrx_word' id='word_1_910' title='bbox 3109 4975 3220 5045; x_wconf 70' lang='lat'><strong><em>26).</em></strong></span> <span class='ocrx_word' id='word_1_911' title='bbox 3253 4975 3494 5046; x_wconf 71' lang='lat' dir='ltr'><strong><em>Suntqui</em></strong></span> <span class='ocrx_word' id='word_1_912' title='bbox 3544 5012 3551 5015; x_wconf 99' lang='lat'><em>-</em></span> 
     </span>
    </p>
   </div>
   <div class='ocr_carea' id='block_1_112' title="bbox 1923 5065 3491 5137">
    <p class='ocr_par' dir='ltr' id='par_1_112' title="bbox 1923 5065 3491 5137">
     <span class='ocr_line' id='line_1_112' title="bbox 1923 5065 3491 5137; baseline -0.002 -13"><span class='ocrx_word' id='word_1_913' title='bbox 1923 5068 2378 5124; x_wconf 86' lang='lat' dir='ltr'><strong><em>existimenthanc</em></strong></span> <span class='ocrx_word' id='word_1_914' title='bbox 2406 5066 2738 5137; x_wconf 68' lang='lat' dir='ltr'><strong><em>prazpositam</em></strong></span> <span class='ocrx_word' id='word_1_915' title='bbox 2760 5066 2920 5120; x_wconf 72' lang='lat' dir='ltr'><strong><em>fuisse</em></strong></span> <span class='ocrx_word' id='word_1_916' title='bbox 2954 5067 3117 5134; x_wconf 79' lang='lat' dir='ltr'><strong><em>ipsum</em></strong></span> <span class='ocrx_word' id='word_1_917' title='bbox 3144 5065 3491 5135; x_wconf 82' lang='lat' dir='ltr'><strong><em>Felicitatem,</em></strong></span> 
     </span>
    </p>
   </div>
   <div class='ocr_carea' id='block_1_113' title="bbox 1924 5158 3495 5231">
    <p class='ocr_par' dir='ltr' id='par_1_113' title="bbox 1924 5158 3495 5231">
     <span class='ocr_line' id='line_1_113' title="bbox 1924 5158 3495 5231; baseline 0 -15"><span class='ocrx_word' id='word_1_918' title='bbox 1924 5163 2006 5216; x_wconf 86' lang='lat' dir='ltr'><strong><em>cui</em></strong></span> <span class='ocrx_word' id='word_1_919' title='bbox 2026 5161 2344 5230; x_wconf 81' lang='lat' dir='ltr'><strong><em>Augustinus</em></strong></span> <span class='ocrx_word' id='word_1_920' title='bbox 2366 5160 2645 5230; x_wconf 86' lang='lat' dir='ltr'><strong><em>epistolam</em></strong></span> <span class='ocrx_word' id='word_1_921' title='bbox 2673 5174 2793 5215; x_wconf 88' lang='lat' dir='ltr'><strong><em>cum</em></strong></span> <span class='ocrx_word' id='word_1_922' title='bbox 2819 5160 2980 5215; x_wconf 80' lang='lat' dir='ltr'><strong><em>haece</em></strong></span> <span class='ocrx_word' id='word_1_923' title='bbox 3012 5158 3354 5227; x_wconf 75' lang='lat' dir='ltr'><strong><em>inscriptione</em></strong></span> <span class='ocrx_word' id='word_1_924' title='bbox 3372 5175 3495 5231; x_wconf 78' lang='lat' dir='ltr'><strong><em>per-</em></strong></span> 
     </span>
    </p>
   </div>
   <div class='ocr_carea' id='block_1_114' title="bbox 1922 5249 3494 5309">
    <p class='ocr_par' dir='ltr' id='par_1_114' title="bbox 1922 5249 3494 5309">
     <span class='ocr_line' id='line_1_114' title="bbox 1922 5249 3494 5309; baseline -0.001 -2"><span class='ocrx_word' id='word_1_925' title='bbox 1922 5252 2192 5309; x_wconf 85' lang='lat' dir='ltr'><strong><em>ferendam</em></strong></span> <span class='ocrx_word' id='word_1_926' title='bbox 2214 5252 2359 5307; x_wconf 84' lang='lat' dir='ltr'><strong><em>dedit</em></strong></span> <span class='ocrx_word' id='word_1_927' title='bbox 2381 5270 2392 5304; x_wconf 90' lang='lat'>:</span> <span class='ocrx_word' id='word_1_928' title='bbox 2419 5250 2770 5305; x_wconf 73' lang='lat' dir='ltr'><strong><em>Dilectissimo:</em></strong></span> <span class='ocrx_word' id='word_1_929' title='bbox 2792 5258 2839 5303; x_wconf 86' lang='lat' dir='ltr'><strong><em>et</em></strong></span> <span class='ocrx_word' id='word_1_930' title='bbox 2864 5249 3190 5303; x_wconf 70' lang='lat' dir='ltr'><strong><em>sanctissima:</em></strong></span> <span class='ocrx_word' id='word_1_931' title='bbox 3212 5250 3361 5305; x_wconf 65' lang='lat' dir='ltr'><strong><em>matri</em></strong></span> <span class='ocrx_word' id='word_1_932' title='bbox 3387 5249 3494 5305; x_wconf 86' lang='lat' dir='ltr'><strong><em>Fe-</em></strong></span> 
     </span>
    </p>
   </div>
   <div class='ocr_carea' id='block_1_115' title="bbox 1923 5339 3491 5415">
    <p class='ocr_par' dir='ltr' id='par_1_115' title="bbox 1923 5339 3491 5415">
     <span class='ocr_line' id='line_1_115' title="bbox 1923 5339 3491 5415; baseline -0.003 -17"><span class='ocrx_word' id='word_1_933' title='bbox 1923 5345 2115 5409; x_wconf 87' lang='lat' dir='ltr'><strong><em>licitati,</em></strong></span> <span class='ocrx_word' id='word_1_934' title='bbox 2138 5350 2185 5397; x_wconf 90' lang='lat' dir='ltr'><strong><em>et</em></strong></span> <span class='ocrx_word' id='word_1_935' title='bbox 2208 5342 2349 5415; x_wconf 85' lang='lat' dir='ltr'><strong><em>fratri</em></strong></span> <span class='ocrx_word' id='word_1_936' title='bbox 2373 5341 2602 5407; x_wconf 85' lang='lat' dir='ltr'><strong><em>Rustico,</em></strong></span> <span class='ocrx_word' id='word_1_937' title='bbox 2619 5348 2671 5394; x_wconf 83' lang='lat' dir='ltr'><strong><em>et</em></strong></span> <span class='ocrx_word' id='word_1_938' title='bbox 2695 5339 2948 5394; x_wconf 85' lang='lat' dir='ltr'><strong><em>sororibus</em></strong></span> <span class='ocrx_word' id='word_1_939' title='bbox 2963 5355 3076 5408; x_wconf 67' lang='lat' dir='ltr'><strong><em>qua:</em></strong></span> <span class='ocrx_word' id='word_1_940' title='bbox 3098 5339 3349 5394; x_wconf 78' lang='lat' dir='ltr'><strong><em>uobiscum</em></strong></span> <span class='ocrx_word' id='word_1_941' title='bbox 3374 5351 3491 5396; x_wconf 84' lang='lat' dir='ltr'><strong><em>sunt</em></strong></span> 
     </span>
    </p>
   </div>
   <div class='ocr_carea' id='block_1_116' title="bbox 1923 5430 3492 5508">
    <p class='ocr_par' dir='ltr' id='par_1_116' title="bbox 1923 5430 3492 5508">
     <span class='ocr_line' id='line_1_116' title="bbox 1923 5430 3492 5508; baseline 0.001 -20"><span class='ocrx_word' id='word_1_942' title='bbox 1923 5434 2111 5508; x_wconf 77' lang='lat' dir='ltr'><strong><em>(Epist.</em></strong></span> <span class='ocrx_word' id='word_1_943' title='bbox 2144 5435 2288 5503; x_wconf 69' lang='lat'><strong><em>210).</em></strong></span> <span class='ocrx_word' id='word_1_944' title='bbox 2318 5435 2398 5489; x_wconf 88' lang='lat' dir='ltr'><strong><em>An</em></strong></span> <span class='ocrx_word' id='word_1_945' title='bbox 2428 5432 2672 5493; x_wconf 72' lang='lat' dir='ltr'><strong><em>Rusticus</em></strong></span> <span class='ocrx_word' id='word_1_946' title='bbox 2706 5430 2847 5487; x_wconf 83' lang='lat' dir='ltr'><strong><em>illius</em></strong></span> <span class='ocrx_word' id='word_1_947' title='bbox 2885 5432 3186 5486; x_wconf 70' lang='lat' dir='ltr'><strong><em>monasterii</em></strong></span> <span class='ocrx_word' id='word_1_948' title='bbox 3210 5432 3492 5501; x_wconf 79' lang='lat' dir='ltr'><strong><em>presbyter</em></strong></span> 
     </span>
    </p>
   </div>
   <div class='ocr_carea' id='block_1_117' title="bbox 1921 5524 3491 5594">
    <p class='ocr_par' dir='ltr' id='par_1_117' title="bbox 1921 5524 3491 5594">
     <span class='ocr_line' id='line_1_117' title="bbox 1921 5524 3491 5594; baseline 0.001 -15"><span class='ocrx_word' id='word_1_949' title='bbox 1921 5526 2097 5594; x_wconf 80' lang='lat' dir='ltr'><strong><em>fuerit,</em></strong></span> <span class='ocrx_word' id='word_1_950' title='bbox 2127 5526 2275 5580; x_wconf 89' lang='lat' dir='ltr'><strong><em>nobis</em></strong></span> <span class='ocrx_word' id='word_1_951' title='bbox 2314 5539 2419 5579; x_wconf 88' lang='lat' dir='ltr'><strong><em>non</em></strong></span> <span class='ocrx_word' id='word_1_952' title='bbox 2447 5524 2627 5594; x_wconf 83' lang='lat' dir='ltr'><strong><em>liquet.</em></strong></span> <span class='ocrx_word' id='word_1_953' title='bbox 2659 5524 2785 5578; x_wconf 86' lang='lat' dir='ltr'><strong><em>Erat</em></strong></span> <span class='ocrx_word' id='word_1_954' title='bbox 2804 5524 3019 5594; x_wconf 78' lang='lat' dir='ltr'><strong><em>quidam</em></strong></span> <span class='ocrx_word' id='word_1_955' title='bbox 3061 5524 3217 5594; x_wconf 84' lang='lat' dir='ltr'><strong><em>hujus</em></strong></span> <span class='ocrx_word' id='word_1_956' title='bbox 3260 5524 3491 5580; x_wconf 74' lang='lat' dir='ltr'><strong><em>nominis</em></strong></span> 
     </span>
    </p>
   </div>
   <div class='ocr_carea' id='block_1_118' title="bbox 1921 5615 3492 5687">
    <p class='ocr_par' dir='ltr' id='par_1_118' title="bbox 1921 5615 3492 5687">
     <span class='ocr_line' id='line_1_118' title="bbox 1921 5615 3492 5687; baseline 0.001 -17"><span class='ocrx_word' id='word_1_957' title='bbox 1921 5618 2058 5671; x_wconf 86' lang='lat' dir='ltr'><strong><em>inter</em></strong></span> <span class='ocrx_word' id='word_1_958' title='bbox 2088 5616 2422 5686; x_wconf 85' lang='lat' dir='ltr'><strong><em>presbyteros</em></strong></span> <span class='ocrx_word' id='word_1_959' title='bbox 2445 5615 2834 5685; x_wconf 85' lang='lat' dir='ltr'><strong><em>Hipponenses,</em></strong></span> <span class='ocrx_word' id='word_1_960' title='bbox 2866 5631 3004 5673; x_wconf 83' lang='lat' dir='ltr'><strong><em>anno</em></strong></span> <span class='ocrx_word' id='word_1_961' title='bbox 3035 5616 3492 5687; x_wconf 66' lang='lat' dir='ltr'><strong><em>quadringentos:-</em></strong></span> 
     </span>
    </p>
   </div>
   <div class='ocr_carea' id='block_1_119' title="bbox 1918 5704 3489 5782">
    <p class='ocr_par' dir='ltr' id='par_1_119' title="bbox 1918 5704 3489 5782">
     <span class='ocr_line' id='line_1_119' title="bbox 1918 5704 3489 5782; baseline 0.001 -17"><span class='ocrx_word' id='word_1_962' title='bbox 1918 5724 2007 5765; x_wconf 90' lang='lat' dir='ltr'><strong><em>mo</em></strong></span> <span class='ocrx_word' id='word_1_963' title='bbox 2034 5709 2280 5778; x_wconf 83' lang='lat' dir='ltr'><strong><em>vigesimo</em></strong></span> <span class='ocrx_word' id='word_1_964' title='bbox 2309 5716 2458 5764; x_wconf 81' lang='lat' dir='ltr'><strong><em>sexto</em></strong></span> <span class='ocrx_word' id='word_1_965' title='bbox 2505 5704 2695 5782; x_wconf 82' lang='lat' dir='ltr'><strong><em>(Epist.</em></strong></span> <span class='ocrx_word' id='word_1_966' title='bbox 2736 5709 2858 5776; x_wconf 74' lang='lat'><strong><em>215,</em></strong></span> <span class='ocrx_word' id='word_1_967' title='bbox 2892 5728 2945 5765; x_wconf 78' lang='grc' dir='ltr'><strong><em>ιι.</em></strong></span> <span class='ocrx_word' id='word_1_968' title='bbox 2977 5707 3051 5782; x_wconf 85' lang='grc'><strong><em>1).</em></strong></span> <span class='ocrx_word' id='word_1_969' title='bbox 3092 5710 3145 5764; x_wconf 86' lang='lat' dir='ltr'><strong><em>ln</em></strong></span> <span class='ocrx_word' id='word_1_970' title='bbox 3185 5710 3276 5766; x_wconf 82' lang='lat' dir='ltr'><strong><em>illo</em></strong></span> <span class='ocrx_word' id='word_1_971' title='bbox 3304 5722 3489 5767; x_wconf 66' lang='lat' dir='ltr'><strong><em>autem</em></strong></span> 
     </span>
    </p>
   </div>
  </div>
