3990 6360
409 267 517 328 133

408 383 477 440 de
527 395 634 453 quo
675 379 824 452 prius
861 376 1205 443 dicebamus,
1249 371 1495 429 emnobio
1547 367 1995 426 tumultuantibus

407 473 694 546 plurimum
723 467 1239 534 sanctimonialibus,
1261 471 1322 520 ut
1339 463 1440 519 sibi
1459 471 1756 518 mutaretur
1782 473 1994 530 praepo-

409 565 531 632 sita,
555 566 623 621 ob
653 564 809 635 idque
851 559 1131 632 Augustini
1165 564 1508 628 conspectum
1546 567 1870 624 magnopere
1897 566 1993 606 ex-

410 657 731 728 petentibus,
767 661 850 710 sat
888 652 1073 707 habuit
1096 658 1311 708 sanctus
1350 647 1646 718 Episcopus
1683 644 1992 715 objurgato-

409 751 540 807 riam
568 751 634 804 ad
663 751 776 804 illas
803 748 1080 818 epistolam
1108 745 1258 812 dare,
1295 743 1347 798 in
1374 757 1478 812 qua
1496 741 1842 794 vehementer
1875 737 1995 808 qui-

407 843 548 906 dem,
583 841 675 896 sed
707 850 883 895 tamen
907 846 1148 893 amanter
1180 837 1233 891 in
1257 850 1439 890 earum
1465 834 1673 903 culpam
1702 831 1986 886 invehitur.

408 933 636 988 Easdem
651 933 978 996 cohortatur,
997 939 1056 985 ut
1075 931 1127 984 in
1148 930 1292 984 bono
1314 923 1586 998 preposito
1614 929 1989 994 perseverent;

405 1025 547 1095 quod
578 1026 619 1079 si
655 1025 864 1090 faciant,
896 1024 963 1077 de
985 1021 1233 1077 mutanda
1249 1018 1553 1090 praeposita,
1585 1031 1689 1071 non
1715 1016 1848 1085 ultra
1873 1029 1992 1069 esse

406 1119 694 1171 locuturas.
714 1114 1030 1188 Tranquillet
1047 1112 1196 1177 Deus,
1229 1109 1419 1181 inquit,
1441 1116 1490 1164 et
1509 1114 1776 1177 componat
1795 1107 1992 1159 animos

407 1219 623 1274 vestros;
649 1225 747 1262 non
787 1209 838 1262 iu
870 1208 1005 1262 vobis
1041 1204 1309 1276 praevaleat
1350 1217 1477 1271 opus
1519 1199 1726 1264 diaboli,
1757 1197 1847 1252 sed
1891 1213 1993 1265 pax

407 1301 594 1356 Christi
620 1301 784 1354 vincat
808 1301 858 1353 in
886 1297 1116 1353 cordibus
1144 1296 1318 1350 vestris
1349 1310 1367 1348 :
1391 1310 1481 1348 nec
1496 1291 1671 1346 dolore
1699 1290 1856 1344 animi
1875 1290 1993 1360 quia

408 1410 507 1446 non
535 1394 589 1461 ﬁt
621 1393 754 1463 quod
791 1392 957 1454 vultis,
986 1389 1062 1444 vel
1091 1389 1211 1460 quia
1251 1386 1402 1456 pudet
1443 1384 1658 1438 voluisse
1699 1381 1833 1450 quod
1869 1380 1994 1434 velle

407 1500 509 1536 non
540 1482 797 1546 debuistis,
830 1480 1164 1535 erubescendo
1188 1478 1404 1532 curratis
1422 1477 1476 1530 in
1515 1484 1755 1538 mortem;
1781 1473 1868 1529 sed
1899 1488 1991 1542 po-

408 1575 503 1626 tius
534 1573 817 1642 pmnitendo
855 1571 1117 1624 resumatis
1148 1571 1397 1631 virtutem,
1442 1583 1529 1619 nec
1577 1564 1798 1618 habeatis
1826 1563 1994 1633 poeni.-

407 1665 612 1717 tentiam
632 1663 788 1718 Judw
837 1663 1115 1728 traditoris,
1145 1661 1234 1715 sed
1261 1661 1428 1730 potius
1461 1659 1712 1728 lacrymas
1741 1655 1885 1710 Petri
1910 1673 1995 1726 pa-

406 1756 552 1808 storis
580 1753 770 1825 (Epist.
799 1753 926 1820 2H,
973 1771 1024 1806 η.
1049 1753 1124 1822 4).
1167 1750 1277 1806 Sub
1327 1750 1511 1804 istbaec
1538 1748 1699 1802 verba
1740 1747 1992 1801 continuo

409 1846 595 1915 incipit
628 1846 827 1916 Regula
870 1844 1362 1899 sanctimonialibus
1386 1841 1695 1912 praescripta
1720 1841 1788 1896 ab
1811 1840 1990 1910 Augu-

408 1939 568 2003 stino,
594 1953 763 2008 coque
789 1947 1006 1992 auctore
1034 1951 1249 2006 prorsus
1266 1934 1445 2003 digna.

1036 2028 1260 2084 CAPUT
1298 2027 1387 2082 VI.

409 2123 434 2176 ί
469 2122 703 2176 Aurelius
723 2131 920 2176 creatur
957 2122 1221 2192 episcopus
1246 2117 1671 2189 Carthaginensis,
1703 2133 1764 2178 ea:
1791 2132 1890 2189 quo
1915 2116 1996 2169 in-

478 2226 645 2288 gentes
687 2218 738 2269 in
779 2215 1033 2270 Ecclesias
1079 2213 1348 2282 Africanas
1397 2211 1681 2266 redundant
1727 2207 1987 2262 utilitates.

477 2307 513 2361 2
535 2308 613 2360 Ad
632 2325 743 2361 eum
770 2306 938 2360 scribit
970 2305 1296 2377 Augustinus,
1327 2319 1426 2373 quo
1453 2302 1515 2356 ab
1545 2301 1768 2354 ecclesiis
1797 2316 1990 2352 comes-

478 2402 696 2456 sationes
725 2409 771 2453 et
798 2399 928 2453 alias
957 2397 1207 2470 foeditates
1224 2399 1444 2467 auferat.
1469 2395 1503 2450 5
1534 2393 1683 2446 Dolet
1711 2391 1993 2445 contentio-

478 2508 590 2546 nem
619 2502 664 2544 et
690 2505 833 2544 vana!
861 2489 1026 2544 laudis
1045 2488 1325 2558 appetitum
1352 2488 1405 2540 in
1423 2485 1548 2555 ipsis
1571 2499 1766 2556 quoque
1802 2482 1995 2537 clericis

475 2583 706 2636 inveniri.

480 2674 529 2728 1.
555 2673 689 2728 Cum
727 2670 1055 2742 Augustinus
1090 2683 1157 2724 ex
1186 2667 1335 2722 Italia
1377 2665 1531 2722 rediit
1579 2673 1810 2720 exeunte
1851 2680 1995 2718 anno

407 2768 781 2824 trecentesimo
833 2765 1158 2836 octogesimo
1205 2769 1428 2826 octavo,
1472 2760 1717 2815 Aurelius
1773 2766 1887 2812 erat
1930 2773 1995 2812 eo

407 2869 650 2931 tempore
671 2859 925 2914 diaconus
941 2855 1376 2927 Carthaginensis
1393 2853 1492 2926 (De
1509 2853 1611 2908 Civ.
1642 2851 1754 2918 Dei,
1785 2850 1870 2904 lib.
1901 2849 1992 2916 22,

406 2970 520 3024 cap.
554 2953 606 3016 8,
641 2969 692 3005 η.
741 2950 819 3022 5).
860 2949 955 3005 Hic
995 2949 1048 3004 in
1067 2964 1132 3004 eo
1161 2948 1335 3003 adhuc
1359 2947 1675 3002 constitutus
1700 2945 1887 3016 gradu,
1918 2946 1994 2998 vi-

406 3045 571 3100 tiosas
597 3042 877 3113 quasdam,
911 3056 1028 3111 qua:
1057 3056 1152 3110 per
1185 3037 1420 3094 Africam
1441 3039 1656 3106 impune
1680 3036 1991 3105 regnabant,

407 3135 820 3191 consuetudines
851 3133 1197 3188 intoleranter
1212 3131 1443 3193 dolebat,
1466 3131 1572 3184 imo
1591 3130 1990 3184 exsecrabatur.

407 3225 562 3283 Unde
587 3243 705 3281 cum
733 3225 797 3280 ad
842 3223 1312 3294 Carthaginensem
1355 3221 1661 3276 cathedram
1711 3229 1994 3290 provectus

407 3323 509 3380 est,
540 3317 717 3371 nullus
744 3331 809 3372 eo
823 3317 1032 3386 dignior
1057 3316 1222 3379 visus,
1252 3314 1343 3384 qui
1373 3328 1482 3367 suae
1507 3313 1650 3368 sedis
1679 3313 1994 3367 auctoritate

407 3407 519 3463 illis
535 3407 860 3464 mederetur.
887 3408 987 3474 Qui
1008 3406 1300 3461 Ecclesiam
1323 3420 1388 3459 ex
1405 3403 1584 3458 animo
1599 3404 1906 3473 diligebant,
1936 3411 1995 3458 ut

407 3500 756 3571 Augustinus,
798 3506 853 3554 et
881 3507 1036 3554 antea
1060 3498 1346 3567 desperare
1373 3497 1688 3550 videbantur
1711 3497 1885 3566 turpia
1913 3495 1993 3551 vi-

409 3593 504 3657 tia,
531 3607 650 3663 quae
702 3592 954 3662 pleraque
991 3592 1142 3648 illius
1184 3591 1424 3646 membra
1466 3588 1854 3654 deformabunt,
1886 3597 1990 3644 eta

404 3684 592 3755 paucis
624 3684 742 3737 aliis
770 3685 999 3754 gemitus
1038 3683 1337 3747 eliciebant,
1371 3698 1434 3736 ex
1485 3697 1544 3736 ea
1578 3695 1805 3750 unquam
1837 3696 1993 3750 posse

405 3775 694 3847 proscribi;
727 3775 818 3830 ubi
844 3776 1229 3841 auctoritatem
1275 3775 1527 3828 divinitus
1565 3773 1780 3827 Aurelio
1812 3773 1991 3829 videre

407 3870 681 3932 tributam,
719 3871 830 3938 jam
860 3885 962 3922 non
993 3868 1278 3938 desperare
1316 3874 1612 3937 coeperunt.
1655 3866 1790 3933 Quin
1832 3868 1989 3922 etiam

407 3977 531 4017 cum
557 3976 678 4016 eum
705 3961 825 4030 plus
857 3960 1078 4014 interius
1116 3975 1210 4029 per
1246 3959 1515 4024 virtutem,
1540 3973 1697 4028 quam
1737 3959 1866 4013 foris
1898 3973 1992 4028 per

406 4055 716 4126 dignitatem
741 4055 978 4108 eminere
1014 4053 1319 4119 crederent,
1359 4053 1410 4105 in
1447 4068 1596 4123 Spem
1638 4051 1990 4106 certissimam

407 4147 618 4202 adducti
645 4155 788 4211 sunt,
821 4145 934 4200 fore
959 4155 1016 4200 ut
1043 4145 1199 4200 foeda:
1241 4144 1345 4199 illa:
1385 4143 1796 4198 consuetudines
1817 4153 1870 4197 et
1895 4142 1992 4205 hu-

291 4292 312 4312 ,
401 4241 489 4310 jus
517 4239 750 4310 episcopi
772 4239 1072 4308 prudentia,
1102 4247 1156 4293 et
1170 4238 1516 4292 conciliorum
1539 4253 1659 4308 quae
1673 4247 1994 4292 convocatu-

405 4348 498 4387 rus
527 4342 639 4386 erat
661 4330 978 4402 auctoritate
1003 4330 1332 4384 tollerentur.
1363 4329 1468 4383 Nec
1487 4343 1612 4382 vero
1641 4344 1763 4398 spes
1794 4342 1887 4382 eos
1918 4326 1994 4380 fe-

406 4422 561 4479 fellit.
581 4424 826 4478 Aurelius
851 4425 990 4478 enim
1009 4439 1106 4493 qua
1117 4429 1436 4492 ntoeumque
1456 4432 1696 4493 tempore
1721 4423 1994 4492 Carthagi-

406 4531 630 4574 nensem
655 4517 791 4572 rexit
818 4518 1130 4594 Ecclesiam,
1154 4533 1367 4586 semper
1393 4533 1451 4572 se
1481 4517 1850 4586 dignissimum
1880 4518 1991 4589 Cy-

409 4609 582 4679 priani
612 4623 976 4664 successorem
1009 4610 1250 4679 praebuit.
1287 4608 1434 4662 Haud
1466 4609 1596 4662 alias
1624 4611 1991 4679 magis,quam

403 4717 472 4757 eo
497 4702 742 4771 prtesule,
766 4701 943 4755 ﬂoruit
966 4701 1214 4757 Africana
1248 4702 1508 4756 Ecclesia.
1547 4701 1699 4756 Nulla
1732 4718 1851 4770 pars
1882 4701 1990 4754 Ee-

407 4793 587 4848 clesia:
613 4793 884 4848 catholicae
915 4794 1036 4863 plus
1058 4793 1243 4863 gratiae
1287 4802 1341 4849 et
1373 4794 1580 4863 pietatis
1619 4810 1728 4863 prtc
1768 4810 1826 4848 se
1855 4793 1994 4848 fere—

409 4887 500 4940 bat
530 4895 621 4940 :et
645 4887 774 4940 citra
805 4887 1118 4940 temeritatis
1157 4893 1335 4941 notam
1374 4885 1581 4941 videtur
1601 4887 1765 4941 asseri
1798 4901 1987 4955 posse,

406 4978 694 5033 secundum
716 4979 1006 5048 apostolica
1039 4987 1274 5049 tempora
1290 4994 1547 5049 nusquam
1564 4979 1840 5052 religionis.
1853 4978 1992 5032 chri-

405 5071 592 5132 stianae
608 5071 937 5142 dignitatem,
957 5072 1330 5128 ecclesiasticas
1349 5071 1603 5126 doctrinm
1618 5071 1989 5138 eruditionem,

405 5168 463 5214 et
490 5161 805 5230 episcopalis
831 5162 1103 5232 regiminis
1129 5161 1353 5217 formam
1395 5170 1538 5217 tanta
1563 5177 1682 5216 cum
1717 5161 1868 5215 laude
1896 5161 1995 5216 cla-

405 5250 597 5315 ruisse,
626 5260 821 5320 quanta
866 5252 1030 5306 eluxit
1067 5253 1118 5306 in
1154 5252 1402 5307 Africana
1434 5252 1672 5307 Ecclesia
1716 5251 1996 5306 fortunatis

406 5341 512 5396 illis
563 5341 908 5412 temporibus,
937 5343 1128 5412 quibus
1157 5353 1315 5413 caput
1346 5344 1530 5397 habuit
1557 5343 1850 5409 Aurelium,
1875 5344 1993 5396 ani~

408 5447 549 5486 mam
577 5433 948 5504 Augustinum.
973 5435 1038 5490 Hi
1058 5437 1307 5491 nimirum
1355 5437 1460 5490 duo
1500 5434 1679 5490 eximii
1717 5433 1991 5505 praesules,

405 5527 474 5578 ad
499 5525 722 5579 fratrum
761 5540 979 5582 suorum
1016 5527 1307 5583 subsidium
1351 5536 1492 5581 tanta
1526 5542 1737 5598 semper
1763 5525 1996 5582 necessi-

409 5614 590 5670 tudine
623 5616 840 5672 fuerunt
884 5619 1107 5673 invicem
1148 5619 1437 5689 conjuncti,
1473 5629 1660 5674 utnec
1685 5618 1826 5673 sedis
1854 5617 1994 5673 illius

407 5709 733 5778 praestantia,
763 5725 863 5766 nec
891 5709 1111 5766 illustris
1131 5720 1183 5766 et
1207 5721 1497 5782 pervagata
1523 5710 1676 5766 istius
1705 5710 1864 5776 fama,
1910 5724 1996 5765 θοι

1509 253 1670 313 VITA
1705 253 1762 312 Β.
1802 248 2166 311 AUGUSTINI
2206 251 2527 311 EPISCOPI.

3585 270 3694 329 184

2103 384 2218 423 rum
2257 372 2542 427 amicitiam
2589 373 2698 431 ullo
2723 389 2956 447 unquam
2998 379 3349 439 aemulationis
3384 393 3440 442 et
3468 386 3684 445 invidia:

2100 470 2246 516 motu
2266 462 2378 518 visa
2397 465 2466 519 sit
2489 465 2721 524 elevare.

2169 555 2223 607 2.
2252 555 2490 610 Primum
2517 567 2712 614 mutuae
2738 559 2949 616 illorum
2986 563 3235 620 amicitia:
3260 569 3561 640 symbolum
3583 589 3689 628 no—

2098 643 2179 699 bis
2225 648 2475 715 occurrit,
2522 649 2743 718 epistola
2778 665 2937 721 quam
2965 652 3217 711 Aurelius
3264 657 3374 727 jam
3405 658 3687 735 Carthagi-

2099 736 2279 791 nensis
2327 739 2608 809 episcopus
2651 742 2866 812 scripsit
2912 744 3236 815 Augustino;
3267 751 3358 818 qui
3376 754 3692 822 respondet

2098 828 2172 883 illi
2206 829 2429 898 epistola
2458 831 2707 900 vigesima
2735 833 2987 902 secunda,
3030 847 3187 906 quam
3218 839 3332 908 ipse
3359 818 3515 910 paulo
3558 854 3685 914 post

2097 921 2479 977 ordinationem
2507 939 2654 977 suam
2679 924 2888 979 videtur
2913 928 3312 997 conscripsisse,
3337 932 3548 1001 quando
3562 950 3683 990 mo-

2097 1015 2387 1068 nasterium
2430 1030 2581 1069 suum
2622 1017 2963 1086 Hipponense
3010 1019 3214 1090 erigere
3265 1022 3578 1093 incipiebat,
3616 1035 3678 1081 et

2093 1105 2213 1174 ipso
2248 1106 2582 1176 episcopatus
2608 1108 2809 1162 Aurelii
2837 1109 3086 1177 exordio;
3130 1113 3329 1184 quippe
3369 1131 3493 1171 cum
3541 1119 3685 1190 spei,

2096 1213 2252 1268 quam
2281 1213 2467 1254 omnes
2491 1200 2614 1254 boui
2639 1200 2707 1254 de
2725 1200 2814 1255 illo
2842 1214 3220 1274 conceperant,
3255 1207 3308 1261 in
3348 1223 3410 1263 ea
3451 1211 3688 1266 mentio-

2097 1304 2217 1343 nem
2247 1288 2420 1344 faciat.
2443 1291 2778 1362 Quapropter
2791 1291 3060 1350 aftirmare
3087 1296 3232 1364 licet,
3256 1299 3531 1355 Aurelium
3557 1311 3686 1358 ante

2095 1395 2291 1434 annum
2320 1383 2751 1438 trecentesimum
2773 1386 3174 1457 nonagesimum
3204 1404 3309 1443 non
3341 1389 3506 1446 fuisse
3529 1407 3689 1448 crea-

2097 1481 2205 1526 tum
2226 1473 2552 1543 episcopum.
2586 1475 2652 1530 Et
2666 1492 2724 1531 re
2749 1477 2861 1547 ipsa
2883 1480 3422 1552 antecessoremrejus
3443 1483 3648 1539 Geneth
3662 1517 3684 1525 -

2098 1563 2226 1617 lium
2258 1565 2309 1618 in
2331 1565 2565 1620 secundo
2576 1567 2802 1622 concilio
2817 1568 3242 1640 Carthaginensi,
3266 1570 3477 1627 decimo
3496 1584 3690 1644 quarto

2095 1654 2352 1711 kalendas
2376 1658 2531 1726 junii,
2559 1675 2699 1715 anno
2727 1662 3101 1717 trecentesimo
3131 1666 3475 1735 nonagesimo
3501 1669 3692 1736 praesi-

2096 1749 2224 1804 dere
2279 1753 2654 1820 conspicimus.
2701 1753 2948 1809 Aurelius
2990 1765 3168 1812 autem
3212 1758 3689 1830 Carthaginensem

2098 1841 2279 1896 sedem
2306 1842 2522 1897 tenebat
2538 1858 2680 1898 anno
2705 1847 3083 1902 trecentesimo
3108 1851 3456 1920 nonagesimo
3489 1851 3688 1919 tertio;

2097 1948 2214 1987 cum
2246 1933 2587 2004 Hipponense
2606 1937 2888 1992 concilium
2913 1947 3103 1994 octavo
3143 1941 3231 1996 die
3269 1941 3504 1998 octobris
3542 1943 3691 1999 illius

2097 2029 2218 2080 anni
2243 2027 2577 2098 inscriptum,
2607 2045 2673 2084 ex
2707 2045 2893 2084 eorum
2925 2032 2993 2085 sit
3033 2047 3280 2099 numero,
3316 2049 3435 2104 qua:
3469 2034 3568 2090 sub
3596 2035 3693 2090 illo

2099 2128 2222 2173 sunt
2243 2119 2438 2174 habita.
2470 2120 2588 2175 Non
2617 2126 2824 2176 exstant.
2849 2123 3034 2177 litterae
3060 2138 3195 2194 quas
3221 2125 3308 2179 ille
3329 2124 3546 2195 scripsit
3571 2126 3689 2181 Au—

2098 2211 2344 2280 gustino:
2378 2211 2427 2264 id
2453 2212 2623 2266 solum
2647 2213 2898 2282 colligere
2928 2229 3233 2283 possumus,
3265 2231 3388 2271 eum
3410 2231 3469 2272 se
3513 2218 3692 2286 preci-

2098 2304 2196 2358 bus
2229 2305 2501 2374 Angustini
2528 2306 2963 2372 commendasse;
2993 2308 3310 2378 gratulatum
3331 2308 3505 2364 eidem
3523 2308 3693 2366 fuisse

2098 2397 2238 2466 quod
2271 2398 2490 2469 Alypius
2533 2399 2608 2453 illi
2652 2401 2989 2465 conviveret;
3039 2410 3092 2454 et
3112 2402 3224 2471 agri
3270 2402 3358 2472 qui
3406 2403 3694 2473 Augustini

2099 2490 2422 2543 monasterio
2472 2489 2647 2545 datus~
2680 2489 2868 2557 fuerat,
2911 2491 2963 2546 in
3006 2493 3070 2546 iis
3125 2493 3313 2548 litteris
3356 2495 3689 2550 meminisse.

2098 2579 2349 2636 Sanctum
2379 2582 2518 2637 hunc
2529 2584 2808 2652 praesulem
2825 2583 2935 2653 jam
2957 2592 3081 2639 ante
3099 2585 3309 2640 colebat
3329 2585 3693 2657 diligebatque

2098 2674 2450 2744 Augustinus;
2503 2684 2558 2731 et
2583 2675 2721 2731 illius
2747 2677 2957 2739 litteris,
2987 2677 3041 2732 in
3071 2678 3261 2748 quibus
3300 2679 3557 2749 impressa
3581 2680 3695 2734 sin-

2098 2765 2208 2819 ceri
2238 2767 2434 2819 amoris
2465 2766 2655 2822 indicia
2695 2767 2842 2838 legit,
2884 2768 3017 2823 adeo
3061 2779 3249 2839 captus
3273 2781 3376 2835 e31,
3411 2779 3468 2824 ut
3497 2771 3693 2840 quibus

2099 2856 2148 2911 ei
2177 2859 2356 2912 verbis
2384 2858 2753 2926 responderet,
2781 2859 2869 2914 diu
2885 2860 3079 2914 dubius
3104 2859 3342 2916 haeserit.
3368 2861 3603 2915 Tandem
3631 2877 3694 2917 se

2099 2950 2208 3004 Deo
2229 2951 2513 3015 commisit,
2555 2959 2612 3004 ut
2641 2953 2756 3021 ipse
2796 2967 3113 3020 responsum
3161 2962 3486 3024 suggereret,
3537 2954 3683 3023 quod

2099 3042 2372 3112 utriusque
2400 3059 2524 3112 erga
2565 3044 2817 3098 Ecclesiae
2864 3045 3062 3099 bonum
3092 3045 3266 3100 studio
3305 3047 3524 3116 zeloque
3551 3061 3690 3102 eon-

2097 3141 2327 3203 grueret.
2353 3133 2627 3188 Fiduciam
2651 3135 2702 3189 ei
2736 3133 3211 3190 dederuntAurelii
3239 3136 3450 3196 litterae.
3476 3145 3532 3190 ut
3558 3152 3684 3193 cum

2101 3222 2190 3277 illo
2218 3235 2463 3292 tanquam
2491 3240 2669 3279 secum
2701 3225 2920 3280 auderet
2937 3227 3186 3296 colloqui.
3206 3227 3490 3298 Postquam
3513 3229 3696 3301 itaque

2098 3316 2378 3371 certiorem
2404 3318 2548 3371 illum
2572 3319 2694 3373 fecit
2713 3318 3034 3386 orationum,
3062 3334 3196 3390 quas
3222 3320 3337 3390 ipse
3357 3335 3478 3376 cum
3509 3320 3694 3377 fratri-

2099 3408 2197 3463 bus
2228 3409 2334 3464 Deo
2361 3410 2628 3475 fundebat,
2661 3419 2722 3465 ut
2766 3411 2878 3480 spei
2920 3411 2987 3466 de
3036 3412 3179 3466 illius
3221 3413 3528 3484 episcopatu
3554 3429 3690 3470 con-

2097 3509 2266 3569 cepue
2294 3501 2644 3568 responderet
2678 3509 2932 3568 eventus,
2974 3516 3096 3556 eum
3137 3501 3452 3558 adhortatur
3496 3512 3554 3558 ut
3591 3519 3692 3560 co-

2099 3591 2467 3658 messationes,
2495 3593 2687 3662 quibus
2727 3594 2843 3647 Afri
2871 3594 3031 3648 etiam
3067 3593 3297 3648 obducta
3327 3595 3537 3665 pietatis
3563 3613 3693 3666 spe-

2097 3684 2248 3739 ciein
2280 3685 2522 3738 ecclesiis
2542 3685 2823 3752 vacabant,
2865 3687 3187 3756 proscribat.
3212 3687 3501 3744 Pollicetur
3528 3690 3692 3746 etiam

2097 3777 2203 3842 illi,
2234 3776 2389 3831 modo
2431 3776 2576 3846 prior
2619 3779 2764 3847 operi
2815 3793 3031 3833 manum
3073 3779 3381 3845 admoveat,
3413 3779 3689 3836 Valerium

2097 3868 2492 3938 Hipponensem
2516 3883 2622 3923 non
2639 3868 2961 3924 defuturum.
2983 3869 3082 3926 Ubi
3101 3871 3264 3926 multa
3281 3870 3443 3926 habet
3472 3872 3522 3926 in
3552 3872 3695 3928 hanc

2098 3977 2210 4015 rem
2248 3961 2481 4032 egregia,
2513 3970 2568 4016 et
2609 3971 2692 4017 est
2736 3963 2882 4018 locus
2910 3963 2976 4018 de
3015 3963 3375 4019 oblationibus
3401 3981 3499 4035 pro
3542 3980 3697 4021 mor-

2099 4054 2202 4108 tuis
2227 4054 2597 4109 ohservationc
2619 4053 2963 4124 dignissimus
2990 4054 3186 4127 (Epist.
3205 4055 3292 4121 22,
3325 4073 3376 4110 η.
3403 4057 3546 4129 1-6).
3572 4057 3692 4112 Au-

2098 4146 2258 4200 relius
2289 4145 2428 4200 haud
2457 4146 2612 4202 dubie
2634 4161 2730 4200 suo
2757 4162 2881 4216 erga
2907 4147 3198 4202 Ecclesiam
3219 4147 3393 4203 ofﬁcio
3421 4149 3520 4203 hac
3549 4149 3603 4203 in
3628 4165 3694 4206 re

2101 4239 2405 4307 perfunctus
2430 4249 2530 4294 est.
2567 4239 2818 4294 Testatur
2842 4240 3166 4309 Augustinus
3211 4241 3262 4294 in
3293 4240 3522 4310 quadam
3555 4256 3694 4296 con-

2098 4331 2250 4384 cione
2277 4331 2340 4383 ad
2365 4331 2613 4400 poliulum
2647 4331 2844 4396 habita,
2876 4345 2954 4397 se,
2983 4345 3103 4384 cum
3131 4331 3418 4387 ebrietates
3444 4332 3510 4386 de
3539 4332 3690 4387 basi-

2100 4421 2197 4474 lica
2239 4422 2289 4474 in
2333 4438 2434 4490 qua
2463 4421 2898 4489 concionahatur,
2951 4422 3112 4476 vellet
3158 4423 3426 4492 expellere
3456 4423 3600 4494 (quae
3629 4438 3695 4478 re

2100 4514 2209 4584 ipsa
2233 4514 2525 4568 carnalium
2571 4514 2842 4567 hominum
2887 4512 3147 4569 seditione
3185 4514 3542 4584 nequidquam
3591 4514 3695 4568 ob-

2097 4616 2271 4661 stante
2301 4607 2522 4661 sublatae
2572 4605 2735 4677 sunt),
2789 4605 2994 4676 grande
3036 4606 3330 4676 periculum
3375 4607 3688 4662 incurrisse.

2100 4698 2320 4753 Videtur
2361 4699 2412 4752 id
2450 4697 2706 4752 accidisse
2742 4697 3081 4768 Carthagine,
3125 4712 3244 4752 cum
3273 4697 3340 4752 de
3368 4698 3693 4768 spectaculis

2097 4789 2150 4843 in
2173 4804 2238 4843 eo
2255 4804 2500 4844 sermone
2515 4788 2737 4842 multum
2755 4789 3002 4857 disserat,
3027 4797 3079 4844 et
3096 4797 3462 4858 argumentum
3490 4797 3688 4844 tractet

2099 4881 2166 4935 ab
2185 4881 2302 4936 aliis
2330 4881 2426 4934 sibi
2458 4881 2784 4950 propositum
2813 4881 3007 4950 (Serm.
3034 4879 3160 4944 252,
3191 4897 3244 4933 η.
3264 4881 3351 4944 ut).

2169 4976 2222 5028 5.
2250 4974 2352 5029 Sed
2378 4985 2432 5028 ut
2459 4974 2574 5044 ejus
2593 4975 2659 5028 ad
2687 4974 2959 5028 Aurelium
2982 4974 3256 5042 epistolam
3279 4973 3532 5044 reliquam
3559 4987 3689 5043 per-

2100 5067 2408 5132 lustremus,
2437 5068 2502 5121 de
2526 5066 2665 5120 inani
2691 5082 2901 5136 quoque
2927 5065 3094 5136 gloria
3124 5075 3177 5120 ct
3199 5066 3370 5121 laudis
3397 5067 3690 5136 cupiditate

2101 5158 2292 5212 ibidem
2324 5159 2575 5227 praeclara
2601 5157 2750 5223 dicit,
2783 5157 3062 5228 subditque
3102 5172 3162 5213 se
3188 5158 3285 5212 ista
3330 5173 3435 5212 non
3467 5167 3569 5213 tam
3599 5157 3685 5212 in-

2100 5250 2352 5305 struendo
2381 5251 2594 5304 Aurelio
2615 5249 2871 5319 proferre,
2898 5265 3054 5320 quam
3083 5250 3296 5305 sibimet
3316 5249 3594 5306 excitando
3613 5249 3687 5306 ad

2100 5351 2316 5396 strenue
2345 5357 2464 5395 cum
2495 5342 2646 5396 hoste
2681 5340 3082 5405 deCertandum,
3116 5342 3268 5411 cujus
3305 5342 3448 5396 vires
3474 5341 3518 5395 is
3549 5356 3690 5397 unus

2101 5434 2278 5498 sentit,
2312 5432 2400 5502 qui
2430 5433 2475 5486 ci
2504 5433 2698 5487 bellum
2721 5431 2988 5486 indixerit.
3031 5431 3353 5486 Vehementer
3370 5449 3482 5486 cum
3499 5431 3686 5486 adver~

2101 5527 2234 5580 sario
2264 5526 2528 5592 dimicans,
2565 5527 2749 5596 inquit,
2793 5541 2924 5596 sazpe
2951 5525 3012 5578 ab
3040 5541 3096 5578 eo
3134 5525 3343 5579 vulnera
3371 5525 3537 5595 capio,
3565 5541 3687 5578 cum

2103 5618 2476 5672 delectationem
2522 5619 2703 5673 oblata:
2731 5617 2895 5671 (mulis
2939 5617 3060 5670 mihi
3088 5618 3287 5687 auferre
3328 5635 3426 5672 non
3457 5633 3685 5686 possunt.

2108 5709 2233 5764 Htec
2253 5722 2516 5781 propterea
2539 5710 2737 5778 scripsi,
2752 5719 2804 5763 ut
2831 5709 2874 5763 si
2897 5718 2993 5764 tua:
3024 5708 3296 5764 Sanctitati
3311 5708 3425 5774 jam
3449 5725 3554 5764 non
3571 5713 3695 5766 m
