3990 6360
233 298 331 358 185

234 415 536 482 necessaria,
561 413 664 468 sive
684 411 821 480 quod
849 409 999 482 plura
1023 407 1316 482 hujusmodi
1335 409 1444 479 ipse
1470 408 1653 480 cogites
1681 419 1827 480 atqtte

233 509 578 571 utilior-msice
605 505 740 576 quod
767 515 866 559 tute
891 503 1160 559 Sanctitati
1179 503 1425 556 medicina
1448 503 1547 556 ista
1574 519 1676 555 non
1701 519 1828 573 opus

233 603 310 662 sit,
345 603 485 654 mala
530 610 697 652 tamen
735 613 848 650 mea
877 605 995 649 nota
1024 595 1123 648 sint
1168 595 1274 661 tibi,
1321 595 1547 664 sciasque
1573 594 1708 648 unde
1738 610 1828 663 pro

236 710 339 747 mea
380 692 680 760 inﬁrmitate
705 688 872 742 Deum
900 705 1080 759 rogare
1107 687 1326 758 digneris
1355 688 1526 756 :quod
1554 697 1605 740 ut
1632 687 1828 758 impen-

234 786 427 839 sissime
453 784 641 850 facias,
674 780 877 835 obsecro
905 797 992 849 per
1030 779 1391 832 humanitatem
1423 778 1560 832 illius
1585 777 1668 844 qui
1695 793 1830 847 prte-

234 886 430 947 ceptum
452 875 612 941 dedit,
647 884 701 927 ut
724 874 936 927 invicem
957 889 1107 926 onera
1125 880 1296 924 nostra
1316 879 1570 940 portemus
1589 869 1711 942 (Ep.
1736 869 1826 937 ‘22,

235 986 313 1022 In.
344 967 399 1030 8,
435 964 532 1038 9).
569 965 728 1020 Addit
771 965 931 1018 multa
958 976 1256 1033 superesse,
1289 977 1406 1031 quae
1435 960 1499 1014 de
1524 961 1630 1013 vita
1658 975 1749 1013 sua
1778 968 1833 1014 et

233 1061 645 1117 conversatione
669 1058 962 1113 deﬂeturus
993 1065 1155 1121 esset,
1185 1054 1229 1108 si
1258 1070 1378 1108 cum
1409 1070 1473 1108 eo
1519 1068 1697 1108 coram
1737 1067 1831 1122 po-

234 1157 331 1208 tius
380 1169 546 1222 quam
588 1169 686 1224 per
727 1152 934 1206 litteras
965 1150 1193 1220 colloqui
1236 1148 1334 1203 sibi
1365 1148 1431 1203 de
1458 1148 1560 1202 illis
1605 1149 1827 1202 liceret:

235 1247 612 1315 llipponenses
657 1259 815 1313 porro
845 1242 944 1312 ipsi
988 1257 1093 1294 non
1125 1240 1365 1307 credere,
1398 1240 1631 1310 dumque
1655 1239 1829 1293 deseri

236 1346 500 1401 metuunt,
535 1335 876 1405 longinquam
909 1348 1058 1388 suam
1090 1332 1260 1402 ipsius
1290 1330 1582 1385 absentiam
1605 1331 1832 1385 tolerare

236 1446 332 1484 non
358 1446 545 1499 posse.
564 1431 734 1499 Rogat
751 1437 927 1482 tamen
946 1425 1215 1480 Aurelium
1228 1432 1285 1478 ut
1305 1423 1650 1488 aSaturnino,
1673 1438 1828 1491 quem

236 1535 456 1593 uterque
481 1524 697 1577 sincere
725 1521 1002 1591 diligebat,
1037 1533 1216 1573 secum
1239 1517 1397 1573 enixe
1423 1517 1669 1585 postulet,
1691 1524 1746 1570 ut
1765 1515 1829 1570 ad

233 1633 286 1671 se
313 1616 506 1670 venire
527 1631 595 1668 ne
610 1624 892 1684 gravetur;
928 1619 1204 1682 propterea
1231 1609 1370 1680 quod
1390 1624 1507 1664 eum
1530 1608 1672 1662 senis
1691 1607 1831 1661 illius

233 1712 296 1764 sit
337 1709 876 1773 observantissimus,
908 1714 964 1761 et
991 1705 1106 1775 ejus
1147 1705 1200 1757 in
1246 1702 1520 1757 Aurelium
1567 1700 1832 1770 singulare

234 1801 463 1855 studium
499 1815 744 1868 przcsens
786 1800 899 1868 ipse
925 1795 1276 1867 perspexerit,
1307 1795 1388 1847 vix
1417 1793 1612 1862 aliquid
1639 1791 1830 1845 discri-

232 1894 390 1947 minis
429 1895 573 1947 inter
601 1893 947 1962 colloquium,
977 1889 1118 1961 quod
1149 1889 1232 1943 vel
1259 1903 1377 1942 cum
1404 1886 1712 1950 Saturnino,
1747 1887 1827 1940 vel

229 2002 352 2041 cum
394 1988 510 2056 ipso
546 1987 765 2040 Aurelio
796 1994 939 2040 esset
981 1983 1273 2046 habiturus,
1316 1990 1647 2052 agnosceret.
1681 1979 1828 2033 l-laud

233 2077 439 2132 scimus
470 2093 534 2130 an
582 2079 686 2131 iste
721 2076 1058 2140 Saturninus,
1092 2089 1250 2144 quem
1273 2073 1582 2142 episcopum
1610 2081 1661 2126 et
1692 2071 1828 2124 anti-

232 2184 397 2237 quum
429 2177 484 2222 et
511 2168 779 2222 celebrem
813 2167 995 2233 fuisse,
1027 2165 1272 2220 dubitare
1297 2179 1403 2218 non
1431 2177 1735 2232 possumus,
1763 2163 1831 2216 sit

231 2260 322 2314 ille
341 2261 542 2329 pnrsnl
562 2261 835 2315 Uzalensis
857 2260 1024 2312 beatae
1043 2257 1311 2312 memoriae
1336 2255 1651 2310 Saturninus
1671 2269 1828 2324 quem

231 2354 564 2421 Augustinus
589 2351 913 2420 Carthagine
942 2349 1146 2403 viderat
1176 2362 1277 2400 una
1323 2362 1441 2400 cum
1475 2345 1690 2400 Aurelio
1717 2343 1833 2416 (De

232 2443 336 2497 Cic.
361 2443 476 2508 Dei,
499 2444 591 2498 lib.
618 2443 834 2514 22,cap.
854 2442 929 2513 8),
953 2455 1092 2495 anno
1117 2438 1489 2494 trecentesimo
1506 2435 1830 2506 octogesimo

230 2546 438 2591 octavo.

843 2623 1070 2680 CAPUT
1109 2621 1222 2676 νη.

233 2722 258 2775 l
285 2719 494 2774 Librum
513 2720 579 2774 de
607 2718 837 2774 Utilitate
862 2717 1094 2772 credendi
1115 2715 1182 2768 ad
1201 2713 1515 2768 Honoratum
1533 2711 1830 2766 Manichteis

301 2815 564 2866 addictum
587 2812 776 2866 scribit.
808 2811 844 2865 2
876 2810 1002 2864 Tum
1029 2809 1209 2863 librant
1240 2807 1302 2860 de
1321 2807 1529 2859 Duabus
1555 2805 1830 2858 Animabus

303 2908 542 2959 adversus
580 2905 782 2958 eosdem
823 2902 1152 2956 Manio/neos.
1195 2901 1229 2956 5
1269 2899 1608 2952 Fortunatam
1653 2899 1824 2952 Mani-

309 3000 496 3050 cheum
528 2996 875 3067 presbyterum
902 2995 1148 3048 convincit
1171 2993 1224 3045 in
1250 2992 1451 3063 publica
1469 2991 1824 3061 disputatione.

306 3093 334 3145 4
366 3091 694 3142 Adimantum
729 3087 999 3140 Manichcei
1029 3084 1332 3156 discipulum
1362 3083 1564 3154 refellit.

302 3183 349 3238 l.
380 3182 532 3235 Licet
563 3179 892 3249 Augustinus
923 3177 1116 3231 Valerii
1153 3176 1304 3245 jussu
1333 3176 1579 3244 populum
1627 3174 1826 3242 Hippo-

233 3291 451 3331 nensem
475 3275 646 3328 verbo
672 3273 990 3338 institueret,
1018 3269 1240 3339 aliisque
1266 3267 1579 3340 presbyterii
1600 3267 1678 3319 sui
1707 3283 1824 3318 mur

229 3369 440 3423 aeribus
461 3365 659 3421 sedulo
680 3365 1018 3434 fungeretur;
1047 3361 1188 3415 haud
1212 3371 1388 3414 tamen
1416 3360 1528 3412 hare
1574 3357 1828 3411 obstitere

229 3460 513 3529 quominus
558 3457 864 3510 universam
896 3453 1185 3508 Ecclesium
1219 3451 1446 3520 publicis
1503 3449 1826 3503 lucubratio-

231 3553 378 3605 nibus
408 3552 526 3603 suis
554 3547 814 3604 erudiret.
862 3547 1066 3600 Primas
1087 3543 1309 3597 contulit
1338 3542 1401 3594 ad
1437 3540 1826 3610 impugnandos

231 3644 572 3707 Blanichmos,
620 3641 710 3711 qui
743 3639 879 3709 apud
908 3636 1462 3707 Hipponem-Regium
1523 3633 1826 3704 frequentes

228 3745 394 3798 erant,
428 3735 500 3787 ob
535 3733 906 3803 presbyterum
951 3729 1233 3799 quemdam
1262 3726 1607 3780 Maniehmttm
1656 3722 1826 3796 (For-

230 3838 408 3882 tunato
435 3842 636 3880 nomen
665 3821 819 3895 fuit),
853 3822 942 3892 qui
973 3822 1263 3891 permultos
1291 3819 1365 3874 ibi
1408 3820 1550 3873 cives
1581 3826 1632 3871 ct
1662 3816 1824 3871 adve-

228 3936 318 3975 nas
359 3936 546 3989 pravae
576 3934 688 3972 sua:
737 3915 993 3970 doctrina:
1024 3928 1230 3967 veneno
1272 3911 1529 3967 infecerat
1560 3910 1576 3978 (
1605 3910 1822 3962 Retract.

231 4011 312 4064 lib.
355 4013 410 4073 l,
437 4027 559 4078 cap.
590 4010 712 4079 l4).
763 4006 999 4061 Primum
1027 4019 1160 4073 opus
1180 4019 1334 4058 suum
1361 4003 1628 4070 inscripsit
1655 4000 1827 4054 amico

233 4117 330 4154 suo
357 4103 650 4162 Honorato,
683 4095 1328 4152 Manichaeorum.irretito
1359 4094 1581 4162 laqueis,
1613 4092 1664 4143 in
1694 4104 1827 4159 quos

232 4209 352 4246 eum
382 4194 605 4262 ipsemet
635 4191 958 4261 Augustinus
986 4189 1111 4241 olim
1141 4185 1444 4255 conjecerat
1469 4183 1571 4254 (De
1601 4182 1828 4236 Utilitate

230 4285 482 4348 credendi,
522 4302 574 4336 n.
605 4282 702 4352 ‘2).
736 4283 869 4334 Cum
916 4291 1056 4334 esset
1098 4279 1400 4332 Honoratus
1428 4277 1535 4331 acri
1576 4275 1774 4345 judicio
1806 4315 1822 4341 ,

229 4392 381 4445 quam
424 4374 678 4429 invalida:
719 4374 890 4426 forent
921 4372 1187 4426 nonnulla:
1235 4370 1643 4425 Manichaeorum
1683 4369 1827 4422 solu-

229 4468 422 4531 tiones,
471 4467 606 4520 satis
652 4465 971 4534 agnoscebat
999 4473 1052 4517 et
1082 4462 1280 4516 eisdem
1315 4476 1450 4531 pene
1489 4475 1734 4514 curarum
1763 4474 1828 4515 ac

228 4558 647 4612 sollicitudinum
680 4555 947 4623 fluctibus,
970 4555 1162 4625 quibus
1205 4555 1334 4608 alias
1375 4553 1652 4622 Augustini
1694 4568 1824 4608 ncc-

227 4650 344 4704 dum
396 4649 654 4703 conversi
697 4649 927 4712 animus,
972 4647 1290 4716 jactabatur.
1335 4645 1528 4699 Verum
1571 4644 1824 4715 deceptus

228 4741 399 4795 fuerint
429 4740 694 4810 speciosis
741 4740 850 4794 illis
891 4739 1300 4794 Manichaeorum
1335 4737 1820 4807 pollicitationilnis,

228 4832 416 4902 quibus
444 4846 506 4884 se
532 4829 661 4884 nihil
691 4830 788 4883 nisi
830 4833 970 4898 quod
1011 4829 1232 4890 clarum,
1263 4827 1478 4880 evidens
1505 4834 1558 4879 et
1583 4836 1821 4895 apertum

230 4923 382 4987 foret,
438 4930 744 4976 asserturos
789 4920 1184 4990 promittebant.
1229 4917 1488 4972 lrridebat
1533 4918 1730 4986 pariter
1771 4919 1823 4972 in

231 5015 514 5069 catholicae
560 5013 684 5067 ﬁdei
723 5013 1020 5082 disciplina,
1050 5011 1190 5082 quod
1237 5011 1368 5065 ﬁdes
1395 5011 1695 5064 hominibus
1727 5011 1825 5064 im-

231 5115 534 5176 peraretur,
580 5120 679 5159 nec
707 5121 890 5159 verum
939 5104 1042 5158 illis
1089 5104 1294 5157 ratione
1337 5102 1819 5156 demonstraretur.

230 5198 358 5253 Cum
394 5198 560 5266 igitur
593 5196 718 5249 lalsa
751 5197 990 5250 veritatis
1019 5197 1195 5264 specie
1231 5195 1502 5264 deceptus,
1546 5210 1650 5250 non
1692 5204 1824 5248 tem-

232 5290 432 5359 poralis
478 5287 749 5343 commodi
773 5289 939 5358 gratia
976 5289 1252 5358 pellectus,
1281 5287 1579 5342 adhaereret
1619 5288 1820 5356 errori,

231 5381 416 5448 sicque
446 5381 619 5450 magis
642 5380 859 5435 delusus
906 5380 972 5434 ab
1020 5381 1304 5447 haereticis,
1349 5397 1505 5450 quam
1548 5382 1823 5437 haereticus

233 5483 375 5527 esset
400 5491 414 5536 ;
442 5473 672 5527 credidit
695 5473 1018 5542 Augustinus
1047 5472 1159 5528 fore
1185 5481 1246 5526 ut
1274 5473 1421 5525 illum
1451 5473 1517 5527 ad
1542 5475 1648 5528 veri
1681 5475 1820 5528 noti-

236 5564 357 5618 tiam
387 5564 576 5618 eadem
602 5564 687 5618 via
708 5579 811 5634 qua
839 5564 950 5632 ipse
973 5572 1303 5633 pervenerat,
1336 5572 1512 5632 posset
1534 5564 1818 5620 adducere.

237 5655 292 5711 In
321 5657 463 5711 hunc
489 5657 648 5712 tinem
697 5655 764 5710 ad
793 5672 914 5711 eum
941 5657 1152 5727 scripsit
1188 5657 1446 5727 insignem
1492 5657 1704 5724 librum,
1737 5659 1822 5714 cui

236 5746 447 5804 titulum
473 5747 597 5805 fecit
617 5789 633 5816 ,
657 5747 730 5806 De
751 5748 982 5806 Utilitate
1004 5748 1274 5816 credendi,
1305 5757 1365 5806 ut
1385 5749 1694 5807 ostenderet
1715 5750 1823 5807 Ma-

1584 290 1790 348 LIBER
1825 289 2141 351 TERTIUS.

1935 408 2171 464 uictimas
2197 415 2398 468 temere
2417 426 2480 469 ac
2508 415 2763 487 sacrilege
2789 415 2843 472 in
2879 432 2971 475 eos
2993 419 3190 493 invehi,
3221 424 3309 494 qui
3334 427 3516 482 catho-

1935 499 2049 555 licae
2088 500 2208 556 ﬁdei
2255 503 2622 561 auctoritatem
2670 519 2980 579 sequentes,
3035 513 3101 566 ad
3145 518 3514 586 mysteriorum

1934 590 2330 664 intelligentiam
2373 611 2432 652 se
2479 610 2808 669 comparant,
2854 603 2977 658 dum
3019 620 3081 661 ea
3112 607 3353 677 credunt,
3397 627 3516 682 quas

1934 683 2166 738 nondum
2198 686 2405 741 valeant
2434 690 2610 743 animo
2653 693 2948 761 percipere,
2993 706 3336 767 mentemque
3360 715 3510 756 suam

1934 775 1999 828 ad
2027 776 2200 830 radios
2244 778 2402 833 divini
2448 780 2661 837 luminis
2703 787 3044 854 excipiendos
3074 791 3381 847 emundant.
3433 796 3510 852 De

1936 864 2036 919 hoc
2060 883 2166 920 uno
2192 880 2504 939 argumento
2533 873 2636 942 agit
2667 875 2716 927 in
2750 874 2850 931 hoc
2877 892 3056 947 Opere.
3089 879 3514 940 Confutationem

1935 957 2074 1009 enim
2119 956 2412 1012 fabularum
2443 976 2574 1030 quas
2625 963 2893 1020 Maniclnei
2937 971 3515 1045 comminiscebantur,

1934 1054 1987 1100 et
2016 1045 2314 1104 uberiorem
2343 1050 2409 1104 de
2436 1052 2693 1108 catholica
2719 1055 2955 1112 doctrina
2987 1075 3306 1134 sermonem.
3343 1065 3385 1118 si
3411 1065 3513 1121 Ho-

1935 1147 2123 1192 norato
2153 1138 2218 1193 ad
2247 1141 2468 1196 salutem
2502 1145 2758 1214 prodesse
2787 1147 3070 1216 judicaret,
3101 1151 3166 1205 ad
3206 1153 3307 1207 alia
3337 1169 3514 1209 reser-

1935 1240 2023 1285 vat
2043 1247 2226 1301 opera,
2244 1234 2457 1304 jamque
2489 1236 2536 1290 id
2563 1237 2613 1290 in
2643 1238 2761 1293 aliis
2785 1240 3142 1297 vnlnminibus
3167 1244 3326 1299 editis
3351 1247 3517 1302 fuerat

1935 1333 2234 1378 exsecutus.
2271 1327 2358 1380 Ait
2385 1344 2442 1383 se
2491 1345 2609 1384 cum
2635 1347 2720 1398 eo,
2769 1334 2912 1388 velut
2961 1351 3082 1390 cum
3124 1336 3368 1394 familiari
3397 1358 3514 1410 suo,

1935 1417 2160 1486 simplici
2204 1420 2326 1474 Stilo
2356 1436 2534 1489 agere,
2574 1423 2625 1477 id
2675 1435 2775 1492 est,
2827 1429 2962 1483 sicut
3006 1431 3121 1499 ipse
3149 1441 3272 1489 tunc
3299 1447 3512 1506 posset,

1934 1508 2129 1562 omissa
2173 1510 2406 1566 scientia
2447 1513 2739 1581 altitudine,
2774 1533 2937 1587 quam
2992 1521 3045 1575 in
3103 1523 3221 1578 aliis
3275 1527 3520 1584 doetissi-

1934 1601 2035 1654 mis
2096 1601 2222 1656 viris
2284 1603 2474 1659 fuisset.
2525 1606 2814 1663 admiratus
2860 1611 3064 1682 (Ibid.,
3097 1632 3151 1668 η.
3182 1618 3308 1689 10).
3332 1620 3514 1691 Addit,

1934 1707 1993 1748 se
2045 1696 2215 1750 sacris
2280 1696 2329 1749 in
2374 1696 2590 1754 Litteris
2644 1701 2867 1756 necdum
2914 1719 3032 1760 esse
3081 1709 3208 1763 satis
3259 1714 3520 1768 exercita-

1937 1795 2066 1840 tum.
2097 1789 2261 1842 Deum
2289 1801 2565 1860 rogaverat
2590 1801 2647 1847 ut
2687 1794 2827 1848 istud
2864 1811 2997 1865 opus
3018 1801 3144 1856 utile
3167 1801 3305 1858 foret
3335 1807 3515 1860 llono-

1935 1885 2070 1944 rato,
2111 1880 2333 1950 aliisque
2362 1897 2586 1952 quorum
2620 1885 2670 1938 in
2713 1901 2901 1941 manus
2929 1889 3218 1946 deveniret.
3277 1894 3342 1948 Et
3368 1913 3516 1966 spero

1933 1971 2004 2024 ita
2049 1973 2175 2042 fore,
2234 1976 2420 2044 inquit,
2462 1977 2505 2030 si
2534 1977 2655 2031 bene
2702 1979 2825 2032 mihi
2864 1982 3091 2035 conscius
3117 2000 3250 2051 sum,
3282 1988 3414 2055 quod
3450 1989 3519 2042 ad

1935 2064 2066 2118 hunc
2113 2065 2282 2119 stilum
2323 2070 2404 2137 pio
2456 2079 2501 2122 et
2539 2071 2756 2141 ofﬁcioso
2785 2075 2974 2139 animo,
3019 2091 3118 2129 non
3146 2079 3260 2131 vani
3303 2083 3519 2136 nominis

1934 2159 2239 2227 appetitione
2264 2176 2322 2212 ac
2346 2163 2625 2231 nugatoria:
2661 2167 3025 2230 ostentationis,
3055 2170 3258 2223 accessi.
3288 2169 3397 2224 Scit
3422 2189 3518 2225 au-

1935 2257 2032 2303 tem
2073 2250 2229 2318 Deus,
2262 2254 2341 2306 cui
2369 2265 2486 2308 nota
2513 2265 2628 2309 stmt
2659 2274 2847 2311 arcana
2883 2261 3198 2316 conscientia:
3223 2279 3363 2330 ntere,
3391 2265 3522 2320 nihil

1935 2359 2014 2395 me
2040 2343 2092 2396 in
2117 2344 2208 2397 hoc
2235 2362 2462 2399 sermone
2491 2350 2740 2403 malitiose
2767 2368 2950 2422 agere;
2972 2353 3061 2406 sed
3088 2362 3144 2407 ut
3170 2356 3398 2410 existimo
3429 2375 3518 2411 ac-

1931 2433 2215 2501 cipiendum
2238 2453 2360 2503 esse,
2393 2439 2494 2492 veri
2520 2440 2766 2510 probandi
2803 2459 2957 2497 causa
2987 2460 3006 2498 :
3035 2447 3118 2498 cui
3141 2449 3230 2502 uni
3259 2449 3332 2501 rei
3356 2451 3519 2505 vivere

1923 2524 2127 2593 jamdiu
2169 2529 2450 2593 statuimus,
2483 2540 2528 2582 et
2566 2532 2845 2586 incredibili
2869 2535 3256 2603 ~sollicitudine;
3293 2555 3355 2592 ne
3394 2540 3521 2594 mihi

1935 2633 2105 2670 errare
2133 2620 2385 2673 vobiscum
2426 2621 2729 2690 facillimum
2777 2626 2944 2692 fuerit,
2986 2628 3080 2679 iter
3123 2638 3286 2683 autem
3331 2642 3521 2686 rectum

1935 2719 2097 2763 tenere
2128 2712 2378 2765 vobiscum
2397 2715 2481 2779 sit,
2513 2732 2575 2769 ne
2594 2716 2770 2770 durius
2797 2715 2994 2784 loquar,
3020 2720 3386 2791 diﬁicillimum.
3412 2722 3520 2780 Sed

1933 2820 2182 2874 prtesumo
2202 2807 2336 2874 quod
2361 2816 2407 2859 et
2427 2808 2477 2860 in
2503 2809 2596 2861 hac
2616 2826 2721 2880 spe,
2750 2827 2850 2878 qua
2874 2821 3019 2882 spero
3046 2829 3131 2865 vos
3153 2813 3283 2866 viam
3312 2815 3516 2884 sapien-

1932 2897 2016 2949 tia:
2040 2913 2232 2950 mecum
2274 2899 2577 2965 obtenturos,
2614 2918 2713 2955 non
2739 2919 2818 2956 me
2841 2904 3030 2956 deseret
3068 2904 3155 2958 ille
3179 2906 3261 2958 cui
3291 2918 3519 2961 sacratus

1931 3003 2040 3040 sum
2074 3004 2260 3058 :quem
2301 2991 2406 3044 dies
2451 3001 2714 3063 noctesque
2757 2994 2938 3047 intueri
2981 3011 3153 3060 conor,
3198 3007 3242 3050 et
3285 3001 3520 3067 quoniam

1933 3087 2135 3149 propter
2174 3092 2375 3152 peccata
2417 3100 2544 3147 utea,
2588 3094 2889 3155 propterque
2911 3087 3316 3142 consuetudinem
3355 3092 3519 3160 plagis

1931 3181 2299 3226 veternosarum
2317 3176 2607 3245 Opinionum
2623 3177 2902 3230 sauciatam
2914 3180 3114 3231 oculum
3131 3181 3312 3233 anima:
3321 3198 3518 3250 gerens,

1931 3267 2207 3319 invalidum
2239 3283 2317 3319 me
2344 3284 2449 3319 esse
2489 3285 2752 3337 coquos-co,
2793 3286 2926 3338 stupe
2955 3287 3075 3340 rogo
3104 3288 3217 3324 cum
3259 3271 3516 3342 lacrymis.

1932 3357 1998 3410 Et
2045 3358 2462 3427 quemadmodum
2505 3368 2614 3428 post
2643 3359 2843 3430 longam
2895 3362 3164 3414 caecitatem
3196 3379 3255 3414 ac
3291 3364 3516 3419 tenebras

1931 3451 2198 3504 luminibus
2226 3451 2308 3504 vix
2335 3452 2538 3520 apertis,
2574 3460 2619 3504 et
2662 3451 2827 3505 adhuc
2862 3451 3022 3506 lucem
3056 3454 3351 3523 palpitando
3374 3463 3522 3522 atque

1930 3543 2229 3602 aversanda,
2272 3560 2422 3610 quam
2458 3553 2624 3596 (auten
2649 3543 2959 3610 desiderant,
2998 3545 3358 3613 recusantibus,
3391 3563 3522 3618 pra:-

1927 3635 2098 3686 sertim
2124 3634 2165 3686 si
2201 3633 2272 3686 eis
2312 3634 2467 3686 solem
2505 3634 2655 3686 istum
2697 3635 2946 3704 quispiam
2977 3644 3178 3689 conetur
3216 3638 3475 3691 ostendere
3499 3653 3518 3692 :

1930 3726 2000 3778 ita
2023 3726 2146 3778 mihi
2170 3743 2302 3778 nunc
2329 3728 2504 3789 evenit,
2532 3742 2632 3779 non
2656 3728 2863 3796 neganti
2883 3743 2987 3780 esse
3009 3726 3261 3792 ineffabile
3278 3729 3521 3795 quiddam

1931 3825 1976 3868 et
1999 3816 2255 3884 singulare
2295 3819 2481 3870 aniqu
2513 3816 2698 3869 bonum
2723 3818 2858 3886 quod
2883 3827 3045 3870 mente
3074 3817 3341 3881 videatur;
3370 3828 3414 3870 et
3444 3835 3521 3872 me

1930 3908 1996 3959 ad
2024 3909 2465 3978 contemplandum
2507 3909 2729 3962 nondum
2761 3925 2865 3963 esse
2903 3909 3136 3962 idoneum
3180 3925 3291 3961 cum
3322 3911 3441 3978 fletu
3475 3919 3518 3963 et

1935 4004 2123 4070 gemitu
2159 4003 2437 4068 conﬁtenti.
2470 4001 2590 4055 Non
2631 4019 2710 4055 me
2733 4019 2849 4073 ergo
2875 4002 3082 4066 deseret,
3115 4002 3158 4055 si
3192 4002 3318 4055 nihil
3351 4003 3516 4073 fingo,

1929 4092 1973 4144 si
1995 4092 2153 4161 ofﬁcio
2190 4092 2365 4152 ducor,
2394 4094 2434 4146 si
2461 4094 2718 4146 veritatem
2748 4109 2881 4156 amo,
2905 4093 2950 4147 si
2975 4094 3250 4146 amicitiam
3278 4094 3450 4164 diligo,
3478 4095 3520 4147 si

1930 4185 2140 4236 multum
2163 4193 2326 4237 metuo
2357 4201 2417 4237 ne
2439 4185 2636 4254 fallaris
2655 4183 2794 4257 (Ibid
2804 4226 2838 4251 .,
2862 4202 2951 4238 nn.
2970 4186 2992 4239 l
3009 4228 3020 4250 ,
3042 4185 3118 4256 tl).
3143 4185 3416 4265 Augustini
3445 4185 3522 4239 la-

1932 4273 2148 4328 boribus
2164 4284 2376 4343 0ptatus
2403 4290 2526 4344 erga
2559 4276 2882 4330 Honoratum
2909 4277 3182 4345 respondit
3203 4287 3443 4344 eventus,
3474 4277 3517 4332 si

1928 4366 2088 4420 modo
2115 4367 2158 4420 is
2183 4376 2281 4428 est,
2300 4377 2356 4420 ut
2377 4376 2580 4436 putant,
2603 4369 2691 4437 qui
2710 4368 3002 4436 Augustino
3018 4370 3156 4422 circa
3179 4385 3374 4423 annum
3400 4383 3522 4439 qua-

1930 4459 2408 4530 dringentesinnun
2455 4460 2828 4514 duodecimum
2857 4462 3029 4516 varias
3053 4463 3371 4532 quaestiones
3399 4477 3522 4517 eno-

1929 4552 2129 4608 dandas
2148 4555 2213 4607 ab
2231 4555 2358 4607 urbe
2374 4553 2696 4624 Carthagine
2729 4555 2970 4609 mittebat
2987 4555 3172 4626 (Epist.
3192 4556 3312 4621 MO,
3330 4573 3380 4610 n.
3401 4555 3515 4626 85).

1999 4645 2053 4698 2.
2086 4646 2213 4699 Post
2237 4646 2427 4699 librum
2458 4645 2524 4700 de
2554 4647 2786 4701 Utilitate
2803 4646 3073 4711 credendi,
3103 4648 3316 4716 scripsit
3343 4647 3520 4716 Augu-

1929 4737 2100 4790 stinus
2127 4737 2193 4789 de
2221 4737 2431 4790 Duabus
2461 4738 2750 4792 Animabus
2772 4735 3020 4809 (thract.
3053 4739 3138 4792 lib.
3175 4741 3226 4804 l,
3257 4756 3370 4805 cap.
3404 4735 3516 4810 15),

1930 4844 2060 4897 quas
2100 4829 2276 4884 inesse
2325 4827 2525 4882 homini
2567 4829 2748 4883 dicunt
2778 4829 3072 4894 Maniclnei,
3109 4846 3328 4899 quarum
3359 4845 3516 4883 unam

1931 4921 2143 4986 bonam,
2176 4923 2395 4975 alteram
2425 4923 2600 4977 carnis
2628 4924 2894 4992 propriam
2918 4934 2976 4978 et
3002 4923 3068 4978 de
3086 4933 3245 4993 gente
3269 4921 3518 4975 tenebra-

1929 5028 2064 5077 rum,
2096 5029 2252 5083 qnam
2297 5014 2404 5068 Deo
2446 5025 2762 5085 opponunt:
2797 5015 2972 5068 omnia
3026 5014 3236 5082 (pridem
3287 5012 3517 5066 hominis
3584 5070 3586 5072 τ

1930 5105 2067 5160 bona
2114 5106 2186 5160 illi
2236 5106 2387 5160 bona:
2432 5109 2642 5172 animus,
2667 5108 2842 5161 omnia
2879 5123 3003 5162 vero
3057 5106 3190 5160 mala
3244 5105 3318 5158 illi
3362 5105 3514 5161 malm

1930 5200 2120 5253 anima:
2152 5200 2465 5253 tribuentes.
2501 5201 2649 5254 Hanc
2693 5201 3007 5253 sententiam
3050 5198 3163 5252 falsi
3201 5199 3469 5253 convincit
3500 5217 3514 5253 :

1929 5292 2270 5361 rationesque
2311 5308 2443 5362 quas
2473 5292 2707 5354 adhibet,
2737 5306 2800 5344 eo
2827 5291 2943 5360 plus
2982 5291 3046 5344 ad
3090 5291 3516 5360 persuadendum

1929 5393 1981 5438 et
2005 5384 2326 5439 movendum
2348 5384 2597 5453 ponderis
2621 5399 2684 5437 ac
2707 5384 2961 5436 momenti
2988 5383 3247 5451 obtinent,
3266 5383 3404 5453 quod
3426 5398 3516 5439 eas

1929 5491 2034 5530 non
2061 5476 2379 5544 disputando
2407 5475 2642 5544 exponit,
2694 5474 2786 5527 sed
2814 5474 2984 5529 solum
3027 5474 3273 5540 dolendo,
3317 5490 3374 5528 se
3412 5474 3475 5528 iis
3499 5515 3513 5542 ,

1928 5567 2055 5620 dum
2085 5582 2115 5620 a
2163 5566 2468 5620 Manichaeis
2515 5565 2659 5620 illudi
2700 5565 2797 5619 sibi
2844 5581 3033 5635 passus
3077 5573 3177 5631 est,
3209 5580 3360 5620 usum
3408 5580 3516 5622 non

1928 5658 2111 5725 fuisse,
2142 5659 2278 5712 sicut
2303 5673 2360 5713 se
2394 5658 2469 5712 uti
2509 5658 2744 5728 potuisse
2783 5658 3143 5725 demonstrat;
3171 5673 3292 5712 cum
3317 5673 3381 5711 ex
3409 5672 3504 5710 na-

1929 5759 2063 5806 tura:
2088 5750 2276 5821 ipsius,
2299 5751 2674 5822 communique
2701 5750 2969 5808 hominum
2999 5765 3159 5807 sensu
3182 5749 3510 5820 deprompta
