3990 6360
512 401 1276 477 εἰηιι(οιεῦιωὸιισιΔηίικαιαε,
1298 416 1356 454 ιι.
1386 397 1513 469 22).
1545 397 1824 453 Asseritse
1867 410 1897 449 a
1918 409 2098 449 rerum

506 502 624 551 tam
640 496 969 553 evidentium
988 491 1413 547 consideratione
1434 487 1690 560 peccandi
1708 484 2100 541 consuetudine

512 588 682 649 fcisse
706 602 975 651 armant.
1009 599 1174 655 seque
1199 584 1399 639 sentire
1422 596 1568 636 nunc
1584 580 1640 634 in
1672 578 2097 633 tarniliarissimo-

512 696 640 737 rum
668 695 885 736 suorum
906 679 1123 742 dune,
1150 675 1292 745 quod
1315 683 1440 728 tunc
1464 674 1518 727 in
1545 686 1643 726 suo
1672 671 1837 740 ipsius
1864 668 2096 739 periculo

506 772 728 827 minime
748 771 1029 827 sentiebat.
1071 765 1577 837 Quapropteroperi
1618 764 1783 817 finem
1826 762 2089 830 imponit,

512 861 681 917 Βειιω
716 876 878 917 orans
910 870 1072 929 atque
1095 858 1404 923 obsecrans,
1434 864 1490 909 ut
1527 852 1762 922 ejusdem
1786 851 1968 921 gratim
1994 865 2094 917 ονε
2128 906 2135 911 ,

509 970 666 1024 quam
698 955 812 1021 ipse
840 961 1087 1021 expertus
1116 958 1217 1016 est,
1249 948 1370 1003 illos
1399 946 1466 1000 ab
1491 958 1675 999 errore
1714 950 1924 997 revocet
1948 958 1962 994 :
1985 940 2090 994 sic-

509 1060 615 1115 que
640 1060 799 1099 orans
834 1042 1096 1126 agnoscit,
1132 1055 1245 1094 non
1288 1039 1459 1091 Solum
1487 1032 1888 1096 conversosad
1928 1032 2091 1085 Deum

508 1138 674 1206 gratia
722 1135 838 1204 ejus
870 1123 1134 1203 adjuvari,
1160 1139 1216 1185 ut
1261 1128 1573 1198 proﬁciant;
1619 1139 1802 1180 verum
1844 1123 2004 1177 etiam
2036 1126 2093 1174 ut

502 1235 907 1289 convertantur,
930 1225 998 1280 ad
1019 1226 1185 1293 ipsam
1203 1222 1295 1276 Dei
1315 1220 1537 1290 gratiam
1558 1216 1820 1286 pertinere
1843 1212 2086 1284 (Retract.

509 1319 596 1373 lib.
622 1318 674 1381 ις
702 1336 818 1388 cap.
850 1317 939 1381 Q5,
970 1333 1022 1369 η.
1056 1314 1145 1385 8).
1177 1313 1335 1382 Spem
1363 1310 1486 1364 facit
1501 1311 1550 1362 in
1575 1308 1866 1375 hocopere,
1886 1319 1944 1357 se
1971 1303 2090 1357 aliis

510 1413 565 1467 in
592 1409 1045 1467 lucubrationibus
1072 1415 1430 1468 ostensurum,
1462 1416 1691 1471 quonam
1721 1406 1874 1467 pacto
1901 1394 2084 1449 catho-

506 1502 622 1557 lica:
667 1502 951 1571 Scriptura:
1000 1514 1031 1554 a
1076 1496 1484 1553 Manichazorum
1542 1488 1999 1559 criminationibus
2032 1494 2089 1540 et

507 1595 784 1653 calumniis
829 1594 1032 1663 possint
1076 1588 1330 1646 vindicari
1372 1605 1386 1641 :
1428 1584 1571 1654 quod
1608 1591 1791 1638 contra
1838 1580 2086 1633 Faustum

500 1686 735 1741 maxime
778 1684 1016 1738 scribens
1050 1680 1314 1750 praestitit.
1354 1675 1495 1731 Varii
1535 1683 1655 1727 sunt
1688 1674 1739 1725 in
1772 1672 1870 1724 hoc
1898 1668 2084 1723 eodem

505 1793 667 1849 opere
695 1779 794 1832 loci
823 1791 957 1846 quas
984 1774 1248 1844 Pelagiani
1279 1771 1473 1838 aliique
1497 1768 1677 1837 gratia:
1707 1762 1993 1817 adversarii
2018 1760 2083 1814 ad

502 1886 751 1926 errorum
800 1884 1016 1925 suorum
1070 1865 1414 1936 patrocinium
1457 1862 1774 1929 detorquere
1814 1863 2081 1926 poterant.

496 1961 743 2016 Julianus
784 1959 1115 2024 nominatim,
1145 1956 1198 2010 in
1226 1953 1575 2023 Augustinum
1603 1951 1860 2009 scribens,
1884 1947 2084 2016 produ-

498 2061 592 2108 cto
612 2052 843 2122 quodam
871 2049 1066 2105 exinde
1093 2050 1208 2104 loco
1234 2044 1574 2115 gratulandus
1598 2043 1856 2097 exclamat
1887 2056 1898 2091 :
1937 2037 1980 2091 0
2007 2038 2087 2090 lu-

502 2158 621 2197 cens
638 2159 822 2195 aurum
847 2141 899 2193 in
922 2139 1169 2194 stercore!
1202 2137 1321 2207 quid
1348 2136 1526 2196 verius,
1557 2132 1677 2202 quid
1707 2131 1904 2201 plenius
1925 2130 2027 2182 dici
2051 2144 2084 2182 α

502 2250 753 2305 quoquam
778 2233 853 2286 vel
875 2232 1153 2285 orthodoxa
1170 2228 1408 2299 potuisset
1430 2228 1453 2279 ?
1477 2226 1580 2280 Sed
1608 2225 1706 2277 hos
1731 2223 1878 2276 locos
1900 2222 2081 2290 Augu—

503 2326 673 2379 stinus
715 2324 826 2393 ipse
858 2323 1154 2376 nullatenus
1183 2320 1261 2372 eis
1290 2316 1565 2386 suffragari
1605 2314 1837 2367 ostendit
1862 2312 1879 2384 (
1900 2312 2084 2382 Operi:

496 2414 710 2485 imperf.
731 2412 817 2466 lib.
848 2413 899 2477 l,
928 2428 1041 2480 cap.
1077 2411 1164 2473 44,
1187 2408 1304 2479 45).
1329 2408 1473 2462 Libri
1493 2407 1557 2460 de
1580 2405 1812 2460 Utilitate
1832 2402 2083 2457 credendi

501 2515 557 2562 et
578 2505 646 2560 de
677 2505 889 2560 Duabus
906 2503 1195 2559 Animahus
1218 2499 1286 2554 ad
1309 2514 1506 2553 annum
1530 2496 1960 2551 trecentesimum
1988 2510 2084 2548 no-

498 2597 829 2666 nagesimum
852 2595 1103 2663 primum,
1121 2593 1205 2647 vel
1226 2588 1658 2645 trecentesimum
1685 2585 2081 2656 nonagesimum

494 2688 791 2745 secundum
833 2685 1095 2741 referendi
1127 2694 1285 2750 sunt;
1315 2697 1436 2737 eum
1473 2694 1568 2735 eos
1596 2678 1918 2748 Augustinus
1946 2692 2083 2747 pra:-

448 2804 459 2811 -
500 2780 677 2835 mittat
694 2777 1056 2848 disputationi,
1080 2784 1374 2846 quamcum
1396 2772 1681 2825 Fortunato
1698 2768 1880 2822 habuit
1897 2770 2082 2839 quinto

501 2871 757 2927 kalendas
794 2868 1131 2941 septembris,
1163 2882 1303 2923 anno
1334 2864 1709 2920 trecentesimo
1738 2861 2081 2933 nonagesimo

501 2965 757 3022 secundo.

571 3057 627 3112 5.
651 3056 769 3111 Jam
789 3054 1018 3109 diximus
1045 3052 1185 3107 hunc
1204 3050 1554 3106 Fortunatum
1576 3047 1741 3102 fuisse
1762 3045 2081 3100 Manichaeo-

499 3162 617 3201 rum
646 3145 1036 3216 presbyterum,
1065 3143 1153 3212 qui
1180 3141 1323 3211 apud
1373 3138 1927 3209 Hipponem-Regium
1957 3152 2078 3191 cum

496 3236 603 3306 jam
646 3235 849 3305 pridem
878 3234 1160 3306 plurimum
1189 3231 1441 3301 temporis
1469 3229 1807 3295 vixisset,tibi
1849 3229 2077 3282 seduxe-

496 3338 583 3385 rat
606 3329 676 3382 ita
704 3328 918 3393 multos,
949 3334 1005 3380 ut
1042 3333 1258 3395 propter
1297 3323 1415 3376 illos
1440 3330 1643 3375 amaret
1665 3322 1719 3374 in
1742 3336 1802 3375 ea
1829 3319 1958 3374 urbe
1980 3318 2077 3371 ha-

499 3417 944 3491 bitare(Retract.
976 3416 1062 3469 lib.
1114 3416 1164 3481 'l,
1193 3431 1308 3484 cap.
1344 3413 1410 3469 lii
1435 3414 1475 3483 ).
1526 3412 1758 3466 Tandem
1791 3419 1967 3464 tamen
1995 3409 2075 3464 ci-

499 3512 672 3565 vitatis
701 3510 841 3564 iliius
869 3508 1126 3563 Catholici
1154 3520 1361 3573 omnes,
1393 3515 1447 3561 et
1471 3505 1561 3575 qui
1591 3514 1712 3558 tunc
1738 3505 1790 3557 in
1818 3519 1879 3557 ea
1898 3519 2077 3557 mora-

500 3601 693 3656 bantur
714 3599 1001 3670 peregrini,
1028 3613 1089 3653 ac
1110 3599 1208 3667 ipsi
1237 3612 1447 3667 quoque
1478 3597 1786 3660 Donatistae,
1834 3594 2077 3649 adierunt

495 3692 865 3764 Augustinum,
894 3700 1248 3761 rogartmtque
1279 3699 1334 3743 ut
1357 3703 1480 3742 cum
1508 3687 1825 3752 Fortunato,
1852 3687 1941 3754 qui
1982 3686 2077 3739 do-

500 3793 615 3839 ctus
636 3784 703 3839 ah
735 3784 814 3838 eis
844 3782 1159 3848 habebatur,
1199 3781 1267 3835 de
1300 3781 1436 3849 Lege
1453 3786 1722 3833 tractaret.
1748 3778 2073 3847 Augustinus

492 3884 709 3946 paratus
753 3889 964 3944 semper
1007 3873 1075 3929 ad
1122 3872 1442 3928 reddendam
1489 3870 1608 3926 ﬁdei
1638 3886 1747 3925 sua:
1790 3869 2070 3935 rationem,

495 3967 713 4037 speique
755 3980 818 4019 ac
866 3965 1071 4019 ﬁduciae
1097 3980 1259 4034 quam
1291 3965 1343 4019 in
1370 3965 1477 4018 Deo
1500 3962 1811 4023 collocarat,
1841 3969 1896 4015 et
1944 3975 2072 4014 sane

492 4036 681 4127 potens
727 4055 995 4110 exhortari
1042 4056 1091 4109 in
1123 4054 1360 4109 doctrina
1387 4069 1539 4120 sana,
1569 4061 1623 4108 et
1649 4050 2071 4107 contradicentes

493 4164 733 4219 arguere,
764 4164 867 4203 non
894 4147 1204 4202 detrectavit
1225 4147 1544 4217 colloquium
1566 4165 1579 4201 :
1600 4145 1694 4200 sed
1717 4153 1893 4198 utrum
1909 4143 2068 4198 etiam

490 4238 810 4293 Fortunatus
838 4238 888 4291 id
908 4244 1197 4307 expeteret,
1227 4236 1521 4291 sciscitatus
1541 4245 1639 4290 est.
1669 4234 1817 4301 Quod
1840 4234 1915 4288 illi
1938 4249 2065 4289 con-

491 4327 662 4381 festim
693 4327 759 4381 ad
795 4327 1140 4381 Fortunatam
1180 4325 1500 4397 detulerunt,
1536 4333 1773 4394 petentes
1799 4332 1850 4378 et
1878 4323 2069 4377 cohor-

489 4426 657 4473 tantes
685 4433 746 4473 ac
770 4417 1065 4488 ﬂagitantes
1096 4434 1161 4471 ne
1183 4431 1524 4486 congressum
1547 4422 1839 4469 recusaret.
1865 4414 1955 4469 llle
1977 4415 2066 4484 qui

490 4509 877 4564 formidandum
908 4511 1045 4564 hunc
1071 4510 1450 4573 adversarium,
1497 4507 1622 4562 dum
1651 4508 2063 4562 Maniclneorum

488 4611 665 4672 partes
689 4613 1017 4672 sequeretur,
1046 4602 1363 4672 Carthagine
1384 4610 1621 4665 noverat,
1644 4600 1731 4655 diu
1760 4602 1912 4669 inops
1931 4616 2062 4654 eon-

485 4693 586 4748 silii
628 4692 916 4747 ﬁuctuavit.
943 4692 1137 4747 Verum
1163 4692 1365 4760 magnis
1410 4691 1667 4761 ipsorum,
1696 4692 1924 4747 maxime
1958 4691 2064 4745 Ma-

483 4786 829 4851 nichmorum,
858 4785 1100 4855 precibus
1128 4784 1372 4839 reluctari
1396 4800 1499 4837 non
1532 4784 1737 4852 potuit;
1772 4800 1837 4838 ne
1876 4783 2061 4853 diSpu-

426 4872 429 4877 “
490 4879 704 4933 talionis
747 4886 1014 4932 certamen
1046 4876 1406 4939 detrectando,
1432 4890 1605 4929 causa:
1648 4890 1756 4928 sum
1783 4875 2062 4928 inﬁrmita-

486 4981 588 5026 tem
610 4973 763 5026 tacite
784 4973 1049 5040 proderet.
1065 4968 1244 5039 Itaque
1264 4982 1323 5023 se
1346 4968 1399 5022 in
1420 4982 1634 5022 arenam
1653 4966 2057 5036 descensurum,

483 5073 537 5118 et
571 5075 748 5133 partes
777 5079 898 5117 suas
931 5068 1381 5133 propugnatorum
1412 5044 1493 5115 esi
1524 5059 1786 5137 pollicitus
1805 5058 2012 5129 (Possid
2040 5101 2056 5126 ,

484 5155 537 5207 in
568 5154 677 5207 Vita
702 5156 938 5225 August,
962 5170 1008 5206 ε.
1034 5152 1125 5225 6).
1150 5152 1463 5223 Designatus
1485 5152 1584 5206 fuit
1608 5150 1720 5205 dies
1740 5161 1792 5205 et
1812 5151 1979 5217 locus,
2008 5162 2061 5207 ct

480 5248 821 5301 constitutum
860 5256 918 5301 ut
960 5248 1162 5301 ratione
1187 5244 1561 5311 discuteretur,
1592 5260 1658 5296 an
1704 5252 1917 5312 possent
1942 5258 2059 5299 esse

478 5339 704 5410 gemina:
756 5348 974 5403 naturae,
1015 5347 1293 5394 comterna:
1321 5345 1376 5393 et
1402 5337 1702 5403 contrariae,
1735 5344 1890 5405 prout
1932 5351 2058 5390 con-

487 5427 771 5483 tendebant
799 5428 1092 5483 Manichtei.
1122 5429 1256 5485 Cum
1282 5428 1426 5484 enim
1454 5428 1529 5482 illi
1553 5428 1784 5482 haeretici
1814 5426 2055 5496 Scriptu-

480 5534 659 5575 rarum
685 5520 865 5591 plures
906 5533 1005 5591 pro
1034 5520 1179 5574 libitu
1209 5509 1385 5590 partes
1428 5521 1728 5590 rejicerent,
1773 5536 2055 5590 operosum

474 5622 589 5669 erat
618 5628 712 5670 eos
728 5612 1043 5668 auctoritate
1090 5613 1423 5669 convincere.
1457 5613 1608 5683 Apud
1638 5614 1928 5684 Hipponem
1955 5611 2056 5682 igi-

477 5716 564 5767 tur
586 5714 955 5785 convenerunt
975 5708 1031 5765 in
1051 5704 1277 5768 Balneas
1299 5707 1463 5766 Sossii
1489 5707 1671 5783 quinto
1695 5706 1948 5766 kalendas
1966 5721 2056 5765 se-

1709 278 1861 334 VlTA
1898 276 1959 332 S.
2000 273 2364 335 AWSTiNl
2402 274 2719 334 EPISCOPI.

2956 343 2967 349 .
3676 283 3778 345 I88

2214 392 2494 463 ptembris,
2545 407 2686 449 anno
2720 393 3105 451 trecentesimo
3150 396 3494 468 nonagesimo
3516 401 3774 467 secundo,

2205 486 2591 543 conﬂuentibus
2618 486 2730 543 illic
2750 502 2912 557 quam
2932 487 3176 558 plurimis
3206 487 3332 544 viris
3375 490 3614 559 eruditis,
3641 493 3780 551 a'liisv
3864 538 3865 541 η

2203 593 2307 648 que
2318 579 2431 634 sive
2448 579 2689 645 discendi
2702 579 2892 645 studio,
2920 581 3037 635 sive
3055 581 3359 637 curiositate
3378 582 3550 639 ductis
3566 583 3777 657 (Contra

2170 684 2179 701 ί
2203 670 2499 738 Fortunut.,
2525 673 2715 742 disput.
2740 674 2790 735 ι,
2814 690 2866 727 η.
2892 674 2917 729 1
2942 673 2981 744 ).
3012 672 3125 730 Sub
3153 675 3405 730 Actorum
3433 675 3591 732 ﬁnem
3610 678 3775 748 signi-

2200 762 2348 816 ﬁcari
2368 762 2559 817 eredas
2583 763 2728 821 solos
2754 762 2937 818 ﬁdeles
2956 765 3251 834 baptizatos
3266 765 3503 823 adfuisse
3525 767 3769 837 disputa-

2204 854 2332 909 tioni
2380 854 2623 908 secunda)
2644 853 2824 924 (lbid.,
2857 855 3044 922 disput.
3087 856 3141 917 2.
3170 873 3223 909 n.
3247 858 3355 928 57)
3386 875 3398 909 :
3424 857 3770 915 nihilominus

2198 944 2361 1014 liquet
2388 961 2453 1000 ex
2483 946 2737 1010 Possidio,
2786 946 3102 1002 Manichacus
3139 948 3302 1003 etiam
3346 949 3547 1017 plures,
3574 966 3693 1004 cum
3718 952 3773 1006 in

2199 1049 2258 1087 ea
2309 1036 2627 1089 Fortunatus
2667 1037 2948 1103 tmttiutuit,
2978 1048 3266 1107 prasentes
3293 1038 3459 1095 fuisse
3488 1040 3696 1112 (Pass,
3719 1043 3775 1096 in

2207 1122 2321 1177 Vita
2352 1126 2585 1195 AugusL,
2618 1144 2659 1180 ε.
2697 1127 2805 1198 6);
2839 1130 3026 1197 vixque
3057 1146 3119 1184 ae
3146 1146 3214 1185 ne
3257 1132 3341 1185 vix
3377 1132 3589 1201 quidem
3626 1133 3776 1190 credi

2192 1227 2369 1285 potest
2397 1234 2505 1272 rem
2531 1235 2589 1272 se
2619 1220 2769 1273 aliter
2788 1220 3049 1275 habuisse.
3103 1220 3377 1291 Utrimque
3402 1222 3542 1277 dicta
3580 1226 3775 1280 notarii

2194 1308 2336 1361 relut
2363 1309 2414 1361 in
2446 1308 2577 1363 actis
2604 1311 2823 1378 publicis
2843 1313 3191 1380 excipiebant.
3214 1314 3557 1369 Fortunatum
3576 1318 3771 1385 pressit

2194 1399 2516 1467 Augustinus
2538 1400 2656 1468 hoc,
2682 1402 2826 1471 quod
2846 1418 2875 1455 a
2899 1402 3150 1457 Nebridio
3166 1414 3460 1473 acceperat,
3485 1421 3775 1475 argumen-

2194 1498 2249 1542 to
2274 1509 2295 1544 -;
2325 1489 2379 1544 Si
2408 1492 2545 1545 Deus
2564 1508 2595 1546 a
2622 1502 2779 1561 gente
2800 1494 3152 1559 tenebrarum,
3179 1510 3337 1565 quam
3353 1496 3774 1552 comminiscun-

2194 1590 2278 1635 tur
2300 1584 2590 1651 Alanichaei,
2624 1586 2752 1639 nihil
2783 1587 2889 1655 pati
2915 1588 3103 1655 potuit,
3151 1588 3273 1658 quia
3311 1589 3627 1644 inviolabilis
3658 1601 3763 1658 est,

2191 1689 2297 1729 non
2326 1674 2504 1728 debuit
2530 1677 2755 1743 animas,
2785 1676 2883 1731 hoc
2909 1690 3009 1744 est,
3031 1678 3180 1748 juxta
3201 1695 3386 1735 eorum
3411 1684 3758 1750 sententiam,

2194 1774 2395 1832 partem
2423 1782 2532 1823 sutc
2551 1768 2880 1833 substantiae,
2911 1767 3013 1821 huc
3039 1770 3267 1833 mittere,
3297 1781 3352 1825 ut
3376 1786 3638 1825 (erumnas
3656 1787 3757 1842 pa-

2194 1865 2456 1920 terentur;
2486 1856 2565 1909 siu
2594 1868 2775 1912 autem
2803 1872 2832 1910 a
2866 1858 3203 1913 tenebrarum
3228 1870 3385 1931 gente
3406 1862 3601 1931 aliquid
3640 1863 3752 1934 pati
3822 1862 3831 1867 ”

2191 1945 2381 2013 potuit,
2411 1945 2729 2001 inviolabilis
2748 1964 2854 2003 non
2878 1956 2978 2002 est.
3002 1948 3084 2003 Ex
3119 1949 3313 2019 quibus
3352 1950 3547 2007 inferre
3572 1952 3765 2020 voluit,

2192 2037 2387 2090 malmn
2433 2054 2498 2091 ex
2541 2039 2706 2092 libero
2754 2039 3034 2094 voluntatis
3080 2041 3302 2095 arbitrio
3331 2058 3611 2109 emanare;
3642 2060 3770 2099 cum

2190 2127 2511 2183 Fortunatus
2534 2139 2773 2184 naturam
2799 2130 2923 2185 mali
2951 2147 3013 2186 ac
3043 2134 3380 2188 tenebrarum
3414 2136 3519 2190 Deo
3547 2136 3645 2206 ipsi
3672 2151 3774 2192 co-

2190 2228 2439 2273 aeternam
2473 2221 2789 2289 persuadere
2810 2224 3106 2278 moliretur.
3134 2225 3392 2283 Producta
3418 2236 3499 2282 est
3520 2227 3769 2298 disputa-

2192 2311 2264 2365 tio
2286 2314 2575 2383 usquedum
2601 2314 2915 2371 Fortunatus
2949 2317 3002 2371 in
3032 2317 3168 2373 hanc
3198 2319 3559 2390 blaSpbemam
3582 2338 3772 2377 vocem

2190 2403 2394 2472 erupit:
2425 2404 2737 2461 Sermonem
2761 2408 2855 2461 Dei
2880 2407 3092 2477 ligatum
3114 2424 3233 2464 esse
3255 2411 3307 2464 in
3335 2420 3492 2481 gente
3519 2412 3774 2468 tenebra—

2190 2510 2328 2547 rum.
2351 2493 2501 2562 Quod
2524 2511 2641 2550 cum
2665 2497 3067 2553 cxhorruissent
3085 2501 3174 2569 qui
3203 2502 3445 2568 aderant,
3469 2503 3768 2560 discessum

2189 2594 2288 2638 est.
2314 2585 2419 2639 Sed
2457 2586 2710 2655 postridie
2740 2589 3154 2659 redintegratum
3183 2600 3265 2645 est
3289 2590 3357 2646 de
3380 2593 3567 2647 eodem
3595 2608 3760 2663 argu-

2190 2686 2373 2731 mento
2417 2679 2759 2748 colloquium,
2788 2680 2844 2732 in
2880 2695 2986 2749 quo
3030 2679 3350 2736 Fortunatus
3380 2686 3434 2736 in
3463 2699 3553 2739 eas
3605 2699 3777 2754 angu—

2188 2769 2317 2821 stias
2337 2768 2403 2822 ab
2416 2770 2709 2840 Augustino
2730 2770 3035 2841 compulsus
3054 2780 3157 2834 est,
3181 2782 3237 2826 ut
3261 2772 3328 2826 ab
3349 2773 3483 2842 ipso,
3510 2774 3766 2844 quidnam

2187 2858 2423 2917 dicturus
2468 2870 2630 2924 esset,
2675 2862 2904 2930 petierit,
2949 2862 3223 2916 confessus
3270 2863 3400 2916 nihil
3426 2878 3485 2918 se
3528 2864 3778 2921 invenire

2187 2953 2326 3022 quod
2370 2953 2587 3009 diceret.
2616 2954 2750 3009 Tum
2778 2954 3101 3024 Augustinus
3125 2956 3264 3009 ultro
3297 2956 3344 3010 ei
3369 2956 3631 3025 pollicitus
3659 2966 3773 3025 est,

2188 3060 2245 3099 se
2271 3045 2583 3099 catholicam
2633 3046 2809 3111 ﬁdem,
2837 3046 2881 3099 si
2915 3046 3073 3101 modo
3096 3047 3361 3103 auditores
3387 3049 3763 3118 permitterent

2186 3145 2239 3191 et
2264 3138 2475 3204 vellent,
2502 3137 2887 3208 expositurum.
2920 3138 3214 3208 Respondit
3242 3138 3578 3206 Fortunatus,
3616 3156 3680 3195 se
3699 3141 3777 3196 de

2185 3227 2462 3297 Augustini
2482 3236 2791 3297 argumento
2816 3227 2882 3281 ad
2902 3228 3250 3299 peritissimos
3277 3238 3437 3285 secta:
3479 3246 3589 3285 sua:
3622 3231 3774 3285 rela-

2186 3324 2392 3371 turum:
2417 3319 2504 3386 qui
2534 3318 2577 3372 si
2594 3317 2768 3373 minus
2793 3319 3191 3389 interrogationi
3209 3336 3317 3375 sua:
3348 3302 3582 3377 facerent
3605 3323 3767 3387 satis,

2183 3423 2261 3476 se,
2289 3408 2533 3478 quoniam
2561 3411 2749 3463 anima:
2773 3426 2883 3464 suae
2912 3410 3192 3466 consulere
3219 3411 3397 3477 vellet,
3428 3411 3494 3466 ad
3516 3411 3634 3466 ﬁdei
3661 3428 3764 3468 ca-

2186 3500 2391 3556 tholica:
2438 3503 2852 3573 inquisitionem,
2905 3520 3061 3575 quam
3102 3505 3426 3575 Augustinus
3480 3504 3766 3573 oll‘erebat,

2183 3609 2299 3648 esse
2322 3604 2613 3651 venturum.
2643 3598 2773 3652 Cum
2799 3598 2842 3653 is
2870 3597 3053 3653 fuisset
3076 3597 3231 3668 hujus
3251 3599 3618 3670 disputationis
3665 3617 3771 3658 ex-

2183 3686 2318 3750 itus;
2351 3688 2438 3756 qui
2462 3688 2735 3743 Fortunati
2763 3689 3111 3744 eruditionem
3135 3697 3293 3760 atque
3322 3689 3615 3745 doctrinam
3642 3692 3775 3762 plu-

2182 3779 2300 3833 rimi
2328 3779 2581 3845 fecerant,
2611 3780 2737 3835 nihil
2758 3796 2880 3835 eum
2911 3781 2963 3835 in
3002 3796 3184 3835 errore
3227 3794 3324 3835 suo
3370 3782 3766 3852 pr0pugnando

2181 3869 2408 3923 valuisse
2439 3870 2761 3940 judicarunt.
2806 3870 2898 3925 llle
2925 3886 3051 3925 vero
3080 3886 3199 3925 cum
3239 3869 3396 3926 ﬁdem
3446 3871 3773 3930 catholicam

2178 3962 2421 4032 amplecti
2443 3962 2729 4028 debuisset,
2757 3964 2825 4018 ob
2849 3964 3111 4034 publicam
3132 3960 3400 4019 infamiam
3421 3981 3577 4035 quam
3622 3981 3770 4020 con-

2177 4068 2403 4123 coquere
2429 4069 2534 4108 non
2553 4062 2776 4123 poterat,
2810 4056 3074 4125 aliquanto
3095 4065 3214 4125 post
3233 4072 3297 4110 ex
3339 4058 3469 4112 urbe
3509 4058 3770 4115 discessit

2175 4148 2368 4205 rubore
2395 4150 2644 4215 sull‘usus,
2676 4166 2776 4206 nec
2800 4151 2867 4206 ad
2890 4166 3006 4206 eam
3037 4152 3262 4222 amplius
3295 4153 3566 4207 remeavit.
3602 4150 3764 4206 Hanc

2174 4239 2581 4310 diSputationem
2608 4242 2660 4296 in
2697 4241 2888 4297 librum
2915 4244 3185 4297 memoriae
3210 4242 3564 4297 mandandum
3611 4258 3749 4296 con-

2172 4328 2315 4386 ferre
2343 4333 2544 4387 curavit
2565 4332 2914 4403 Augustinus,
2945 4334 3158 4403 Deoque
3186 4333 3286 4404 piis
3316 4334 3457 4389 illius
3485 4333 3768 4390 laboribus

2172 4423 2405 4492 favente,
2438 4434 2696 4495 quotquot
2722 4426 2844 4481 huic
2890 4426 3180 4483 interfuere
3209 4428 3494 4498 colloquio,
3524 4428 3605 4483 vel
3634 4429 3766 4497 ejus

2174 4517 2303 4571 Acta
2334 4518 2693 4589 perlegerunt,
2727 4519 2934 4588 ejurato
2964 4535 3171 4587 errore,
3195 4521 3454 4575 sinceram
3485 4532 3537 4577 et
3563 4519 3764 4576 ortho-

2170 4608 2360 4663 doxam
2392 4610 2637 4664 Ecclesia:
2652 4610 2927 4666 catholica:
2948 4610 3109 4664 ﬁdem
3128 4614 3352 4682 amplexi
3374 4622 3496 4667 sunt
3525 4612 3756 4685 (Ibid.).

2170 4701 2443 4756 Maniclnci
2474 4702 2698 4758 subinde
2740 4703 3039 4774 Hipponem
3086 4706 3345 4760 miserunt
3391 4707 3551 4761 alium
3588 4717 3761 4763 secta:

2168 4807 2276 4847 sua:
2301 4795 2685 4865 presbyterum,
2709 4796 2863 4863 cujus
2906 4811 3095 4850 nomen
3124 4797 3398 4851 reticetur.
3429 4798 3759 4868 Coniectura

2170 4891 2342 4939 tamen
2380 4900 2484 4938 non
2515 4885 2684 4949 deest,
2717 4901 2835 4940 cum
2884 4902 3002 4939 esse
3042 4886 3274 4942 Felicem
3324 4887 3494 4953 illum,
3525 4889 3591 4942 de
3637 4905 3759 4957 quo

2167 4988 2349 5028 sumus
2378 4975 2545 5029 acturi
2598 4991 2736 5028 anno
2790 4977 3312 5048 quadringentesimo
3340 4990 3548 5048 quarto.
3599 4977 3757 5033 Scri—

2169 5067 2271 5136 psit
2304 5065 2375 5119 illi
2402 5066 2742 5135 Augustinus,
2789 5066 3032 5137 idemque
3082 5078 3469 5137 argumentum,
3523 5086 3626 5140 quo
3684 5088 3748 5125 se

2166 5158 2485 5211 Fortunatus
2533 5157 2780 5226 expedire
2851 5160 3199 5228 nequiverat,
3248 5162 3551 5231 proposuit;
3581 5163 3748 5219 simul

2169 5248 2241 5302 illi
2284 5247 2632 5315 denuntians,
2684 5257 2738 5303 ut
2777 5257 2867 5305 aut
2909 5253 3256 5322 quaestionem
3324 5254 3590 5321 solveret,
3650 5267 3754 5313 aut

2164 5332 2461 5394 discederet
2478 5339 2675 5410 (Epist.
2722 5342 2788 5396 79
2809 5341 2849 5413 ).

2235 5432 2286 5484 4.
2318 5430 2391 5484 Νε
2415 5439 2589 5485 autem
2612 5446 2695 5499 ea,
2727 5447 2845 5502 quae
2864 5442 3044 5488 contra
3072 5433 3392 5493 Manichzeos
3411 5438 3752 5512 Augustinus

2164 5523 2335 5579 adhuc
2360 5526 2634 5597 presbyter
2676 5528 2904 5597 scripsit,
2935 5528 3319 5599 disjungamus,
3344 5532 3611 5603 agendum
3641 5551 3751 5590 no-

2165 5616 2244 5671 bis
2272 5625 2353 5670 est
2375 5616 2475 5671 hoe
2499 5617 2615 5671 loco
2643 5618 2709 5674 de
2753 5619 2988 5689 ejusdem
3019 5621 3153 5676 libro
3197 5623 3453 5691 adversus
3476 5624 3745 5683 Adiman-

2164 5706 2551 5780 tum(Retmct.
2582 5710 2666 5767 lib.
2709 5711 2760 5778 ι,
2792 5728 2904 5783 cap.
2935 5709 3063 5784 22),
3091 5712 3217 5771 licet
3267 5715 3313 5773 is
3342 5716 3446 5774 alia
3481 5716 3741 5793 quaedam
