3990 6360
465 329 560 385 191

465 460 597 519 pore
624 447 675 502 in
690 444 934 517 prtesenti
961 456 1100 497 anno
1116 441 1527 497 recensebimus.
1556 438 1735 493 Primo
1786 438 1902 506 ipse
1927 436 2045 491 loco

466 540 657 594 librum
686 536 751 591 de
770 535 962 592 Genesi
987 535 1053 589 ad
1093 533 1347 588 Litteram
1389 530 1755 600 imperfectum
1800 528 2046 583 collocat.

468 627 705 684 Primum
731 627 887 682 etiam
911 634 993 679 est
1018 625 1167 678 istius
1196 624 1407 693 generis
1433 637 1563 689 opus
1584 619 1722 689 quod
1754 620 1803 671 in
1844 632 2046 673 sacram

466 722 788 789 Scripturam
817 718 1164 787 conscripsit:
1192 717 1297 770 duo
1324 714 1579 784 siquidem
1622 712 1763 776 libri,
1806 727 1937 781 quos
1980 710 2047 765 de

468 812 659 867 Genesi
688 821 870 867 contra
900 810 1212 865 Manichacus
1235 808 1539 878 scripserat,
1571 804 1905 874 allegorieam
1933 812 2049 857 tan-

470 903 743 957 tummodo
791 902 1174 970 expositionem
1230 897 1589 954 continebant.
1665 896 1813 949 Hune
1887 894 2047 964 igitur

467 992 765 1062 composuit
790 993 1158 1061 exploraturus
1177 1033 1190 1056 ,
1215 1006 1339 1044 num
1376 989 1440 1042 ad
1465 986 1828 1057 perspicienda
1865 1000 2043 1039 rerum

476 1085 793 1138 naturalium
822 1100 1035 1149 arcana,
1066 1098 1231 1153 eaque
1256 1083 1320 1137 ad
1344 1084 1596 1146 litteram,
1626 1081 1727 1134 hoc
1754 1088 2046 1133 esl'secun-

470 1174 594 1228 dum
629 1174 933 1229 historicum
969 1175 1340 1242 proprietatem
1369 1172 1531 1243 (quod
1561 1188 1692 1241 opus
1723 1169 2043 1239 negotiosis-

463 1265 654 1318 simum
672 1274 843 1329 vocat,
857 1280 918 1318 ac
935 1263 1343 1333 difficillimum),
1362 1264 1669 1333 exponenda
1687 1263 1813 1317 satis
1828 1263 2041 1315 valeret.

464 1356 653 1411 Subdit
683 1373 740 1411 se
765 1359 922 1411 etiam
945 1366 1069 1411 tunc
1097 1357 1349 1425 temporis
1385 1358 1522 1409 vires
1556 1370 1677 1409 suas
1729 1356 1848 1407 huic
1872 1355 2039 1411 labori

465 1446 598 1500 adeo
623 1447 850 1515 impares
878 1447 1223 1515 comperisse,
1258 1453 1489 1499 uttantm
1518 1444 1643 1498 moli
1671 1444 2040 1511 succumbens,

470 1539 779 1606 opusculum
810 1539 1173 1607 imperfectum
1203 1540 1493 1608 reliquerit,
1524 1553 1621 1591 nec
1663 1538 1711 1590 iu
1739 1538 1910 1592 lucem
1927 1536 2043 1591 edi-

465 1629 621 1684 derit.
651 1631 785 1698 Quin
804 1633 958 1686 etiam
985 1649 1102 1687 cum
1132 1634 1293 1686 libros
1311 1646 1434 1685 suos
1456 1641 1882 1701 recognosceret,
1906 1632 2044 1686 hunc

463 1722 677 1776 abolere
702 1723 1029 1787 decreverat,
1060 1725 1127 1777 ob
1149 1740 1263 1777 eam
1288 1723 1618 1793 potissimum
1644 1738 1877 1785 causam,
1903 1721 2043 1792 quod

464 1827 595 1880 opus
622 1815 787 1881 magis
835 1814 1063 1882 amplum
1106 1824 1159 1869 et
1188 1815 1487 1869 absolutum
1539 1814 1604 1867 de
1648 1813 1833 1867 eodem
1883 1828 2042 1883 argu-

464 1912 643 1955 mento
671 1902 1005 1958 confecisset.
1046 1904 1400 1959 Nihilominus
1431 1905 1740 1973 opusculum
1764 1902 1902 1958 istud
1934 1919 2038 1957 non

463 1992 699 2047 inutilem
738 1993 848 2048 fore
895 1996 1316 2050 rudimentorum
1367 2011 1583 2049 suorum
1618 1997 1667 2049 in
1697 1995 2039 2050 enucleandis

459 2090 616 2149 atque
646 2085 941 2138 scrutandis
978 2086 1167 2141 divinis
1192 2087 1414 2155 eloquiis
1438 2087 1661 2141 indicem
1706 2095 1884 2153 ratus,
1924 2101 2040 2141 ser-

462 2188 586 2226 vare
630 2176 923 2230 constituit.
958 2177 1235 2231 Dimidiam
1266 2179 1420 2231 etiam
1451 2179 1662 2232 circiter
1691 2178 1936 2247 paginam
1973 2177 2041 2232 ad

460 2263 659 2317 calcem
711 2265 827 2319 libri
874 2266 1095 2333 adjecit,
1146 2282 1314 2335 neque
1366 2277 1539 2321 tamen
1594 2269 1839 2322 absolvit.
1896 2268 2038 2336 Qua-

459 2364 674 2423 propter
711 2356 851 2413 hunc
896 2358 971 2411 De
1013 2358 1193 2414 Genesi
1216 2361 1283 2413 ad
1310 2360 1548 2415 Litteram
1575 2363 1914 2432 imperfectum
1953 2362 2038 2416 in-

465 2446 696 2513 scripsit.

529 2538 581 2591 4.
624 2537 726 2592 Per
748 2539 885 2594 idem
909 2549 1115 2610 tempus
1158 2542 1225 2596 de
1255 2543 1510 2597 Sermone
1537 2544 1743 2597 Domini
1782 2544 1833 2598 in
1858 2552 2039 2600 monte

456 2627 747 2681 secundum
779 2629 1080 2684 Matthreum
1110 2630 1243 2685 duos
1270 2632 1435 2686 libros
1465 2632 1588 2687 fecit
1610 2634 1957 2703 (RetractJib.
1982 2635 2034 2701 1,

457 2732 571 2784 cap.
605 2716 725 2787 l9);
780 2719 831 2772 in
880 2721 1068 2789 quibus
1096 2738 1296 2776 morem
1338 2724 1573 2792 quotidie
1614 2725 2036 2780 communicandi

458 2823 627 2863 coenae
656 2810 968 2879 Dominicae,
999 2829 1152 2883 quem
1179 2815 1289 2883 ipse
1315 2830 1433 2868 cum
1458 2816 1666 2869 cmteris
1694 2816 1883 2870 Afriezc
1909 2817 2037 2872 fide—

462 2899 600 2954 libus
627 2902 966 2969 sequebatur,
999 2905 1274 2967 observat;
1322 2905 1443 2959 licet
1474 2905 1562 2959 illa
1607 2907 1933 2962 consuetudo
1984 2909 2036 2963 in

459 2989 701 3044 orientali
732 2991 970 3047 Ecclesia
1003 3010 1105 3048 non
1158 2995 1479 3066 vigeret(De
1524 2996 1691 3051 Serm.
1742 2997 1950 3053 Domini
1984 3001 2037 3054 in

458 3094 643 3151 monte,
687 3085 771 3139 lib.
821 3086 876 3153 2,
907 3105 958 3141 η.
996 3088 1107 3157 26).
1165 3090 1344 3145 Refert
1398 3090 1590 3146 ibidem
1620 3133 1633 3155 ,
1671 3106 1729 3145 se
1760 3109 1783 3143 a
1808 3093 2036 3162 quodam

462 3176 688 3233 Hebraeo
721 3180 1013 3248 quansiisse,
1047 3182 1170 3250 quid
1208 3182 1305 3235 sibi
1350 3183 1509 3237 vellet
1538 3184 1849 3237 vocabulum
1882 3185 2033 3249 illud,

460 3268 659 3335 Racba,
692 3281 745 3324 et
765 3280 1030 3339 acceptam
1058 3275 1123 3326 ab
1151 3289 1215 3327 eo
1239 3274 1721 3342 interpretationem
1747 3277 1859 3330 aliis
1887 3286 2035 3332 ante-

460 3360 610 3428 ponit
639 3357 823 3427 (Ibid.,
846 3360 931 3415 lib.
960 3362 1079 3427 1,13.
1107 3360 1218 3432 23).
1238 3362 1458 3429 Quidam
1479 3364 1767 3418 Pollentius
1799 3365 2038 3434 plurimis

464 3457 580 3517 post
605 3452 761 3502 annis
787 3449 885 3503 hoc
915 3467 1048 3519 opus
1072 3454 1347 3519 evolvens,
1368 3453 1571 3522 aliquot
1598 3454 1933 3510 difficultates
1971 3457 2039 3512 de

462 3541 718 3595 uxoribus
744 3542 1036 3609 repudiatis
1063 3544 1310 3609 offendit,
1354 3560 1549 3616 easque
1602 3556 1786 3601 sancto
1827 3549 2037 3604 Ductori

461 3635 753 3702 proposuit,
784 3650 913 3705 quas
946 3636 1031 3691 ille
1065 3637 1238 3706 priore
1283 3637 1418 3692 libro
1441 3637 1510 3692 de
1547 3638 1873 3695 Adulterinis
1901 3640 2039 3696 Con-

458 3722 620 3792 jugiis
650 3725 913 3779 enodavit.

532 3814 584 3867 5.
629 3813 817 3868 Adhuc
847 3814 1123 3885 presbyter
1166 3815 1538 3886 Carthaginem
1571 3831 1628 3871 se
1657 3818 1915 3884 contulit,
1945 3819 2035 3876 ubi

459 3919 579 3957 cum
611 3906 748 3957 inter
785 3904 973 3960 fratres
1017 3906 1245 3975 Epistula
1268 3907 1411 3962 Pauli
1451 3908 1515 3963 ad
1540 3909 1805 3965 Romanos
1834 3912 2036 3982 legere-

464 4002 568 4058 tur,
598 3995 874 4049 occasione
900 3996 1072 4050 oblata
1100 3998 1261 4051 varias
1281 4000 1598 4068 quaestiones
1629 4016 1790 4071 super
1809 4003 2038 4074 implica-

462 4084 679 4137 tissimis
709 4083 865 4153 hujus
899 4088 1142 4153 Epistolzc
1169 4088 1299 4143 locis
1336 4088 1541 4144 fuerunt
1572 4090 1621 4145 ei
1647 4094 1954 4163 proposita},
1984 4102 2038 4149 et

462 4191 491 4228 a
524 4175 793 4243 fratribus,
839 4178 1148 4247 quibuscum
1180 4179 1250 4233 ibi
1280 4182 1620 4246 versabatur,
1658 4183 1900 4239 inductus
1932 4194 2033 4249 est,

463 4272 519 4319 ut
548 4269 920 4334 responsiones
949 4282 1070 4322 suas
1097 4271 1306 4338 scriptis
1328 4272 1496 4340 excipi
1529 4281 1811 4342 pateretur.
1846 4274 2037 4344 Sicque

463 4357 821 4424 superioribus
850 4360 1115 4427 opusculis
1144 4360 1279 4415 liber
1306 4375 1443 4415 unus
1466 4362 1708 4423 accessit.
1741 4364 1827 4433 qui
1859 4364 2037 4433 Expo-

466 4446 587 4501 sitio
606 4449 954 4515 quarumdam
980 4451 1395 4519 propositionum
1427 4468 1491 4507 ex
1518 4454 1751 4523 Epistula
1798 4455 1944 4511 Pauli
1970 4456 2035 4511 ad

468 4537 757 4604 Romanos,
788 4539 1109 4594 inscribitur.
1137 4541 1351 4595 Fatetur
1377 4542 1427 4595 in
1450 4543 1560 4597 suis
1588 4544 2036 4601 Retractationum

468 4628 635 4691 libris,
668 4629 899 4684 nondum
944 4646 1037 4700 per
1074 4632 1125 4686 id
1165 4642 1369 4702 tempus
1412 4635 1540 4688 satis
1575 4634 1857 4704 diligenter
1893 4653 2038 4707 quaa-

470 4721 622 4776 siisse
650 4737 727 4789 se,
758 4725 927 4793 qualis
952 4734 1092 4778 esset
1121 4727 1307 4780 electio
1334 4729 1535 4795 gratiae.
1583 4728 1731 4784 Unde
1759 4731 1833 4783 sic
1857 4732 1923 4785 ibi
1956 4733 2036 4785 lo-

465 4813 660 4877 quitur,
693 4815 843 4883 quasi
870 4830 973 4869 non
1014 4830 1045 4868 a
1074 4818 1265 4885 gratia,
1288 4817 1381 4872 sed
1416 4834 1445 4871 a
1474 4819 1624 4874 nobis
1665 4822 2033 4877 essetinitium

465 4900 584 4957 fidei
608 4901 852 4972 (Πρω-πει.
884 4904 970 4958 lib.
1000 4906 1052 4971 1,
1074 4922 1187 4971 cap.
1220 4907 1312 4973 25,
1349 4925 1400 4962 η.
1431 4909 1510 4979 2).
1542 4910 1717 4976 Quare
1745 4912 2035 4983 Semipelao

462 4995 602 5063 giani
630 4995 819 5050 librum
867 4998 1006 5052 hunc
1036 5006 1282 5069 tanquam
1315 5002 1411 5054 sibi
1441 5002 1815 5073 sull'ragantem
1847 5007 2039 5075 proba-

466 5085 608 5151 bant,
641 5094 695 5140 et
735 5088 783 5140 in
814 5090 1091 5143 sententia:
1138 5104 1246 5144 suae
1287 5092 1633 5160 patrocinium
1662 5096 2033 5151 adducebant:

463 5191 563 5230 nec
588 5177 775 5242 injuria
807 5194 953 5243 sane,
989 5190 1042 5233 ut
1068 5180 1179 5249 ipse
1202 5181 1393 5235 fatetur
1414 5183 1758 5251 Augustinus,
1792 5187 1880 5255 qui
1909 5187 2037 5240 sub-

466 5268 543 5322 dit
569 5285 662 5323 eos
686 5279 741 5323 et
766 5271 935 5339 ipsum
961 5273 1186 5342 legendo
1203 5289 1384 5328 secum
1416 5277 1695 5345 proﬁcere,
1727 5286 1781 5332 et
1800 5294 2035 5334 errorem

465 5360 547 5413 sui
574 5362 815 5430 exemplo
848 5363 1115 5433 deponere
1153 5364 1399 5422 debuisse
1428 5366 1529 5438 (De
1567 5366 1816 5423 Prwdest.
1850 5382 2031 5438 sanct.,

467 5469 553 5505 an.
574 5452 628 5519 6,
657 5454 733 5524 7).

535 5547 587 5600 6.
617 5544 726 5601 Sub
754 5546 869 5602 lucc
893 5546 1127 5617 ejusdem
1145 5551 1367 5620 apostoli
1396 5550 1681 5621 Epistulam
1702 5551 1769 5606 ad
1799 5552 2036 5619 Galatas,

464 5652 572 5692 non
594 5640 833 5707 carptim,
882 5648 939 5694 ut
982 5641 1270 5710 Epistulam
1300 5642 1365 5697 ad
1405 5643 1692 5707 Romanos,
1747 5644 1838 5697 sed
1870 5646 2040 5699 conti-

466 5737 653 5784 nenter
679 5738 735 5786 et
756 5739 916 5787 totam
946 5732 1219 5801 exposuit;
1251 5747 1412 5803 quam
1451 5742 1625 5787 tamen
1653 5734 2037 5803 expositionem

1592 318 1747 374 VITA
1786 318 1842 375 S.
1884 312 2248 375 AUGUSTINI
2288 316 2618 373 EPISCOPI.

3632 331 3737 385 19⁸2

2161 447 2266 487 uno
2290 432 2561 489 volumine
2585 436 2891 505 complexus
2922 436 3260 509 est(Rctract.
3285 440 3370 495 lib.
3400 442 3450 509 1,
3475 461 3588 514 cap.
3624 448 3732 521 M).

2156 523 2461 596 Hieronymi
2504 526 2556 579 in
2609 524 2747 582 hanc
2787 528 3074 597 Epistulam
3123 530 3573 591 Commentarium
3624 543 3737 609 jam

2154 623 2264 669 tum
2284 615 2480 671 vidisse
2506 624 2731 685 poterat.
2775 619 2908 673 Eum
2952 629 3097 676 certe
3125 622 3326 693 legerat
3354 627 3588 681 nondum
3626 632 3739 700 epi-

2153 719 2345 776 scopus
2364 704 2551 777 (Epist.
2573 708 2663 773 28,
2684 707 2830 778 12.5).
2853 710 3361 783 Epistolamzquoque
3376 714 3445 769 ad
3468 716 3738 776 Romanos

2154 794 2343 849 eodem
2392 796 2552 850 modo
2580 799 3040 852 commentandam
3069 812 3402 871 susceperat;
3434 806 3573 875 quod
3604 822 3737 878 opus

2152 886 2317 940 libros
2345 887 2609 942 attulisset
2639 889 2911 957 plurimos.
2964 891 3162 946 Verum
3214 895 3379 963 ipsius
3413 900 3590 967 operis
3620 917 3735 956 ma-

2150 977 2426 1044 gnitudine
2473 993 2535 1032 ac
2583 978 2767 1035 labore
2819 981 3129 1049 deterritus,
3165 986 3215 1039 in
3241 988 3341 1041 alia
3374 988 3612 1045 faciliora
3642 992 3736 1048 de-

2152 1065 2297 1119 ﬂexit
2325 1065 2570 1139 (Retract.
2606 1069 2691 1122 lib.
2718 1071 2768 1135 1,
2808 1087 2922 1141 cap.
2949 1072 3062 1143 25).
3103 1074 3192 1130 Sic
3235 1080 3464 1145 primum
3499 1090 3732 1137 tantum-

2152 1158 2313 1212 modo
2334 1160 2525 1213 librum
2558 1161 2611 1214 in
2642 1156 2765 1216 sola
2785 1163 2947 1231 ipsius
2977 1167 3308 1222 salutationis
3336 1186 3402 1225 ac
3422 1173 3567 1227 velut
3601 1176 3736 1231 tituli

2153 1250 2401 1319 Epistolas
2434 1254 2761 1321 expositione
2811 1256 3061 1321 confecit,
3094 1275 3211 1313 eum
3256 1263 3347 1316 diu
3375 1263 3429 1317 in
3478 1267 3733 1323 solvenda

2154 1341 2417 1396 incidente
2458 1347 2688 1399 sermoni
2721 1361 2816 1400 suo
2846 1352 3137 1416 qumstione
3163 1351 3229 1405 de
3267 1363 3485 1421 peccato
3530 1358 3580 1410 in
3610 1357 3733 1427 Spi-

2150 1436 2308 1488 ritum
2340 1446 2577 1491 sanctum
2604 1449 2818 1495 coactus
2844 1440 3028 1497 fuisset
3058 1445 3350 1502 immorari.

2221 1527 2272 1579 7.
2310 1527 2616 1584 Postremus
2658 1531 2826 1597 liber,
2857 1550 3012 1602 quem
3058 1536 3386 1604 Augustinus
3431 1550 3636 1597 notata
3675 1558 3735 1601 so

2154 1615 2468 1686 presbytero
2520 1622 2914 1688 compositum,
2976 1624 3050 1677 De
3106 1626 3378 1681 illendacio
3432 1631 3737 1691 inscribitur

2150 1704 2334 1777 (Ibid.,
2363 1725 2476 1779 cap.
2502 1710 2594 1781 27)
2620 1729 2633 1776 ;
2674 1730 2860 1781 quem,
2894 1723 2957 1769 ut
2984 1715 3221 1770 illicitum
3255 1734 3371 1773 esse
3401 1723 3733 1781 mendacium

2148 1798 2476 1864 ostenderet,
2508 1802 2816 1859 elaboravit.
2857 1807 2961 1859 Sed
2988 1807 3146 1877 hujus
3172 1826 3361 1880 magna
3388 1828 3507 1880 pars
3540 1816 3588 1867 in
3618 1814 3731 1885 ipsa

2146 1888 2438 1956 quaestione
2468 1892 2611 1945 ultro
2637 1894 2876 1963 citroque
2907 1896 3255 1962 discutienda,
3280 1910 3334 1955 et
3366 1902 3729 1973 investiganda

2146 1980 2369 2034 veritate
2392 1992 2652 2038 versatur.
2678 1986 2894 2041 Fatetur
2922 1989 3033 2057 ipse
3054 1991 3246 2044 librum
3277 1992 3416 2047 hunc
3429 1995 3735 2067 obscurum,

2146 2068 2471 2127 anfractibus
2522 2073 2885 2144 implicatum,
2942 2087 2993 2131 et
3046 2083 3263 2135 omnino
3306 2084 3586 2139 molestum
3630 2088 3734 2143 sibi

2147 2161 2310 2214 videri
2346 2176 2367 2216 ε·
2408 2163 2633 2234 ideoque
2660 2181 2758 2221 nec
2814 2183 2932 2221 eum
2965 2170 3235 2236 ediderat;
3286 2174 3413 2242 quin
3460 2176 3619 2230 etiam
3668 2194 3735 2234 ex

2146 2267 2365 2321 operum
2398 2270 2613 2310 suorum
2664 2273 2884 2312 numero
2908 2298 2921 2322 ,
2956 2263 3185 2316 maxime
3214 2276 3333 2317 cum
3370 2273 3555 2320 contra
3582 2267 3732 2322 Men~

2146 2348 2351 2401 decium
2417 2359 2599 2418 postea
2649 2351 2993 2421 scripsisset,
3053 2370 3358 2426 expungere
3402 2358 3730 2416 decreverat.

2148 2436 2340 2491 Verum
2369 2453 2488 2492 cum
2518 2442 2767 2509 upuscula
2796 2456 2887 2496 sua
2924 2446 3291 2512 recogniturus
3310 2486 3328 2513 ,
3358 2447 3499 2503 hunc
3536 2450 3734 2507 librum

2146 2528 2463 2583 incolumem
2514 2533 2902 2602 comperisset,
2954 2535 3115 2588 etiam
3172 2536 3343 2604 ipsum
3388 2547 3732 2596 retractatum

2145 2634 2362 2674 manere
2397 2622 2665 2690 permisit;
2705 2625 2844 2693 quod
2890 2626 2942 2679 in
2989 2642 3055 2680 eo
3100 2630 3348 2682 nonnulla
3375 2632 3736 2699 reperirentur

2144 2715 2462 2782 necessaria,
2506 2731 2624 2784 quae
2653 2716 2704 2769 in
2732 2718 2899 2771 altero
2927 2718 3224 2789 posteriore
3260 2721 3545 2789 deessent,
3577 2734 3730 2781 ratus

2144 2803 2391 2858 nimirum
2419 2804 2559 2860 hunc
2584 2806 2796 2871 librum,
2819 2808 3061 2878 quamvis
3086 2826 3309 2880 operose
3328 2813 3731 2886 intelligeretur,

2144 2911 2250 2949 non
2283 2896 2523 2951 inutilem
2565 2907 2740 2952 tamen
2770 2899 3039 2969 etingenii
3071 2910 3124 2955 et
3167 2903 3361 2957 mentis
3389 2906 3731 2961 exercitatio-

2144 3003 2265 3043 nem
2294 2988 2612 3053 babiturum,
2642 3005 2810 3061 eoque
2838 2994 3004 3062 magis
3034 2994 3100 3047 ad
3132 2994 3554 3065 ingenerandum
3587 2999 3735 3053 veri-

2144 3079 2266 3132 tatis
2291 3094 2524 3133 amorem
2575 3079 2691 3135 fore
2731 3081 3002 3136 idoneum.
3045 3084 3152 3139 Nec
3204 3083 3345 3140 enim
3395 3088 3448 3141 in
3503 3103 3568 3142 eo
3620 3088 3738 3145 vult

2145 3170 2307 3238 quaeri
2337 3170 2716 3239 eloquentiam,
2733 3188 2851 3225 cum
2868 3174 2918 3226 in
2939 3174 3050 3227 sola
3080 3190 3135 3227 re
3151 3174 3504 3243 discutienda,
3523 3187 3733 3247 utopus

2144 3261 2484 3316 moderandas
2514 3265 2633 3318 vita)
2665 3268 3121 3334 pernecessarium
3149 3270 3397 3325 celeriter
3426 3272 3733 3328 absolvere-

2147 3363 2231 3408 tur
2251 3397 2266 3421 ,
2317 3356 2554 3425 neglecta
2584 3358 2867 3412 verborum
2894 3373 3017 3412 cura
3037 3399 3050 3423 ,
3083 3360 3414 3415 desudasset.
3468 3363 3523 3417 In
3553 3364 3735 3433 operis

2151 3446 2383 3500 clausula
2416 3462 2511 3503 eos
2564 3450 2758 3503 acriter
2808 3449 3130 3518 insectatur,
3187 3454 3274 3523 qui
3320 3456 3633 3524 Apostolum
3674 3457 3731 3511 in

2145 3537 2376 3605 Epistula
2420 3537 2485 3591 ad
2511 3537 2722 3594 Galatas
2750 3540 3040 3595 ofﬁciosum
3086 3541 3362 3599 admisisse
3395 3546 3729 3602 mendacium

2141 3628 2569 3683 contendebant:
2598 3630 2739 3699 quod
2784 3645 2888 3686 non
2929 3631 3089 3687 dubie
3130 3633 3439 3707 Hieronymi
3490 3637 3541 3690 in
3596 3638 3737 3695 hanc

2144 3720 2435 3789 Epistulam
2485 3721 2937 3778 Commentarium
2980 3725 3212 3794 respicit.
3247 3725 3315 3781 Et
3365 3728 3605 3784 fortassis
3638 3731 3736 3787 illo

2142 3812 2257 3880 ipso
2301 3822 2538 3880 tempore
2576 3827 2709 3882 opus
2744 3815 2879 3869 istud
2911 3816 3230 3883 elaboravit,
3261 3834 3366 3889 quo
3422 3821 3736 3890 vigesimam

2141 3911 2380 3957 octavam
2394 3903 2673 3973 epistolam
2691 3906 2755 3960 ad
2772 3907 3013 3962 eumdem
3039 3907 3106 3963 de
3131 3908 3232 3964 hoc
3252 3922 3564 3981 argumento
3588 3915 3733 3968 scri-

2146 3994 2267 4061 psit.
2298 3993 2354 4047 ln
2404 3993 2630 4063 quodam
2661 4010 2821 4065 Opere
2865 3998 3076 4053 circiter
3116 4015 3313 4055 annum
3353 4001 3550 4057 Christi
3594 4019 3733 4076 qua-

2144 4084 2615 4155 dringentesimum
2663 4086 2925 4141 decimum
2972 4105 3170 4145 nonum
3196 4093 3490 4162 composito
3515 4135 3529 4159 ,
3559 4094 3731 4167 signi-

2143 4175 2300 4231 ficare
2348 4177 2553 4231 vidctur
2600 4192 2657 4231 se
2700 4178 2933 4234 nondum
2979 4180 3263 4251 Scriptura:
3306 4185 3607 4240 testimonia
3658 4186 3735 4244 de

2142 4268 2415 4325 mendacio
2441 4271 2783 4336 discussisse;
2809 4288 2925 4325 cum
2945 4289 3136 4343 nempe
3165 4274 3306 4330 hunc
3335 4277 3549 4344 librum,
3569 4293 3736 4347 quem

2142 4360 2397 4431 supprimi
2442 4361 2690 4430 jusserat,
2728 4362 2870 4417 nullo
2910 4363 3026 4418 loco
3054 4375 3379 4421 numeraret.
3411 4366 3728 4423 Sermonem

2141 4452 2484 4507 centesimum
2513 4453 2564 4505 in
2592 4453 2753 4506 verba
2780 4454 3006 4518 Domini,
3038 4454 3195 4509 Lucas
3223 4457 3396 4525 capite
3419 4473 3580 4523 nouo,
3611 4458 3726 4512 for-

2142 4542 2299 4597 tassis
2328 4542 2499 4596 adhuc
2524 4543 2801 4612 presbyter
2828 4544 3009 4599 habuit
3035 4563 3048 4599 :
3071 4560 3191 4599 cum
3223 4546 3275 4599 in
3305 4562 3371 4601 eo
3394 4547 3536 4602 dicat
3562 4549 3733 4603 Deum

2140 4634 2423 4701 Apostolus
2462 4642 2514 4687 et
2558 4633 2846 4687 secundum
2872 4636 3091 4704 gratiam
3132 4650 3282 4690 suam
3306 4677 3319 4701 ,
3349 4646 3405 4692 et
3430 4639 3729 4695 secundum

2141 4725 2350 4778 illorum
2364 4724 2620 4793 justitiam
2648 4724 2890 4794 elegisse,
2917 4741 3050 4794 quos
3069 4743 3262 4798 nempe
3283 4730 3471 4783 nonde
3495 4744 3556 4786 se
3578 4732 3732 4800 ipsis,

2143 4818 2234 4871 sed
2291 4817 2357 4871 de
2410 4817 2571 4885 ipsius
2613 4826 2812 4871 tantum
2866 4820 3034 4888 gratia
3080 4833 3465 4889 praesumentes
3511 4822 3737 4881 videbat

2144 4908 2336 4977 (Serm.
2360 4911 2485 4978 100,
2516 4929 2568 4965 η.
2593 4911 2669 4983 5).

2771 5004 2995 5061 CAPUT
3034 5006 3133 5061 IX.

2143 5093 2167 5145 1
2216 5092 2457 5148 Historia:
2476 5093 2863 5149 Donatistarum
2889 5099 3120 5168 epitome.
3152 5100 3188 5153 2
3219 5100 3477 5165 Quantum
3498 5102 3535 5155 ii
3558 5106 3738 5158 multr-

2212 5185 2384 5239 tudine
2408 5186 2659 5257 pollebant
2677 5188 2729 5241 in
2750 5189 2945 5260 Africa,
2976 5207 3087 5244 cum
3106 5191 3174 5244 ad
3193 5192 3584 5262 presbyteratum
3609 5212 3735 5264 per-

2211 5288 2341 5330 venit
2374 5281 2703 5349 Augustinus,
2730 5289 2776 5334 et
2800 5282 2884 5351 qui
2912 5298 2995 5336 eos
3021 5282 3107 5336 ille
3136 5286 3375 5338 continuo
3398 5286 3605 5340 adortus
3632 5298 3733 5344 est.

2211 5370 2246 5425 5
2282 5368 2769 5439 Congredicumillo
2813 5389 2913 5426 non
2958 5374 3145 5427 audent
3175 5373 3469 5431 Donatistis.
3510 5378 3544 5431 4
3578 5375 3717 5431 Psal-

2212 5478 2348 5513 mum
2402 5460 2753 5515 abecedarium
2798 5464 2850 5515 in
2898 5480 2980 5516 eos
3039 5466 3310 5532 componit.
3355 5466 3387 5520 5
3444 5466 3738 5537 Epistulam

2210 5550 2400 5605 Donati
2428 5554 2626 5623 refellit.
2660 5554 2692 5608 6
2722 5554 2801 5607 Ad
2836 5552 3173 5608 Maximinum
3211 5555 3517 5613 Sinitensem
3549 5556 3705 5612 Dona
3725 5593 3737 5603 -

2213 5644 2442 5697 tistarum
2481 5647 2769 5715 episcopum
2798 5646 2985 5712 scribit,
3011 5647 3070 5700 ob
3095 5646 3365 5702 diaconum
3402 5648 3465 5703 ab
3489 5650 3615 5721 ipso,
3648 5650 3735 5706 uti

2221 5736 2489 5807 ferebatur,
2516 5737 2895 5805 rebaptizatum.
