3990 6360
324 463 377 518 l.
408 460 680 517 Hactenus
727 460 1081 531 Augustinum
1109 474 1230 514 cum
1279 459 1406 514 solis
1449 460 1749 516 Manichacis
1778 462 1830 516 in

260 568 413 609 arena
433 553 797 608 decertantem
823 552 1050 606 vidimus
1079 569 1090 605 :
1119 561 1174 606 at
1199 551 1352 622 longe
1392 553 1564 608 acrius
1592 552 1690 607 fuit
1733 553 1832 622 ipsi

261 660 371 700 cum
397 643 690 698 Donatistis
717 642 1131 712 confligendum.
1168 643 1228 696 lli
1256 642 1488 697 haeretici
1523 659 1580 697 se
1607 659 1638 696 a
1667 642 1831 697 Czeci-

260 735 375 790 liani
392 735 832 805 Carthaginensis
843 735 1075 805 episcopi
1089 736 1457 790 communione
1471 735 1828 806 sejunxerant,

257 844 384 882 anno
400 827 599 882 Christi
631 826 844 881 circiter
873 826 1243 880 trecentesimo
1272 825 1568 891 undecimo,
1599 841 1665 881 eo
1686 825 1830 880 scili-

256 931 330 974 cet
375 921 623 985 obtentu,
669 919 808 989 quod
839 918 985 973 Felix
1012 918 1401 988 Aptungitanus
1421 961 1435 982 ,
1482 933 1512 972 a
1539 933 1643 988 quo
1664 917 1834 971 fuerat

255 1013 543 1070 ordinatus.
580 1013 629 1066 in
653 1012 1022 1080 persecutione
1043 1026 1224 1065 sacros
1268 1011 1478 1064 codices
1505 1009 1829 1064 tradidisset.

257 1105 465 1174 lpsimct
501 1120 531 1156 a
551 1103 900 1158 Constantino
931 1104 1167 1172 Augusto
1186 1102 1390 1172 judiees
1418 1103 1829 1172 postulaverant,

257 1211 280 1252 ι
303 1197 496 1266 quibus
523 1197 749 1264 primum
773 1195 1029 1257 damnati,
1063 1195 1185 1249 dein
1207 1194 1276 1247 ab
1314 1195 1426 1264 ipso
1463 1210 1672 1264 quoque
1693 1194 1832 1247 Con-

256 1289 483 1343 stantino
516 1289 855 1355 imperatore,
884 1302 979 1340 suo
1005 1301 1215 1354 semper
1241 1285 1511 1339 schismati
1550 1285 1832 1354 pertinaci-

256 1390 326 1432 ter
339 1378 700 1432 adhaeserant.
728 1375 794 1431 Ut
815 1386 990 1430 autem
1016 1375 1324 1446 pervicacia:
1346 1391 1453 1429 sua:
1481 1374 1831 1443 patrocinium

259 1480 558 1540 qua'rerent
580 1513 592 1531 ,
619 1469 720 1522 hoc
749 1468 909 1522 veluti
956 1468 1126 1536 posito
1156 1483 1184 1520 a
1216 1481 1274 1521 se
1319 1465 1660 1520 fundamento
1693 1465 1827 1518 nite-

256 1561 438 1616 bantur
467 1579 481 1614 :
513 1561 786 1629 Quotquot
827 1574 948 1612 cum
977 1573 1066 1612 reo
1101 1557 1590 1619 communicarent,
1641 1555 1831 1610 eodem

255 1653 471 1706 crimine
510 1651 701 1705 teneri.
747 1651 879 1704 Cum
928 1658 1064 1703 totus
1106 1649 1286 1717 itaque
1331 1647 1651 1702 cbristianus
1687 1647 1833 1702 orbis

255 1760 364 1798 cum
391 1742 683 1796 Caeciliano
708 1742 1143 1806 communicaret,
1181 1755 1238 1794 se
1267 1755 1296 1792 a
1329 1739 1535 1794 caeteris
1580 1739 1833 1793 omnibus

255 1836 558 1904 disjunxere
589 1833 892 1897 Catholicis,
915 1844 968 1888 et
989 1833 1250 1902 integrum
1268 1833 1495 1887 schisma
1516 1832 1830 1886 conllarunt.

254 1928 434 1983 Scelus
473 1927 694 1996 insuper
735 1927 937 1981 scelere
965 1925 1327 1991 cumulantes,
1372 1926 1562 1980 iterum
1596 1923 1829 1993 baptiza-

256 2019 382 2073 bant
410 2027 666 2088 quotquot
692 2018 744 2072 in
772 2033 958 2072 eorum
988 2026 1128 2072 secta
1168 2018 1490 2086 Baptismum
1521 2031 1622 2070 non
1655 2031 1832 2072 susce-

257 2119 469 2178 perant;
496 2124 618 2162 cum
646 2108 970 2176 Baptismum
1011 2115 1160 2162 extra
1185 2107 1468 2176 legitimam
1513 2103 1828 2172 Ecclesium,

253 2216 404 2268 quam
429 2215 580 2254 suam
601 2215 722 2256 esse
735 2199 1144 2264 contendebant,
1166 2199 1416 2253 collatum
1445 2214 1662 2268 prorsus
1686 2199 1834 2252 inva-

255 2292 414 2345 lidum
444 2306 564 2346 esse
596 2300 889 2346 tuerentur.
916 2292 1095 2346 Errori
1128 2301 1382 2361 prieterea
1413 2293 1516 2345 vim
1549 2291 1832 2346 crudelita-

255 2392 461 2452 temque
492 2383 868 2452 adjungebant.
905 2381 1004 2448 Qui
1047 2383 1188 2437 enim
1219 2383 1356 2436 inter
1380 2398 1473 2437 eos
1512 2382 1833 2437 Circumcel-

252 2474 414 2527 lioncs
442 2474 775 2538 dicebantur,
803 2475 987 2543 plagis,
1014 2474 1231 2544 rapinis,
1265 2473 1546 2539 incendiis,
1575 2474 1827 2540 caedibus,

251 2575 429 2618 contra
473 2581 691 2620 omnem
726 2565 862 2633 juris
899 2565 1138 2620 ordinem
1171 2567 1386 2634 impune
1434 2566 1826 2635 grassabantur.

251 2655 486 2724 Cumque
515 2672 624 2709 non
656 2658 832 2712 minus
859 2657 910 2709 in
942 2671 1021 2723 se,
1052 2671 1208 2726 quam
1236 2655 1287 2709 in
1319 2657 1452 2710 alios
1477 2656 1828 2720 desaevirent;

252 2746 385 2798 ultro
407 2762 466 2800 se
492 2748 724 2815 inaquas
753 2756 805 2802 et
828 2748 973 2816 ignes
991 2747 1364 2812 immittebant,
1385 2747 1474 2800 sed
1497 2748 1830 2817 potissimum

254 2853 282 2890 e
307 2837 532 2891 summis
583 2837 844 2890 montium
890 2838 1250 2891 cacuminibus
1279 2851 1336 2892 se
1381 2838 1647 2891 turmatim
1688 2838 1831 2906 plus-

252 2943 407 2996 quam
440 2927 678 2981 belluina
709 2927 913 2982 feritate
939 2928 1236 2996 praccipites
1261 2935 1829 2998 agereconsueverant.

258 3018 335 3070 Ex
362 3018 448 3070 illo
463 3020 578 3086 ipso
600 3034 706 3072 uno
727 3019 1010 3072 schismate
1032 3017 1256 3086 plurima
1276 3017 1470 3072 sensim
1491 3019 1829 3087 pullularunt.

263 3106 319 3160 ln
350 3108 429 3160 his
459 3109 870 3162 famosissimum
919 3108 1015 3162 fuit
1041 3108 1272 3164 schisma
1303 3107 1827 3174 Maximiauistarum,

252 3200 338 3268 qui
366 3215 510 3254 anno
544 3200 919 3254 trecentesimo
946 3201 1288 3270 nonagesimo
1330 3201 1482 3254 tertio
1509 3199 1832 3254 Primianum

255 3290 648 3344 Donatistarum
679 3291 996 3360 Carthagine
1017 3291 1322 3361 episcopqu
1347 3292 1682 3358 damnarunt,
1704 3301 1757 3347 et
1779 3292 1833 3345 in

251 3383 362 3450 ejus
414 3383 594 3437 locum
655 3384 1026 3438 Maximianum
1081 3385 1356 3439 suffecere.
1421 3385 1614 3439 Verum
1652 3389 1829 3440 caeteri

251 3471 542 3530 Donatistae
585 3475 639 3529 in
691 3477 951 3546 Bagaiana
991 3476 1202 3530 civitate
1246 3477 1527 3546 provincia:
1579 3477 1834 3532 Numidiae

247 3567 555 3636 congregati
582 3566 685 3621 hoc
721 3568 854 3636 ipso,
886 3567 952 3621 de
995 3581 1099 3636 quo
1129 3569 1328 3636 agimus
1353 3607 1367 3633 ,
1403 3583 1542 3621 anno
1571 3577 1832 3622 trecente—

248 3657 382 3709 simo
413 3659 764 3727 nonagesimo
793 3668 1001 3728 quarto,
1038 3659 1357 3712 l"rimianum
1396 3661 1448 3713 in
1472 3660 1652 3714 sedem
1684 3676 1832 3713 suam

249 3749 619 3812 restituerunt,
649 3757 702 3802 et
728 3749 778 3802 in
803 3764 896 3802 eos
925 3749 1166 3817 aquibus
1194 3749 1306 3816 ipse
1335 3750 1610 3804 damnatus
1640 3749 1831 3818 fuerat,

247 3838 501 3893 dixerunt
533 3841 879 3906 sententiam,
933 3842 985 3894 iu
1035 3841 1311 3896 duodecim
1355 3842 1569 3911 quidem
1619 3859 1684 3896 ex
1733 3843 1836 3897 illis

250 3932 395 3985 nullo
425 3931 514 3985 die
564 3933 854 4002 pra-ﬁnito,
886 3931 940 3986 in
981 3943 1202 3986 cancros
1229 3948 1374 3997 vero,
1416 3934 1512 3987 nisi
1544 3944 1665 3988 ante
1693 3935 1832 3988 diem

251 4020 492 4076 Natalem
528 4023 741 4077 Domini
789 4025 854 4077 ad
902 4040 1051 4080 suam
1103 4027 1527 4080 communionem
1579 4028 1830 4082 redirent.

259 4112 474 4170 Verum.
507 4117 612 4169 etsi
635 4117 1000 4184 hujuscemodi
1027 4117 1380 4171 damnationis
1401 4121 1716 4173 sententiam
1748 4127 1833 4172 tu-

254 4203 460 4268 lissent,
488 4206 775 4260 nonnullos
803 4205 1028 4261 subinde
1067 4215 1184 4276 post
1234 4207 1502 4274 expletum
1553 4208 1834 4277 praestituti

252 4297 511 4364 temporis
536 4297 766 4365 spatium
792 4297 1154 4363 admiserunt;
1187 4297 1292 4352 imo
1319 4307 1372 4352 et
1403 4299 1606 4367 aliquot
1649 4316 1712 4353 ex
1747 4300 1831 4367 iis,

247 4385 444 4454 quibus
463 4388 668 4440 nullam
709 4396 1084 4441 concesserant
1111 4402 1336 4453 moram,
1359 4388 1516 4442 etiam
1540 4389 1684 4442 velut
1725 4388 1834 4459 epi-

247 4489 448 4546 scopos
497 4489 850 4548 receperunt;
893 4480 1049 4534 nullis
1079 4488 1254 4534 tamen
1276 4495 1481 4547 eorum,
1517 4497 1650 4550 quos
1679 4481 1835 4536 iidem

245 4569 334 4622 isti
360 4570 416 4622 in
444 4571 733 4625 schismate
763 4572 1173 4640 baptizaverant,
1209 4575 1396 4628 iterum
1426 4575 1722 4643 baptizatis.
1749 4574 1836 4630 Sic

248 4661 511 4714 nimirum
562 4662 639 4715 illi
673 4662 890 4716 lueresis
933 4678 1044 4718 sua:
1071 4663 1407 4718 fundamenta
1433 4663 1833 4720 label'actabant.

316 4754 374 4807 Ξ.
421 4756 552 4808 llaec
581 4766 722 4809 secta
756 4757 898 4809 nullo
925 4756 1047 4810 licet
1081 4754 1422 4811 fundamento
1448 4755 1679 4823 sull‘ulta,
1719 4766 1836 4811 tan-

249 4852 361 4898 tum
394 4853 580 4898 tamen
610 4845 664 4898 in
693 4845 865 4900 Africa
903 4845 1130 4911 valebat,
1159 4860 1280 4900 cum
1309 4845 1628 4915 Augustinus
1655 4845 1708 4899 in
1737 4845 1838 4900 Ec-

247 4934 416 4988 clesia
446 4936 883 5005 erepiteminere,
907 4944 964 4990 ut
984 4935 1204 4990 trecenti
1230 4943 1286 4990 et
1303 4936 1486 4991 decem
1514 4936 1747 5007 episc0pi
1769 4937 1836 4992 ad

248 5027 521 5098 synodum
573 5028 914 5097 Bagaiensem
961 5027 1334 5094 convenerint,
1385 5037 1579 5097 prater
1624 5035 1834 5083 centum

247 5119 388 5172 alios
417 5120 510 5188 qui
540 5119 857 5172 Maximiano
881 5119 1242 5174 adhterebant.
1277 5120 1403 5173 Eam
1438 5135 1535 5173 suo
1560 5120 1837 5189 complexu

250 5209 521 5279 majorem
573 5208 826 5263 Afrorum
877 5209 1263 5264 multitudinem
1316 5211 1638 5264 continuisse
1683 5211 1840 5268 docet

253 5299 536 5355 Possidius
583 5299 923 5370 (Possidius,
966 5299 1018 5354 in
1056 5300 1166 5353 Vita
1210 5300 1492 5372 Augustini,
1539 5317 1583 5354 c.
1632 5301 1720 5370 ὅ).
1774 5303 1838 5357 Et

253 5394 474 5462 quidem
508 5393 948 5464 Hippone-Regio
991 5402 1094 5446 tam
1135 5394 1356 5462 exiguus
1393 5403 1504 5446 erat
1539 5392 1840 5450 Catholico-

253 5499 377 5539 rum
409 5499 695 5549 numerus,
724 5494 779 5540 et
819 5500 880 5539 ea
925 5485 1235 5540 auctoritate
1276 5483 1558 5538 Donatista:
1599 5482 1838 5539 domina-

257 5576 475 5642 bantur,
515 5587 568 5630 ut
614 5577 896 5630 Faustinus
935 5592 1118 5631 eorum
1158 5577 1208 5630 in
1239 5575 1338 5629 hac
1371 5575 1502 5630 urbe
1537 5577 1834 5646 epiSCOpus,

261 5674 422 5736 paulo
443 5677 564 5723 ante
586 5669 865 5738 Augustini
887 5668 1190 5733 adventum,
1233 5683 1418 5738 panem
1441 5666 1724 5724 Catholicis
1748 5683 1839 5723 co-

258 5759 353 5829 qni
380 5759 718 5831 prohiberet;
748 5760 818 5815 ita
851 5768 906 5816 ut
941 5758 1151 5816 diaconi
1183 5759 1454 5830 cujusdam
1483 5759 1834 5829 Hipponensis

1619 344 1820 401 LIBER
1857 345 2169 404 TERTIUS.

3405 353 3507 410 194

1937 462 2179 518 catholici
2201 462 2468 519 furnarius
2494 463 2786 534 inquilinus
2812 464 2976 534 ipsius
3001 467 3283 522 domnaedii
3302 471 3383 524 sui
3412 486 3507 541 pa-

1937 572 2059 611 nem
2113 557 2372 612 incoctqu
2422 557 2674 627 abjeeerit
2711 556 2942 628 (Contra
2993 557 3206 613 Litteras
3244 559 3505 631 Petiliam“,

1937 646 2025 701 lib.
2073 647 2128 714 2,
2180 665 2235 702 n.
2295 648 2438 718 184).
2489 651 2814 720 Augustinus
2858 651 3150 722 Hipponem
3199 654 3506 728 adveniens,

1937 751 2124 792 omnes
2151 739 2468 808 eloquentia:
2495 754 2602 794 suae
2623 756 2816 797 nervos
2835 744 3124 810 contendit,
3153 754 3210 801 ut
3223 761 3507 804 exsecran-

1936 826 2058 882 dam
2101 830 2424 885 convelleret
2467 831 2737 887 hominum
2769 836 3222 900 consuetudinem,
3252 839 3338 908 qui
3359 838 3504 893 chri-

1937 919 2110 973 stiano
2130 921 2342 975 nomine
2364 922 2666 990 gloriantes,
2701 923 3028 979 Christianos
3058 926 3386 997 rebaptizare
3402 945 3504 984 non

1937 1007 2236 1065 dubitarent
2262 1011 2449 1081 (Epist.
2473 1013 2586 1081 2'5).
2609 1014 2675 1068 Et
2701 1013 2857 1068 simul
2883 1030 2946 1069 ac
2964 1017 3182 1070 verbum
3210 1018 3393 1072 salutis
3417 1034 3512 1072 an-

1937 1102 2216 1166 nuntiavit,
2242 1103 2349 1157 Deo
2372 1103 2638 1160 laboribus
2663 1105 2782 1172 ejus
2802 1104 3033 1172 favente,
3063 1107 3299 1164 Ecclesia
3327 1109 3510 1163 catho-

1938 1191 2058 1256 lica,
2087 1208 2204 1261 quae
2243 1191 2433 1248 afﬂicta
2473 1203 2528 1249 et
2556 1209 2806 1264 oppressa
2839 1196 3070 1264 jacebat,
3095 1205 3272 1268 caput,
3303 1207 3359 1253 ut
3384 1214 3505 1254 cum

1938 1282 2179 1338 Possidio
2218 1283 2513 1353 loquamur,
2558 1286 2752 1355 levare,
2785 1286 3103 1359 illorumque
3143 1289 3233 1360 qui
3280 1291 3508 1346 schisma

1937 1373 2215 1442 ejurabant
2237 1375 2491 1445 frequenti
2523 1393 2762 1443 numero,
2781 1379 2942 1448 carpit
2962 1381 3014 1434 in
3036 1382 3152 1437 dies
3176 1397 3502 1440 accrescere.

1938 1463 2089 1519 Hunc
2123 1463 2348 1520 fructum
2395 1469 2595 1537 peperit
2634 1471 2932 1539 Augustini,
2979 1472 3231 1541 populum
3262 1473 3504 1542 privatim

1937 1561 1991 1608 et
2024 1555 2250 1624 publice,
2291 1556 2423 1610 intra
2467 1556 2786 1613 domesticos
2821 1561 3044 1628 parietes
3075 1569 3132 1616 et
3177 1561 3230 1616 in
3264 1564 3507 1632 ecclesia,

1936 1659 2066 1699 voce
2103 1660 2165 1699 ac
2198 1647 2394 1716 scripto
2423 1645 2663 1704 docentis
2702 1649 2850 1704 labor
2875 1652 3138 1708 assiduus.
3170 1653 3398 1708 Verbum
3417 1655 3510 1711 Dei

1943 1737 2191 1791 audacter
2220 1738 2489 1810 libereque
2517 1740 2854 1809 prwdicabat,
2884 1752 2936 1796 et
2965 1742 3195 1799 luereses
3219 1761 3455 1816 quasque
3478 1761 3510 1800 a

1939 1827 2173 1882 veritatis
2205 1829 2413 1884 tramite
2452 1829 2726 1886 devianles
2750 1833 3085 1902 Oppugnabat
3110 1836 3386 1891 acerrime.
3404 1837 3508 1891 Ca-

1938 1919 2120 1974 tholici
2176 1921 2540 1992 llipponenses
2597 1925 2890 1979 incredibili
2961 1927 3149 1996 gaudio
3213 1930 3508 1986 mirabundi

1943 2011 2354 2081 triumphabant,
2403 2015 2732 2085 agebantque
2763 2025 2817 2070 ut
2848 2015 2950 2072 hoc
2979 2017 3148 2084 ipsum
3179 2035 3508 2089 quoquover-

1937 2113 2030 2156 sus
2060 2101 2480 2172 pervulgaretur.
2509 2106 2864 2172 Quamobrem
2903 2108 3226 2164 admirandis
3265 2110 3368 2166 illis
3397 2111 3510 2180 ejus

1937 2192 2264 2260 tractatibus,
2289 2209 2509 2263 quorum
2536 2195 2830 2251 doctrinam
2853 2212 2916 2251 ex
2937 2197 3129 2253 divina:
3153 2201 3336 2270 gratia:
3367 2201 3512 2256 fonte

1937 2283 2246 2350 derivatam,
2276 2287 2715 2342 validissimarum
2743 2304 2952 2358 semper
2981 2291 3244 2366 rationum
3273 2308 3512 2346 momen-

1939 2375 2024 2439 tis,
2049 2384 2102 2430 et
2127 2386 2427 2431 sanctarum
2450 2377 2837 2448 Scripturarum
2869 2383 3181 2437 auctoritate
3208 2385 3508 2450 roborabat,

1937 2466 2034 2535 ipsi
2061 2468 2219 2521 etiam
2239 2468 2470 2522 haeretici
2494 2485 2612 2523 cum
2630 2469 2916 2525 Catholicis
2935 2473 3296 2537 convolantes,
3316 2475 3511 2528 avidis-

1933 2557 2070 2611 sime
2100 2557 2404 2624 inhiabant;
2433 2568 2488 2614 et
2507 2561 2742 2630 quisquis
2763 2563 2995 2616 notarios
3011 2563 3263 2618 adhibere
3287 2575 3508 2634 poterat,

1937 2663 2054 2716 quae
2081 2647 2396 2705 dicebantur
2433 2651 2582 2705 laetus
2607 2649 2923 2720 excipiebat.
2947 2653 3034 2708 Sic
3071 2655 3349 2724 singularis
3375 2657 3512 2712 illius

1937 2739 2202 2807 doctrina,
2231 2751 2285 2796 et
2329 2742 2463 2796 odor
2493 2742 2686 2797 Christi
2733 2745 3078 2800 suavissimus
3106 2762 3198 2816 per
3219 2749 3511 2804 universam

1939 2831 2170 2886 Africam
2219 2833 2439 2892 diffusus
2499 2845 2597 2890 est.
2645 2836 2827 2906 Neque
2877 2831 3034 2893 etiam
3080 2840 3368 2896 Ecclesium
3423 2842 3515 2899 Dei

1939 2927 2345 2980 transmarinam
2373 2928 2462 2982 diu
2492 2929 2662 2993 latuit,
2683 2946 2800 2999 quae
2817 2938 3018 2985 tantum
3046 2931 3241 2986 bonum
3265 2932 3514 2990 fratribus

1938 3018 2069 3082 suis,
2103 3018 2415 3087 quibuscum
2449 3035 2641 3089 corpus
2671 3037 2832 3075 unum
2859 3023 3236 3091 constituebat,
3263 3025 3513 3082 divinitus

1938 3107 2186 3162 collatum
2209 3110 2465 3178 gratulata
2491 3120 2571 3164 est
2615 3109 2929 3182 (Possidius,
2956 3113 3010 3167 in
3064 3113 3176 3167 Vita
3223 3115 3508 3186 Augustini,

1938 3214 1985 3252 c.
2016 3199 2102 3269 7).
2133 3200 2231 3267 Qui
2265 3215 2538 3256 sermones
2566 3203 2678 3270 ejus
2719 3212 2809 3257 aut
2843 3212 3092 3260 tractatus
3130 3203 3393 3260 habebant
3419 3223 3514 3262 ex-

1939 3291 2184 3360 scriptos,
2207 3292 2305 3360 ipsi
2327 3307 2536 3361 quoque
2567 3294 2846 3348 Donatista:
2877 3295 3262 3365 llipponenses,
3284 3306 3374 3350 aut
3400 3297 3516 3351 lini-

1943 3380 2076 3446 timi,
2108 3397 2202 3436 eos
2239 3382 2306 3436 ad
2351 3383 2627 3452 episcopos
2673 3384 2970 3438 Donatistas
3017 3384 3346 3442 deferebant.
3391 3386 3514 3452 Quae

1939 3486 2052 3524 cum
2095 3473 2368 3537 audissent,
2409 3484 2453 3527 et
2488 3483 2662 3527 contra
2706 3475 2833 3544 forte
2869 3475 3058 3545 aliquid
3092 3477 3342 3541 dicerent,
3372 3488 3456 3532 aut
3485 3495 3514 3530 a

1941 3563 2046 3616 suis
2069 3563 2441 3632 refellebantur,
2468 3574 2554 3616 aut
2579 3565 2752 3617 cadent
2785 3581 3021 3635 responsa
3050 3567 3117 3618 ad
3151 3577 3377 3620 sanctum
3411 3570 3514 3622 Αωρ-

1942 3655 2194 3723 gustinum
2232 3654 2599 3724 deferebantur,
2648 3657 2814 3724 eisque
2848 3658 3115 3726 compertis
3135 3699 3150 3724 ,
3180 3659 3423 3727 patienter
3454 3678 3513 3714 ac

1945 3744 2139 3810 leniter,
2171 3755 2238 3810 et,
2259 3754 2312 3798 ut
2336 3748 2574 3816 scriptum
2605 3756 2698 3814 est,
2729 3763 2838 3799 cum
2865 3747 3040 3802 timore
3066 3758 3111 3802 et
3142 3760 3352 3802 tremore
3377 3753 3513 3804 salu-

1943 3844 2040 3888 tem
2096 3837 2319 3889 omnium
2365 3838 2664 3908 cperabatur
2701 3836 2962 3909 (Philipp.
2993 3854 3056 3903 tt,
3091 3840 3178 3910 12)
3207 3858 3218 3894 :
3252 3842 3514 3897 ostendens

1943 3943 2096 3995 quam
2125 3927 2253 3980 nihil
2281 3929 2357 3982 illi
2390 3930 2618 4000 refellere
2657 3930 2919 3994 voluerint,
2952 3946 3011 3983 ac
3045 3931 3310 3997 valuerint,
3342 3951 3516 4003 quam-

1943 4035 2038 4086 que
2077 4036 2246 4073 uerum
2289 4022 2702 4091 manifestumque
2724 4022 2817 4088 sit,
2845 4021 2979 4091 quod
3009 4022 3250 4077 Ecclesiw
3272 4023 3364 4077 Dei
3389 4026 3513 4093 ﬁdes

1946 4118 2074 4163 tenet
2127 4128 2186 4165 ac
2224 4112 2364 4164 docet
2423 4111 2751 4182 (Possidius,
2782 4114 2834 4166 in
2872 4111 2983 4167 Vita
3013 4114 3310 4185 Augustini,
3342 4132 3388 4169 c.
3435 4119 3512 4186 9).

1945 4200 2171 4270 ipsemet
2195 4203 2534 4272 Augustinus,
2569 4204 2802 4258 referens
2829 4213 3079 4273 quantum
3107 4207 3173 4261 ab
3203 4207 3306 4261 illis
3329 4209 3509 4277 exagi-

1945 4299 2145 4346 taretur
2186 4293 2423 4348 Ecclesia
2457 4313 2471 4348 :
2506 4295 2757 4358 Videmus,
2802 4296 2986 4364 inquit,
3036 4307 3080 4350 et
3125 4298 3427 4361 toleramus,
3468 4309 3514 4352 et

1944 4393 2188 4452 quantum
2217 4401 2478 4454 possumus
2499 4388 2765 4455 reprimere
2787 4403 3028 4440 conamur
3052 4388 3372 4458 disputando,
3399 4406 3516 4444 con-

1948 4475 2210 4540 vincendo,
2232 4478 2584 4542 conveniendo,
2604 4479 2834 4530 terrendo
2851 4477 3023 4548 (idque
3051 4488 3162 4549 post
3189 4496 3375 4533 annum
3392 4497 3514 4550 qua-

1944 4567 2385 4638 dringentesimum
2423 4566 2692 4638 quintum),
2727 4577 2890 4621 tamen
2915 4567 2968 4622 in
3008 4568 3233 4623 omnibus
3263 4569 3514 4640 diligendo

1943 4658 2155 4729 (Enarr,
2181 4660 2233 4712 in
2266 4659 2408 4713 Psal.
2442 4675 2632 4725 χχχιχ,
2655 4677 2706 4713 n.
2733 4659 2814 4730 l).

2013 4754 2067 4808 3.
2109 4752 2175 4805 Et
2204 4753 2309 4805 haec
2328 4751 2496 4806 diebus
2515 4769 2574 4805 ac
2594 4752 2838 4820 noctibus,
2857 4753 2931 4806 ait
2950 4752 3238 4819 Possidius,
3261 4753 3322 4807 ab
3344 4753 3513 4808 eodem

1935 4847 2130 4918 jugiter
2155 4846 2444 4917 agebantur.
2476 4845 2610 4898 Nam
2638 4855 2682 4899 et
2702 4845 2938 4916 epistolas
2963 4847 3182 4916 priuatas
3203 4846 3270 4899 ad
3296 4863 3514 4916 quosque

1944 4939 2168 5010 ejusdem
2207 4939 2388 4992 erroris
2417 4939 2694 5008 episcopos,
2734 4947 2782 4992 et
2825 4939 3091 4992 eminentes
3123 4937 3311 4991 scilicet
3354 4938 3510 4992 laicos

1944 5033 2098 5096 dedit,
2124 5033 2316 5085 ratione
2341 5031 2538 5084 reddita
2567 5031 2841 5084 admonens
2873 5039 3022 5099 atque
3047 5030 3338 5095 exhortans,
3358 5039 3412 5082 ut
3437 5028 3512 5084 uel

1943 5125 2006 5178 ab
2039 5125 2130 5178 illa
2153 5140 2206 5177 se
2231 5123 2479 5194 pravitate
2505 5123 2827 5193 corrigerent,
2859 5120 2936 5174 uel
2963 5129 3092 5174 certe
3115 5120 3182 5173 ad
3208 5120 3510 5190 disputatio-

1947 5233 2059 5271 nem
2099 5217 2333 5270 venirent.
2362 5217 2425 5268 At
2451 5215 2526 5268 illi
2559 5230 2726 5269 causa
2759 5214 3048 5284 diffidentia,
3091 5231 3152 5267 ne
3183 5214 3382 5285 quidem
3419 5233 3514 5268 un-

1945 5323 2096 5378 quam
2137 5307 2402 5361 rescribere
2440 5305 2696 5359 voluerunt
2719 5319 2738 5358 .'
2763 5303 2850 5356 sed
2877 5303 2993 5357 irati
3019 5303 3214 5373 furiosa
3239 5305 3510 5374 loqueban-

1945 5406 2046 5464 tur,
2079 5406 2223 5466 atque
2258 5396 2569 5449 seductorem
2593 5390 2638 5448 et
2667 5393 2977 5463 deceptorem
3013 5395 3292 5449 animarum
3334 5395 3509 5466 Augu-

1942 5488 2129 5542 stinum
2155 5504 2278 5553 esse,
2311 5495 2356 5541 et
2398 5486 2630 5558 privatim
2647 5493 2692 5538 et
2723 5485 2916 5556 publice
2949 5485 3360 5551 conclamabant;
3387 5494 3512 5540 etut

1945 5576 2120 5644 lupum
2142 5576 2466 5630 occidendum
2492 5593 2598 5630 esse
2620 5575 2671 5630 in
2695 5575 3031 5647 defensionem
3063 5577 3227 5648 gregis
3251 5577 3348 5642 sui,
3379 5577 3512 5632 dice-

1943 5668 2059 5722 bant
2087 5676 2132 5720 et
2175 5667 2484 5732 tractabant;
2507 5668 2768 5737 omniaque
2793 5677 2996 5737 peccata
3019 5684 3052 5720 a
3074 5666 3182 5722 Deo
3218 5667 3510 5722 indubitan-

1949 5767 2022 5812 ter
2047 5775 2152 5814 esse
2173 5757 2477 5813 credendum
2510 5775 2655 5829 posse
2683 5758 2866 5814 dimitti
2891 5758 2974 5826 iis,
3002 5756 3089 5828 qui
3125 5756 3220 5812 hoc
3251 5760 3416 5828 facem
3450 5769 3510 5812 os
