3990 6360
489 491 777 558 Catholici,
814 505 877 546 ac
912 488 1257 561 probabiliter
1291 487 1407 558 ipse
1436 485 1794 556 Augustinus,
1826 481 1894 537 ad
1928 483 2068 537 Sini-

489 597 638 643 tense
665 587 963 651 castellum,
995 592 1050 639 ut
1074 599 1195 638 mox
1221 582 1471 645 diximus,
1507 581 1873 650 presbyterum
1903 577 2064 630 mise-

487 688 625 734 rant.
675 678 873 733 Eodem
920 675 988 730 ad
1035 675 1290 730 Ecclesia:
1340 671 1771 728 communionem
1811 683 2064 734 reverso,

487 770 771 826 Donatista:
801 783 1096 838 prmconem
1134 767 1449 836 allegarunt,
1480 764 1569 834 qui
1597 763 1848 818 clamaret
1873 759 2065 816 Siniti:

487 862 718 933 Quisquis
757 861 1036 916 Maximino
1067 859 1534 922 communicaverit,
1563 857 1851 910 incendetur
1887 853 2067 907 domus

481 957 590 1026 ejus
621 956 822 1027 (Epist.
859 955 993 1021 105,
1027 971 1080 1007 η.
1112 955 1145 1008 4
1168 954 1205 1023 ).
1239 951 1396 1007 Notat
1436 948 1709 1006 Possidius
1750 945 2064 1001 Sermonem

484 1049 746 1104 adversus
791 1047 1090 1102 Douatistas
1130 1054 1182 1100 et
1225 1053 1408 1098 contra
1453 1042 1614 1108 idola,
1657 1037 1820 1101 Siniti.
1851 1036 1918 1091 ab
1958 1037 2067 1089 Att-

480 1141 690 1211 gustiuo
717 1139 948 1193 habitum
974 1135 1296 1208 (Possidius,
1325 1136 1378 1189 in
1408 1133 1663 1198 Indiculo,
1692 1149 1806 1202 cap.
1834 1131 1868 1187 ὅ
1887 1131 1925 1199 ).
1958 1129 2060 1182 Do-

481 1241 660 1286 natum
701 1230 891 1285 Africa:
929 1228 1302 1299 proconsulem
1341 1235 1523 1280 monet
1559 1224 1886 1294 Augustinus
1923 1237 2063 1275 anno

479 1321 1002 1392 quadringentesimo
1024 1335 1165 1374 nono
1186 1320 1265 1373 vel
1293 1316 1810 1388 quadringentesimo
1831 1314 2059 1379 decimo,

423 1403 427 1411 ’
479 1421 536 1466 ιιι
573 1429 665 1468 eos
703 1428 835 1483 quos
875 1411 926 1465 in
967 1426 1096 1480 agro
1135 1409 1388 1464 Siuitensi
1425 1408 1677 1470 haberet,
1709 1405 1776 1459 ad
1810 1405 2061 1460 Ecclesia:

477 1509 754 1563 catholica:
774 1506 1203 1562 communionem
1227 1503 1529 1557 hortaretur
1545 1500 1738 1572 (Epist.
1759 1499 1879 1565 112,
1905 1515 1956 1552 η.
1981 1499 2056 1566 5).

477 1600 620 1655 Idem
664 1608 877 1654 sanctus
925 1599 1118 1652 Doctor
1160 1596 1472 1651 miraculum
1521 1607 1772 1657 narrans,
1823 1590 1962 1661 quod
2008 1590 2058 1644 in

476 1690 639 1760 ipsius
666 1689 880 1745 dimcesi
908 1689 1234 1758 contigerat,
1266 1686 1450 1742 scribit
1477 1700 1656 1740 secum
1693 1682 1856 1738 fuisse
1895 1682 2058 1736 Maxi-

475 1780 673 1833 minum
701 1780 957 1848 collegam
986 1793 1162 1843 suum,
1188 1776 1470 1852 Siuitensis
1501 1774 1749 1828 Ecclesia:
1780 1773 2056 1842 praesulem

477 1869 578 1938 (De
593 1869 738 1924 Civil.
763 1869 880 1934 Dei,
908 1869 996 1922 lib.
1018 1867 1109 1932 2‘2,
1136 1885 1248 1938 cap.
1273 1867 1327 1933 8,
1351 1884 1402 1920 n.
1428 1865 1521 1935 6).
1549 1865 1712 1920 Paulo
1734 1872 1853 1934 post
1875 1863 2058 1918 Lucilli

473 1965 746 2027 meminit,
779 1963 869 2032 qui
899 1962 1105 2017 castelli
1132 1961 1414 2016 Siuitensis
1447 1957 1871 2028 llipponi-Begio
1901 1957 2058 2011 vicini

473 2057 751 2126 episcopus
789 2063 906 2110 erat
934 2053 1117 2125 (lbid.,
1151 2070 1204 2106 η.
1238 2053 1430 2121 11),ex
1464 2065 1567 2120 quo
1594 2047 1846 2118 Stephani
1880 2057 2060 2118 proto-

479 2148 726 2219 martyris
776 2147 1012 2216 reliquiae
1039 2187 1052 2209 ,
1095 2161 1234 2199 anno
1279 2141 1799 2214 quadringentesimo
1851 2141 2059 2195 decimo

473 2249 653 2305 sexto,
683 2238 872 2292 delata:
903 2239 1116 2292 inerant
1144 2237 1194 2289 in
1224 2234 1478 2288 Africam.
1507 2232 1556 2288 1s
1587 2231 1761 2287 forsan
1791 2231 2057 2286 Maximini

473 2343 752 2384 successor
801 2311 900 2382 est.
935 2327 988 2381 lu
1021 2327 1300 2380 collatione
1329 2323 1730 2394 Carthaginensi
1764 2323 1938 2376 nullus
1967 2337 2056 2376 re-

478 2423 677 2493 peritur
715 2422 995 2490 episcopus
1033 2418 1315 2473 Siuitensis
1351 2417 1663 2472 catholicus.
1705 2415 1902 2470 Aderat
1930 2413 2060 2468 Cre-

475 2513 685 2568 sconius
727 2529 791 2567 ex
837 2522 985 2580 parte
1031 2510 1460 2574 Donatistarum,
1505 2508 1593 2578 qui
1629 2522 1753 2562 eum
1789 2504 1927 2560 haud
1961 2505 2060 2559 du-

474 2603 559 2658 bie
597 2603 878 2657 Maximino
915 2616 1176 2655 converso
1214 2599 1651 2670 subrogaverunt.
1683 2596 2056 2650 Verumtamen

473 2696 572 2752 iste
613 2695 932 2750 Cresconius
987 2693 1188 2748 nullum
1242 2693 1546 2762 episcopum
1593 2690 1908 2744 Catholicum
1957 2689 2057 2744 sibi

471 2801 538 2842 ex
578 2786 800 2841 adverso
838 2786 1133 2840 consistere
1167 2799 1274 2840 non
1309 2783 1442 2838 dixit
1467 2781 1687 2855 (Collat.
1725 2779 1966 2851 Cartltag.
2001 2781 2054 2846 1,

473 2895 587 2948 Μ’
618 2877 779 2950 eo”
1109 2945 1340 3002 CAPUT
1377 2944 1449 3001 x.

477 3041 503 3095 1
534 3040 848 3112 Augustinus
873 3056 935 3093 ea:
971 3037 1398 3098 lucubrationibus
1421 3035 1525 3089 suis
1552 3043 1596 3089 et
1622 3035 1794 3105 Alypii
1820 3035 2058 3089 relatione

542 3133 805 3187 inualescit
836 3132 1073 3186 Paulino.
1098 3131 1132 3184 2
1160 3131 1256 3184 Hic
1285 3130 1354 3183 ad
1377 3129 1618 3201 Alypium
1644 3138 1689 3182 et
1720 3128 1787 3181 ad
1815 3129 2055 3198 Augusti-

543 3242 665 3279 num
691 3225 916 3296 singulas
937 3225 1022 3278 dat
1043 3223 1297 3293 epistolas.
1327 3223 1360 3277 ὅ
1384 3220 1634 3275 Licentius
1650 3239 1848 3275 carmen
1875 3223 1942 3274 ad
1963 3225 2060 3275 Au-

541 3315 799 3386 gustinum
821 3314 1132 3368 transmittit.
1163 3314 1196 3367 4
1233 3313 1541 3383 Augustinus
1581 3312 1844 3381 respondet
1883 3312 2059 3367 litteris

547 3403 772 3459 Paulini.
805 3404 914 3460 51s
943 3421 1043 3458 non
1073 3414 1276 3475 accepto
1292 3403 1558 3474 Augustini
1582 3419 1838 3473 responso,
1870 3404 2059 3458 litteras

545 3497 613 3550 ad
641 3480 1057 3551 illum'secundas
1083 3495 1275 3549 scribit.

544 3609 595 3662 1.
635 3608 751 3674 Quo
775 3617 1011 3678 tempore
1046 3608 1184 3662 Deus
1214 3607 1266 3660 in
1296 3607 1591 3675 Augustino
1621 3607 1802 3676 gratia:
1832 3607 2061 3662 miracu-

473 3699 580 3754 lum
612 3702 802 3756 Alrica:
828 3701 1174 3766 ostendebat,
1205 3699 1391 3755 eodem
1418 3699 1642 3753 alterum
1684 3700 2062 3754 misericordia:

473 3808 583 3847 sua:
612 3794 878 3862 specimen
905 3793 1001 3847 toti
1032 3793 1284 3847 Ecclesia:
1314 3791 1600 3847 exhibebat
1628 3792 1680 3845 in
1705 3791 1944 3846 Paulino.
1970 3794 2061 3848 llic

473 3884 784 3938 nobilissimi
805 3885 1014 3954 generis
1037 3884 1318 3954 splendore
1335 3892 1662 3953 contempto,
1687 3885 2061 3955 amplissimis-

473 3989 578 4044 que
627 3975 882 4030 abdicatis
909 3976 1120 4046 opibus,
1153 3976 1252 4030 hoc
1281 3975 1395 4046 ipso
1415 3990 1555 4028 anno
1578 3976 1946 4030 trecentesimo
1969 3992 2064 4031 uo-

474 4067 744 4136 nagesimo
773 4077 962 4138 quarto
995 4066 1179 4122 Nolam
1205 4064 1508 4136 Campaniae
1538 4077 1862 4134 secesserat,
1897 4077 1952 4122 ut
1991 4067 2061 4124 ibi

473 4172 594 4212 cum
622 4158 873 4212 'l'herasia
918 4159 1142 4227 conjuge
1172 4173 1264 4212 sua
1287 4199 1300 4221 ,
1332 4157 1510 4212 verius
1538 4171 1722 4212 sorore
1764 4173 1824 4212 ac
1853 4159 2061 4227 pietatis

476 4264 585 4304 suae
603 4250 767 4317 socia,
797 4249 1050 4304 humilem
1099 4258 1154 4304 et
1195 4265 1483 4319 pauperem
1505 4250 1748 4304 monachi
1779 4251 1936 4304 vitam
1962 4251 2060 4306 de-

474 4351 642 4410 geret.
673 4341 895 4412 Alypius
924 4341 1015 4410 qui
1043 4340 1351 4406 Mediolani,
1391 4357 1510 4394 cum
1548 4341 1655 4394 illic
1681 4341 2056 4410 baptizaretur,

473 4428 539 4484 de
566 4431 784 4485 Paulino
811 4431 920 4500 jam
953 4439 1060 4485 tum
1084 4430 1325 4485 audierat
1346 4430 1539 4502 (Epist.
1567 4430 1658 4497 24,
1687 4447 1736 4485 n.
1763 4433 1842 4502 4),
1877 4442 1931 4486 ut
1949 4433 2057 4501 pri-

473 4539 618 4576 mum
645 4524 766 4577 vita:
795 4523 934 4578 illius
975 4523 1114 4592 apud
1139 4523 1324 4578 Nolam
1366 4523 1657 4577 institutum
1687 4525 1910 4593 accepit,
1936 4540 2058 4578 eum

473 4615 692 4684 alloqui,
741 4623 793 4669 et
835 4615 1031 4669 amoris
1060 4615 1228 4668 oculis
1277 4614 1472 4684 illoque
1512 4615 1699 4683 spiritu
1740 4629 1878 4668 verae
1919 4613 2058 4670 dile-

476 4706 668 4759 ctionis
688 4745 704 4771 ,
732 4707 820 4775 qui
865 4707 1059 4775 ubique
1089 4715 1144 4760 et
1171 4713 1410 4774 penetrat
1435 4713 1490 4759 et
1533 4704 1834 4771 cll‘unditur,
1865 4705 2056 4761 intueri

477 4799 778 4867 properavit
805 4797 996 4871 (Epist.
1023 4798 1117 4862 25,
1145 4814 1199 4850 η.
1225 4796 1299 4868 1).
1331 4796 1506 4866 Itaque
1549 4797 1788 4866 quamvis
1823 4796 2054 4851 nondum

471 4903 592 4944 eum
625 4891 958 4960 peculiariter
979 4895 1310 4958 agnosceret,
1343 4887 1486 4941 etab
1512 4887 1602 4940 illo
1633 4887 1914 4956 longinqua
1956 4887 2055 4942 soli

471 4989 524 5035 et
544 4982 640 5036 sali
667 4981 1061 5051 intercapedine
1091 4981 1480 5050 sejungeretur,
1515 4977 1580 5032 ad
1609 4995 1727 5033 eum
1761 4989 1933 5033 tamen
1962 4996 2057 5050 per

473 5071 738 5128 lulianum
767 5073 1006 5144 ejusdem
1046 5071 1250 5127 Paulini
1296 5071 1646 5125 domesticqu
1670 5112 1685 5139 ,
1714 5069 1899 5125 Nolam
1929 5072 2056 5126 Car-

475 5165 686 5238 thagine
715 5177 1070 5223 revertentem
1087 5206 1102 5233 ,
1125 5164 1370 5220 amicitia:
1392 5163 1634 5220 ineunda:
1661 5164 1829 5235 gratia
1853 5164 2054 5220 litteras

473 5260 684 5327 scripsit
714 5259 905 5329 (Epist.
929 5259 1020 5326 24,
1045 5276 1099 5314 n.
1134 5259 1208 5328 1).
1247 5258 1303 5312 lu
1333 5257 1414 5312 his
1445 5258 1795 5326 Augustinum
1826 5271 2050 5310 ornave-

470 5359 555 5404 rat
598 5348 874 5414 laudibus;
915 5359 971 5405 et
996 5359 1054 5404 ut
1097 5350 1268 5420 qualis
1313 5365 1375 5405 ac
1426 5357 1654 5420 quantus
1682 5349 1762 5400 vir
1785 5357 1958 5412 esset,
1988 5363 2054 5402 ex

473 5442 639 5512 ipsius
667 5443 915 5511 Operibus
941 5453 1223 5512 nosceret,
1256 5458 1483 5513 eumque
1519 5459 1626 5497 nou
1669 5440 1920 5496 mediocri
1960 5439 2053 5494 be-

471 5534 774 5592 nevolentia
821 5545 1251 5605 prosequeretur,
1294 5536 1518 5605 primum
1561 5549 1699 5588 novo
1737 5532 1858 5586 huic
1885 5531 2055 5588 amico

469 5639 664 5681 munus
693 5625 840 5681 velut
863 5625 1195 5696 exploratum
1238 5640 1348 5680 suae
1373 5641 1499 5696 erga
1541 5641 1660 5680 eum
1687 5624 2055 5680 sollicitudinis

473 5729 864 5787 argumentum,
897 5716 1152 5790 perlecta:
1177 5715 1448 5772 charitatis
1473 5717 1763 5782 vinculum,
1790 5725 1843 5772 et
1869 5717 2055 5773 certis-

477 5811 672 5871 simum
715 5813 915 5870 amoris
939 5813 1020 5871 sui
1064 5813 1284 5885 pignus,
1317 5811 1592 5884 Augustini
1632 5810 1796 5868 libros
1823 5811 2056 5883 quinque

1619 369 1774 425 VlTA
1813 366 1871 422 S.
1913 361 2281 422 AUGUSTINI
2322 365 2649 424 EPISCOPI.

3651 371 3762 431 aco

2177 479 2432 536 adversus
2458 482 2777 538 Manichaeos
2807 482 2983 548 misit;
3015 481 3154 539 inter
3182 499 3317 553 quos
3341 491 3514 540 tamen
3541 493 3657 542 erat
3692 486 3762 541 li-

2174 572 2269 628 ber
2295 573 2359 628 de
2384 574 2519 629 Vera
2541 575 2835 645 Religioue,
2864 576 2951 645 qui
2974 575 3291 631 Manichaeos
3304 577 3503 635 directe
3529 596 3635 635 non
3656 595 3758 651 op-

2174 677 2389 735 pugnat.
2416 667 2697 722 Paulinum
2723 684 2932 738 quoque
2955 669 3174 739 rogabat
3189 670 3405 726 Eusebii
3429 672 3757 743 Chronicon,

2173 756 2240 810 ab
2265 756 2594 830 Hieronymo
2624 774 2768 814 anno
2787 760 2997 814 circiter
3037 763 3408 817 trecentesimo
3435 767 3760 837 octogesimo

2174 847 2333 903 latine
2358 849 2642 914 redditum,
2675 850 2741 906 ad
2769 867 2827 906 se
2855 852 3269 915 transmitteret,
3295 863 3352 908 et
3389 854 3455 909 ad
3494 854 3758 913 Comitem

2171 957 2233 995 ac
2262 942 2550 1008 Evodium,
2589 944 2676 1014 qui
2722 943 2850 998 illud
2881 945 3195 1014 exscripturi
3248 955 3433 1014 erant,
3479 947 3752 1019 dirigeret.

2169 1033 2413 1088 Monebat
2454 1035 2611 1088 etiam
2638 1077 2654 1102 ,
2701 1035 2841 1090 hunc
2883 1036 3122 1091 codicem
3171 1037 3354 1091 Roma:
3396 1048 3662 1108 repertum
3690 1040 3756 1095 iri

2169 1126 2306 1196 apud
2337 1135 2576 1180 sanctum
2609 1126 2956 1182 Domniouem
3009 1129 3331 1200 Hieronymo
3353 1131 3751 1186 amicissimum.

2169 1219 2390 1291 Alypius
2433 1219 2629 1289 pariter
2670 1220 2888 1274 Paulino
2933 1221 3044 1275 loca
3091 1238 3207 1285 sua,
3235 1222 3334 1277 hoc
3360 1232 3442 1276 est
3471 1265 3486 1287 ,
3535 1239 3640 1293 quo
3669 1241 3755 1278 re-

2167 1325 2418 1378 sponsum
2446 1311 2510 1363 ad
2537 1325 2595 1364 se
2619 1310 2848 1381 dirigere
2890 1322 3097 1381 posset,
3145 1313 3446 1380 iudicabat;
3473 1325 3530 1370 Ct
3555 1315 3620 1370 ad
3649 1315 3755 1372 hoc

2165 1400 2539 1474 Carthaginem
2563 1405 2647 1458 vel
2679 1404 3230 1476 Hipponem—Regium
3262 1405 3468 1460 videtur
3512 1406 3584 1461 illi
3607 1407 3750 1463 desi-

2164 1510 2375 1566 gnasse.
2412 1497 2632 1566 'l‘agasta
2663 1496 2922 1565 siquidem
2956 1497 3102 1552 locus
3127 1506 3242 1551 erat
3267 1498 3488 1552 nimium
3509 1497 3749 1562 dissitus,

2167 1603 2266 1643 nec
2293 1589 2421 1642 satis
2445 1588 2510 1642 ad
2533 1588 2646 1642 hmc
2674 1589 2965 1642 litterarum
2997 1589 3316 1644 commercia
3343 1590 3586 1644 celebris.
3611 1590 3754 1646 Con-

2165 1688 2269 1734 stat
2296 1689 2473 1734 tamen
2504 1695 2567 1734 ex
2599 1679 2804 1734 Paulini
2834 1680 2901 1734 ad
2948 1681 3296 1750 Augustinum
3344 1682 3607 1750 prioribus
3658 1682 3752 1736 lit-

2164 1771 2291 1824 teris
2313 1813 2328 1836 ,
2372 1769 2617 1841 Alypium
2641 1771 2748 1840 jam
2777 1780 2885 1824 tum
2915 1816 2928 1834 ,
2953 1787 3074 1825 cum
3105 1788 3180 1825 ea:
3207 1772 3586 1839 scriberentur,
3609 1773 3752 1827 illius

2165 1863 2308 1917 urbis
2344 1861 2506 1917 fuisse
2543 1864 2870 1932 episcopum.
2919 1864 3199 1934 Adjecerat
3229 1864 3477 1936 Alypius,
3513 1881 3573 1920 se
3591 1880 3748 1920 com-

2162 1953 2392 2024 plurium
2454 1963 2761 2008 sanctorum
2828 1955 3073 2024 precibus
3135 1971 3256 2010 eum
3321 1956 3748 2012 commendasse.

2165 2046 2355 2116 Hymni
2401 2062 2614 2118 quoque
2655 2047 2989 2112 meminerat,
3021 2063 3176 2117 quem
3205 2063 3237 2102 a
3276 2048 3494 2104 Paulino
3544 2049 3753 2120 legerat

2162 2139 2542 2208 conscriptum.
2591 2140 2843 2194 Paulinus
2880 2140 3102 2194 multum
3149 2156 3208 2195 se
3236 2142 3431 2194 sanctis
3479 2141 3748 2210 episcopis

2163 2229 2379 2283 Aurelio
2395 2229 2649 2300 etAlypio
2673 2229 2867 2284 debere
2896 2232 3190 2300 proﬁtetur,
3215 2231 3354 2302 quod
3381 2248 3563 2286 eorum
3584 2231 3757 2289 benev

2164 2319 2286 2374 ﬁcio
2303 2321 2656 2391 Augustinum
2671 2336 2733 2375 ex
2752 2321 2918 2391 ipsius
2944 2334 3125 2377 contra
3155 2323 3470 2380 Maniclueos
3500 2324 3752 2380 lucubra-

2164 2413 2394 2467 tionibus
2413 2415 2741 2482 cognoverit.
2764 2415 3021 2479 Quocirca
3050 2416 3299 2472 Aurelius
3315 2417 3754 2487 Carthagiuensis

2155 2504 2349 2559 eodem
2382 2514 2619 2574 tempore
2638 2521 2743 2574 quo
2764 2505 2985 2577 Alypius
3004 2506 3071 2560 ad
3095 2507 3370 2561 Paulinum
3389 2507 3596 2563 videtur
3615 2509 3756 2563 scri-

2164 2595 2332 2663 psisse
2361 2595 2562 2650 litteras
2597 2614 2610 2649 :
2641 2595 2704 2650 ad
2749 2611 2881 2666 quas
2909 2596 3036 2650 illud
3066 2597 3405 2666 probabiliter
3433 2597 3620 2653 referri
3647 2615 3752 2669 po-

2162 2693 2302 2751 test,
2336 2687 2475 2756 quod
2507 2687 2758 2742 Paulinus
2803 2688 2869 2742 ad
2909 2689 3161 2742 Severum
3205 2687 3486 2758 Sulpitium
3533 2689 3754 2759 scripsit

2163 2777 2376 2832 circiter
2401 2794 2596 2832 annum
2626 2779 3059 2833 trecentesimum
3089 2779 3490 2849 nonagesimum
3512 2789 3751 2847 sextum,

2163 2870 2464 2938 complures
2487 2872 2688 2925 amicos
2715 2871 2796 2926 vel
2841 2871 2896 2925 in
2928 2872 3121 2943 ignotis
3149 2873 3454 2942 regionibus
3481 2873 3581 2928 sibi
3607 2873 3756 2928 divi-

2163 2962 2306 3017 nitus
2329 2962 2482 3017 datos
2501 3005 2514 3028 ,
2543 2979 2768 3033 quorum
2803 2963 3223 3019 benevolentiam
3248 2965 3366 3020 loco
3392 2966 3593 3036 patria,
3622 2981 3758 3021 con-

2162 3054 2593 3124 sanguineorutn,
2624 3064 2677 3109 et
2715 3056 3018 3124 patrimonii
3062 3057 3143 3112 sui
3163 3055 3385 3113 haberet
3412 3057 3584 3131 (Apud
3607 3057 3760 3112 Pau-

2167 3143 2347 3210 linum,
2379 3145 2541 3216 Epist.
2574 3147 2695 3200 olim
2723 3147 2777 3213 5,
2803 3165 2934 3202 nunc
2962 3149 3049 3214 11,
3083 3165 3135 3202 η.
3166 3150 3245 3221 4).

2235 3237 2288 3290 2.
2334 3237 2400 3291 Et
2425 3252 2554 3292 sane
2580 3239 2811 3308 acceptis
2833 3239 3009 3311 Alypii
3034 3240 3246 3306 litteris,
3280 3257 3617 3312 summopere
3646 3243 3758 3298 sibi

2165 3330 2461 3398 gratulatus
2487 3337 2568 3384 est
2615 3331 2884 3394 Paulinus,
2914 3333 3377 3403 amplissimasque
3406 3333 3516 3389 Deo
3555 3334 3760 3404 gratias

2165 3422 2274 3491 egit
2298 3464 2312 3488 ,
2337 3422 2428 3491 qui
2457 3439 2571 3485 eos,
2599 3424 2689 3492 qui
2710 3440 2767 3477 se
2794 3425 2860 3479 de
2881 3423 3012 3480 facie
3035 3442 3137 3480 non
3168 3435 3404 3494 nossent,
3429 3436 3484 3483 et
3507 3437 3650 3482 tanto
3675 3429 3764 3482 lo—

2165 3529 2349 3566 corum
2386 3514 2662 3568 intervallo
2708 3515 3156 3586 disjungcreutur,
3198 3527 3305 3572 tam
3332 3529 3480 3573 arcto
3504 3519 3762 3574 amicitia:

2166 3605 2376 3657 vinculo
2423 3605 2714 3674 colligaret.
2748 3605 2851 3661 Sed
2892 3608 2942 3661 in
2973 3609 3154 3676 primis
3182 3610 3457 3678 Augustini
3495 3609 3646 3664 libris
3679 3610 3760 3664 ab

2167 3696 2356 3767 Alypio
2384 3697 2484 3751 sibi
2507 3697 2649 3752 dono
2669 3699 2844 3753 missis
2865 3699 3074 3755 lzetatus
3102 3709 3201 3755 est.
3227 3701 3336 3756 Hoc
3366 3701 3539 3772 ipsum
3571 3702 3644 3756 illi
3664 3718 3766 3757 re-

2168 3787 2408 3842 scribens
2450 3797 2703 3856 testatur,
2745 3791 3004 3860 simulque
3029 3792 3249 3856 asserit,
3294 3807 3353 3847 se
3399 3793 3565 3848 sancti
3597 3794 3763 3864 hujus

2167 3886 2220 3932 et
2248 3880 2463 3948 perfecti
2502 3881 2597 3934 viri
2627 3883 2786 3936 verba
2837 3891 3112 3954 tantopere
3160 3885 3410 3940 demirari
3431 3925 3448 3952 ,
3482 3896 3538 3940 ut
3572 3888 3764 3944 credat

2167 3969 2360 4024 dictata
2393 3970 2554 4025 fuisse
2583 3971 2833 4027 divinitus
2857 3972 3029 4044 (Apud
3065 3974 3420 4046 Augustinum,
3451 3975 3620 4048 Epist.
3654 3975 3760 4045 24,

2167 4077 2218 4114 n.
2246 4061 2324 4131 2).
2356 4061 2546 4132 Alypio
2576 4063 2905 4133 reSpoudere
2936 4065 3191 4135 tantisper
3218 4066 3441 4134 distulit,
3471 4067 3610 4137 quod
3641 4068 3765 4122 Eu-

2167 4153 2299 4206 sebii
2327 4152 2627 4208 Chronicon
2649 4154 2714 4209 ab
2741 4170 2807 4210 eo
2831 4156 3152 4225 postulatum
3180 4173 3344 4226 penes
3371 4174 3428 4211 se
3453 4174 3559 4212 non
3582 4159 3760 4214 habe-

2175 4255 2275 4300 ret.
2309 4245 2642 4316 Quapmpter
2670 4247 2798 4302 illud
2826 4264 2855 4301 a
2887 4259 3072 4303 sancto
3102 4249 3395 4306 Domuione
3419 4251 3602 4306 Roma:
3629 4267 3762 4307 mu-

2168 4338 2300 4392 tuari
2329 4347 2544 4393 coactus
2569 4346 2679 4401 est,
2727 4340 2815 4410 qui
2847 4340 3080 4395 codicem
3126 4356 3190 4396 eo
3235 4342 3482 4396 libentius
3511 4359 3758 4398 commo-

2163 4428 2303 4482 davit
2328 4470 2341 4493 ,
2382 4429 2524 4498 quod
2561 4429 2754 4501 Alypio
2792 4431 2952 4486 sciret
2997 4447 3116 4487 esse
3170 4432 3534 4488 deferendum.
3591 4435 3755 4492 Hunc

2165 4519 2344 4588 itaque
2371 4520 2437 4574 ad
2460 4521 2731 4575 Aurelium
2771 4521 3239 4592 Carthaginensem
3281 4523 3474 4578 direxit
3500 4541 3600 4579 una
3619 4541 3753 4581 cum
3829 4539 3836 4560 '-

2164 4610 2386 4680 epistola
2421 4611 2612 4683 Alypio
2654 4612 2942 4682 inscripta,
2976 4622 3032 4667 ut
3076 4613 3655 4685 Hipponem—Regium,
3703 4617 3763 4674 si

2161 4703 2336 4756 forsan
2365 4703 2472 4757 illic
2499 4702 2746 4774 degeret,
2770 4703 3006 4758 codicem
3035 4712 3089 4758 et
3108 4705 3311 4760 litteras
3331 4706 3397 4760 ad
3419 4723 3541 4760 eum
3568 4717 3759 4762 trans-

2162 4796 2415 4850 mitteret.
2453 4794 2623 4852 Simul
2649 4796 2908 4852 Comitem
2949 4806 3003 4852 et
3027 4797 3289 4853 Evodium
3316 4801 3549 4871 rogavit,
3573 4801 3758 4856 Chro-

2161 4890 2315 4944 nicon
2351 4889 2481 4944 illud
2508 4890 2700 4961 Alypio
2717 4891 3150 4959 transcriberent,
3168 4906 3236 4946 ne
3250 4892 3527 4947 Domuioui
3548 4892 3760 4952 diutius

2157 4980 2324 5034 codex
2354 4995 2481 5034 suus
2528 4980 2756 5036 deferet.
2788 4981 2982 5036 Verum
3023 4982 3090 5035 ab
3138 4983 3328 5054 Alypio
3372 4983 3604 5038 vicissim
3652 5000 3761 5054 po-

2159 5074 2322 5128 stulat
2365 5083 2442 5142 ut,
2493 5089 2588 5144 pro
2629 5074 2727 5128 hac
2773 5075 2988 5129 historia
3017 5084 3312 5144 temporum
3339 5118 3352 5141 ,
3385 5091 3596 5132 onmem
3623 5077 3759 5134 vita:

2159 5181 2269 5220 sua:
2301 5166 2578 5220 historiam
2597 5167 2902 5238 seriemque
2927 5167 3027 5222 sibi
3052 5167 3342 5234 rescribat,
3365 5182 3471 5239 quo
3494 5169 3546 5222 in
3564 5170 3760 5238 primis

2157 5259 2354 5313 certior
2383 5257 2492 5324 ﬁat,
2525 5268 2772 5314 utrumne
2799 5257 3152 5328 Baptismum,
3179 5275 3247 5314 an
3293 5261 3648 5318 sacerdotium
3675 5261 3760 5318 de

2159 5349 2403 5404 manibus
2431 5349 2696 5405 Ambrosii
2741 5351 3056 5420 susceperit,
3087 5366 3210 5406 eum
3240 5361 3296 5407 ut
3324 5352 3596 5408 ardentius
3621 5352 3758 5407 dili-

2158 5451 2249 5514 gat
2276 5445 2345 5498 ob
2388 5443 2741 5498 arctissimam
2787 5442 3270 5509 necessitudinem,
3319 5459 3439 5516 qua:
3481 5444 3580 5500 sibi
3620 5459 3755 5501 cum

2161 5543 2346 5588 saneto
2373 5534 2466 5590 illo
2498 5535 2740 5605 pmsule,
2763 5533 2935 5588 adhuc
2962 5534 3014 5588 in
3040 5534 3176 5589 vivis
3199 5545 3409 5605 agente,
3441 5534 3756 5590 intercede-

2159 5634 2258 5700 ret.
2288 5625 2459 5696 Rogat
2482 5626 2701 5695 pariter,
2734 5625 2937 5680 litteras
2962 5638 3095 5694 quas
3123 5623 3190 5680 ad
3220 5636 3460 5680 sanctum
3489 5625 3755 5698 Augusti-

2160 5733 2288 5773 num
2316 5717 2553 5773 scribere
2567 5731 2726 5771 ausus
2747 5715 2834 5783 sit,
2859 5715 2937 5770 illi
2959 5730 3055 5770 sua
3075 5716 3535 5772 commendatione
3553 5723 3609 5772 et
3619 5729 3756 5788 gra-

2159 5809 2232 5866 tia
2262 5809 2416 5866 faciat
2433 5818 2696 5881 acceptas.
2721 5808 2790 5866 Se
2805 5821 2999 5880 nempe
3022 5807 3375 5867 admiratione
3401 5805 3745 5882 perculsum.
