3990 6360
200 420 299 485 ibi

200 544 270 601 ob
296 556 364 599 ea
405 555 528 612 qua:
569 538 622 593 in
662 536 808 593 illius
835 534 1003 593 sancti
1045 532 1282 591 Doetoris
1312 534 1561 606 Operibus
1582 534 1779 605 depre-

201 633 476 690 hendebat
500 631 691 687 divinae
718 628 991 700 sapientiae
1015 628 1266 683 miracula
1285 669 1301 696 ,
1333 626 1449 698 ejus
1473 640 1655 683 amore
1683 642 1781 697 pe-

207 729 340 784 situs
370 725 721 789 inﬂammari;
762 738 862 779 nec
904 721 1146 777 dubitare
1188 736 1247 777 se
1287 721 1412 792 quin
1450 721 1671 792 Alypius
1718 735 1783 777 ea

198 819 483 884 charitate,
527 832 631 888 qua
659 815 800 871 illius
829 814 1069 872 notitiam
1111 813 1213 869 sibi
1249 814 1515 881 dedisset,
1542 813 1782 885 ejusdem

194 926 408 982 quoque
430 910 547 980 jam
585 909 871 964 amicitiam
915 908 1015 964 sibi
1057 907 1409 964 conciliasset.
1449 906 1631 979 itaque
1659 922 1782 964 eum

191 1020 379 1061 amore
399 1004 518 1075 jam
544 1012 656 1059 tum
676 1002 982 1073 complexus
1010 1010 1110 1068 est,
1140 1010 1198 1056 ut
1225 1016 1332 1055 non
1358 1015 1547 1056 novam
1568 1015 1689 1055 cum
1715 1014 1782 1056 eo

190 1097 487 1151 amicitiam
518 1094 676 1162 inire,
699 1093 797 1149 sed
817 1101 1054 1149 veterem
1092 1107 1348 1148 renovare
1374 1091 1662 1147 videretur.
1693 1091 1783 1147 Sic

191 1190 429 1260 Spiritus
455 1231 472 1256 ,
522 1188 613 1259 qui
658 1203 750 1243 eos
809 1186 1109 1253 adunabat,
1153 1184 1496 1256 ejusdemque
1542 1184 1783 1254 corporis

192 1283 436 1339 membra
463 1281 750 1348 efﬁciebat,
782 1280 1060 1335 Paulinum
1088 1278 1322 1343 induxit,
1349 1286 1407 1334 ut
1431 1278 1498 1333 ad
1518 1293 1639 1333 eum
1670 1278 1783 1348 epi-

188 1374 383 1429 stolam
404 1371 774 1429 conscriberet
794 1368 976 1441 (Ibid.,
1001 1368 1307 1441 Epist.‘25),
1336 1368 1389 1423 in
1415 1384 1516 1439 qua
1544 1368 1783 1440 ejusdem

191 1482 375 1537 opera,
398 1482 523 1537 quae
550 1466 664 1536 ipse
705 1465 940 1536 legerat,
963 1463 1111 1519 miris
1149 1462 1391 1519 laudibus
1412 1462 1581 1519 eﬂert.
1612 1462 1785 1534 Rogat

191 1560 235 1614 si
253 1573 394 1629 quos
423 1557 565 1612 alios
587 1555 863 1626 scripserit
888 1555 1070 1622 libros,
1099 1554 1165 1609 ad
1209 1569 1271 1612 se
1317 1556 1658 1610 transmittat.
1700 1552 1782 1610 Ad

193 1667 310 1706 eum
340 1649 586 1706 vicissim
631 1663 843 1719 panem,
874 1654 932 1701 ut
956 1646 1057 1717 ipsi
1100 1661 1218 1701 mos
1245 1653 1379 1713 erat,
1406 1646 1547 1702 dono
1583 1645 1778 1713 mittit,

195 1746 437 1800 amicitia:
467 1752 524 1799 et
560 1742 800 1813 ejusdem
839 1740 1226 1797 communionis
1264 1739 1585 1811 symbolum.
1610 1740 1781 1796 Simul

196 1836 259 1891 ad
304 1836 588 1891 Aurelium
632 1833 1102 1903 Carthaginensem
1146 1832 1347 1887 litteras
1392 1830 1537 1887 dedit
1576 1848 1591 1884 :
1648 1846 1783 1902 quas

197 1943 383 1984 omnes
412 1943 512 1999 per
539 1941 703 1982 unum
731 1940 763 1980 e
788 1924 1094 1981 domesticis
1132 1924 1248 1979 suis
1287 1922 1464 1991 misit,
1505 1937 1663 1993 quem
1713 1922 1783 1976 ad

198 2020 555 2092 Augustinum
578 2019 818 2088 aliosque
858 2017 952 2072 Dei
980 2016 1179 2072 amicos
1209 2015 1383 2071 verbis
1406 2015 1516 2071 suis
1542 2014 1777 2071 salutan-

200 2116 305 2170 dos
330 2115 613 2170 direxerat.
641 2113 738 2168 lllo
761 2121 940 2167 autem
970 2112 1023 2166 in
1063 2111 1242 2167 reditu
1280 2118 1521 2165 morante
1544 2150 1557 2175 ,
1606 2108 1783 2164 denuo

195 2205 411 2276 scripsit
426 2204 495 2259 ad
506 2204 853 2275 Augustinum
880 2201 1062 2273 (Ibid.,
1085 2200 1252 2272 Epist.
1271 2200 1385 2271 50),
1405 2201 1490 2255 cui
1504 2215 1564 2256 se
1578 2200 1783 2270 priores

196 2297 397 2351 litteras
419 2304 549 2350 ante
577 2295 810 2350 hiemem
836 2294 1043 2350 misisse
1065 2300 1306 2347 testatur.
1326 2291 1583 2347 Videntur
1608 2291 1783 2361 itaque

196 2388 525 2457 posteriores
550 2387 666 2441 ista:
686 2386 900 2450 litterre,
920 2401 1037 2455 quae
1064 2383 1255 2441 eodem
1283 2398 1445 2451 anno,
1473 2399 1579 2454 quo
1603 2383 1786 2453 Augu-

194 2478 360 2534 stinus
383 2486 603 2533 creatus
628 2487 710 2533 est
734 2478 1033 2548 episcopus,
1065 2484 1292 2531 exarata:
1317 2484 1456 2539 sunt,
1481 2474 1623 2529 circa
1662 2489 1783 2529 ver-

200 2587 321 2626 num
355 2581 575 2642 tempus
621 2570 783 2625 fuisse
827 2570 1175 2639 conscripta,
1220 2569 1427 2638 priores
1477 2576 1655 2622 autem
1683 2581 1782 2621 au-

197 2663 415 2717 tumnali
442 2671 786 2733 tempestate.
810 2662 1142 2733 Quapropter
1167 2659 1281 2715 haec
1303 2660 1481 2715 omnia
1502 2658 1568 2713 ad
1585 2672 1784 2713 annum

194 2758 637 2813 trecentesimum
687 2755 1087 2827 nonagesimum
1133 2761 1375 2826 quartum
1430 2751 1730 2808 referimus.

259 2850 313 2904 ὅ.
353 2850 471 2905 Sub
497 2849 642 2904 idem
664 2857 871 2918 tempus
900 2847 1166 2903 Licentius
1202 2845 1517 2900 Romaniani
1548 2843 1686 2897 ﬁlius
1713 2841 1783 2896 ab

192 2941 326 2997 urbe
348 2942 527 2997 Roma
554 2941 769 3011 scripsit
796 2940 862 2995 ad
915 2941 1265 3010 Augustinum
1283 2978 1301 3007 ,
1327 2946 1382 2994 et
1416 2936 1484 2992 ad
1512 2952 1634 2992 eum
1659 2950 1781 2991 car-

191 3051 324 3091 men
352 3036 552 3104 pat-iter
579 3034 874 3089 transmisit
904 3032 1093 3107 (Epist.
1128 3032 1218 3100 26,
1270 3049 1322 3087 η.
1357 3032 1462 3104 5):
1493 3032 1578 3087 cui
1602 3031 1784 3099 Augu-

194 3128 379 3183 stinus
403 3127 587 3181 litteris
613 3127 886 3197 aliquanto
920 3132 1041 3197 post
1065 3125 1342 3181 intervallo
1361 3124 1539 3179 missis
1561 3139 1785 3194 respon-

198 3219 291 3284 dit,
321 3232 450 3273 cum
497 3218 613 3288 ipse
652 3219 985 3273 occasionem
1022 3216 1089 3271 ad
1130 3232 1250 3272 eum
1292 3215 1557 3272 scribendi
1598 3215 1684 3269 vix
1723 3229 1784 3270 se

197 3311 462 3381 reperisse
490 3317 737 3365 testetur.
766 3309 825 3367 In
852 3308 952 3363 hac
992 3308 1217 3379 epistola
1237 3350 1253 3376 ,
1283 3307 1490 3362 Paulini
1531 3313 1783 3376 tanquam

197 3402 290 3456 sibi
310 3402 383 3457 ob
411 3402 636 3456 virtutis
663 3400 856 3455 famam
880 3400 1393 3457 notissimimeminit
1415 3397 1597 3472 (Ibid.,
1622 3416 1674 3452 η.
1704 3397 1781 3467 5).

197 3492 559 3559 Quamobrem
587 3493 865 3563 scripsisse
900 3492 1041 3547 illam
1074 3491 1299 3559 videtur,
1327 3506 1448 3547 cum
1485 3490 1596 3561 jam
1626 3505 1782 3545 acce-

196 3588 355 3658 pisset
384 3586 605 3642 Paulini
626 3587 851 3654 litteras,
880 3600 1106 3657 eumque
1148 3585 1368 3641 vidisset
1402 3600 1559 3655 quem
1598 3583 1687 3639 ille
1715 3582 1784 3638 ad

194 3683 552 3753 Augustinum
579 3681 914 3737 salutandum
932 3680 1314 3736 transmiserat.
1331 3678 1389 3733 In
1405 3678 1650 3734 confesso
1662 3692 1785 3734 esse

193 3774 383 3842 debet,
414 3775 703 3847 epistolam
728 3774 797 3829 ad
834 3774 1130 3830 Licentium
1175 3774 1321 3844 prius
1347 3772 1598 3845 scriptam
1640 3788 1781 3840 esse,

196 3880 348 3936 qmm
378 3882 507 3937 quae
556 3866 625 3921 ad
653 3866 931 3921 Paulinum
970 3880 1111 3921 anno
1151 3865 1523 3920 trecentesimo
1549 3878 1783 3935 nonage-

194 3958 324 4014 simo
368 3958 564 4029 quinto
600 3973 699 4029 per
750 3957 1137 4014 Romanianum
1183 3957 1342 4011 missa
1369 3965 1450 4012 est
1479 3973 1491 4009 :
1522 3954 1785 4025 siquidem

194 4048 293 4104 hoc
317 4050 498 4119 ipsum
521 4060 576 4105 et
594 4049 922 4120 Augustinus
942 4049 1069 4104 satis
1090 4050 1368 4119 signiﬁcat,
1397 4048 1486 4103 ubi
1507 4048 1783 4103 Paulinum

195 4151 407 4207 monet,
433 4142 682 4213 quidipsc
707 4142 775 4197 de
798 4141 1037 4197 Licentio
1057 4140 1254 4208 doleat,
1272 4140 1397 4210 quid
1424 4141 1626 4209 timeat,
1657 4137 1785 4210 quid

194 4234 415 4304 cupiat,
463 4248 527 4289 ex
558 4237 671 4303 ejus
695 4234 930 4289 carmine
950 4241 1005 4288 et
1052 4248 1117 4288 ex
1142 4233 1360 4302 epistola
1384 4246 1540 4303 quam
1568 4231 1633 4286 ad
1662 4247 1785 4287 eum

193 4327 356 4395 misit,
380 4326 555 4397 probe
581 4327 974 4382 intellecturum
1001 4324 1194 4397 (Epist.
1220 4324 1310 4391 27,
1343 4341 1431 4379 nn.
1459 4326 1513 4391 4,
1545 4325 1623 4395 6).

257 4420 310 4474 4.
353 4418 718 4487 Quantumvis
744 4418 1073 4488 exploratam
1104 4417 1381 4488 Augustini
1411 4418 1657 4472 virtutem
1686 4416 1784 4471 ha-
1834 4449 1838 4453 -

201 4511 341 4565 heret
386 4508 691 4577 Paulinus,
738 4524 963 4580 eamque
1000 4510 1175 4581 magni
1202 4508 1419 4575 faceret,
1447 4508 1680 4565 nondum
1710 4519 1787 4564 ta-

200 4618 310 4656 men
341 4610 605 4657 sanctum
651 4599 834 4655 Virum
866 4601 1021 4670 plene
1046 4602 1359 4671 penitusque
1384 4609 1635 4665 noverat;
1663 4615 1785 4656 cum

200 4693 363 4763 Alypii
413 4691 945 4746 commendationem
985 4691 1087 4746 sibi
1125 4692 1477 4747 necessariam
1521 4705 1639 4746 esse
1681 4689 1785 4745 du-

196 4794 349 4850 ceret,
387 4794 449 4839 ut
473 4798 607 4839 suas
637 4783 963 4854 Augustinus
1004 4784 1206 4839 litteras
1244 4784 1464 4839 haberet
1507 4794 1781 4854 acceptas,

196 4891 348 4946 seque
378 4876 453 4932 de
481 4874 775 4944 imperitia,
804 4882 863 4930 ut
890 4876 981 4941 ait,
1010 4884 1306 4931 excusaret.
1325 4874 1440 4930 Non
1468 4884 1583 4930 erat
1601 4876 1785 4946 Augu-

197 4967 295 5021 tino
324 4968 383 5022 in
415 4970 628 5021 amicos
655 4981 780 5023 suos
798 5008 815 5035 ,
844 4966 1039 5023 nedum
1071 4968 1126 5022 in
1174 4967 1449 5022 Paulinum
1471 5008 1486 5033 ,
1514 4968 1706 5024 dubius
1733 4979 1788 5024 et

196 5073 388 5130 anceps
411 5058 653 5114 animus.
680 5059 745 5114 Et
770 5074 828 5114 re
856 5059 1070 5129 quidem
1090 5060 1202 5130 ipsa
1230 5059 1355 5114 nihil
1376 5060 1662 5131 excogitari
1688 5075 1785 5130 po-

202 5161 292 5207 test
332 5154 429 5209 vel
475 5152 785 5219 ardentius,
815 5154 898 5209 vel
925 5155 1155 5209 tenerius
1182 5154 1372 5210 litteris
1392 5198 1406 5222 ,
1436 5170 1567 5225 quas
1592 5155 1671 5211 illi
1696 5172 1785 5211 re-

200 5246 411 5314 scripsit
428 5260 446 5309 ;
465 5244 604 5299 nihil
620 5244 759 5314 quod
786 5245 901 5315 plus
924 5245 976 5299 in
1000 5246 1399 5300 admirationem
1420 5247 1609 5315 rapiat,
1628 5262 1785 5317 quam

200 5334 497 5391 vehemens
518 5343 576 5390 et
601 5334 982 5391 inﬂammatum
1003 5336 1130 5391 illud
1158 5337 1409 5405 studium,
1441 5352 1546 5408 quo
1570 5337 1685 5408 ejus
1706 5338 1787 5394 vi-

199 5424 351 5481 dendi
374 5425 614 5496 ﬂagrare
633 5440 691 5481 se
710 5425 1007 5496 proﬁtetur.
1030 5426 1257 5497 Majores
1275 5426 1447 5483 adhuc
1470 5428 1518 5483 ei
1542 5427 1787 5498 rependit

198 5516 403 5585 laudes,
430 5533 594 5588 quam
624 5517 691 5572 ab
714 5533 780 5573 eo
806 5527 1100 5589 receperat.
1128 5517 1238 5575 Nec
1254 5528 1430 5575 tamen
1447 5518 1623 5576 dicere
1639 5518 1781 5587 licet,

200 5620 393 5666 easaut
409 5626 481 5666 ex
503 5611 867 5667 assentatione
889 5622 980 5666 aut
1002 5628 1068 5667 ex
1091 5612 1389 5679 mendacio,
1408 5611 1502 5667 sed
1519 5628 1584 5667 cx
1606 5627 1788 5667 amore

200 5718 300 5757 non
346 5703 535 5757 minus
565 5702 719 5773 igneo
747 5718 905 5773 quam
933 5703 1122 5775 lynceo
1162 5702 1327 5759 fuisse
1380 5702 1662 5774 profectas.
1684 5702 1785 5757 Le-

200 5805 372 5861 gerunt
401 5797 614 5865 fratres,
643 5794 839 5863 inquit,
868 5803 913 5848 et
939 5796 1157 5866 gaudent
1180 5795 1559 5867 infatigabiliter
1586 5805 1633 5851 et
1654 5796 1786 5866 inef-

202 5885 445 5955 fabiliter,
490 5896 595 5939 tant
634 5885 865 5939 uberibus
894 5896 941 5939 et
981 5896 1082 5939 tant
1108 5888 1467 5943 excellentibus
1507 5888 1650 5943 donis
1674 5885 1782 5957 Dei,

604 5979 830 6043 Smcr.
864 5982 1140 6045 AUGUST.
1187 5984 1237 6047 Ι.

1580 384 1779 477 nam
1815 415 2124 476 manus.

3364 428 3473 491 20%

1891 534 2032 591 bonis
2050 540 2165 628 tuis.
2189 539 2441 615 Quotquot
2463 562 2545 600 eas
2561 546 2804 621 legerunt,
2822 553 3048 625 rapiunt,
3069 557 3185 627 quia
3200 562 3470 628 rapiuntur

1890 642 2006 681 cum
2038 627 2230 721 (legunt.
2267 632 2429 699 Quam
2446 639 2615 693 suavis
2635 641 2761 697 odor
2801 643 3005 715 Christi,
3028 657 3073 701 et
3095 666 3245 719 quam
3263 627 3470 721 fragrat

1890 732 1953 771 ea:
2001 720 2112 789 eis,
2157 722 2259 778 dici
2298 743 2400 782 non
2448 732 2825 806 potest(Ibid.,
2852 754 2905 792 η.
2930 738 3021 808 2).
3049 740 3255 797 Habent
3301 720 3471 798 admio

1890 810 2150 865 rationem
2188 814 2393 886 singula
2436 822 2673 890 epistola:
2703 829 2881 883 verba.
2910 828 2967 885 ln
2994 831 3075 887 his
3104 832 3295 889 litteris
3323 836 3469 891 Salu-

1893 906 1998 996 tem
2028 900 2156 996 dicit
2182 905 2481 979 Therasiae,
2515 930 2673 985 quam
2701 918 2769 976 de
2793 936 2942 978 more
2978 922 3230 981 Paulinus
3266 926 3320 981 in
3350 927 3469 996 epi—

1891 990 2038 1046 stolae
2066 993 2407 1067 inscriptione
2430 1018 2611 1059 secum
2642 1010 3011 1079 conjunxerat.
3059 1016 3142 1071 Ad
3185 1032 3307 1073 eum
3334 990 3469 1073 scri-

1890 1445 2130 1506 Licentio
2177 1454 2334 1548 adsit,
2363 1467 2416 1548 et
2445 1462 2715 1535 utriusque
2757 1470 2981 1527 salutem
3011 1445 3109 1543 pro
3150 1478 3287 1532 virili
3313 1445 3465 1548 parte

1892 1552 2216 1607 promoveat.
2252 1546 2335 1602 Ab
2369 1546 2464 1605 illo
2503 1561 2679 1611 tamen
2727 1562 2987 1629 postulat,
3028 1581 3095 1621 ne
3123 1566 3245 1623 huic
3293 1546 3469 1625 amico

1890 1631 2240 1731 credat,_quze
2265 1638 2332 1731 de
2352 1640 2469 1712 ipso
2486 1643 2710 1703 fortasse
2732 1650 2951 1709 laudans
2978 1656 3192 1712 amandi
3229 1674 3467 1731 prapen-

1890 1722 2041 1819 sione
2064 1724 2276 1784 dixerit.
2302 1729 2433 1788 Cum
2459 1734 2821 1797 Romanianus
2858 1760 3043 1802 omnes
3083 1722 3361 1819 Augustini
3387 1752 3468 1807 lu-

1888 1815 2225 1912 cubrationes
2242 1836 2422 1880 secum
2446 1828 2698 1901 deferret,
2730 1850 2851 1890 eum
2876 1837 3094 1895 Paulino
3115 1815 3323 1912 co'piam
3343 1844 3468 1900 illa-

1889 1920 2007 2001 rum
2036 1906 2294 1968 facturum
2342 1917 2640 1986 pollicetur.
2672 1923 2775 1979 Sed
2805 1937 2949 1996 orat,
3009 1940 3065 1985 ut
3104 1906 3201 2001 eas
3222 1946 3470 1993 accurate

1888 2000 2160 2095 perlegat,
2199 2020 2305 2075 quo
2325 2006 2495 2077 ipsum
2522 2012 2589 2068 de
2617 2018 2804 2072 erratis
2822 2061 2835 2085 ,
2865 2036 2982 2089 quae
3028 2022 3466 2095 deprehenderit,

1886 2087 2171 2184 admoneat
2203 2112 2216 2149 :
2244 2113 2399 2165 quam
2447 2102 2501 2157 in
2544 2119 2657 2159 rem
2687 2106 2845 2164 habet
2882 2087 3044 2183 longe
3092 2087 3468 2184 pulcherrima;

1889 2180 2075 2239 Eidem
2102 2190 2367 2281 _spondet,
2395 2208 2455 2249 se
2492 2194 2635 2250 beati
2674 2202 2906 2273 episcopi
2935 2180 3113 2277 Alypii
3154 2208 3427 2266 historiam
3450 2254 3468 2281 ,

1889 2288 2049 2343 quam
2069 2277 2137 2331 ab
2165 2278 2280 2349 ipso
2298 2282 2487 2354 Alyp'n
2516 2281 2769 2348 Paulinus
2796 2308 3197 2367 expoposcerat,
3225 2277 3467 2359 conseri;

1889 2373 2122 2435 pturum.
2147 2372 2392 2443 Alypium
2416 2376 2678 2449 siquidem
2715 2398 2809 2439 sua
2834 2402 2956 2458 erga
2985 2389 3264 2448 Paulinum
3293 2394 3463 2451 bene-

1888 2458 2118 2516 volentia
2148 2463 2215 2517 ad
2249 2464 2300 2519 id
2328 2472 2690 2537 praestandum
2730 2479 3112 2548 compellebat;
3159 2484 3254 2540 sed
3302 2487 3470 2544 animi

1890 2550 1973 2605 sui
2000 2553 2257 2610 modestia
2278 2560 2559 2617 retinebat.
2586 2564 2721 2620 Cum
2749 2569 2906 2638 igitur
2932 2585 3055 2628 eum
3093 2579 3473 2636 verecundiam

1890 2644 2029 2700 inter
2056 2657 2109 2702 et
2128 2651 2414 2708 amicitiam
2440 2657 2763 2728 Augustinus
2789 2660 3131 2723 ﬂuctuantem
3156 2670 3390 2739 videret,
3418 2671 3475 2728 id

1889 2739 2069 2791 oneris
2084 2740 2151 2794 ab
2178 2740 2265 2796 illo
2289 2742 2341 2797 in
2382 2745 2635 2804 humeros
2663 2766 2787 2808 suos
2814 2759 3119 2825 transtulit,
3152 2775 3275 2816 cum
3308 2762 3475 2819 ofﬁcii

1889 2829 2057 2925 gratia
2080 2829 2345 2904 (namque
2370 2836 2423 2891 id
2452 2838 2674 2911 Alypius
2700 2859 2792 2912 per
2820 2845 3021 2903 litteras
3059 2852 3125 2905 ab
3163 2868 3228 2907 eo
3266 2852 3472 2925 ﬂagita-

1890 2922 2083 2993 verat),
2116 2931 2227 2979 tum
2254 2929 2518 2999 praecipue
2542 2940 2600 2987 ut
2626 2933 2764 2989 dona
2795 2936 3047 2995 divinitus
3066 2941 3119 2995 in
3141 2958 3261 2998 eum
3281 2922 3474 3002 collata

1892 3011 2062 3069 fusius
2111 3026 2165 3071 et
2207 3017 2417 3076 uberius
2457 3022 2578 3093 ipso
2615 3025 2804 3097 Alypio
2832 3041 3155 3100 exponeret,
3186 3035 3276 3104 qui
3305 3037 3474 3094 multa

1888 3105 2253 3174 proculdubio
2279 3117 2332 3164 et
2374 3126 2471 3181 pro
2497 3114 2661 3169 animi
2705 3117 2965 3175 modestia
3014 3122 3279 3190 siluisset,
3312 3133 3368 3182 et
3404 3142 3475 3184 ne

1889 3196 2007 3251 aliis
2036 3197 2139 3253 hoc
2164 3215 2298 3272 opus
2322 3202 2548 3261 fortasse
2596 3206 2837 3278 lecturis,
2865 3227 2965 3267 nec
2994 3230 3096 3284 qua
3123 3226 3301 3274 mente
3323 3218 3392 3275 de
3412 3233 3474 3275 se

1889 3288 2007 3361 ipso
2032 3292 2357 3364 loqueretur,
2387 3299 2753 3370 intellecturis,
2780 3305 3154 3365 oﬂ‘endiculum
3182 3313 3469 3380 praeberet.

1890 3382 2219 3453 Augustinus
2262 3389 2502 3445 scribens
2544 3392 2611 3447 ad
2648 3394 2948 3461 Paulinum,
2976 3399 3029 3453 id
3049 3402 3227 3470 operis
3249 3404 3323 3459 illi
3346 3404 3473 3461 mit-

1887 3481 2003 3568 tere
2020 3476 2239 3546 parabat
2265 3497 2277 3533 :
2310 3481 2403 3535 sed
2432 3483 2479 3536 ei
2501 3499 2595 3553 per
2630 3486 2973 3556 improvisam
2999 3491 3315 3550 Romaniani
3336 3512 3468 3568 pro-

1889 3563 2169 3625 fectionem
2198 3572 2530 3631 solummodo
2558 3577 2702 3633 licuit
2726 3595 2885 3649 quam
2912 3584 3141 3652 primum
3167 3587 3297 3641 illud
3326 3563 3467 3645 Pau-

1889 3660 1999 3716 lino
2020 3664 2331 3719 mittendum
2358 3668 2615 3736 polliceri.
2644 3672 2893 3728 Attamen
2920 3690 3020 3730 nec
3044 3677 3182 3746 apud
3218 3679 3472 3751 Augusti-

1889 3770 2037 3822 num,
2062 3774 2160 3814 nec
2179 3760 2317 3830 apud
2334 3761 2629 3820 PosSidium
2650 3765 2878 3838 legimus
2898 3768 2950 3823 id
2973 3770 3124 3826 aliter
3139 3772 3206 3827 ab
3226 3788 3292 3828 eo
3308 3773 3473 3831 fuisse

1888 3850 2201 3919 praestitum,
2230 3868 2386 3923 quam
2424 3856 2487 3910 iis
2514 3873 2631 3927 quae
2654 3858 2723 3915 de
2744 3859 2939 3932 Alypio
2976 3862 3030 3916 in
3061 3862 3471 3923 Confessionum

1889 3956 2105 3998 suarum
2144 3944 2294 4001 libris
2316 3962 2713 4007 commemorat.
2746 3953 3013 4013 Fortassis
3042 3957 3173 4013 illud
3214 3959 3267 4013 in
3296 3961 3471 4031 aliqua

1888 4038 2169 4105 posteriori
2196 4039 2438 4109 epistola,
2470 4058 2587 4111 qua:
2609 4045 2956 4115 interciderit,
2980 4047 3150 4104 fuerat
3170 4058 3473 4108 exsecutus.

1889 4125 1948 4183 In
1978 4139 2244 4198 postrema
2274 4134 2512 4202 epistola:
2554 4144 2702 4204 parte
2728 4137 3009 4194 Paulinum
3033 4149 3186 4211 rogat
3223 4142 3473 4213 Augusti-

1891 4238 2012 4289 nus,
2042 4232 2127 4291 ut,
2160 4225 2205 4281 si
2232 4225 2331 4295 ipsi
2359 4227 2425 4282 ab
2452 4228 2829 4284 ecclesiasticis
2867 4233 3177 4288 muneribus
3219 4235 3475 4300 vacet,in

1889 4314 2123 4371 Africam
2163 4318 2424 4387 trajiciat;
2462 4320 2669 4376 visurus
2709 4322 2820 4393 ipse
2848 4333 3102 4393 quantum
3137 4326 3204 4380 ab
3227 4327 3475 4382 omnibus

1890 4407 2141 4465 fratribus
2168 4411 2276 4466 illic
2301 4412 2411 4468 Deo
2436 4414 2788 4470 servientibus
2814 4422 2869 4469 et
2892 4426 3122 4484 ametur,
3149 4426 3203 4473 et
3241 4420 3466 4475 colatur.

1962 4502 2015 4557 5.
2057 4502 2181 4557 Haec
2207 4504 2427 4573 epistola
2446 4545 2463 4573 ,
2490 4522 2609 4577 quae
2633 4517 2875 4562 extrema
2902 4507 3077 4565 hieme
3103 4510 3228 4565 anni
3254 4520 3468 4569 trecen-

1891 4593 2067 4647 tesimi
2110 4596 2435 4665 nonagesimi
2476 4598 2644 4666 quinti
2681 4598 2893 4655 videtur
2919 4610 3130 4656 exarata
3152 4644 3168 4671 ,
3211 4604 3383 4659 serius
3408 4620 3475 4661 ac

1891 4686 2053 4741 vellet
2078 4689 2417 4757 Augustinus,
2452 4690 2548 4745 fuit
2577 4691 2797 4747 Paulino
2824 4693 3029 4747 reddita
3056 4711 3068 4747 :
3094 4694 3187 4750 sed
3216 4696 3330 4751 haec
3357 4696 3473 4766 ipsa

1895 4781 1943 4837 ei
1966 4796 2112 4837 mora
2140 4782 2354 4852 profuit.
2381 4781 2511 4838 Cum
2538 4785 2679 4839 enim
2709 4785 2963 4842 Paulinus
2983 4803 3125 4854 eum,
3158 4804 3313 4857 quem
3344 4797 3473 4844 ante

1894 4871 2126 4929 hiemem
2158 4874 2208 4928 in
2238 4873 2470 4931 Africam
2517 4877 2884 4931 transmiserat
2907 4919 2921 4941 ,
2966 4878 3020 4933 in
3050 4879 3241 4935 itinere
3267 4879 3473 4935 videret

1897 4967 2176 5033 remorari,
2208 4982 2272 5023 ac
2298 4967 2363 5023 de
2388 4968 2577 5025 litteris
2606 4970 2714 5023 suis
2741 4969 2959 5038 perlatis
2989 4969 3178 5024 dubius
3207 4969 3369 5034 foret;
3402 4972 3473 5024 of-

1895 5058 2074 5115 ﬁcium
2104 5075 2258 5115 suum
2300 5060 2496 5117 diutius
2526 5061 2851 5132 suspendere
2892 5078 2996 5117 non
3040 5062 3241 5131 potuit,
3284 5062 3377 5118 sed
3403 5063 3469 5118 ad

1896 5151 2248 5221 Augustinum
2275 5153 2463 5208 iterato
2489 5153 2721 5224 scripsit,
2751 5162 2808 5209 ut
2832 5170 2981 5209 suam
3009 5169 3132 5224 erga
3154 5170 3276 5210 eum
3303 5156 3472 5212 bene-

1897 5242 2203 5309 volentiam,
2233 5258 2493 5315 suumque
2518 5246 2657 5299 illius
2678 5246 2882 5299 visendi
2905 5245 3136 5301 studium
3163 5256 3466 5305 testaretur.

1898 5333 2021 5389 Non
2059 5337 2220 5390 solum
2247 5336 2509 5391 desideriis
2546 5338 2729 5391 nostris
2748 5378 2763 5404 ,
2796 5338 2981 5406 inquit,
3013 5354 3251 5410 magnum
3276 5346 3451 5414 confer

1895 5437 2031 5482 retur
2052 5428 2289 5499 gaudium
2312 5445 2330 5493 ;
2357 5428 2445 5483 sed
2463 5428 2611 5481 etiam
2630 5428 2873 5491 mentibus
2894 5429 3061 5484 lumen
3085 5443 3402 5502 accresceret,
3426 5451 3468 5489 es

1897 5536 1961 5573 ea:
1980 5529 2065 5572 tua
2085 5521 2230 5589 capia
2254 5520 2363 5573 locu
2370 5519 2641 5591 pletaretur
2658 5519 2832 5589 inopia
2843 5530 3017 5575 nostra
3036 5521 3213 5594 (Apud
3222 5524 3437 5595 August.
3448 5566 3464 5592 ,

1896 5609 2062 5680 Epist.
2088 5609 2179 5677 50,
2208 5626 2260 5663 η.
2291 5610 2323 5663 '5
2348 5608 2387 5680 ).
2414 5609 2637 5679 Scripsit
2661 5610 2707 5666 ei
2734 5626 2830 5681 per
2855 5611 3151 5668 Romanum
3171 5622 3225 5669 et
3241 5614 3471 5685 Agilem,

1897 5716 2033 5772 quos
2055 5701 2121 5757 ad
2147 5702 2359 5772 aliquod
2384 5701 2659 5758 charitatis
2688 5718 2820 5774 opus
2846 5703 2899 5760 in
2929 5704 3163 5761 Africam
3186 5706 3427 5763 mittebat
3457 5726 3473 5761 :

1897 5792 1953 5849 in
1978 5809 2081 5865 qua
2105 5794 2327 5865 epistola
2356 5795 2693 5852 commendat
2719 5811 2811 5851 eos
2854 5797 3149 5868 Augustino
3172 5839 3188 5866 ,
3216 5807 3474 5869 rogatque

1896 5897 1959 5944 ut
1968 5902 2063 5944 eos
2072 5896 2401 5946 revertentes
2412 5889 2432 5963 (
2445 5888 2741 5964 injunxerat
2757 5897 2933 5943 autem
2955 5898 3008 5942 ut
3023 5904 3182 5958 quam
3197 5889 3476 5947 celerrime

2753 5989 2997 6072 (Sept-1
