3990 6360
509 405 618 466 205

517 521 793 592 redirent)
815 517 993 588 aliquo
1011 507 1258 580 dignetur
1281 509 1561 570 responso.
1592 491 1815 546 Gavisus
1839 491 1922 540 est
1943 478 2102 534 vehe-

521 629 729 677 menter
769 607 1124 680 Augustinus,
1161 599 1307 652 hanc
1353 603 1558 646 moram
1597 583 1926 640 litterarum,
1975 583 2104 640 quas

524 713 688 789 priori
705 705 942 779 epistolm
963 693 1172 755 Paulini
1199 687 1568 754 rescripserat,
1593 675 1752 744 hujus
1773 661 2101 740 posterioris,

1413 779 1428 789 ⁸
1469 783 1472 786 -
1503 776 1534 789 ··
1611 771 1814 789 πλη---.-
1847 761 1944 789 -;ι.;
1976 772 2101 789 ηηη-

521 761 680 884 quam
711 819 816 859 non
843 798 1019 856 minus
1047 791 1290 846 laetanter
1321 776 1542 852 perlegit
1567 815 1581 841 ,
1611 771 1817 825 lucrum
1847 761 1946 884 sillii
1975 772 2104 812 con-

1195 877 1220 884 --
1275 874 1308 884 ··
1441 867 1458 884 ι
1520 867 1597 884 ημ-
1633 857 1870 884 ---εηιηιηι
1933 859 2104 884 Mm.“

525 851 1058 958 iiul‘is-seiﬁllomanum
1098 889 1150 936 et
1193 851 1398 946 'Agilein
1441 867 1602 936 hujus
1627 857 1870 931 epistolae
1909 851 2108 905 latores

527 1011 595 1052 eo
624 983 972 1046 cumulatiore
1003 971 1192 1049 gaudio
1221 963 1429 1034 excepit
1448 1004 1463 1028 ,
1495 973 1598 1029 quo
1630 953 1769 1009 illius
1795 945 1995 1003 auctori
2027 942 2108 996 vi-

529 1083 698 1141 sendo
731 1073 942 1134 avidius
965 1065 1230 1130 inhiabat,
1273 1071 1430 1129 quem
1475 1054 1632 1107 etiam
1663 1048 1713 1100 in
1751 1035 2112 1112 spiritualibus

531 1127 655 1233 filiis
679 1175 999 1244 praesentem
1041 1127 1360 1215 intuebatur.
1405 1145 1527 1201 Illos
1575 1141 1729 1194 aliam
1759 1129 1964 1190 Paulini
1995 1127 2111 1198 epi-

1393 1239 1425 1244 “
1787 1228 1797 1244 ι
1841 1240 1922 1244 νυ-
1955 1219 2110 1244 ...ιιλη

535 1415 692 1524 stola,
717 1451 810 1508 sed
831 1461 988 1505 voces
1004 1443 1160 1498 etiam
1178 1435 1384 1492 audiret
1399 1446 1460 1485 ac
1477 1427 1744 1484 redderet.
1765 1421 1944 1488 Longe
1967 1415 2116 1486 plura

537 1549 603 1608 de
627 1505 849 1603 Paulino
866 1557 933 1596 ex
958 1549 1142 1594 eorum
1166 1545 1258 1586 ore
1283 1525 1484 1586 didicit,
1531 1533 1692 1590 quam
1721 1514 1810 1570 ille
1837 1505 2117 1566 scribendo

539 1641 742 1700 referre
767 1633 1043 1708 potuisset.
1073 1619 1208 1680 Hinc
1237 1616 1564 1688 Augustinus
1591 1611 1640 1664 in
1675 1604 1886 1668 litteris,
1916 1611 2046 1668 quas
2069 1595 2120 1650 ei

537 1693 829 1801 rescripsit,
856 1727 968 1780 haec
989 1718 1168 1790 adjicit
1192 1733 1206 1770 :
1235 1711 1418 1766 Aderat
1439 1707 1608 1767 etiam,
1633 1698 1765 1772 quod
1786 1693 1916 1750 nulli
1934 1693 2122 1746 charta:

543 1791 724 1884 adesse
743 1829 902 1894 potest
928 1860 941 1885 ,
971 1823 1164 1868 tantum
1201 1809 1254 1860 in
1297 1797 1621 1868 narrantibus
1647 1791 1886 1864 gaudium
1907 1826 1923 1852 ,
1953 1793 2006 1838 ut
2035 1797 2123 1852 per

1404 1893 1407 1894 ,
1603 1891 1612 1894 ,
1825 1881 1836 1892 _
1966 1873 2123 1894 IL“

543 1873 711 1884 ηπ--
744 1873 769 1894 Γ
784 1873 795 1876 -
814 1873 847 1875 η
929 1873 941 1885 ,

539 1921 706 1992 ipsum
727 1915 878 1969 etiam
899 1909 1089 1964 cultum
1110 1899 1376 1965 oculosque
1393 1891 1700 1962 loquentium
1714 1899 1800 1937 nos
1821 1881 1874 1934 in
1889 1873 2124 1932 cordibus

1269 1988 1300 1992 -·
1334 1987 1413 1992 ----
1471 1983 1480 1992 ι
1555 1981 1606 1992 ut.
1683 1977 1694 1992 ι
1773 1991 1778 1992 γ
1802 1987 1949 1992 V_A_‘___
2023 1966 2124 1992 "Al

541 1966 716 2067 e'brum
759 2003 970 2074 scriptos
1018 2012 1132 2050 cum
1169 1987 1414 2056 inelfabili
1464 1981 1639 2038 laetitia
1677 1977 1971 2046 legeremus.
2013 1966 2126 2021 Hoc

542 2117 738 2175 quoque
757 2071 974 2166 amplius
1001 2097 1128 2152 erat,
1160 2082 1294 2154 quod
1323 2078 1510 2151 pagina
1535 2071 1766 2142 quwlibet
1795 2071 2124 2136 quantacum-

545 2153 794 2267 que'bona
821 2153 1008 2254 scripta
1031 2153 1281 2236 contineat
1302 2213 1316 2240 ,
1345 2169 1473 2224 nihil
1497 2169 1608 2238 ipsa
1639 2161 1838 2234 proﬁcit
1857 2200 1872 2224 ,
1903 2153 2129 2228 quamvis

547 2247 614 2344 bd
639 2283 916 2358 profectum
940 2274 1216 2346 explicetur
1242 2269 1458 2320 aliorum
1482 2277 1500 2314 :
1525 2262 1656 2313 (tunc
1679 2263 1846 2308 autem
1868 2247 2130 2320 epistolam

1436 2357 1441 2358 κ
1675 2349 1686 2358 .
1749 2348 1758 2358 .
1987 2357 1991 2358 ν
2040 2338 2106 2358 η,

549 2338 610 2344 ⁷“”
639 2338 682 2358 Γ⁷
711 2338 742 2354 'l
1005 2338 1014 2346 Ι

549 2389 766 2436 vestram
789 2417 804 2442 ,
839 2377 1114 2446 fratrs-nam
1144 2362 1331 2418 scilicet
1359 2357 1614 2418 animam,
1645 2349 1715 2403 sic
1743 2348 1796 2400 in
1825 2357 1998 2398 eorum
2027 2338 2133 2394 col—

554 2473 720 2543 loquio
759 2432 1081 2538 legebamus,
1131 2464 1184 2510 ut
1230 2461 1367 2506 tanto
1408 2445 1597 2500 beatior
1643 2443 1906 2510 appareret
1949 2432 2090 2486 nobis
2115 2471 2130 2498 ,

1597 2533 1638 2543 ..
1725 2529 1765 2543 ._
1914 2519 2130 2543 ...ΜΛ

554 2519 614 2528 η.
761 2519 856 2538 ,θῦν
1067 2519 1077 2526 ,

552 2519 737 2632 quanto
761 2556 962 2612 uberius
988 2548 1270 2614 conscripta
1290 2549 1414 2596 esset
1441 2554 1503 2592 ex
1527 2533 1682 2589 vobis.
1715 2529 1894 2595 Itaque
1909 2525 2050 2578 illam
2067 2519 2134 2574 ad

1617 2624 1644 2632 ”“
1711 2622 1722 2632 ⁸
1781 2621 1792 2631 ”
1933 2615 1943 2632 Ι
2005 2630 2025 2632 μγ
2044 2631 2050 2632 κ
2068 2613 2134 2632 ιι-

553 2653 778 2726 eiusdem
815 2643 1061 2702 beatitatis
1102 2635 1464 2694 imitationem,
1511 2621 1874 2680 studiosissime
1911 2615 1972 2670 de
2001 2613 2136 2667 vobis

557 2707 653 2726 ,πη

557 2741 728 2804 omnia
769 2731 1175 2814 percunctando,
1219 2728 1273 2780 in
1320 2730 1492 2778 nostra
1537 2715 1692 2772 corda
1732 2707 2137 2779 transcripsimus

557 2835 765 2910 (Epist.
792 2831 883 2898 51,
913 2845 971 2882 n.
998 2821 1096 2896 2).

1195 2905 1420 2966 CAPUT
1447 2903 1541 2959 X1.

567 3021 593 3078 l
636 3017 824 3076 Contra
851 3009 1118 3084 pessimam
1142 2997 1554 3058 consuetudinem
1579 2993 1632 3045 in
1653 2987 1859 3044 ecclesia
1879 2982 2144 3039 convivan-

635 3075 686 3167 di
715 3075 988 3166 sermonem
1017 3101 1164 3154 habet
1186 3097 1250 3149 ad
1279 3093 1466 3164 plebem
1497 3086 1893 3156 Hipponensem.
1923 3077 1958 3130 2
1989 3075 2146 3130 Eam-

639 3205 753 3258 dem
781 3194 1192 3255 consuetudinem
1221 3181 1553 3252 vehementius
1578 3182 1837 3248 oppugnat
1857 3171 2014 3224 altero
2041 3167 2141 3220 die.

635 3299 670 3355 5
684 3292 922 3366 Sequenti
945 3287 1026 3342 die
1053 3283 1250 3356 penitus
1273 3277 1419 3332 tollit.
1436 3275 1468 3328 4
1490 3271 1642 3340 Operi
1659 3268 1719 3322 de
1735 3265 1914 3320 Libero
1927 3260 2145 3315 Arbitrio

639 3399 926 3458 supremam
969 3391 1174 3433 manum
1209 3368 1438 3442 apponit.
1475 3364 1504 3418 5
1535 3358 1802 3416 Nonnulla
1837 3357 1888 3408 in
1915 3367 1970 3406 eo
1999 3365 2148 3420 opere

641 3444 733 3552 pro
761 3494 813 3532 se
839 3481 1004 3547 facere
1023 3471 1280 3544 jactarunt
1311 3456 1581 3530 Pelagiani
1605 3470 1662 3506 ac
1689 3444 2107 3520 Semipelagiani.

639 3539 690 3628 λ.
732 3539 865 3626 Dum
890 3567 944 3621 in
964 3539 1104 3618 hunc
1131 3557 1343 3614 modum
1371 3567 1464 3622 per
1489 3550 1691 3602 litteras
1713 3545 1906 3613 pietate
1927 3539 2150 3592 refertas

569 3661 797 3738 iucunde
813 3661 948 3714 inter
975 3670 1032 3709 se
1057 3650 1430 3717 colloquuntur
1460 3637 1708 3694 Paulinus
1733 3643 1786 3688 et
1803 3629 2147 3701 Augustinus,

571 3721 692 3813 huic
715 3755 914 3807 interea
943 3739 1232 3813 voluptatis
1263 3734 1533 3792 cumulum
1559 3727 1712 3784 ali'ert
1738 3738 1990 3780 concessa
2020 3721 2156 3774 divi-

572 3851 714 3905 nitus
746 3844 859 3914 ejus
895 3837 1031 3893 votis
1072 3849 1159 3888 res
1201 3829 1367 3885 multo
1406 3822 1694 3878 laetissima.
1733 3817 1849 3873 Jam
1887 3823 2009 3868 ante
2035 3827 2157 3866 nar-

578 3949 754 3996 ratum
773 3905 855 3988 est
883 3932 900 4004 (
925 3931 1117 3998 Supra,
1147 3941 1261 3994 cap.
1292 3921 1344 3986 6,
1377 3936 1430 3972 η.
1460 3915 1535 3986 2)
1562 3927 1718 3983 quam
1741 3908 1954 3978 indigne
1979 3905 2157 3960 tulerit

580 4039 793 4086 sanctus
825 4021 1142 4092 Presbyter,
1173 4027 1318 4069 sacra
1351 4011 1466 4063 loca
1495 4003 1783 4078 ignominia
1812 4000 1950 4055 allici
1979 3997 2157 4068 specie

579 4119 871 4192 religionis,
899 4128 1019 4170 cum
1045 4111 1098 4164 in
1120 4103 1434 4163 ca-meteriis
1463 4107 1860 4170 martyrumque
1884 4089 2158 4148 memoriis

579 4209 904 4284 frequentari
943 4208 1194 4262 cerneret
1220 4195 1490 4254 vinulenta
1518 4190 1789 4254 convivia,
1821 4186 1970 4258 queis
2007 4182 2160 4254 péebs

579 4305 824 4376 imperita
847 4316 954 4356 non
973 4303 1176 4352 tantum
1207 4289 1462 4346 honorem
1491 4284 1688 4341 sanctis
1703 4278 2042 4352 martyribus,
2065 4273 2161 4330 sed

581 4365 742 4454 etiam
768 4393 877 4449 suis
908 4389 1151 4446 solatium
1182 4380 1406 4439 mortuis
1434 4375 1664 4432 conferri
1695 4371 1929 4444 putabat.
1965 4369 2070 4422 Hac
2094 4365 2162 4420 de

578 4505 640 4547 re
667 4489 734 4543 ad
757 4483 1026 4542 Aurelium
1047 4479 1376 4550 episcopum,
1397 4469 1576 4526 statim
1603 4475 1759 4538 atque
1788 4463 1932 4519 illum
1959 4462 2012 4514 in
2033 4461 2162 4514 Car-

580 4577 882 4652 thagincnsi
922 4575 1049 4632 sedc
1068 4573 1384 4628 collocatum
1425 4561 1646 4624 audivit,
1677 4557 1910 4614 scribere
1933 4571 2036 4610 non
2059 4552 2164 4606 dis-

589 4646 786 4732 tulerat
834 4670 1045 4742 (Epist.
1086 4665 1233 4736 22),
1266 4663 1544 4731 ipsumque
1579 4653 1809 4718 hortari,
1843 4661 1900 4704 ut
1939 4649 2074 4702 hanc
2098 4646 2164 4700 ab

586 4766 763 4824 Africa
777 4738 1070 4820 faiditatem
1089 4753 1403 4810 auctoritate
1427 4747 1796 4810 conciliorum,
1819 4749 1873 4798 et
1896 4738 2165 4811 proposito

589 4863 798 4920 caeteris
843 4856 1087 4926 exemplo
1135 4848 1387 4906 Ecclesim
1437 4838 1870 4912 Carthaginensis
1913 4833 2163 4890 auferret.

589 4957 744 5010 Anno
783 4958 966 5024 postea
999 4941 1369 5000 trecentesimo
1411 4933 1753 5005 nonagesimo
1781 4927 1936 4985 tertio
1963 4927 2164 4997 Hippo-

589 5060 755 5102 nense
797 5039 1076 5098 concilium
1113 5031 1362 5106 generale
1399 5033 1597 5084 statuto
1635 5037 1839 5080 canone
1867 5019 2068 5084 vetuit,
2101 5030 2168 5070 ne

593 5141 684 5195 ulli
729 5133 971 5208 Episcopi
1014 5129 1098 5185 vel
1142 5125 1319 5182 clerici
1357 5124 1411 5178 in
1456 5119 1678 5176 ecclesia
1721 5115 2164 5170 convivaremur:

587 5231 746 5301 jussit
767 5206 964 5298 pariter
989 5233 1045 5279 ut
1073 5219 1250 5292 populi
1277 5217 1344 5271 ab
1366 5210 1666 5284 hujusmodi
1697 5206 1970 5270 conviviis,
2000 5219 2168 5274 quan-

591 5295 708 5376 tum
755 5295 866 5374 fieri
917 5321 1131 5387 posset,
1177 5307 1586 5382 prohiberentur
1637 5297 1866 5373 (Codice
1909 5295 2171 5352 Canonum

594 5413 782 5485 Δί’-ἔα,
819 5425 933 5462 can.
965 5407 1033 5460 42
1057 5403 1099 5478 ).
1145 5405 1223 5458 An
1269 5407 1442 5456 autem
1471 5393 1786 5464 Carthagine
1818 5388 2169 5458 corruptelam

597 5505 738 5559 hanc
763 5511 867 5556 tam
899 5499 1005 5554 cito
1027 5495 1310 5552 emendare
1339 5488 1554 5546 Aurelio
1579 5486 1822 5548 licuerit,
1850 5479 1992 5538 haud
2018 5479 2170 5534 nobis

595 5603 782 5652 notum
804 5600 920 5648 est:
951 5597 1096 5644 certe
1115 5585 1438 5656 Augustinus
1466 5593 1625 5642 anno,
1657 5577 1724 5632 de
1747 5591 1852 5646 quo
1872 5589 2169 5639 narramus,

597 5683 974 5744 trecentesimo
989 5677 1330 5750 nonagesimo
1341 5677 1524 5746 quinto
1543 5671 1752 5728 feliciter
1775 5669 1914 5722 illam
1935 5667 2174 5736 Hippone

593 5779 842 5837 abolevit.
859 5775 916 5832 Id
933 5791 996 5832 ex
1012 5771 1232 5846 epistola
1249 5767 1526 5824 didicimus
1538 5781 1566 5820 a
1588 5764 1740 5821 nobis
1759 5778 1927 5832 nuper
1941 5768 2170 5830 reperta,

595 5885 754 5944 quam
794 5879 1008 5926 sanctus
1043 5865 1130 5922 Vir
1171 5862 1344 5918 adhuc
1382 5858 1656 5930 presbyter
1699 5854 1761 5908 ad
1795 5855 2036 5926 Alypium
2061 5851 2168 5922 jam

1654 365 1816 424 VITA
1853 360 1912 418 S.
1955 349 2317 416 AUGUSTINI
2355 346 2682 406 EPISCOPI.

3675 333 3793 398 20!

2209 472 2516 543 episcopum
2555 465 2764 536 scripsit
2790 461 2994 540 (Epist.
3023 457 3116 528 29,
3144 456 3182 513 2
3199 453 3240 532 ).
3269 454 3474 528 Nempe
3498 460 3614 512 erat
3641 455 3784 528 apud

2207 563 2504 636 Hipponem
2545 561 2630 616 die
2667 555 2834 613 sancti
2871 553 3091 623 alicujus
3133 549 3402 606 memoria:
3445 563 3600 604 sacro
3642 547 3788 604 sole-

2209 658 2419 722 mnitas,
2439 669 2596 728 quam
2611 653 2752 708 cives
2771 649 3028 706 Lzetitiam
3045 643 3408 711 nominabant,
3427 641 3529 698 hoc
3541 641 3796 700 videlicet

2212 751 2385 806 minus
2403 747 2651 803 indecoro
2666 741 2925 800 vocabulo
2945 737 3242 794 vinolentia:
3264 734 3643 806 turpitudinem
3661 749 3794 790 con-

2214 849 2467 914 tegentes.
2483 839 2666 910 Neque
2677 851 2837 908 porro
2853 831 3138 889 Donatistis
3149 827 3577 902 llipponensibus
3591 825 3786 894 minor,

2214 951 2370 1008 quam
2387 929 2699 996 Catholicis,
2728 944 2791 984 eo
2812 925 2897 981 die
2918 923 3200 980 celebritas
3225 927 3357 989 erat,
3383 925 3556 990 neque
3575 917 3790 974 illorum

2215 1025 2538 1082 moderatior
2573 1015 2994 1090 intemperantia.
3041 1016 3338 1082 Antequam
3386 1011 3640 1066 solemnis
3676 1009 3795 1064 dies

2217 1117 2552 1182 recurrisset,
2594 1129 2714 1170 cum
2745 1111 3040 1168 nuntiatum
3071 1115 3212 1163 esset
3249 1103 3562 1176 Augustino,
3598 1103 3802 1158 tumul-

2220 1212 2354 1267 tuari
2377 1207 2637 1272 homines,
2661 1213 2716 1260 et
2737 1203 2937 1268 dicere,
2963 1216 3022 1256 se
3054 1201 3190 1254 ferre
3213 1214 3320 1253 non
3345 1211 3503 1267 posse
3522 1203 3581 1250 ut
3599 1193 3684 1249 illa
3711 1209 3804 1248 so-

2219 1304 2466 1360 lemnitas
2504 1299 2904 1372 prohiberetur;
2951 1301 3249 1364 opportune
3287 1289 3480 1344 accidit
3517 1295 3575 1342 ut
3611 1296 3804 1358 quarta

2223 1397 2352 1450 feria
2391 1401 2514 1448 ante
2555 1391 2696 1446 diem
2732 1385 3164 1456 Quadragesimze
3201 1381 3486 1451 capitulum
3531 1377 3809 1448 Evangelii

2222 1501 2290 1542 ex
2314 1485 2500 1541 ordine
2536 1497 2630 1537 seu
2656 1485 3040 1548 consequenter
3066 1471 3398 1528 tractandum
3429 1484 3550 1525 sese
3577 1468 3704 1524 illud
3727 1468 3812 1522 of-

2223 1579 2384 1633 ferret
2416 1594 2428 1630 :
2465 1573 2639 1628 Nolite
2677 1571 2797 1625 dare
2821 1577 3050 1624 sanctum
3085 1565 3292 1619 canibus
3321 1561 3340 1634 (
3365 1561 3548 1616 Matth.
3575 1576 3668 1628 vn,
3701 1557 3736 1614 6

2219 1671 2301 1727 'Eo
2331 1669 2394 1724 ad
2425 1667 2750 1738 propositum
2779 1661 3012 1716 adhibito
3041 1657 3216 1713 eli'ecit
3239 1699 3254 1725 ,
3286 1666 3344 1709 ut
3371 1653 3614 1709 viderent
3639 1669 3804 1724 quam

2227 1773 2368 1820 esset
2393 1761 2674 1824 nefarium,
2706 1758 2842 1810 intra
2869 1753 3108 1810 ecclesia:
3131 1750 3358 1820 parietes
3383 1747 3436 1802 id
3457 1761 3635 1817 agere,
3665 1744 3810 1815 quod

2229 1859 2280 1913 in
2310 1856 2420 1910 suis
2448 1852 2694 1908 domibus
2735 1850 2775 1903 si
2818 1861 2976 1917 agere
3009 1847 3446 1914 perseverarent,
3487 1854 3516 1892 a
3544 1844 3729 1891 sancto
3758 1843 3816 1888 et

2229 1947 2528 2018 margaritis
2552 1939 2927 2000 ecclesiasticis
2947 1951 3040 1992 eos
3065 1933 3235 1990 arceri
3256 1937 3541 2002 oporteret.
3563 1927 3816 1984 Sed‘harc

2232 2040 2470 2113 quamvis
2495 2044 2640 2108 grate
2666 2041 2881 2102 accepta
2907 2035 3088 2086 essent
3107 2068 3124 2096 ,
3149 2033 3326 2081 tamen
3357 2023 3478 2094 quia
3506 2021 3568 2076 ad
3599 2021 3822 2076 concio-

2235 2150 2354 2190 nem
2385 2131 2536 2204 pauci
2572 2133 2962 2190 convenerant,
3003 2135 3113 2176 non
3150 2125 3266 2174 erat
3311 2114 3636 2171 satisfactum
3668 2120 3821 2166 tanto

2235 2227 2448 2296 negotio
2482 2241 2495 2277 :
2529 2229 2883 2293 prieterquam
2929 2213 3068 2286 quod
3113 2213 3211 2268 iste
3250 2223 3458 2274 sermo,
3495 2221 3612 2262 cum
3641 2205 3710 2260 ab
3739 2204 3826 2260 eis

2239 2323 2328 2392 qui
2359 2317 2640 2374 adfuerant
2677 2329 2773 2386 pro
2817 2309 3073 2380 cujusque
3103 2304 3352 2360 facultate
3395 2309 3450 2356 et
3475 2297 3650 2354 studio
3691 2295 3826 2352 roris

2239 2415 2607 2476 ventilaretur,
2637 2404 3055 2462 contradictores
3079 2399 3274 2454 multos
3298 2393 3499 2451 habuit.

2311 2509 2367 2562 2.
2393 2503 2576 2574 Itaque
2597 2509 2936 2571 posteaquam
2959 2493 3074 2548 dies
3088 2486 3518 2560 Quadragesimze
3535 2481 3832 2550 illuxisset,

2243 2615 2347 2672 quo
2379 2583 2704 2664 frequentior
2734 2586 3014 2644 multitudo
3043 2583 3110 2638 ad
3155 2582 3340 2654 horam
3372 2575 3703 2634 tractationis
3732 2590 3834 2630 oc-

2245 2691 2432 2752 currit,
2459 2687 2652 2740 leclum
2677 2690 2760 2735 est
2783 2678 2925 2734 istud
2953 2677 3003 2730 in
3025 2673 3332 2744 Evangelio,
3361 2671 3450 2726 ubi
3479 2667 3738 2724 Dominus
3761 2665 3836 2721 de

2245 2779 2442 2850 templo
2474 2775 2674 2844 expulit
2715 2769 3019 2828 venditores
3057 2765 3401 2830 animalium,
3444 2769 3497 2816 et
3525 2757 3836 2814 nununula-

2245 2875 2446 2931 riorum
2473 2882 2685 2924 mensas
2712 2861 2902 2920 evertit
2929 2859 3046 2933 (Μ.
3071 2875 3190 2926 xm,
3220 2855 3338 2926 l2).
3367 2851 3516 2922 Quod
3540 2850 3840 2922 capitulum

2248 2968 2362 3038 ipse
2409 2975 2620 3034 quoque
2659 2955 2981 3027 Augustinus
3024 2949 3294 3022 proposita
3337 2945 3642 3000 vinolentia:
3680 2957 3838 3012 qua:—

2249 3058 2419 3113 stione
2435 3051 2698 3114 recitavit,
2721 3045 3061 3116 adjunxitque
3075 3038 3507 3110 disputationem,
3531 3049 3633 3105 qua
3653 3041 3842 3088 osten-

2250 3149 2428 3213 deret,
2461 3151 2656 3216 quanto
2703 3138 3019 3196 commotius
3050 3145 3103 3188 et
3143 3129 3512 3186 vehementius
3539 3125 3844 3182 Dominum

2249 3249 2489 3296 nostrum
2521 3239 2538 3268 ¹
2566 3233 2774 3290 ebriosa
2815 3227 3075 3292 convivia,
3094 3239 3212 3295 qua:
3239 3221 3434 3292 ubique
3471 3227 3593 3274 sunt
3623 3217 3801 3288 turpia
3823 3255 3841 3284 ,

2251 3333 2320 3390 de
2345 3331 2543 3399 templo
2570 3324 2879 3396 expelleret,
2911 3318 3051 3373 unde
3075 3317 3151 3371 sic
3177 3313 3376 3383 expulit
3403 3323 3660 3366 concessa
3685 3321 3848 3362 com-

2253 3423 2470 3480 mercia.
2501 3421 2636 3474 Tum
2667 3432 2732 3471 ex
2769 3411 3078 3484 praeparatis
3117 3407 3215 3462 sibi
3249 3403 3563 3462 lectionibus
3601 3397 3842 3470 adjecit,

2257 3519 2428 3586 ipsum
2473 3510 2646 3566 adhuc
2671 3505 2936 3562 carnalem
2981 3501 3230 3572 populum
3273 3495 3614 3558 Iudaeorum,
3647 3491 3699 3545 in
3745 3489 3848 3544 illo

2257 3605 2477 3674 templo,
2507 3600 2596 3656 ubi
2619 3597 2852 3652 nondum
2877 3607 3069 3662 corpus
3092 3599 3144 3646 et
3171 3587 3385 3658 sanguis
3411 3583 3619 3639 Domini
3645 3579 3851 3636 olTere-

2255 3695 2442 3764 batur’,
2474 3711 2582 3750 non
2623 3694 2794 3748 solum
2827 3687 3098 3743 vinolcuta
3121 3725 3136 3750 ,
3166 3682 3260 3738 sed
3289 3691 3390 3736 nec
3415 3677 3593 3732 sobria
3622 3674 3850 3746 quidem

2259 3805 2488 3861 unquam
2511 3786 2806 3842 celebrasse
2827 3777 3090 3842 convivia,
3115 3789 3212 3830 nec
3237 3785 3329 3828 eos
3345 3765 3856 3842 publicereligionis

2259 3882 2476 3938 nomine
2505 3875 2791 3933 inebriatos
2819 3869 3044 3926 inveniri
3071 3869 3124 3922 in
3151 3863 3395 3930 historia,
3427 3860 3532 3916 nisi
3555 3873 3678 3915 cum
3705 3858 3852 3913 festa

2262 3971 2620 4032 fabricationis
2659 3967 2784 4023 idoli
2830 3955 3404 4029 exsolverent(Exod.
3450 3969 3593 4020 XXII,
3625 3949 3722 4023 6).
3769 3949 3855 4006 ibi

2264 4077 2440 4123 autem
2469 4063 2651 4121 codice
2681 4067 2930 4129 accepto,
2960 4057 3134 4112 locum
3173 4051 3321 4106 illum
3357 4057 3526 4104 totum
3554 4045 3802 4102 recitavit
3837 4063 3852 4098 :

2263 4160 2568 4230 addiditque
2595 4170 2715 4211 cum
2742 4153 2960 4214 dolore,
2983 4162 3090 4218 quo
3120 4145 3323 4216 potuit,
3351 4141 3608 4212 siquidem
3633 4139 3856 4210 Moyses

2263 4261 2482 4325 propter
2495 4249 2615 4304 illos
2630 4247 2805 4302 ebrios
2823 4243 2972 4297 binas
2993 4238 3227 4308 lapideas
3245 4235 3448 4291 tabulas
3463 4231 3818 4301 confregisset
3839 4247 3854 4297 ;

2267 4344 2532 4416 quomodo
2562 4355 2666 4396 non
2707 4349 2985 4409 possemus
3033 4325 3241 4387 illorum
3271 4329 3429 4384 corda
3471 4327 3818 4395 confringere
3839 4366 3858 4393 ,

2267 4440 2356 4510 qui
2379 4437 2620 4492 homines
2645 4432 2766 4486 novi
2797 4425 3124 4484 Testamenti
3151 4431 3452 4479 sanctorum
3484 4419 3668 4474 diebus
3699 4418 3858 4474 cele-

2271 4509 2485 4586 brandis
2515 4539 2575 4580 ea
2603 4523 2799 4577 vellent
2827 4517 3138 4573 solemniter
3166 4513 3439 4578 exhibere,
3471 4526 3588 4582 qum
3619 4509 3864 4580 populus

2271 4617 2468 4674 veteris
2493 4610 2820 4670 Testamenti
2846 4617 2900 4664 et
2920 4605 3081 4662 semel
3108 4615 3161 4660 et
3183 4603 3324 4658 idolo
3348 4600 3668 4657 celebravit?
3695 4599 3864 4655 Tunc

2271 4711 2479 4768 reddito
2499 4707 2682 4762 codice
2709 4703 2914 4759 crimen
2944 4699 3218 4756 ebrietatis
3245 4709 3589 4766 exaggerans,
3619 4692 3867 4761 sumpsit

2272 4799 2582 4872 Apostolum
2605 4839 2618 4862 ,
2650 4805 2704 4851 et
2745 4793 2885 4848 inter
2913 4805 3032 4860 qua:
3067 4795 3278 4860 peccata
3309 4785 3364 4840 id
3407 4783 3634 4854 positum
3667 4790 3822 4837 esset
3843 4825 3864 4850 ,

2273 4889 2526 4956 ostendit,
2545 4889 2730 4958 legens
2747 4883 2891 4938 hunc
2913 4883 3087 4936 locum
3118 4897 3130 4931 :
3161 4875 3223 4934 Si
3247 4877 3355 4948 quis
3383 4877 3540 4947 frater
3563 4873 3870 4928 nominatur

2273 4995 2358 5038 aut
2391 4981 2685 5054 fornicator,
2717 4985 2804 5029 aut
2822 4973 2972 5028 idolis
2999 4969 3234 5037 serviens,
3265 4981 3350 5022 aut
3376 4985 3590 5034 avarus,
3621 4975 3710 5019 aut
3739 4982 3868 5020 ma-

2261 5077 2483 5138 ledicus,
2507 5081 2596 5126 aut
2623 5068 2845 5124 ebriosus
2863 5106 2878 5133 ,
2909 5075 2996 5118 aut
3023 5079 3186 5135 rapax
3204 5104 3218 5127 ,
3245 5077 3360 5116 cum
3385 5059 3632 5134 ejusmodi
3662 5074 3758 5114 nec
3783 5061 3874 5113 ci-

2275 5169 2394 5223 bum
2418 5155 2817 5236 sumere(lCor.
2841 5174 2898 5225 v,
2920 5153 3022 5230 ll)
3051 5173 3066 5211 :
3095 5151 3487 5226 ingemiscendo
3515 5152 3818 5230 admonens
3849 5195 3864 5218 ,

2275 5277 2396 5320 eum
2417 5267 2612 5331 quanto
2639 5253 2872 5327 periculo
2898 5251 3300 5307 convivaremur
3326 5262 3449 5302 cum
3479 5245 3557 5302 eis
3585 5244 3672 5313 qui
3693 5217 3780 5300 vel
3807 5217 3872 5299 in

2277 5353 2524 5413 domibus
2569 5347 2918 5405 ine‘briantur.
2967 5343 3115 5414 Legit
3164 5341 3323 5397 etiam
3375 5339 3501 5394 illud
3558 5337 3698 5410 quod
3751 5351 3874 5394 non

2277 5449 2435 5519 longo
2455 5443 2733 5500 intervallo
2755 5437 2993 5510 sequitur
3019 5453 3033 5489 :
3057 5432 3231 5489 Nolite
3249 5448 3437 5500 errare,
3461 5446 3616 5502 neque
3632 5429 3878 5502 fornica-

2279 5553 2430 5609 tores,
2452 5554 2607 5606 neque
2627 5533 2779 5590 idolis
2803 5531 3085 5598 servientes,
3113 5537 3217 5584 etc.
3240 5525 3442 5596 Quibus
3459 5523 3612 5581 lectis
3629 5525 3871 5594 monuit,

2278 5646 2336 5693 ut
2355 5633 2751 5692 considerarent
2779 5621 3044 5700 quomodo
3077 5629 3296 5702 possent
3329 5620 3539 5692 audire,
3565 5617 3670 5676 Sed
3697 5617 3878 5675 abluti

2343 5794 2360 5826 ι
2383 5792 2457 5842 sic
2487 5790 2671 5850 habent
2693 5785 2840 5840 vat-ite
2863 5793 2987 5850 quas
3017 5776 3348 5850 consulum
3367 5775 3766 5850 editiones,_nec~
3787 5771 3878 5826 In-

2279 5857 2404 5910 cide.
2429 5853 2618 5904 sectius
2639 5843 2912 5914 legeretur,
2937 5843 3165 5898 Dominus
3178 5843 3354 5894 near.
3613 5845 3672 5888 II.
