3990 6360
255 349 360 416 3&5

257 469 378 524 estis
418 466 440 537 (
476 464 635 534 Ibid,
682 478 768 536 vt,
814 463 1013 538 9-H),
1053 465 1142 537 qui
1180 465 1355 524 adhuc
1409 466 1545 521 tales
1584 468 1835 546 concupi-

251 563 481 630 scentis:
497 562 703 627 sordes,
718 575 816 616 con
825 569 902 616 tra
912 575 1040 630 quas
1053 560 1314 618 clauditur
1325 576 1545 633 regnum
1557 561 1835 630 calorum,

255 655 307 710 in
348 653 515 707 corde
554 667 686 719 suo,
723 651 973 706 interiore
1000 652 1092 708 Dei
1135 634 1365 722 templo,
1397 668 1516 708 esse
1545 653 1833 724 patiuntur.

251 746 383 807 inde
419 754 637 806 ventum
667 745 732 800 ad
776 744 902 808 illud
931 745 1246 814 capitulum,
1277 744 1690 800 Convenientibus
1718 761 1836 816 ergo

250 840 394 894 robis
438 841 494 894 in
523 855 699 903 unum,
730 845 831 892 etc.
873 835 998 908 (Id.
1032 853 1087 890 ιι
1107 879 1122 902 ,
1149 835 1257 907 20)
1286 877 1300 903 ,
1332 852 1437 907 quo
1474 837 1694 892 recitato
1713 835 1827 905 dih-

249 931 466 1000 gentius
503 928 893 986 commendavit
931 943 999 982 ne
1045 926 1266 982 honesta
1314 927 1526 998 quidem
1573 935 1626 982 et
1656 925 1836 981 sobria

252 1024 498 1078 convivia
530 1015 693 1078 lic'ere
733 1023 786 1084 in
825 1021 1047 1076 ecclesia
1078 1021 1355 1075 celebrari.
1382 1019 1835 1076 Commemoravit

250 1115 416 1170 etiam
448 1114 726 1184 Evangelii
763 1111 1048 1184 capitulum
1071 1153 1085 1178 ,
1117 1112 1258 1182 quod
1301 1111 1469 1182 pridie
1497 1119 1829 1177 tractaverat,

248 1207 338 1262 ubi
360 1206 432 1262 de
451 1204 933 1276 pseudoprophetis
953 1203 1150 1258 dictum
1171 1210 1272 1268 est,
1296 1201 1379 1257 Ea:
1400 1203 1644 1276 fructibus
1663 1217 1834 1256 eorum

248 1298 562 1371 cognoscetis
583 1314 665 1354 eos
689 1297 707 1368 (
732 1296 918 1352 Matth.
943 1312 1037 1360 vn,
1063 1295 1130 1351 i6
1153 1294 1192 1368 ).
1218 1295 1419 1350 Deinde
1448 1296 1498 1348 in
1523 1294 1833 1349 memoriam

247 1391 526 1449 revocavit
553 1389 757 1452 fructus
785 1405 848 1444 eo
877 1388 994 1454 loco
1023 1403 1126 1442 non
1148 1388 1400 1457 appellari
1429 1388 1527 1444 nisi
1557 1403 1719 1458 opera
1743 1405 1755 1440 :
1781 1395 1835 1442 et

245 1482 472 1540 recitato
495 1481 588 1543 illo
613 1481 842 1552 capitulo
869 1481 934 1536 ad
963 1478 1197 1545 Galatas,
1229 1479 1500 1550 Manifesta
1528 1487 1692 1533 autem
1715 1487 1834 1532 sunt

245 1592 398 1648 opera
423 1575 616 1642 carnis,
636 1582 739 1629 etc.
761 1571 965 1641 (Galat.
985 1588 1042 1640 v,
1065 1571 1132 1627 19
1148 1574 1187 1642 ),
1207 1573 1547 1644 interrogavit
1565 1571 1833 1642 quomodo

245 1666 310 1721 de
359 1666 540 1722 fructu
602 1665 875 1722 ebrietatis
926 1665 1060 1720 inter
1109 1663 1285 1718 carnis
1341 1679 1498 1735 opera
1546 1664 1832 1726 nominatae

243 1753 977 1826 agnoscerentuerristiani.
999 1753 1220 1824 Egitque
1237 1763 1292 1807 ut
1304 1752 1658 1820 adverterent,
1674 1769 1828 1826 quam
1843 1827 1846 1832 η

252 1857 395 1904 esset
417 1846 723 1918 pudendum
747 1855 906 1922 atque
927 1844 1279 1916 plangendum
1302 1887 1316 1914 ,
1344 1844 1483 1915 quod
1503 1845 1569 1899 de
1600 1844 1702 1899 illis
1722 1845 1831 1899 l'ru-

244 1939 422 1998 ctibus
443 1937 617 1994 carnis
636 1951 742 1991 non
764 1935 1198 2009 solumprivatim
1222 1935 1419 2004 vivere,
1446 1933 1539 1990 sed
1559 1935 1717 1990 etiam
1735 1935 1831 1990 ho-

254 2045 452 2088 norem
504 2029 746 2086 Ecclesize
793 2026 1003 2090 deferre
1042 2034 1336 2097 cuperent:
1371 2027 1436 2081 de
1470 2027 1826 2096 spiritualibus

249 2129 437 2178 autem
467 2120 740 2186 fructibus,
773 2120 839 2180 ad
866 2134 997 2191 quos
1025 2127 1077 2174 et
1104 2117 1492 2188 Scripturarum
1520 2120 1830 2178 auctoritate

241 2220 295 2267 et
324 2212 492 2280 ipsius
520 2211 806 2281 gemitibus
849 2211 1231 2278 invitarentur,
1265 2211 1463 2266 nollent
1488 2209 1676 2266 afferre
1719 2212 1827 2268 Deo

237 2317 483 2368 munera,
509 2312 562 2358 et
583 2302 668 2368 his
688 2303 1020 2373 potissimum
1045 2303 1314 2357 celebrare
1337 2301 1468 2357 festa
1498 2313 1820 2358 sanctorum.

237 2393 332 2449 liis
353 2395 589 2466 peractis
618 2383 872 2458 -codicem
912 2393 1167 2463 reddidit,
1201 2401 1255 2448 et
1288 2393 1545 2465 imperata
1587 2394 1826 2450 oratione

220 2496 358 2562 ante
412 2487 601 2549 oculos
662 2487 933 2542 constituit
991 2500 1272 2542 commune
1322 2487 1651 2557 periculum,
1703 2501 1826 2543 cum

235 2593 425 2640 eorum
470 2578 566 2647 qui
611 2577 727 2652 ejus
775 2593 917 2640 cum
961 2577 1231 2633 commissi
1283 2585 1497 2643 essent,
1528 2587 1637 2631 tum
1671 2591 1825 2632 suum

223 2669 426 2740 ipsius,
457 2671 549 2741 qui
571 2669 639 2725 de
661 2669 764 2725 illis
791 2671 1048 2734 rationem
1073 2670 1373 2726 redditurus
1393 2678 1533 2726 esset
1554 2678 1825 2742 pastorum

237 2761 478 2836 Principi
501 2779 516 2815 :
546 2779 641 2838 per
662 2763 812 2835 cujus
829 2763 1195 2832 humilitatem,
1211 2763 1821 2836 insignescontumelias,

229 2856 439 2926 alapas,
472 2864 529 2912 et
553 2864 706 2925 sputa
735 2856 788 2912 in
817 2855 1024 2921 faciem,
1048 2865 1101 2910 et
1129 2856 1352 2930 palmas,
1386 2863 1439 2912 et
1459 2855 1696 2926 spineam
1723 2870 1817 2910 co-

232 2963 430 3008 ronam
450 2989 466 3016 ,
485 2956 540 3004 et
564 2963 778 3003 crucem
805 2963 866 3002 ac
895 2949 1204 3019 sanguinem
1240 2948 1570 3013 obsecravit,
1602 2957 1658 3002 ut
1685 2947 1729 3002 si
1759 2962 1818 3002 se

235 3038 352 3109 ipsi
371 3039 733 3107 offendissent,
749 3041 831 3094 vel
856 3040 1018 3110 ipsius
1035 3041 1444 3107 misererentur;
1462 3048 1515 3095 et
1531 3041 1824 3111 cogitarent

233 3128 559 3184 venerabilis
587 3131 733 3186 senis
764 3129 955 3185 Valerii
984 3130 1125 3187 circa
1153 3131 1326 3200 ipsum
1357 3130 1675 3190 ineffabilem
1698 3130 1824 3184 cha-

233 3223 449 3278 ritatem
474 3265 490 3291 ,
525 3224 615 3294 qui
658 3225 706 3278 ei
737 3224 996 3278 tractandi
1024 3224 1183 3282 verba
1214 3224 1451 3279 veritatis
1479 3232 1586 3277 tam
1615 3223 1823 3293 pericu-

231 3312 409 3370 losum
435 3328 575 3369 onus
604 3324 822 3385 propter
859 3330 952 3370 eos
977 3316 1314 3385 imposuerit,
1346 3315 1528 3386 eisque
1567 3329 1708 3384 sarpe
1737 3313 1820 3369 di-

232 3405 389 3471 xerit,
420 3420 550 3461 suas
574 3407 843 3460 orationes
868 3405 1145 3461 exauditos
1169 3421 1288 3462 esse
1309 3405 1375 3461 de
1397 3406 1559 3475 ipsius
1571 3405 1816 3473 adventu,

231 3512 390 3568 quem
413 3512 526 3553 non
551 3499 735 3568 utique
760 3497 827 3553 ad
857 3515 1193 3554 communem
1223 3509 1468 3566 mortem,
1497 3499 1581 3553 vel
1607 3508 1818 3570 specta-

231 3589 412 3644 culum
442 3589 639 3651 mortis
658 3605 840 3646 eorum
865 3633 880 3660 ,
911 3591 1004 3646 sed
1031 3590 1097 3646 ad
1127 3606 1461 3646 communem
1489 3597 1737 3646 conatum
1767 3591 1820 3646 in

231 3686 395 3742 vitam
435 3694 693 3740 aeternam
723 3684 788 3738 ad
832 3699 890 3740 se
919 3684 1126 3739 venisse
1170 3684 1375 3744 laetatus
1412 3693 1511 3739 est.
1543 3682 1819 3738 Postremo

231 3779 392 3834 etiam
421 3777 578 3844 dixit,
602 3785 806 3832 certum
830 3792 888 3832 se
913 3792 1031 3831 esse
1056 3784 1110 3832 et
1134 3775 1296 3832 fidere
1337 3777 1389 3830 in
1422 3775 1585 3831 Deum
1603 3817 1616 3842 ,
1645 3776 1784 3846 quod
1801 3818 1816 3845 ,

231 3872 279 3930 si
303 3872 425 3927 haec
449 3879 600 3928 tanta
631 3887 751 3941 quae
779 3870 877 3927 sibi
907 3877 1084 3928 essent
1107 3869 1240 3925 lecta
1273 3877 1325 3923 et
1352 3868 1490 3923 dicta
1515 3877 1822 3924 contemne-

231 3973 384 4031 rent,
422 3962 735 4018 visitaturus
760 3970 901 4018 esset
932 3961 984 4016 in
1020 3961 1162 4032 virga
1190 3967 1244 4014 et
1275 3958 1330 4013 in
1347 3957 1582 4030 flagello,
1608 3975 1705 4013 nec
1727 3973 1818 4014 eos

236 4055 596 4126 permissurus
622 4068 744 4108 cum
761 4051 862 4108 hoc
885 4051 1083 4106 mundo
1096 4050 1351 4106 damnari.
1369 4049 1487 4103 Non
1510 4067 1597 4121 ego
1615 4050 1818 4103 illorum

239 4145 532 4217 lacr'ymas,
568 4145 643 4199 ait.
679 4143 1035 4214 Augustinus,
1083 4142 1204 4197 meis
1250 4142 1483 4212 lacrym-is
1527 4143 1687 4206 movi;
1731 4141 1819 4195 sed

233 4251 354 4292 cum
393 4236 516 4290 (alia
559 4237 877 4302 dicerentur,
929 4237 1089 4307 fateor
1133 4250 1308 4288 eorum
1344 4235 1464 4303 ﬂetu
1501 4244 1814 4304 praeventus,

231 4345 400 4384 mm
445 4329 699 4384 abstinere
727 4345 824 4381 non
857 4328 1016 4398 potui.
1046 4326 1113 4379 Et
1154 4343 1266 4379 cum
1285 4327 1398 4397 jam
1428 4326 1614 4397 pariter
1648 4326 1817 4397 ﬂevis-

229 4438 424 4490 semus,
448 4421 744 4494 plenissima
760 4436 848 4492 spe
863 4419 1180 4474 correctionis
1195 4417 1414 4485 illorum,
1444 4419 1560 4487 ﬁnis
1578 4419 1820 4474 sermonis

231 4516 328 4571 mei
347 4520 527 4586 factus
558 4523 628 4568 est
657 4513 858 4586 (Epist.
885 4512 976 4580 29,
1006 4530 1057 4567 η.
1088 4512 1180 4584 7).

295 4608 353 4663 5.
384 4606 663 4663 Postridie
693 4621 821 4662 vero
847 4620 963 4662 cum
996 4605 1252 4661 illuxisset
1285 4604 1427 4672 dies,
1456 4605 1540 4660 cui
1579 4605 1820 4660 solebant

229 4699 421 4758 fauces
459 4708 783 4769 ventresque
828 4713 886 4753 se
925 4711 1145 4767 parare,
1177 4697 1471 4754 nuntiatum
1511 4705 1593 4752 est
1635 4705 1818 4752 sancto

230 4793 603 4864 Presbytero,
653 4790 970 4856 nonnullos,
1016 4805 1199 4854 eorum
1244 4790 1400 4844 etiam
1450 4788 1538 4864 qui
1585 4789 1819 4843 sermoni

227 4886 495 4952 aderant,
528 4883 762 4939 nondum
790 4898 818 4937 a
843 4883 1260 4940 murmuratione
1289 4896 1554 4950 cessasse,
1585 4891 1818 4936 tantum-

225 4991 330 5050 que
355 4979 421 5032 in
447 4977 532 5033 eis
562 4975 736 5032 valere
770 4976 874 5030 vim
906 4975 1150 5046 pessimae
1177 4974 1598 5042 consuetudinis,
1624 4983 1682 5036 ut
1706 4975 1820 5046 ejus

229 5075 441 5124 tantum
490 5081 627 5122 voce
667 5075 942 5122 uterentur
986 5075 1042 5124 et
1081 5066 1354 5123 dicerent:
1401 5065 1577 5136 Quare
1620 5067 1819 5124 modo?

225 5178 334 5220 non
363 5162 522 5219 enim
548 5171 704 5217 antea
729 5161 816 5234 qui
847 5161 958 5218 haec
977 5178 1086 5220 non
1111 5161 1516 5233 prohibuerunt,
1543 5161 1818 5219 christiani

223 5269 335 5314 non
365 5255 577 5312 erant?
600 5255 717 5324 Quo
741 5254 938 5322 audito,
963 5269 1094 5328 quas
1119 5255 1348 5326 majores
1374 5254 1440 5310 ad
1465 5269 1558 5312 eos
1587 5269 1820 5312 commo-

225 5348 444 5406 vendos
469 5348 747 5404 machinas
772 5355 1113 5420 praepararet,
1136 5348 1353 5412 omnino
1377 5348 1683 5414 nesciebat;
1711 5348 1822 5405 dis-

219 5440 473 5512 ponebat
499 5449 699 5508 tamen,
725 5441 772 5498 si
797 5440 1238 5513 perseverandum
1259 5450 1532 5518 putarent,
1565 5441 1701 5497 lecto
1729 5441 1820 5503 illo

225 5528 350 5588 loco
401 5530 477 5588 de
519 5530 830 5601 Ezechiele,
859 5531 1166 5605 Explorator
1195 5532 1498 5600 absolvitur,
1534 5534 1578 5588 si
1621 5533 1819 5602 pericu-

227 5621 339 5678 lum
403 5621 808 5690 denuntiaverit,
851 5627 1042 5691 etiamsi
1098 5626 1206 5690 illi,
1246 5624 1422 5702 quibus
1477 5625 1815 5691 denuntiatur,

225 5730 410 5772 me
448 5715 703 5772 uoluam
741 5715 962 5790 (Ezech.
1011 5734 1202 5784 XXXIII,
1229 5717 1324 5788 9),
1365 5717 1677 5774 vestimenta
1722 5729 1818 5770 sua

229 5817 492 5868 contere
525 5816 691 5881 atque
729 5806 1018 5880 disteedere.
1061 5810 1250 5872 Verum
1297 5809 1404 5864 Deo
1443 5809 1577 5863 votis
1611 5808 1727 5877 ejus
1766 5815 1819 5862 et

1568 344 1770 408 LIBER
1805 340 2114 413 TERTIUS.

3417 355 3524 419 206

1944 467 2219 523 conatibus
2248 467 2476 536 favente,
2504 467 2594 540 qui
2617 468 2686 525 de
2711 471 3096 541 oppugnatione
3130 482 3351 530 vetustae
3383 494 3516 532 cun-

1942 559 2234 616 suetudinis
2267 562 2541 632 conquesti
2568 574 2748 627 erant,
2780 561 2936 616 iidem
2975 562 3077 634 ipsi
3097 545 3220 620 cum
3249 565 3513 638 forteiam
3563 560 3586 638 ἓ

1942 660 2252 707 vererentur
2273 667 2342 708 ne
2366 663 2605 708 sanctum
2631 654 2809 708 Virum
2835 653 2916 709 vel
2935 653 3199 724 Hippone,
3222 657 3305 712 vel
3322 674 3353 713 a
3376 673 3486 727 pra

1939 745 2076 798 senti
2120 745 2307 800 saltem
2353 747 2608 801 concione
2647 745 2931 802 abscedere
2966 757 3245 817 cogerent,
3287 750 3512 820 ingressi

1940 845 2064 890 sunt
2100 835 2167 890 ad
2201 852 2322 892 eum
2364 846 2486 893 ante
2515 837 2699 893 horam
2737 855 2838 909 qua
2875 841 3126 896 exedram
3166 844 3513 908 ascenderet:

1941 940 2072 995 quos
2113 927 2226 996 ipse
2266 928 2456 984 blande
2499 937 2765 1002 acceptos,
2795 931 2975 1000 paucis
3014 931 3190 988 verbis
3230 933 3283 988 in
3329 950 3515 991 sanam

1940 1018 2255 1072 sententiam
2293 1019 2593 1075 transtulit:
2623 1031 2782 1091 atque
2809 1021 2899 1077 ubi
2926 1031 3140 1077 ventum
3175 1032 3258 1079 est
3288 1024 3355 1079 ad
3383 1035 3515 1082 tem-

1940 1126 2036 1180 pus
2056 1110 2444 1184 disputationis,
2465 1115 2661 1169 omissa
2682 1114 2908 1171 lectione
2927 1131 3082 1186 quam
3106 1127 3512 1188 praeparaverat,

1938 1202 2061 1272 quia
2087 1204 2384 1258 necessaria
2408 1203 2516 1276 jam
2544 1222 2648 1263 non
2679 1207 2976 1275 videbatur,
3006 1207 3077 1265 de
3101 1207 3201 1265 hac
3228 1210 3341 1281 ipsa
3365 1226 3512 1282 quaa-

1937 1294 2110 1350 stione
2135 1311 2298 1366 pauca
2324 1297 2592 1365 disseruit,
2615 1299 2744 1354 nihil
2770 1315 2829 1356 se
2854 1316 2954 1357 nec
2971 1301 3185 1359 brevius
3211 1319 3312 1361 nec
3338 1306 3515 1363 verius

1938 1400 2093 1455 posse
2118 1386 2310 1443 afferre
2336 1389 2589 1446 adversus
2615 1406 2708 1445 eos
2740 1393 2833 1462 qui
2859 1393 3073 1460 dicunt,
3109 1395 3286 1463 Quare
3310 1397 3515 1453 modo?

1935 1477 2035 1531 nisi
2065 1487 2118 1532 et
2148 1479 2259 1548 ipse
2283 1479 2458 1548 dicat,
2487 1481 2584 1537 Vel
2613 1483 2790 1538 modo.
2822 1485 3022 1542 Deinde
3053 1501 3123 1544 ne
3150 1488 3245 1553 illi,
3271 1490 3358 1560 qui
3387 1498 3512 1547 ante

1935 1568 2017 1622 vel
2052 1570 2405 1638 permiserunt
2435 1571 2612 1628 insece
2636 1573 2689 1627 in
2719 1581 3021 1630 sanctorum
3052 1578 3303 1634 natalitiis
3327 1582 3483 1636 convi

1934 1659 2038 1724 via,
2080 1661 2163 1716 vel
2207 1677 2270 1718 ea
2318 1663 2598 1733 prohibere
2642 1681 2749 1720 non
2793 1668 2908 1723 ausi
2948 1678 3092 1739 sunt,
3121 1670 3297 1741 aliqua
3334 1671 3402 1728 ab
3447 1689 3513 1730 eo

1933 1749 2075 1806 affici
2120 1755 2440 1810 contumelia
2479 1755 2804 1826 viderentur,
2845 1761 3091 1829 exposuit
3133 1764 3365 1834 populo,
3408 1780 3512 1835 qua

1932 1844 2246 1900 necessitate
2284 1846 2381 1900 ista
2419 1847 2469 1900 in
2511 1846 2748 1903 Ecclesia
2789 1851 3133 1907 crederentur
3160 1864 3382 1912 exorta:
3406 1857 3512 1912 sci-

1934 1931 2057 1989 licet
2078 1943 2198 2005 post
2223 1939 2617 2006 persecutiones
2643 1939 2776 1995 facta
2805 1957 2956 2013 pace,
2981 1957 3103 1999 cum
3134 1947 3303 2002 turba:
3321 1947 3509 2005 Genti-

1931 2022 2056 2079 lium
2086 2027 2137 2081 in
2177 2029 2520 2086 christianum
2549 2048 2742 2089 nomen
2770 2036 2951 2092 venire
2979 2038 3256 2108 cupientes
3278 2040 3380 2097 hoc
3405 2043 3511 2097 im-

1931 2118 2257 2189 pedirentur,
2285 2123 2427 2193 quod
2452 2124 2567 2179 dies
2597 2124 2759 2181 festos
2781 2141 2901 2181 cum
2939 2128 3096 2184 idolis
3134 2131 3245 2187 suis
3274 2132 3510 2190 solerent

1930 2209 1984 2264 in
2013 2210 2330 2267 abundantia
2357 2215 2630 2283 epularum
2670 2225 2723 2271 et
2752 2218 3007 2274 ebrietate
3043 2235 3376 2287 consumere,
3411 2238 3510 2292 nec

1929 2297 2085 2356 facile
2133 2303 2200 2358 ab
2245 2301 2329 2358 his
2378 2305 2841 2374 perniciosissimis
2885 2318 2938 2364 et
2986 2320 3094 2366 tam
3136 2315 3511 2372 vetustissimis

1928 2391 2285 2462 voluptatibus
2327 2409 2384 2449 se
2415 2406 2631 2465 possent
2657 2399 2963 2466 abstinere;
2993 2403 3163 2456 visum
3205 2402 3369 2460 fuisse
3396 2420 3512 2462 ma-

1928 2480 2133 2554 joribus
2159 2486 2374 2554 nostris,
2404 2494 2464 2542 ut
2487 2487 2610 2544 huic
2637 2490 2955 2548 infirmitatis
2984 2495 3118 2562 parti
3145 2495 3356 2552 interim
3381 2515 3508 2569 par-

1929 2575 2157 2642 ceretur,
2186 2576 2404 2648 diesque
2445 2578 2626 2646 festos,
2657 2591 2777 2652 post
2805 2597 2898 2650 eos
2942 2600 3072 2654 quos
3117 2588 3502 2660 relinquebant,

1927 2664 2063 2718 alios
2086 2664 2140 2719 in
2168 2665 2422 2723 honorem
2445 2678 2747 2725 sanctorum
2775 2680 3090 2744 martyrum,
3112 2676 3194 2731 vel
3217 2693 3319 2732 non
3346 2679 3507 2736 simili

1927 2755 2223 2827 sacrilegio,
2270 2760 2509 2828 quamvis
2547 2761 2708 2815 simili
2750 2762 2875 2818 luxu
2915 2765 3282 2836 celebrarent;
3312 2780 3369 2825 ut
3391 2771 3503 2841 jam

1927 2845 2122 2902 Christi
2163 2849 2378 2904 nomine
2424 2851 2682 2922 colligatis
2725 2862 2777 2908 et
2821 2861 2980 2910 tanta:
3022 2860 3349 2916 auctoritatis
3378 2861 3504 2934 jugo

1927 2941 2152 2997 subditis
2199 2943 2448 3000 salutaria
2488 2946 2792 3003 sobrietatis
2841 2962 3101 3022 praecepta
3148 2954 3503 3025 traderentur,

1926 3033 2116 3104 quibus
2141 3034 2250 3106 jam
2278 3045 2492 3109 pr0pter
2514 3041 2869 3110 praecipientis
2894 3041 3149 3100 honorem
3174 3061 3236 3100 ac
3259 3046 3506 3106 timorem

1925 3125 2181 3181 resistere
2224 3142 2329 3182 non
2370 3129 2641 3184 valerent:
2671 3133 2918 3202 quocirca
2954 3133 3066 3203 jam
3116 3145 3323 3208 tempus
3361 3153 3502 3208 esse,

1927 3223 1983 3271 ut
2021 3218 2112 3288 qui
2152 3234 2256 3272 non
2296 3235 2356 3275 se
2384 3220 2579 3276 audent
2613 3237 2810 3294 negare
2851 3223 3186 3293 christianos,
3214 3230 3506 3288 secundum

1924 3307 2120 3365 Christi
2164 3312 2488 3369 voluntatem
2527 3315 2704 3370 vivere
2751 3316 3040 3388 incipiant;
3081 3331 3140 3375 ut
3179 3336 3242 3377 ea
3283 3339 3403 3394 qua:
3444 3333 3506 3381 ut

1925 3412 2103 3463 essent
2140 3402 2413 3460 christiani
2450 3413 2701 3462 concess‘a
2738 3418 2880 3473 sunt,
2908 3425 3026 3466 cum
3067 3411 3338 3469 christiani
3381 3425 3506 3474 sunt

1925 3503 2258 3563 reSpuantur.
2293 3495 2494 3551 Deinde
2523 3496 2764 3554 hortatus
2792 3510 2907 3569 est,
2940 3510 2998 3557 ut
3034 3507 3504 3566 transmarinarum

1925 3583 2281 3640 Ecclesiarum
2307 3627 2322 3653 ,
2368 3586 2421 3642 in
2467 3588 2660 3658 quibus
2702 3590 2785 3646 vel
2831 3591 2931 3648 ista
2977 3604 3188 3666 recepta
3233 3615 3502 3670 nunquam

1923 3688 2066 3743 sunt,
2089 3678 2172 3734 vel
2191 3679 2303 3749 jam
2330 3688 2592 3748 correcta,
2615 3680 2907 3739 imitatores
2932 3700 2991 3741 se
3022 3687 3256 3756 praebere
3281 3691 3499 3746 vellent.

1924 3768 1993 3823 Et
2012 3770 2258 3839 quoniam
2281 3770 2346 3826 de
2367 3771 2580 3830 basilica
2605 3772 2746 3828 beati
2769 3775 2910 3830 Petri
2930 3778 3153 3848 apostoli
3181 3781 3502 3849 quotidiana:

1923 3861 2224 3917 vinulentiae
2263 3863 2666 3933 proferebantur
2705 3868 2982 3937 exempla;
3013 3869 3145 3925 dixit
3189 3873 3381 3943 primo,
3407 3891 3502 3930 au-

1924 3951 2064 4009 disse
2087 3968 2146 4010 se
2175 3954 2228 4010 id
2258 3969 2402 4027 srepe
2432 3971 2550 4012 esse
2592 3959 2911 4028 prohibitum
2932 4001 2948 4028 ,
2988 3962 3081 4017 sed
3110 3977 3230 4018 cum
3264 3976 3501 4024 remotus

1923 4043 1992 4100 sit
2017 4047 2164 4103 locus
2188 4049 2256 4105 ab
2283 4050 2519 4121 episcopi
2547 4051 2901 4119 habitatione,
2930 4064 3088 4127 atque
3117 4058 3170 4112 in
3200 4068 3343 4114 tanta
3369 4061 3502 4118 civi-

1927 4147 2032 4194 tate
2062 4155 2244 4210 magna
2275 4141 2346 4197 sit
2372 4142 2660 4198 carnalium
2700 4145 3014 4211 multitudo,
3043 4149 3335 4220 peregrinis
3360 4167 3501 4222 prae-

1926 4231 2128 4299 sertim,
2158 4233 2246 4302 qui
2294 4235 2416 4288 novi
2462 4234 2684 4289 subinde
2729 4237 2963 4305 veniunt,
3009 4247 3154 4294 tanto
3196 4243 3495 4314 violentius,

1923 4329 2121 4393 quanto
2167 4322 2404 4378 inscitius
2451 4325 2591 4380 illam
2640 4329 3073 4386 consuetudinem
3116 4335 3498 4406 retinentibus,

1924 4426 2028 4471 tam
2074 4417 2358 4474 immanem
2397 4427 2598 4490 pestem
2640 4421 2875 4476 nondum
2913 4425 3178 4493 compesci
3220 4427 3500 4500 sedarique

1923 4510 2180 4582 potuisse.
2228 4510 2604 4568 Verumtamen
2654 4512 2804 4583 ipsis,
2849 4514 2893 4569 si
2939 4515 3152 4571 Petrum
3200 4521 3500 4589 apostolum

1923 4603 2243 4660 honorarent
2263 4645 2276 4669 ,
2306 4611 2564 4673 przccepta
2592 4603 2708 4674 ejus
2735 4604 2992 4660 audienda
3014 4648 3026 4672 ,
3053 4617 3107 4663 et
3131 4609 3298 4664 multo
3330 4611 3496 4668 devo-

1926 4699 2030 4756 tius
2055 4698 2354 4768 epistolam,
2380 4698 2434 4752 in
2459 4713 2558 4768 qua
2579 4697 2823 4754 voluntas
2844 4701 2958 4769 ejus
2983 4701 3316 4772 perspicitur,
3337 4719 3494 4776 quam

1925 4788 2196 4845 basilicam
2255 4787 2693 4845 considerandam
2751 4804 2908 4858 esse;
2953 4791 3240 4864 statimque
3281 4803 3500 4866 accepto

1925 4881 2107 4942 codice
2133 4881 2408 4936 recitavit:
2435 4879 2631 4936 Christo
2659 4880 2789 4936 enim
2813 4898 2960 4954 passo
2984 4900 3077 4956 pro
3103 4885 3244 4939 nobis
3270 4901 3362 4957 per
3385 4902 3499 4941 car-

1926 4991 2057 5040 nem,
2088 4982 2134 5030 et
2168 4991 2253 5028 vos
2282 4973 2455 5030 eadem
2491 4975 2790 5047 cogitatione
2815 4977 3102 5031 armamini.
3141 4976 3336 5050 Sufﬁcit
3365 4981 3498 5036 enim

1925 5065 2061 5120 vobis
2089 5064 2395 5138 prateritum
2422 5074 2616 5137 tempus
2641 5065 2893 5121 voluntate
2923 5067 3183 5122 hominum
3211 5072 3496 5142 perfecisse,

1925 5155 2234 5210 ambulantes
2261 5157 2313 5211 in
2341 5155 2646 5225 libidinibus,
2671 5156 2950 5225 desideriis,
2973 5157 3225 5228 ebrietate,
3249 5177 3501 5219 comessa-

1927 5250 2173 5319 tionibus,
2201 5259 2248 5306 et
2281 5248 2514 5322 nefandis
2546 5247 2798 5305 idolorum
2823 5249 3140 5308 servitutibus
3165 5249 3221 5329 (1
3252 5252 3395 5311 Petr.
3422 5272 3497 5324 tv,

1928 5343 1980 5410 i,
2008 5329 2084 5416 '5).
2110 5341 2310 5411 Quibus
2332 5341 2517 5414 gestis,
2537 5355 2659 5398 cum
2683 5354 2872 5399 omnes
2894 5355 3004 5398 uno
3027 5343 3210 5402 animo
3231 5345 3284 5402 in
3307 5346 3501 5403 bonam

1925 5437 2247 5492 voluntatem
2271 5435 2347 5491 ire
2368 5441 2672 5506 contempta
2689 5433 2828 5490 mala
2852 5437 3234 5502 consuetudine
3248 5439 3357 5511 jam
3385 5455 3502 5496 cer-

1927 5535 2097 5592 neret,
2127 5525 2366 5580 hortatus
2393 5533 2475 5581 est
2511 5534 2569 5581 ut
2610 5524 2901 5586 meridiano
2929 5535 3168 5604 tempore
3202 5531 3393 5587 divinis
3421 5531 3500 5588 le-

1921 5619 2185 5684 ctionibus
2209 5625 2262 5674 et
2283 5618 2503 5689 psalmis
2527 5620 2842 5678 interessent
2864 5637 2878 5677 :
2904 5621 2976 5680 ita
2996 5621 3143 5677 illum
3168 5621 3310 5681 diem
3337 5626 3502 5682 multo

1924 5700 2171 5768 mundius
2213 5716 2372 5782 atque
2417 5709 2676 5771 sincerius
2719 5710 2933 5785 placem
2981 5712 3396 5784 celebrandum;
3446 5726 3500 5772 ct

1925 5815 2070 5862 certe
2098 5802 2164 5860 de
2194 5801 2528 5861 multitudine
2561 5805 2984 5860 convenientium
3015 5805 3165 5862 facile
3207 5821 3363 5878 posse
3398 5821 3495 5890 ap-
