3990 6360
556 438 661 498 sor

556 573 767 630 parere,
795 557 885 628 qui
914 564 1177 622 mentem,
1207 563 1261 610 et
1287 553 1378 626 qui
1399 535 1640 610 ventrem
1667 562 2033 626 sequerentur.
2060 553 2137 608 Ita

558 649 710 706 lectis
753 650 1000 704 omnibus
1045 662 1223 703 sermo
1268 647 1577 704 terminatus
1621 656 1722 702 est.
1765 645 2137 701 Pomeridiano

555 751 733 796 autem
772 741 860 796 die
885 741 1057 810 major
1080 756 1237 808 quam
1279 748 1403 794 ante
1437 739 1716 796 meridiem
1751 739 1920 794 adfuit
1954 739 2134 794 multi-

555 833 705 898 tudo,
747 834 932 904 eisque
974 833 1043 888 ad
1088 833 1296 901 horam,
1341 848 1442 903 qua
1488 833 1770 903 presbyter
1814 832 2136 903 Augustinus

549 936 676 977 cum
719 924 970 993 episcopo
1013 923 1374 994 egrederetur,
1419 922 1695 994 legebatur
1732 924 2035 978 alternatim
2081 932 2134 978 et

551 1015 871 1084 psallebatur
896 1035 910 1071 :
951 1016 1186 1086 ipsisque
1224 1014 1454 1085 egressis
1483 1015 1589 1070 duo
1619 1015 1806 1085 psalmi
1837 1015 1958 1070 lecti
1989 1023 2128 1069 sunt.

551 1104 753 1161 Deinde
787 1106 1136 1175 Augustinum
1179 1106 1432 1172 invitum,
1459 1107 1549 1176 qui
1573 1105 1684 1175 jam
1727 1092 1970 1174 cupiebat
2009 1121 2133 1174 per-

552 1205 729 1253 actum
756 1213 874 1252 esse
900 1206 1006 1251 tam
1030 1198 1380 1268 periculosum
1410 1196 1572 1263 diem,
1591 1195 1847 1265 compulit
1868 1194 2128 1260 Valerius,

551 1297 608 1344 ut
635 1291 831 1360 aliquid
853 1291 991 1360 plebi
1012 1291 1337 1361 loqueretur.
1357 1289 1552 1345 Habuit
1570 1290 1785 1344 brevem
1805 1303 2127 1354 sermonem,

547 1395 653 1450 quo
680 1381 876 1450 gratias
923 1391 1103 1452 ageret
1126 1381 1256 1436 Deo.
1290 1381 1356 1436 Et
1382 1381 1632 1451 quoniam
1660 1381 1715 1434 in
1755 1379 2130 1435 haereticorum

544 1471 763 1526 basilica
791 1473 1029 1528 audierat
1051 1474 1118 1529 ab
1145 1474 1222 1528 eis
1246 1474 1400 1528 solita
1421 1471 1663 1529 convivia
1683 1472 1981 1540 celebrata;
2008 1487 2128 1527 cum

545 1563 720 1618 adhuc
749 1580 814 1620 eo
852 1565 968 1635 ipso
1007 1574 1280 1636 tempore,
1307 1579 1414 1634 quo
1441 1580 1471 1618 a
1511 1563 1799 1619 Catholicis
1840 1563 1939 1618 ista
1979 1579 2131 1634 gere-

544 1653 754 1722 bantur,
802 1657 876 1710 illi
914 1658 967 1710 in
1009 1656 1214 1727 poculis
1251 1656 1600 1725 perdurarent
1638 1654 1832 1721 :dixit,
1864 1653 1970 1709 diei
2012 1653 2131 1724 pul-

544 1746 900 1802 chritudinem
921 1746 1091 1802 noctis
1111 1745 1509 1816 comparatione
1531 1744 1792 1812 decorari,
1817 1753 1870 1800 et
1890 1745 2127 1800 colorem

546 1837 830 1894 candidum
871 1837 1009 1908 nigri
1051 1837 1319 1891 vicinitate
1349 1851 1472 1891 esse
1512 1835 1834 1906 gratiorem;
1863 1837 1934 1891 ita
1972 1849 2126 1890 suum

542 1930 832 2000 spiritualis
877 1926 1251 1985 celebrationis
1306 1935 1624 1982 conventum
1672 1926 1847 1982 minus
1904 1926 2127 1982 fortasse

542 2021 777 2076 futurum
806 2019 968 2076 fuisse
989 2018 1302 2090 jucundum,
1340 2018 1441 2072 nisi
1473 2033 1538 2073 ex
1581 2017 1681 2074 alia
1717 2027 1866 2088 parte
1897 2017 2126 2074 carnalis

540 2111 883 2182 ingurgitatio
925 2109 1259 2166 conferretur
1301 2126 1314 2161 :
1365 2109 1712 2177 hortatusque
1761 2117 1842 2162 est
1895 2115 1953 2164 ut
1996 2108 2125 2164 tales

543 2205 727 2276 epulas
755 2205 1017 2259 instanter
1043 2210 1378 2272 appeterent,
1412 2201 1454 2254 si
1485 2210 1788 2270 gustassent
1813 2215 1970 2271 quam
1999 2213 2124 2254 sua-

540 2296 624 2350 vis
651 2306 733 2350 est
763 2295 1037 2350 Dominus.
1069 2295 1241 2362 Atque
1270 2292 1325 2346 in
1351 2290 1488 2346 hanc
1513 2291 1830 2346 sententiam
1857 2305 1956 2364 pro
1987 2299 2123 2344 tem-

541 2403 673 2458 pore
700 2402 821 2442 cum
851 2402 914 2441 ea
942 2401 1059 2456 qua:
1091 2384 1344 2439 Dominus
1387 2383 1704 2454 suggerebat
1730 2382 1870 2436 dicta
1905 2391 2122 2447 essent;

542 2487 657 2534 acta
685 2488 808 2534 sunt
834 2481 1133 2548 vespertina
1151 2519 1166 2543 ,
1195 2493 1315 2547 quae
1341 2476 1577 2546 quotidie
1618 2475 1863 2529 solebant
1887 2493 1898 2528 :
1929 2482 1983 2529 et
2010 2477 2123 2528 Au-

539 2572 752 2641 gustino
781 2570 1062 2626 recedente
1100 2569 1253 2623 simul
1283 2583 1403 2622 cum
1442 2568 1712 2638 episcopo,
1746 2567 1956 2632 fratres,
1988 2567 2124 2622 forte

540 2662 806 2726 monachi,
837 2659 1025 2717 eodem
1057 2660 1175 2715 loco
1207 2659 1470 2730 hymnum
1515 2658 1794 2722 dixerunt,
1829 2673 1933 2711 non
1965 2672 2124 2726 parva

539 2753 875 2809 multitudine
897 2752 1170 2820 utriusque
1195 2765 1354 2805 sexus
1380 2749 1448 2804 ad
1474 2749 1816 2804 obscuratum
1842 2747 1982 2802 diem
2012 2764 2124 2801 ma-

538 2853 697 2901 nente
722 2854 878 2916 atque
908 2844 1185 2914 psallente.
1226 2841 1413 2896 Totam
1455 2842 1532 2896 rei
1572 2841 1767 2896 seriem
1797 2840 2124 2909 Augustinus

538 2945 784 3006 prompto
819 2943 873 2990 et
903 2934 1066 2989 alacri
1095 2934 1274 2987 animo
1313 2932 1494 2986 retulit
1534 2947 1628 3000 per
1656 2930 1857 2986 litteras
1900 2930 1967 2984 ad
1995 2930 2126 3002 Aly-

539 3030 705 3098 pium,
734 3036 792 3082 ut
837 3027 923 3098 qui
963 3040 1161 3096 paucos
1197 3033 1320 3080 ante
1364 3023 1478 3078 dies
1521 3023 1762 3092 Hippone
1805 3022 1962 3076 simul
2001 3037 2123 3077 cum

539 3119 653 3189 ipso
694 3132 884 3188 preces
927 3116 996 3172 de
1041 3115 1351 3186 accipiendo
1397 3113 1658 3169 beneficio
1705 3112 1938 3182 fuderat,
1966 3113 2125 3168 simul

537 3225 747 3282 quoque
767 3210 836 3266 de
859 3217 1076 3280 accepto
1100 3209 1294 3280 gratias
1324 3209 1433 3263 Deo
1463 3208 1811 3278 persolveret.

608 3305 662 3358 4.
692 3302 909 3372 Aliquot
933 3309 1050 3372 post
1078 3315 1291 3355 menses
1317 3299 1384 3354 ad
1410 3299 1771 3369 episcopatum
1814 3299 2122 3370 Hipponen-

537 3409 691 3461 sem,
739 3408 846 3464 quo
891 3407 950 3448 se
1003 3391 1296 3464 digniorem
1338 3391 1392 3445 in
1439 3391 1552 3446 dies
1598 3390 1866 3461 praebebat
1907 3401 2124 3450 sanctus

538 3485 843 3556 Presbyter,
867 3483 1107 3554 pervenit
1133 3500 1145 3535 :
1175 3481 1268 3537 sed
1293 3489 1574 3551 antequam
1598 3481 1752 3550 hujus
1774 3481 2124 3538 ordinationis

541 3577 658 3647 ejus
684 3584 924 3630 texamus
950 3573 1224 3628 historiam
1245 3613 1262 3638 ,
1290 3571 1550 3642 agendum
1590 3571 1744 3625 nobis
1773 3580 1853 3626 est
1883 3571 1948 3626 de
1975 3573 2122 3630 libris

538 3668 606 3723 ab
632 3667 746 3737 ipso
783 3667 849 3722 de
877 3666 1070 3720 Libero
1098 3662 1334 3718 Arbitrio
1363 3661 1573 3730 scriptis
1602 3660 1705 3716 hoc
1749 3671 2004 3731 tempore,
2038 3664 2121 3719 vel

535 3758 811 3814 absolutis.
839 3756 1046 3826 Quippe
1093 3753 1502 3818 [iomanianuun
1535 3768 1655 3806 cum
1701 3753 1752 3806 in
1793 3752 1993 3806 italiam
2023 3755 2121 3810 sub

538 3849 743 3904 initium
771 3849 896 3902 anni
921 3845 1280 3903 trecentesimi
1307 3843 1631 3913 nonagesimi
1656 3844 1824 3914 quinti
1855 3845 2121 3915 profectus

537 3951 640 4009 est,
663 3941 715 3996 id
741 3941 936 4011 operis,
965 3947 1055 3994 aut
1075 3945 1222 3993 certe
1252 3947 1358 3991 tres
1390 3935 1574 4001 libros,
1599 3952 1664 3990 ex
1689 3936 1876 4005 quibus
1903 3938 2120 3994 omnino

536 4042 763 4102 constat,
793 4049 896 4088 non
930 4033 1175 4087 habuisse
1207 4039 1429 4085 testatur
1454 4031 1778 4100 Augustinus
1810 4030 1999 4104 (Epist.
2027 4035 2115 4100 51,

537 4145 590 4183 n.
619 4127 697 4199 7),
725 4127 964 4198 quamvis
987 4140 1048 4182 se
1075 4135 1295 4180 cunctas
1322 4123 1713 4178 lucubrationes
1741 4140 1867 4179 suas
1898 4126 1974 4179 illi
2008 4137 2116 4180 tra-

540 4219 737 4273 didisse
767 4218 1094 4273 existimaret
1127 4216 1144 4288 (
1170 4215 1331 4286 Epist.
1363 4215 1453 4282 27,
1481 4232 1534 4268 n.
1564 4215 1597 4268 4
1619 4213 1662 4283 ).
1710 4214 1859 4270 Unde
1889 4233 2013 4270 vero
2041 4217 2116 4271 si-

537 4309 664 4364 mile
688 4317 770 4364 est
788 4351 801 4374 ,
833 4307 934 4363 hoc
958 4322 1090 4378 opus
1117 4315 1242 4361 tunc
1267 4305 1520 4374 temporis
1537 4346 1550 4368 ,
1582 4305 1634 4359 id
1661 4317 1771 4371 est,
1800 4317 1855 4360 ut
1887 4308 2116 4362 arbitra-

536 4418 679 4468 mur,
697 4400 797 4454 hoc
813 4414 952 4454 anno
971 4398 1338 4454 trecentesimo
1357 4399 1696 4466 nonagesimo
1709 4398 2115 4468 quintoineunte

534 4493 768 4549 nondum
800 4492 955 4546 fuisse
987 4491 1295 4561 perfectura.
1322 4489 1452 4544 Illud
1485 4498 1681 4557 tamen,
1706 4491 1912 4546 duobus
1938 4502 2115 4563 poste-

536 4587 763 4642 rioribus
809 4585 954 4638 libris
996 4583 1248 4653 adjectis,
1296 4582 1362 4636 ad
1413 4583 1571 4636 tinem
1617 4583 1789 4638 adhuc
1838 4586 2115 4657 presbyter

532 4676 818 4745 perduxit(
851 4675 1118 4728 Rclraclat.
1153 4673 1277 4726 libro
1323 4673 1370 4737 l,
1399 4691 1510 4742 cap.
1541 4674 1592 4739 9,
1627 4691 1678 4727 .
1725 4676 1748 4728 1
1781 4676 1836 4745 )
1874 4676 2109 4746 priorem

535 4771 676 4824 enim
724 4768 905 4821 Romae
951 4780 1089 4818 anno
1134 4765 1507 4819 trecentesimo
1553 4767 1876 4836 octogesimo
1923 4778 2112 4824 octavo

529 4862 638 4930 jam
670 4859 972 4928 scripserat.
1004 4856 1112 4910 lloc
1140 4867 1292 4925 pacto
1321 4856 1435 4908 eri
1462 4858 1648 4924 potuit,
1680 4866 1735 4910 ut
1765 4857 1900 4912 hunc
1929 4875 2110 4915 secum

536 4951 893 5005 ltomanianus
940 4947 1188 5001 deferret.
1223 4947 1328 5002 Hos
1368 4946 1529 5001 libros
1576 4947 1900 5017 dialogorum
1942 4950 2110 5005 instar

531 5044 848 5114 composuit,
877 5042 927 5095 in
958 5042 1146 5112 quibus
1173 5056 1472 5094 sermonem
1501 5041 1704 5094 confert
1732 5059 1852 5096 cum
1882 5043 2104 5101 Evodio.

531 5139 695 5193 Mutui
739 5135 1001 5192 sermonis
1040 5142 1405 5204 argumentum
1443 5141 1524 5186 est
1564 5133 1827 5204 indagatio
1866 5137 2104 5206 originis,

533 5231 674 5287 unde
711 5230 910 5284 malum
940 5226 1321 5297 prociscatur.
1353 5224 1477 5278 Cum
1519 5225 1686 5278 adhuc
1721 5225 1898 5282 Romae
1932 5230 2107 5284 demo-

525 5342 774 5392 raremur,
803 5323 1048 5378 voluimus
1074 5318 1379 5390 disputando
1407 5333 1627 5387 quaerere
1649 5319 1782 5372 unde
1806 5321 1869 5374 sit
1895 5321 2103 5376 malum.

531 5417 601 5472 Et
626 5433 682 5472 eo
708 5416 857 5470 modo
887 5411 1249 5484 disputavimus
1268 5449 1284 5475 ,
1313 5409 1386 5463 ait
1413 5408 1757 5478 Augustinus,
1786 5419 1839 5464 ut
1866 5412 1909 5465 si
1937 5429 2107 5483 posse-

530 5527 664 5575 mus,
689 5507 744 5562 id
771 5505 906 5578 quod
931 5505 992 5558 de
1019 5503 1112 5556 hac
1135 5518 1190 5556 re
1215 5502 1397 5556 divina:
1419 5501 1703 5555 auctoritati
1726 5502 1910 5556 subditi
1933 5506 2106 5559 crede-

528 5603 727 5668 bamus,
754 5602 905 5654 etiam
929 5597 996 5650 ad
1017 5595 1396 5666 intelligentiam
1419 5603 1662 5663 nostram,
1684 5604 1923 5667 quantum
1945 5598 2103 5653 disse-

525 5693 686 5748 rendo
710 5691 988 5762 cpitulante
1016 5686 1124 5741 Deo
1148 5703 1294 5757 agere
1319 5703 1573 5757 possemus
1591 5728 1607 5754 ,
1630 5687 1760 5741 ratio
1791 5689 2106 5745 considerata

525 5796 575 5842 et
615 5794 828 5840 tractata
867 5782 1174 5855 perduceret.
1202 5777 1271 5832 Et
1306 5780 1541 5850 quoniam
1575 5782 1799 5857 constitit.
1826 5784 1954 5837 inter
1990 5803 2100 5856 nos,

1682 436 1846 493 VITA
1884 435 1942 491 S.
1984 431 2351 491 AUGUSTINI
2389 435 2713 494 EPlSCOPl.

3719 441 3816 502 208

2245 550 2398 607 libero
2421 555 2691 608 voluntatis
2719 554 2962 618 arbitrio;
2993 564 3090 609 tres
3119 555 3252 622 libri,
3279 571 3403 626 quos
3451 556 3628 612 eadem
3649 559 3817 629 dispu-

2244 647 2365 699 tatio
2397 648 2606 717 peperit,
2631 647 2876 718 appellati
2898 656 3013 701 sunt
3043 647 3104 701 de
3131 647 3310 702 Libero
3338 647 3576 704 Arbitrio.
3603 648 3814 717 Quorum

2242 739 2518 792 secundum
2560 747 2606 794 et
2649 740 2850 794 tertium
2892 739 2946 793 in
2991 739 3184 809 Africa,
3208 741 3323 811 jam
3365 743 3515 795 etiam
3561 740 3811 812 Hippone-

2241 829 2402 902 Regio
2431 833 2684 903 presbyter
2718 834 2980 887 ordinatus
2999 875 3014 900 ,
3058 832 3187 888 sicut
3212 841 3328 888 tunc
3354 835 3514 905 potui,
3543 835 3810 888 terminavi.

2240 918 2309 975 In
2335 921 2414 975 his
2437 921 2575 976 libris
2603 924 2674 975 ita
2703 924 2861 977 multa
2887 923 3099 980 disserta
3127 931 3246 977 sunt
3264 965 3278 991 ,
3309 933 3364 977 ut
3391 924 3666 978 incidentes
3688 941 3808 978 non-

2241 1011 2398 1065 nulla:
2438 1013 2768 1082 quazstiones,
2797 1031 2920 1084 quas
2955 1014 3032 1068 vel
3067 1015 3285 1068 enodare
3327 1032 3427 1069 non
3470 1025 3709 1085 poteram,
3738 1016 3812 1070 vel

2239 1099 2443 1170 longam
2482 1103 2945 1158 sermocinationem
2991 1105 3042 1158 in
3087 1105 3321 1175 praesenti
3364 1106 3704 1175 requirebant,
3743 1108 3810 1160 ita

2239 1191 2580 1260 di/ferrentur,
2605 1205 2660 1248 ut
2688 1211 2752 1250 ea:
2770 1205 2978 1265 utraque
3007 1206 3168 1265 parte,
3191 1197 3268 1250 vel
3291 1213 3352 1252 ex
3370 1199 3600 1251 omnibus
3619 1214 3808 1252 earum-

2238 1283 2351 1337 dem
2370 1286 2702 1355 quazstionum
2733 1287 2980 1358 partibus,
3003 1289 3056 1342 in
3083 1289 3262 1357 quibus
3281 1305 3380 1342 non
3404 1287 3675 1359 apparebat
3697 1287 3810 1357 quid

2237 1377 2405 1448 potius
2452 1388 2744 1449 congrueret
2789 1380 3006 1445 veritati,
3050 1380 3117 1432 ad
3160 1380 3254 1432 hoc
3301 1390 3465 1434 tamen
3507 1380 3808 1434 ratiocinatio

2236 1478 2408 1522 nostra
2436 1469 2832 1535 concluderetur,
2865 1479 2918 1522 ut
2956 1468 3209 1540 quodlibet
3257 1486 3430 1524 eorum
3468 1487 3638 1523 verum
3669 1479 3804 1536 esset,

2236 1558 2523 1613 laudandus
2553 1559 2856 1627 crederetur,
2879 1561 2956 1614 vel
2976 1561 3124 1615 etiam
3145 1560 3487 1615 ostenderetur
3504 1560 3661 1615 Deus.
3682 1559 3810 1615 Pr0~

2235 1659 2345 1721 pter
2367 1667 2451 1704 eos
2478 1651 2665 1722 quippe
2699 1651 2973 1722 disputatio
3002 1653 3094 1706 illa
3120 1662 3352 1722 suscepta
3381 1662 3473 1719 est,
3515 1654 3600 1721 qui
3635 1660 3808 1723 negant

2234 1756 2298 1794 ea:
2347 1741 2503 1794 libero
2555 1741 2823 1796 uoluntatis
2871 1741 3078 1796 arbitrio
3133 1743 3254 1796 mali
3305 1744 3550 1814 originem
3595 1744 3723 1810 duci,
3762 1750 3807 1797 et

2233 1834 2416 1901 Deum,
2446 1836 2493 1890 si
2518 1836 2592 1889 ita
2621 1845 2714 1904 est,
2736 1847 3010 1891 creatorem
3036 1837 3260 1891 omnium
3287 1847 3585 1892 naturarum
3607 1837 3807 1908 culpan-

2233 1927 2354 1980 dum
2384 1945 2488 1982 esse
2513 1928 2822 1982 contendunt
2846 1945 2862 1982 :
2888 1946 2944 1982 eo
2975 1929 3124 1983 modo
3161 1930 3379 1983 volentes
3413 1929 3681 1984 secundum
3707 1944 3808 1983 sua:

2231 2019 2502 2091 impietatis
2531 2037 2752 2075 errorem
2784 2021 2802 2090 (
2825 2019 3098 2075 Manichtei
3126 2022 3259 2074 enim
3281 2020 3433 2092 sunt)
3459 2019 3807 2075 immutabilem

2231 2111 2503 2180 quamdam
2529 2121 2574 2166 et
2602 2109 2713 2165 Deo
2739 2120 3038 2166 coaeternam
3066 2111 3381 2166 introducere
3409 2112 3532 2165 mali
3560 2119 3803 2164 naturam.

2235 2201 2309 2256 De
2333 2204 2498 2273 gratia
2524 2219 2638 2257 vero
2669 2201 2764 2257 Dei
2788 2244 2804 2270 ,
2842 2219 2942 2275 qua
2967 2219 3084 2257 suos
3109 2202 3288 2257 electos
3316 2203 3391 2256 sic
3425 2201 3803 2273 praedestinavit,

2230 2302 2286 2347 ut
2325 2311 2496 2348 eorum
2535 2294 2624 2362 qui
2651 2295 2766 2364 jam
2806 2293 2858 2347 in
2897 2295 2968 2348 eis
3005 2302 3214 2348 utuntur
3252 2294 3405 2348 libero
3445 2293 3668 2360 arbitrio,
3704 2293 3810 2362 ipse

2230 2387 2380 2440 etiam
2410 2397 2657 2456 praeparet
2680 2383 2978 2452 voluntates,
3002 2385 3130 2440 nihil
3154 2387 3209 2439 in
3232 2383 3311 2438 his
3338 2383 3478 2439 libris
3505 2384 3810 2454 disputatum

2229 2485 2302 2530 est
2333 2486 2536 2546 prapter
2561 2478 2658 2530 hoc
2696 2478 2956 2548 proposita
2990 2479 3283 2548 quwstione.
3315 2476 3413 2531 Ubi
3443 2484 3610 2530 autem
3639 2473 3810 2528 incidit

2232 2566 2391 2636 locus,
2420 2578 2473 2622 ut
2498 2569 2652 2640 hujus
2674 2572 2854 2641 gratia:
2882 2571 3024 2641 eret
3053 2571 3478 2638 commemoratio,
3508 2577 3812 2624 transeunter

2229 2673 2615 2716 commemorata
2655 2673 2766 2728 est;
2796 2681 2896 2719 non
2955 2665 3100 2735 quasi
3136 2665 3257 2719 inde
3292 2675 3525 2736 ageretur
3546 2707 3564 2733 ,
3607 2679 3814 2735 Operosa

2229 2755 2610 2810 ratiocinatione
2639 2756 2866 2828 defensa.
2889 2757 3048 2810 Aliud
3071 2767 3143 2812 est
3168 2759 3300 2812 enim
3325 2776 3564 2828 quarere,
3593 2757 3722 2812 unde
3747 2757 3815 2812 sit

2230 2848 2462 2914 malum;
2488 2859 2535 2902 et
2561 2849 2705 2903 aliud
2740 2860 2814 2904 est
2850 2867 3101 2921 quterere,
3133 2853 3265 2907 unde
3287 2853 3522 2908 redeatur
3550 2853 3618 2906 ad
3645 2852 3816 2925 pristi-

2230 2953 2379 3002 num,
2426 2937 2506 2992 vel
2551 2938 2618 2991 ad
2663 2941 2830 3010 majus
2877 2942 3195 3011 perveniatur
3237 2943 3443 2998 bonum.
3496 2944 3820 3014 Quapmpter

2231 3028 2344 3081 novi
2370 3028 2591 3082 hazretici
2620 3027 2911 3101 Pelagiani,
2942 3032 3028 3102 qui
3052 3033 3262 3088 liberum
3286 3034 3359 3088 sic
3383 3045 3609 3089 asserunt
3632 3033 3819 3089 volun-

2230 3118 2344 3172 tatis
2389 3118 2672 3186 arbitrium,
2705 3132 2758 3175 ut
2799 3123 2978 3194 gratia:
3021 3122 3118 3176 Dei
3161 3141 3262 3178 non
3305 3117 3590 3198 relinquant
3625 3125 3818 3193 locum,

2229 3209 2632 3280 quandoquidem
2659 3229 2770 3266 eam
2823 3214 3096 3268 secundum
3144 3216 3321 3269 merita
3363 3225 3533 3271 nostra
3578 3217 3690 3270 dari
3723 3218 3820 3271 as;

2229 3312 2420 3370 serunt,
2476 3319 2576 3357 non
2618 3321 2671 3358 se
2731 3307 2994 3373 extollant,
3037 3309 3180 3376 quasi
3237 3325 3411 3362 eorum
3462 3309 3643 3380 egerint
3687 3325 3822 3364 cau-

2229 3409 2376 3458 sam;
2403 3395 2521 3464 quia
2563 3396 2725 3449 multa
2780 3397 2833 3450 in
2879 3397 2957 3451 his
2988 3397 3126 3452 libris
3175 3400 3282 3453 dixi
3333 3418 3425 3470 pro
3473 3402 3628 3455 libero
3679 3401 3826 3456 arbi~

2231 3484 2327 3537 trio
2356 3526 2368 3550 ,
2396 3502 2508 3555 qua:
2556 3486 2697 3541 illius
2739 3487 3099 3559 disputationis
3146 3506 3298 3545 causa
3351 3491 3582 3562 poscebat
3611 3491 3820 3564 (Ibid.,

2228 3591 2316 3629 nn.
2346 3577 2398 3643 ,
2429 3576 2507 3646 2).

2299 3667 2350 3722 5.
2373 3667 2481 3724 llos
2497 3669 2661 3725 libros
2685 3670 2860 3741 reipsa
2880 3673 3076 3742 profert
3093 3673 3337 3745 Pelagius
3358 3692 3370 3728 :
3391 3691 3573 3731 verum
3589 3676 3827 3734 demon-

2227 3768 2357 3812 strat
2376 3760 2717 3830 Augustinus,
2747 3763 2935 3818 eodem
2959 3780 3016 3820 se
3034 3765 3150 3819 loco
3180 3775 3563 3836 prteposterum
3593 3783 3828 3826 sensum

2227 3853 2501 3918 evertisse,
2531 3870 2686 3924 quem
2713 3855 2802 3910 ille
2842 3856 3023 3912 verbis
3049 3859 3160 3912 suis
3195 3859 3448 3930 affingere
3476 3861 3726 3928 volebat;
3759 3873 3830 3920 et

2226 3945 2466 4011 quamvis
2488 3945 2739 4002 adversus
2765 3945 3102 4013 Manichacus,
3122 3964 3227 4002 non
3258 3961 3442 4004 contra
3469 3952 3825 4024 Pelagianos,

2226 4032 2452 4088 necdum
2501 4045 2714 4089 exortus
2737 4078 2750 4099 ,
2775 4036 2914 4090 istud
2945 4054 3077 4106 opus
3108 4041 3466 4112 conscriptum
3493 4043 3630 4099 foret
3662 4087 3676 4112 ,
3709 4044 3827 4099 ho-

2226 4139 2342 4178 rum
2370 4133 2543 4179 tamen
2574 4125 2817 4181 haeresim
2845 4129 3052 4184 abunde
3081 4147 3138 4185 se
3166 4131 3544 4203 labefactasse;
3573 4137 3711 4192 adeo
3754 4147 3828 4194 ut

2224 4216 2268 4270 si
2315 4217 2558 4286 Pelagius
2608 4219 2720 4288 ipse
2748 4221 2988 4275 confiteri
3034 4224 3275 4292 voluerit,
3309 4227 3558 4296 quidquid
3585 4245 3652 4284 co
3694 4230 3834 4287 loco

2222 4324 2379 4377 quem
2411 4309 2627 4377 profert,
2659 4313 2980 4376 continetur,
3009 4315 3153 4368 nulla
3183 4332 3304 4370 cum
3331 4333 3394 4371 eo
3423 4318 3520 4373 hac
3544 4319 3611 4375 de
3631 4336 3694 4375 re
3725 4321 3833 4376 fu-

2223 4408 2338 4451 tura
2380 4400 2446 4452 sit
2475 4400 2702 4469 amplius
2747 4405 3110 4459 controversia
3145 4406 3248 4476 (De
3281 4407 3486 4462 Natura
3515 4419 3560 4464 ct
3602 4411 3833 4485 Gratia,

2221 4511 2310 4547 nn.
2340 4496 2393 4560 7,
2424 4495 2518 4566 8).
2567 4496 2631 4550 lli
2685 4497 2882 4567 pariter
2934 4499 3052 4554 libri
3097 4517 3278 4555 ansam
3319 4504 3578 4558 dederunt
3633 4511 3836 4565 errori

2220 4585 2782 4654 Semipelagianorum,
2811 4587 2900 4656 qui
2928 4604 2990 4642 ex
3017 4590 3080 4643 iis
3109 4591 3498 4648 contendebant
3527 4605 3835 4666 evertere,

2219 4675 2473 4745 quidquid
2496 4678 2816 4746 Augustinus
2842 4677 2912 4734 de
2939 4680 3400 4748 prwdestinatione
3427 4691 3613 4754 postea
3639 4686 3843 4744 dixis-

2216 4767 2503 4838 set(Epist.
2553 4769 2676 4836 226,
2731 4787 2782 4823 n.
2811 4769 2896 4841 8).
2943 4774 3009 4826 At
3058 4785 3270 4828 sanctus
3311 4775 3507 4831 Doctor
3546 4781 3840 4853 ostendit,

2217 4862 2414 4915 nullum
2447 4877 2540 4917 eos
2569 4878 2633 4916 ex
2664 4863 2831 4932 ipsius
2863 4864 3036 4920 verbis
3081 4865 3273 4922 ducere
3305 4884 3457 4937 posse
3486 4885 3666 4926 causa:
3698 4888 3842 4930 sua:

2217 4955 2566 5022 patrocinium
2601 4972 2612 5008 :
2647 4971 2744 5009 nec
2772 4970 2833 5010 se
2850 4957 3112 5012 ullatenus
3137 4961 3190 5013 in
3236 4959 3449 5015 dubium
3479 4978 3678 5018 vocare
3713 4980 3845 5020 vo-

2213 5045 2396 5112 luisse,
2424 5045 2549 5114 quin
2595 5046 2884 5115 ignorantia
2915 5056 2968 5102 et
3009 5047 3288 5105 difficultas
3316 5063 3496 5107 essent
3524 5055 3850 5123 originalis

2219 5152 2388 5206 pmna:
2413 5137 2619 5208 peccati
2653 5155 2665 5190 :
2694 5147 2952 5207 praeterea
2979 5155 3057 5206 se,
3093 5153 3150 5196 ut
3187 5145 3460 5200 veritatem
3504 5155 3636 5201 tunc
3673 5158 3852 5204 tem

2215 5230 2357 5298 poris
2387 5227 2562 5284 minus
2590 5239 2736 5284 recte
2787 5230 3170 5299 intellexisset,
3203 5251 3307 5289 non
3341 5238 3515 5293 minus
3555 5238 3629 5293 ad
3663 5239 3852 5300 illius

2214 5319 2549 5389 postmodum
2576 5321 2800 5391 cognitae
2826 5321 3187 5379 defensionem
3209 5327 3602 5397 suscipiendam
3625 5335 3854 5390 teneri

2213 5410 2312 5482 (De
2338 5410 2486 5466 Dono
2512 5414 2890 5484 perseverantiw
2912 5456 2927 5482 ,
2970 5431 3057 5468 nn.
3102 5414 3191 5484 26,
3223 5416 3350 5488 27).
3381 5418 3437 5473 ld
3464 5421 3652 5489 operis
3698 5424 3860 5477 Au-

2215 5505 2453 5574 gustinus
2475 5545 2489 5572 ,
2519 5505 2675 5558 simul
2704 5520 2767 5559 ac
2811 5505 3094 5575 episcopus
3117 5517 3325 5562 creatus
3365 5519 3468 5576 est,
3516 5509 3585 5563 ad
3617 5509 3858 5568 Pauli-

2211 5611 2337 5651 num
2392 5596 2553 5661 misit,
2601 5611 2764 5666 seque
2814 5604 2998 5665 optare
3045 5605 3286 5666 testatur,
3339 5607 3394 5654 ut
3439 5601 3674 5670 grandis
3729 5603 3864 5663 illa

2212 5692 2433 5762 quaestio
2455 5733 2468 5757 ,
2509 5705 2626 5760 quae
2655 5698 2738 5746 est
2767 5689 2928 5744 totius
2965 5690 3142 5760 operis
3169 5702 3560 5762 argumentum,
3599 5705 3868 5763 quanta

2207 5784 2416 5839 dicendi
2447 5783 2684 5837 ubertate
2714 5789 3000 5849 tractatur,
3032 5791 3176 5836 tanta
3215 5784 3528 5840 certitudine
3569 5794 3636 5840 et
3686 5802 3872 5855 per-

524 5882 791 5947 diligenter
815 5881 1008 5937 ratione
1033 5877 1278 5944 discussa,
1315 5875 1503 5930 malum
1533 5891 1632 5930 non
1661 5887 1886 5934 exartth
1907 5879 2010 5959 nisi
2039 5897 2102 5941 ex
2201 5885 2476 5955 Spicuitate
2497 5885 2550 5941 in
2575 5885 2656 5942 his
2686 5874 2834 5932 libris
2851 5873 3109 5931 enodetur
3127 5873 3314 5947 (Epist.
3338 5876 3424 5946 51,
3448 5875 3630 5950 n._7).
3670 5877 3876 5940 Scri
