3990 6360
239 345 346 403 εω
1557 342 1761 398 LIBER
1798 343 2140 414 QUARTUS.

173 502 180 536 λ
235 462 344 534 psit
358 457 525 530 paulo
541 461 666 529 post
680 453 748 511 ad
765 453 1126 512 Secundinum
1143 456 1490 512 Manicbmum
1508 457 1826 526 Romanum,

233 552 278 607 si
307 550 497 620 legere
538 548 701 605 vellet
737 556 848 604 tres
884 548 1048 605 libros
1076 563 1204 604 suos
1242 549 1310 604 de
1349 549 1543 604 Libero
1571 550 1826 616 Arbitrio,

232 663 325 705 eos
371 645 528 703 Nolae
569 649 620 701 in
648 644 936 718 Campania
969 661 1132 715 penes
1160 656 1401 702 sanctum
1436 646 1713 701 Paulinum
1741 661 1830 700 re-

228 750 511 813 perturum
540 736 759 813 (Contra
785 739 1130 795 Secundinum
1153 780 1168 806 ,
1198 755 1313 808 cap.
1345 738 1465 808 ll).
1500 738 1828 809 Hieronymo

229 835 582 909 postmodum
626 835 902 899 scribens,
934 843 1081 888 notat
1107 849 1209 904 qua
1248 833 1453 888 ratione
1500 832 1555 886 in
1587 831 1733 886 hisce
1759 832 1828 887 li-

224 929 335 987 bris
361 929 432 984 de
461 928 663 984 anima:
690 927 1074 990 incarnatione,
1105 942 1199 982 seu
1229 926 1298 982 de
1318 927 1508 981 anima:
1539 925 1746 996 origine
1769 925 1823 980 in

225 1035 480 1090 corpore,
509 1020 857 1084 disseruerit;
885 1019 1014 1074 nihil
1044 1027 1155 1073 tum
1185 1018 1253 1074 de
1281 1017 1699 1074 Priscillianistis
1731 1031 1822 1072 co-

1207 1228 1688 1339 LIBER
1793 1226 2584 1354 QUARTUS.

272 1433 324 1477 tn
343 1438 449 1492 quo
469 1425 838 1478 demonstratur
861 1418 1100 1488 quorhodo
1135 1420 1189 1470 in
1216 1419 1497 1483 episcopatu
1529 1414 1710 1466 vixerit
1731 1414 2040 1526 2131155315133,
2079 1423 2132 1467 et
2156 1431 2267 1481 quae
2297 1421 2360 1472 ab
2382 1424 2685 1481 ordinatione
2705 1443 2796 1483 sua
2816 1431 2878 1484 ad
2901 1437 3211 1490 annumtude
3231 1439 3455 1505 qiuntum

3415 370 3520 431 210

1936 465 2228 560 εῑιειηετίίρ
2250 468 2445 560 quibus
2474 470 2647 529 adhuc
2667 473 2801 529 nihil
2825 476 3098 547 audierat;
3121 485 3362 552 quamvis
3385 486 3505 560 ipso

1934 557 2227 652 Augustino
2249 559 2525 618 Mediolani
2553 575 2760 636 agente,
2796 583 3012 640 magnas
3033 571 3144 642 jam
3172 583 3285 630 tum
3310 557 3520 652 tragus-

1934 646 2048 702 dias
2091 651 2428 708 excitassent.
2461 655 2725 713 Observat
2760 662 2961 730 pariter
3000 678 3058 719 se
3085 665 3151 720 de
3177 646 3511 737 parvulorum

1933 739 2203 810 Baptismo
2258 759 2426 815 pauca
2463 747 2768 806 admodum.
2806 753 2940 806 nihil
2985 767 3159 812 autem
3205 757 3274 815 de
3299 776 3522 820 eorumn

1932 829 2053 885 dem
2082 833 2198 888 sine
2227 835 2499 906 Baptismo
2538 841 2874 897 morientium
2906 845 3244 906 damnatione
3265 893 3280 918 ,
3308 861 3367 907 ut
3397 869 3521 926 qum

1931 940 1960 978 a
1992 929 2264 1092 prgpzssit;
2308 945 2404 986 suo
2433 932 2601 988 aliena
2629 947 2828 1004 essent,
2865 939 3142 1012 scripsisse
3167 943 3358 1016 (Epist.
3393 946 3521 1018 166,

1931 1033 2022 1071 nn.
2091 1061 2106 1087 ,
2245 1062 2256 1074 .

1931 1033 2256 1087 nn.7,1u).

217 1155 3506 1196 .___________.————__.______________

1634 1601 2109 1658 -ο-ῖιὲεΦιὲ-ο-

733 1745 960 1803 CAPUT
999 1740 1284 1800 PRIMUM.

222 1848 248 1904 Ι
279 1843 598 1917 Augustinus
628 1856 658 1894 a
690 1838 896 1893 Valerio
933 1836 1126 1906 collega
1159 1830 1466 1899 depascitur.
1492 1828 1529 1882 2
1566 1823 1819 1917 Megalius

292 1915 558 1995 Numidia
586 1937 781 2006 primas
851 1932 969 2002 falsi
1001 1927 1226 1982 criminis
1270 1923 1470 1979 nomine
1509 1915 1819 1974 ordinationi

301 2036 419 2107 ejus
447 2031 724 2098 intercedit,
752 2028 899 2098 cujus
923 2025 996 2078 rei
1011 2039 1128 2077 mox
1148 2036 1259 2074 eum.
1277 2019 1498 2089 pcenitet.
1522 2015 1556 2069 5
1581 2012 1644 2065 1η
1672 2026 1818 2064 suam

301 2127 668 2182 ordinationem
690 2123 894 2176 tandem
913 2115 1185 2189 aliquando
1208 2111 1452 2167 consentit
1478 2107 1810 2179 Augustinus,

289 2231 339 2277 et
369 2237 495 2274 cum
524 2218 730 2272 Valerio
784 2215 920 2270 sedet
961 2210 1300 2281 coepiscOpus.
1331 2206 1365 2259 4
1395 2203 1524 2274 Ejus
1564 2198 1816 2256 ordinatio

289 2318 428 2386 facta
456 2327 599 2365 anno
650 2307 858 2362 Domini
898 2302 1236 2359 trecentesimo
1277 2294 1600 2366 nonagesimo
1641 2291 1816 2386 quinto

287 2382 522 2462 exeunte.
555 2403 592 2460 5
630 2399 866 2458 Scribens
911 2397 978 2450 ad
1012 2394 1291 2449 Paulinum
1316 2390 1378 2444 de
1405 2405 1496 2442 sua
1534 2402 1646 2441 eum
1679 2382 1818 2437 ordi-

285 2498 493 2553 natione
534 2495 662 2566 facit
705 2492 988 2546 certiorem.
1029 2486 1062 2541 6
1091 2484 1188 2539 Hic
1223 2484 1286 2538 de
1323 2481 1496 2535 eadem
1525 2478 1592 2532 ad
1623 2477 1816 2532 Roma-

283 2593 500 2646 nianum
523 2588 718 2652 scribit,
750 2585 997 2655 adjuncto
1022 2579 1246 2634 carmine
1272 2578 1340 2631 ad
1366 2574 1670 2630 Licentium.

283 2688 334 2741 l.
363 2682 701 2754 Augustinus
742 2675 1045 2751 presbyteri
1071 2687 1293 2728 munere
1321 2685 1490 2725 annos
1519 2679 1808 2738 propemo-

217 2778 338 2836 dum
377 2775 625 2847 quinque
651 2773 812 2842 digne
832 2768 1161 2841 perfunctus,
1190 2764 1258 2819 ad
1293 2762 1658 2832 episcOpatum
1686 2771 1809 2826 pro‘

216 2868 425 2925 vehitur
443 2882 592 2922 anno
620 2865 793 2920 aetatis
813 2877 922 2918 sua:
949 2856 1354 2931 quadragesimo
1374 2855 1558 2924 quinto
1576 2849 1814 2921 proxime

217 2961 488 3017 inchoato.
518 2957 674 3012 Hunc
689 2955 950 3010 honorem
979 2959 1192 3006 sanctus
1213 2948 1302 3002 ille
1327 2946 1409 3000 vir
1429 2945 1529 2999 sibi
1554 2944 1666 3013 ipse
1705 2955 1813 2995 non

220 3051 453 3122 sumpsit
480 3070 495 3105 :
523 3049 615 3104 sed
645 3048 785 3102 hanc
805 3045 902 3101 Dei
923 3058 1127 3109 curam,
1155 3041 1229 3095 ait
1256 3039 1526 3099 Paulinus,
1552 3035 1814 3090 Africanae

217 3141 475 3199 Ecclesia:
501 3146 837 3202 meruerunt,
882 3144 944 3191 ut
963 3134 1125 3190 verba
1151 3131 1389 3187 ccclestia
1414 3127 1691 3198 Augustini
1719 3139 1813 3179 ore

219 3235 557 3306 perciperent
585 3231 786 3302 (Epist.
842 3229 932 3294 '52,
971 3245 1024 3280 η.
1053 3225 1144 3294 2).
1175 3223 1233 3278 ld
1276 3221 1518 3278 beneficii
1563 3217 1814 3273 divinitus

221 3326 467 3381 collatum
495 3331 584 3379 est
613 3322 729 3392 paci
757 3328 816 3376 et
836 3317 1056 3389 puritati
1082 3314 1260 3371 cordis
1286 3313 1426 3368 beati
1452 3309 1648 3365 Valerii
1675 3308 1813 3362 anti-

222 3416 372 3480 stitis,
423 3413 521 3484 qui
567 3427 676 3467 non
710 3409 874 3466 modo
899 3408 1046 3463 nullo
1087 3407 1138 3461 in
1173 3421 1294 3460 cum
1335 3402 1546 3458 invidiae
1595 3399 1812 3455 stimulo

221 3507 578 3579 pangebatur,
632 3502 727 3559 sed
763 3503 923 3558 etiam
948 3508 1117 3570 partae
1146 3513 1175 3552 a
1208 3495 1528 3567 Presbytero
1569 3508 1668 3548 suo
1695 3493 1813 3562 glo-

217 3601 302 3656 rite
318 3615 431 3671 prae
449 3598 669 3652 cmteris
682 3594 958 3651 exsultans
969 3590 1332 3664 gratulabatur
1353 3589 1370 3658 (
1380 3587 1606 3654 Possid.,
1623 3588 1678 3640 in
1698 3585 1814 3639 Vita

219 3692 428 3762 August.
459 3732 476 3758 ,
522 3705 571 3742 c.
609 3686 699 3758 8).
750 3686 844 3741 llle
886 3685 999 3755 ipse
1042 3681 1393 3751 Augustinum
1444 3677 1812 3748 presbyterum

219 3783 347 3839 infra
378 3797 440 3837 se
472 3795 583 3835 non
628 3792 816 3850 passus
843 3819 858 3844 ,
885 3791 1040 3832 suum
1069 3774 1184 3828 fieri
1215 3773 1471 3842 collegam
1496 3813 1510 3836 ,
1542 3778 1599 3825 et
1627 3768 1812 3838 coepi-

217 3883 465 3946 scomtus
492 3873 760 3928 sarcinam
784 3869 965 3926 subire
989 3866 1246 3936 compulit
1276 3866 1480 3937 (Epist.
1515 3865 1603 3930 51,
1636 3881 1688 3917 n.
1718 3863 1810 3934 4).

216 3968 453 4024 Primum
479 3964 700 4037 quidem
729 3963 782 4018 id
804 3963 979 4018 solum
1007 3959 1281 4030 satagebat
1306 3967 1465 4028 atque
1492 3956 1813 4026 suppliciter

220 4072 254 4112 a
273 4058 387 4112 Deo
407 4055 703 4127 ﬂagitabat,
731 4063 793 4109 ut
811 4053 1165 4124 Augustinum
1183 4051 1408 4106 haberet
1427 4048 1709 4104 sacerdotii
1733 4048 1814 4102 sui

229 4163 585 4205 successorem
633 4147 839 4219 (Epist.
880 4146 967 4212 52,
1019 4163 1074 4201 n.
1101 4144 1214 4216 2):
1247 4143 1340 4199 sed
1377 4158 1498 4198 cum
1529 4142 1695 4197 semel
1735 4142 1816 4196 vi-

221 4244 410 4308 disset,
439 4259 559 4298 eum
584 4243 688 4297 sibi
729 4238 1114 4312 propemodum
1145 4238 1378 4293 ablatum
1409 4251 1548 4299 esse,
1583 4244 1640 4288 ut
1659 4234 1812 4289 alteri

216 4336 480 4391 Ecclesiae
521 4333 920 4406 praeficeretur;
963 4346 1126 4403 seque
1155 4331 1316 4386 etiam
1352 4330 1558 4384 inﬁrma
1607 4328 1812 4382 valetu-

213 4427 340 4484 dine
366 4427 668 4498 aﬂ‘ectaque
699 4427 810 4497 jam
834 4434 991 4481 aetate
1009 4466 1024 4488 ,
1049 4424 1115 4479 ad
1139 4439 1272 4478 onus
1302 4421 1607 4492 episcopale
1651 4421 1814 4476 susti-

214 4522 452 4579 nendum
480 4522 704 4577 alterius
752 4520 990 4590 indigere
1035 4518 1302 4583 subsidio;
1336 4516 1554 4572 secretis
1581 4515 1688 4586 egit
1727 4515 1817 4568 lit-

215 4617 348 4675 teris
393 4616 540 4688 apud
569 4615 842 4670 Aurelium
883 4613 1188 4684 episcopum
1219 4610 1710 4680 Carthaginensem,
1757 4615 1818 4662 ut

213 4709 555 4780 Augustinus
584 4705 922 4760 ordinaretur
947 4703 1255 4773 episcopus,
1286 4701 1374 4770 qui
1402 4699 1501 4754 sibi
1534 4699 1586 4753 in
1610 4698 1815 4768 Hippo-

211 4799 372 4857 nensi
401 4796 665 4856 cathedra
711 4811 815 4851 non
844 4804 950 4850 tam
982 4793 1310 4859 succederet,
1351 4805 1508 4860 quam
1537 4789 1740 4860 collega
1762 4797 1817 4844 et

210 4895 578 4965 coepiscopus
628 4889 929 4946 accederet.
987 4887 1108 4941 Voti
1143 4901 1362 4956 compos
1399 4884 1570 4938 factus
1609 4889 1710 4947 est,
1760 4890 1817 4938 et

211 4987 363 5059 quod
413 4986 486 5040 ab
540 4985 757 5040 Aurelio
809 4981 1150 5054 exposcebat,
1206 4978 1464 5047 rescripto
1512 4974 1815 5045 impetravit

209 5084 226 5151 (
259 5078 512 5144 Possid.,
535 5078 589 5131 in
625 5075 744 5129 Vita
771 5075 1010 5145 August,
1039 5089 1086 5126 c.
1120 5071 1206 5139 8).

280 5171 346 5227 2.
369 5169 542 5241 Paulo
586 5177 708 5238 post
735 5165 985 5237 Megalius
1007 5163 1337 5218 Calamensis
1359 5161 1660 5230 episcopus,
1701 5165 1813 5211 tum

213 5263 432 5336 primas
473 5261 589 5316 sive
614 5259 847 5314 decanus
877 5257 1242 5326 episcoporum
1286 5251 1568 5317 Numidim,
1612 5249 1812 5319 Hippo-

215 5353 615 5423 nem-Regium
644 5350 810 5414 venit,
837 5349 975 5403 hanc
1002 5347 1294 5401 Ecclesiam
1328 5343 1654 5397 visitaturus.
1686 5340 1816 5409 Ejus

151 5425 159 5470 ἶ
217 5445 514 5517 praesentia
559 5440 930 5512 requirebatur
967 5438 1034 5492 ad
1071 5437 1379 5507 episcopum
1438 5433 1812 5489 ordinandum.

219 5539 411 5610 itaque
443 5537 686 5591 Valerius
725 5542 936 5604 arrepta
980 5531 1281 5596 occasione,
1329 5528 1554 5598 Megalio
1579 5527 1815 5582 cmteris-

216 5646 326 5701 que
353 5627 674 5699 praesulibus
700 5625 789 5695 qui
818 5632 928 5678 tum
957 5622 1092 5678 forte
1119 5622 1360 5688 aderant,
1392 5620 1591 5690 totique
1612 5619 1814 5688 Hippo-

219 5722 383 5778 nensi
415 5720 581 5783 clero,
612 5727 666 5772 et
696 5718 957 5771 universae
984 5715 1123 5786 plebi
1155 5729 1309 5770 suum
1354 5712 1422 5767 de
1456 5709 1818 5782 promovendo

222 5812 288 5868 ad
312 5812 684 5882 episcopatum
723 5807 1020 5878 Augustino
1061 5805 1339 5862 consilium
1360 5845 1376 5872 ,
1405 5803 1608 5858 cunctis
1636 5801 1816 5856 hacte-

1922 1746 2031 1835 nus.
2050 1736 2310 1835 ignotum,
2337 1747 2507 1815 aperit
2527 1747 2744 1824 (Ibid).
2771 1753 2924 1822 Quod
2949 1759 3159 1828 quidem
3181 1776 3389 1818 summo
3415 1779 3516 1835 po-

1923 1827 2031 1893 puli
2060 1832 2405 1906 omniumque
2452 1845 2795 1910 prmsentium
2837 1827 3014 1905 studio
3056 1860 3111 1906 et
3157 1827 3509 1922 gratulatione

1922 1931 2227 2018 exceptum,
2261 1927 2566 2002 ingentique
2585 1936 2964 1996 acclamatione
2983 1984 2998 2009 ,
3025 1951 3083 1997 ut
3109 1944 3246 2000 facto
3273 1949 3509 2018 comple-

1920 2020 2112 2106 returg,
2170 2015 2458 2088 ﬂagitatum
2505 2035 2586 2080 est
2617 2026 2820 2099 (Epist.
2855 2033 2944 2098 51,
2991 2051 3045 2087 n.
3073 2035 3162 2106 4).
3192 2035 3340 2092 Unus
3384 2015 3506 2094 cum

1920 2101 2143 2201 Megalia
2170 2114 2426 2168 renuebat
2456 2117 2798 2186 Augustinus.
2831 2123 2936 2178 Cur
2964 2101 3140 2181 autem
3169 2129 3216 2182 ei
3246 2128 3501 2201 Megalius

1920 2195 2158 2299 infensus
2204 2215 2364 2272 esset,
2404 2223 2507 2263 non
2556 2221 2765 2268 constat
2805 2233 2817 2267 :
2860 2216 2913 2271 id
2956 2234 3120 2273 unum
3168 2195 3355 2293 liquet:
3385 2239 3507 2278 eum

1920 2293 2113 2345 iratum
2169 2293 2535 2355 intercessisse
2583 2303 2724 2357 illius
2760 2305 3077 2362 ordinationi
3132 2310 3345 2381 (Contra
3382 2313 3509 2368 Cre-

1918 2382 2167 2450 sconium,
2197 2385 2284 2439 lib.
2319 2389 2371 2453 5,
2403 2407 2452 2443 η.
2477 2391 2546 2447 92
2577 2393 2627 2464 ),
2652 2410 2860 2451 necnon
2891 2399 3167 2468 scripsisse
3196 2402 3422 2472 litteras,
3456 2406 3508 2460 in

1918 2474 2108 2543 quibus
2144 2493 2267 2533 eum
2297 2483 2372 2536 rei
2403 2484 2693 2554 cuiuspiam
2734 2489 3072 2546 insimulabat
3114 2491 3297 2565 (Ibid,
3334 2495 3422 2549 lib.
3451 2497 3506 2560 4,

1918 2582 1972 2619 n.
2005 2567 2128 2638 79).
2157 2569 2408 2636 Qutenam
2453 2590 2614 2645 porro
2654 2595 2714 2635 ea
2764 2580 2939 2647 fuerit,
2961 2586 3272 2644 nominatim
3313 2597 3369 2642 et
3393 2589 3509 2644 dis-

1921 2662 2083 2716 tincte
2130 2679 2233 2718 non
2269 2670 2592 2737 agnoscitur.
2642 2672 2790 2726 Licet
2829 2675 2970 2730 enim
3020 2678 3342 2748 Augustinus
3384 2695 3510 2750 pro-

1916 2753 2059 2808 xime
2091 2766 2213 2810 ante
2261 2774 2420 2827 quam
2473 2761 2764 2818 litterarum
2817 2764 3025 2836 Megalii
3071 2770 3506 2838 meminit,notet

1917 2843 2231 2902 Petilianum
2263 2851 2588 2908 Donatistam
2609 2857 2931 2924 persuadere
2960 2861 3114 2926 velle,
3148 2862 3318 2932 ipsum
3361 2878 3509 2918 ama-

1918 2937 2051 2990 toria
2083 2939 2341 2994 maleficia
2391 2944 2596 2998 mulieri
2637 2947 2845 3001 cuidam
2887 2950 3213 3019 prmbuisse;
3242 2952 3398 3007 simul
3427 2960 3509 3006 ta-

1917 3044 2041 3085 men
2075 3033 2204 3118 satis
2249 3034 2464 3099 indicat,
2495 3037 2632 3093 hanc
2657 3041 2978 3096 calumniam
3004 3043 3070 3096 ab
3099 3059 3209 3097 uno
3240 3044 3502 3100 Petiliano

1916 3124 2286 3193 excogitatam,
2310 3143 2415 3182 non
2435 3144 2503 3183 ex
2527 3130 2627 3184 illis
2649 3132 2838 3186 litteris
2863 3133 3027 3190 fuisse
3042 3135 3320 3204 repetitam
3355 3133 3508 3206 (Con-

1918 3224 1996 3269 tra
2029 3216 2147 3270 Litt.
2177 3218 2356 3286 Petil.,
2387 3223 2472 3275 lib.
2503 3224 2557 3289 5,
2588 3241 2640 3277 η.
2675 3226 2742 3281 19
2766 3226 2804 3297 ).
2841 3226 2970 3281 Utut
3000 3237 3101 3295 est,
3138 3238 3362 3284 testatur
3393 3231 3508 3284 Au-

1915 3308 2181 3376 gustinus,
2207 3327 2265 3365 se
2295 3312 2740 3381 Megaliilittcras,
2776 3334 2874 3372 nec
2896 3320 2940 3372 si
2967 3319 3061 3375 ille
3083 3321 3134 3374 in
3165 3323 3508 3378 accusatione

1916 3398 2256 3466 perstitisset,
2291 3403 2506 3458 minime
2545 3416 2851 3460 curaturum
2898 3408 3081 3464 fuisse.
3135 3411 3332 3466 Verum
3384 3427 3506 3466 cum

1926 3488 2182 3559 Megalius
2209 3493 2259 3546 in
2289 3494 2660 3565 episcoporum
2695 3499 2920 3553 concilio
2942 3501 3188 3568 probare,
3218 3501 3361 3568 quod
3390 3504 3505 3556 Au-

1915 3583 2128 3651 gustino
2153 3585 2438 3654 objecerat,
2471 3600 2751 3660 urgeretur
2771 3634 2786 3659 ,
2833 3594 3185 3648 accusationis
3223 3595 3508 3651 falsitatem

1917 3679 2155 3747 agnovit,
2187 3682 2446 3750 prolatam
2491 3699 2520 3737 a
2551 3699 2610 3738 se
2651 3686 2969 3740 calumniam
3002 3687 3198 3757 scripto
3227 3689 3506 3745 manifeste

1917 3770 2203 3836 damnavit,
2227 3781 2281 3826 et
2301 3788 2330 3827 a
2343 3782 2527 3828 sancto
2545 3777 2771 3830 concilio
2785 3778 3054 3832 commissi
3074 3779 3126 3831 in
3151 3779 3505 3849 Augustinum

1923 3862 2100 3916 delicti
2125 3865 2330 3917 veniam
2352 3867 2504 3934 petiit
2537 3865 2763 3934 (Contra
2788 3866 3048 3934 Crescon.,
3074 3870 3163 3923 lib.
3204 3871 3237 3924 5
3255 3913 3269 3937 ,
3293 3889 3346 3924 n.
3373 3871 3442 3926 92
3459 3871 3503 3942 ).

1917 3951 2026 4007 Nec
2054 3953 2193 4006 enim
2216 3969 2273 4008 se
2293 3955 2363 4009 ob
2395 3956 2604 4010 titulum
2621 3966 2674 4013 et
2693 3958 3002 4028 dignitatem
3030 3960 3273 4028 primatis
3290 3976 3320 4013 a
3345 3961 3497 4029 culpa

1918 4061 2013 4100 sua
2039 4047 2369 4102 emendanda
2401 4050 2691 4104 immunem
2712 4051 3005 4105 arbitratus
3022 4061 3132 4118 est;
3156 4067 3340 4106 verum
3365 4051 3506 4107 illius

1917 4137 2082 4192 divini
2104 4141 2302 4194 oraculi
2333 4142 2601 4210 sapienter
2626 4141 2874 4196 meminit
2903 4160 2915 4195 :
2949 4142 3150 4208 Quanto
3179 4161 3394 4214 magnus
3429 4160 3503 4210 es,

1920 4230 2132 4285 humilia
2173 4241 2220 4284 te
2247 4232 2299 4285 in
2341 4234 2589 4300 omnibus,
2625 4243 2671 4287 et
2697 4250 2866 4286 coram
2900 4233 3006 4288 Deo
3035 4235 3251 4288 invenies
3291 4237 3510 4306 gratiam

1919 4319 2114 4392 (Eccli.
2157 4337 2248 4389 ιιι,
2295 4322 2424 4394 20).
2464 4323 2799 4392 Quapropter
2848 4324 3130 4377 concilium
3175 4324 3244 4388 ei,
3298 4332 3357 4378 ut.
3398 4323 3502 4378 sibi

1918 4411 2284 4481 ignosceretur
2336 4413 2604 4469 humiliter
2654 4415 2878 4485 petenti,
2933 4415 3226 4470 clementer
3273 4417 3524 4486 ignovit-

1919 4503 2070 4569 Quod
2108 4505 2300 4558 attinet
2345 4504 2410 4558 ad
2443 4504 2572 4559 illud
2598 4504 2904 4571 concilium,
2926 4505 2969 4558 si
3002 4506 3256 4575 prcesules
3278 4506 3366 4574 qui
3392 4506 3506 4576 pri-

1919 4611 2063 4648 mum
2111 4595 2411 4664 Hipponem
2455 4605 2833 4663 convenerant,
2885 4611 2990 4650 non
3043 4602 3152 4650 tam
3201 4595 3507 4668 frequentes

1919 4695 2093 4753 erant,
2141 4696 2198 4741 ut
2248 4695 2468 4757 possent
2505 4689 2790 4743 concilium
2836 4703 3192 4760 componere;
3223 4697 3305 4743 sat
3329 4689 3507 4760 magni

1918 4781 2175 4834 momenti
2207 4796 2294 4835 res
2319 4789 2435 4835 erat
2471 4781 2537 4835 ad
2575 4781 2703 4835 illud
2740 4782 2822 4836 vel
2860 4782 3063 4837 obeam
3106 4798 3262 4836 unam
3291 4797 3506 4838 causam

1921 4873 2325 4927 convocandum
2358 4891 2370 4926 :
2407 4875 2506 4927 nisi
2537 4874 2672 4928 forte
2698 4874 2872 4944 aliqua
2893 4874 3131 4946 synodus
3159 4874 3505 4945 provincialis

1919 4964 1972 5020 in
1994 4963 2240 5019 Numidia
2267 4974 2393 5020 tunc
2422 4967 2678 5036 temporis
2698 4966 2800 5019 alia
2820 4967 3102 5021 occasione
3118 4965 3379 5020 celebrata
3410 4966 3503 5032 sit,

1918 5073 2037 5128 qum
2066 5057 2167 5112 hac
2189 5058 2301 5128 ipsa
2329 5059 2397 5113 de
2417 5074 2476 5113 re
2495 5059 2820 5128 cognoverit.
2845 5057 3010 5113 Paulo
3036 5066 3154 5127 post
3175 5058 3504 5127 Augustinus

1918 5149 1985 5204 ad
2022 5149 2358 5205 Profuturum
2404 5150 2878 5205 familiarissimum
2930 5164 3084 5204 suum
3141 5149 3381 5204 scribens
3435 5149 3505 5205 de

1920 5241 2078 5311 hujus
2108 5241 2314 5312 Megalii
2364 5242 2532 5308 obitu,
2579 5243 2677 5296 ista
2711 5241 2962 5295 continuo
2988 5239 3235 5309 subjicit:
3266 5239 3388 5295 Non
3417 5242 3510 5295 de-

1922 5343 2036 5386 sunt
2063 5333 2322 5398 scandala,
2350 5333 2439 5385 sed
2463 5348 2621 5402 neque
2660 5331 2910 5401 refugium
2931 5349 2952 5398 ;
2986 5346 3087 5385 non
3112 5332 3292 5385 desunt
3321 5347 3510 5387 maro-

1919 5444 2017 5492 res,
2043 5427 2131 5480 sed
2153 5444 2308 5498 neque
2335 5425 2698 5479 consolationes
2719 5423 2919 5494 (Epist.
2945 5424 3032 5484 58.
3067 5443 3118 5478 n.
3140 5425 3228 5496 9.).
3252 5424 3362 5480 Sub
3393 5423 3507 5478 haec

1923 5521 2102 5574 multis
2143 5519 2376 5573 ostendit
2423 5519 2553 5572 iram
2603 5531 2719 5572 esse
2760 5517 3080 5587 fugiendam,
3126 5533 3193 5571 ne
3232 5517 3340 5571 odii
3377 5525 3500 5570 tan-

1923 5612 2043 5668 dem
2069 5621 2308 5665 naturam
2345 5610 2546 5665 induat.
2580 5609 2780 5664 Deinde
2831 5609 3102 5665 concludit
3135 5623 3418 5674 asserens,
3450 5624 3509 5663 se

1927 5708 2025 5762 ista
2052 5707 2294 5761 consulto
2315 5705 2574 5774 scribere,
2603 5704 2672 5759 ob
2702 5719 2761 5758 ea
2793 5719 2913 5776 quae
2941 5717 3111 5772 nuper
3140 5702 3238 5757 sibi
3286 5699 3511 5756 dixisset

1922 5799 2255 5858 Profuturus.
2289 5798 2438 5854 Haud
2490 5799 2691 5856 scimus
2715 5814 2782 5852 an
2822 5797 2913 5853 illa
2953 5797 3018 5852 ad
3050 5795 3249 5867 Mcgalii
3293 5805 3507 5852 causam
