3990 6360
449 375 541 447 sit

1549 363 1698 418 VITA
1737 361 1789 414 s.
1834 336 2196 410 AUGUSTINI
2235 347 2553 406 EPlSCOPl.

3612 345 3719 403 212

459 509 784 582 spectarent,
812 497 866 553 in
909 507 1011 565 qua
1039 490 1268 546 fortasse
1294 481 1610 582 Profuturus
1637 478 1746 550 jam
1774 484 1889 574 tum
1900 471 2023 582 epi-
2131 468 2360 582 vatiAanis.
2371 464 3718 582 pratepnbujus‘geperiiper.

456 564 672 670 scopas,
687 564 962 659 Augustini
978 583 1060 640 sui
1081 581 1210 636 olim
1234 573 1469 670 magistri
1488 579 1665 670 partes
1685 564 2025 670 suscepisset.

463 657 597 750 Cum
625 657 680 744 in
714 657 1106 741 Donatistarum
1149 684 1338 728 manus
1361 665 1584 739 epistola
1615 659 1824 732 Megalii
1856 657 2031 750 venis-

459 791 563 847 set,
585 793 705 836 eam
735 773 802 830 ad
839 768 1070 827 infamia:
1103 764 1274 820 labem
1319 757 1615 830 Augustino
1649 749 2033 847 aspergendam

454 842 708 932 adhibere
720 870 1010 924 tentarunt.
1019 859 1218 916 Verum
1225 853 1369 912 haud
1382 850 1596 909 difficile
1612 845 1903 918 Augustino
1915 842 2032 908 fuit,

457 949 560 1024 eos.
576 959 898 1020 accusatoris
924 955 1007 1012 sui
1026 949 1399 1010 retractatione
1425 944 1758 1001 convincere.
1787 937 1844 994 In
1873 937 2036 992 colla-

459 1059 604 1114 tione
628 1045 1033 1121 Carthaginensi
1063 1040 1370 1121 Donatistae,
1393 1037 1484 1107 qui
1509 1048 1720 1104 semper
1739 1032 1791 1085 in
1807 1028 2038 1121 aliquam

463 1134 811 1222 perturbandi
832 1119 1164 1197 occasionem
1203 1120 1577 1193 imminebant,
1615 1122 1940 1194 quaesierunt
1973 1119 2042 1175 ab

368 1296 371 1298 _
433 1214 928 1312 'Augustino,quis
974 1243 1097 1287 eum
1137 1224 1478 1281 ordinasset:
1505 1227 1613 1291 quo
1646 1214 2053 1312 Attimlrutniudo‘

465 1307 704 1403 litigandi
727 1340 910 1382 ansam
934 1321 1247 1390 arriperent.
1275 1315 1609 1403 Quapropter
1628 1307 1951 1403 Augustinus
1979 1320 2044 1360 ea

469 1423 537 1478 de
550 1397 646 1487 vre,
675 1412 793 1490 quae
831 1404 906 1471 ad
927 1408 1250 1484 propositam
1299 1402 1648 1477 quaestionem
1682 1417 1785 1456 non
1816 1397 2050 1470 pertine-

471 1523 574 1579 ret,
615 1512 720 1567 illis
752 1503 1053 1579 aliquandiu
1101 1497 1430 1570 respoudere’
1466 1495 1689 1551 distulit.
1737 1494 1808 1548 At
1829 1507 1953 1548 cum
1981 1507 2049 1548 ex

470 1621 568 1662 suo
599 1602 764 1674 ipsius
789 1595 998 1654 silentio
1022 1608 1117 1650 eos
1141 1590 1400 1664 proﬁcere
1427 1586 1744 1650 adverteret,
1789 1583 1894 1638 illis
1916 1598 2048 1639 con-

469 1698 693 1753 fidenter
716 1688 1012 1760 respondit,
1040 1700 1102 1742 se
1127 1698 1158 1739 a
1179 1680 1420 1764 .Megalio
1451 1679 1828 1749 episcoporum
1859 1674 2050 1730 Eccle-

472 1788 566 1846 siae
595 1783 872 1842 catholica
902 1780 954 1832 in
999 1773 1247 1832 Numidia
1289 1771 1536 1843 primatu,
1573 1783 1639 1825 eo
1683 1775 1919 1838 tempore
1949 1779 2054 1835 quo

472 1878 562 1934 ille
590 1875 839 1932 ordinare
855 1875 1080 1940 poterat,
1111 1864 1274 1928 fuisse
1290 1861 1597 1918 ordinatum
1623 1876 1635 1925 ;
1669 1871 1824 1929 posse
1843 1872 1938 1914 eos
1965 1871 2057 1912 su-

472 1987 569 2046 per
597 1970 696 2024 hac
723 1982 801 2033 re,
829 1960 1088 2034 quidquid
1108 1958 1321 2023 liberet,
1340 1965 1940 2046 expromere,isuasque
1965 1965 2057 2005 ca-

472 2045 706 2120 lumnias
732 2072 853 2113 cum
873 2054 1097 2110 veritate
1137 2057 1480 2107 connectere.
1506 2047 1659 2103 Tunc
1687 2045 1788 2114 illi,
1816 2059 1938 2100 cum
1967 2059 2056 2099 re-

477 2151 745 2225 spondere
767 2189 784 2215 ,
809 2153 904 2202 aut
926 2145 1146 2201 omnino
1168 2142 1377 2196 hiscere
1403 2155 1511 2194 non
1541 2137 1821 2203 auderent,
1848 2136 1916 2192 ad
1942 2135 2046 2192 alia

481 2244 685 2315 delapsi
709 2249 833 2298 sunt
854 2237 1169 2309 (Collatione
1193 2233 1430 2303 σαν-ωας.
1461 2232 1515 2297 3,
1547 2247 1662 2301 cap.
1683 2227 1846 2298 247).

398 2322 401 2326 .
549 2337 603 2392 3.
630 2334 701 2392 Ut
726 2330 1078 2403 Augustinum
1107 2327 1424 2395 inaugurarc
1443 2322 1715 2392 Megalius,
1735 2320 1811 2373 sic
1829 2319 2064 2374 vicissim

480 2424 780 2498 inaugurari
820 2418 1144 2492 Augustinus
1191 2413 1472 2471 recusabat
1513 2409 1824 2479 (Possidius,
1857 2411 1911 2463 in
1948 2407 2066 2464 Vita

479 2515 770 2592 Augustini,
793 2529 841 2567 ο.
865 2511 943 2582 8).
970 2509 1081 2564 Nec
1109 2507 1252 2564 enim
1281 2505 1456 2560 minor
1481 2510 1596 2556 erat
1614 2501 1770 2571 hujus
1807 2501 2066 2557 modeStia

480 2621 535 2670 et
561 2608 765 2678 religio,
795 2617 953 2674 quam
984 2607 1060 2654 tot
1081 2597 1362 2654 illustrium
1386 2595 1640 2658 virorum,
1663 2592 1752 2662 qui
1777 2601 1933 2648 aetate
1953 2593 2063 2660 illa,

482 2712 542 2759 ut
579 2701 944 2772 episcopatum
964 2690 1313 2760 susciperent,
1337 2685 1491 2741 sicuti
1519 2684 1724 2752 scribit,
1757 2684 2069 2740 tenebantur

485 2791 657 2860 inviti,
690 2785 1134 2860 perducebantur,
1162 2780 1584 2844 includebantur,
1611 2777 2066 2845 custodiebantur,

484 2883 822 2958 patiebantur
849 2885 993 2932 tanta
1021 2890 1140 2946 quae
1157 2871 1424 2936 nolebant,
1447 2869 1617 2924 donec
1644 2869 1722 2923 eis
1746 2868 1956 2924 adesset
1976 2884 2070 2924 vo-a

484 2979 664 3036 luntas
702 2969 1024 3042 suscipiendi
1058 2967 1235 3039 operis
1263 2964 1386 3020 boni
1403 2961 1592 3034 (Epist.
1614 2963 1736 3027 175,
1760 2979 1812 3015 n.
1833 2962 1914 3034 2).
1939 2962 2071 3018 Nam

487 3079 840 3144 praeterquam
861 3060 1002 3134 quod
1032 3057 1346 3129 episcopalis
1370 3055 1640 3126 dignitatis
1657 3069 1795 3109 onus
1822 3054 2072 3109 reformi-

490 3161 669 3227 dabat,
702 3157 801 3228 ipsi
829 3152 1076 3210 veniebat
1102 3151 1157 3205 in
1183 3157 1434 3213 mentem,
1460 3146 1529 3201 ab
1569 3145 1818 3200 Ecclesia
1843 3157 2073 3201 consue-

490 3250 676 3308 tudine
709 3244 1022 3310 abhorrere,
1045 3248 1105 3295 ut
1130 3240 1338 3294 vivente
1361 3235 1534 3291 adhuc
1553 3236 1802 3306 episcopo
1837 3237 1976 3291 alius
1994 3236 2074 3290 ei-

491 3343 613 3400 dem
641 3335 896 3398 Ecclesite
913 3333 1292 3409 przeficeretur.
1341 3330 1546 3385 Certior
1570 3338 1746 3384 tamen
1776 3328 1944 3384 factus
1970 3338 2072 3395 est,

492 3434 548 3491 id
572 3447 767 3490 novum
789 3440 844 3487 et
867 3429 1103 3485 insolens
1123 3441 1227 3480 non
1273 3438 1415 3488 esse,
1443 3422 1661 3492 prolatis
1688 3423 1787 3491 ipsi
1815 3423 2074 3493 plurimis,

495 3540 604 3581 non
629 3521 892 3578 Africanis
918 3518 1097 3584 modo,
1120 3515 1213 3571 sed
1243 3513 1608 3569 transmarinis
1623 3512 1781 3568 etiam
1795 3515 2076 3583 exemplis,

494 3617 686 3689 quibus
706 3613 882 3670 omnis
911 3608 1182 3666 excusatio
1209 3606 1258 3662 ei
1284 3603 1542 3675 praeclusa
1563 3613 1645 3659 est
1672 3602 1990 3673 (Possidius,
2026 3605 2082 3658 in

508 3709 629 3763 Vita
666 3703 955 3777 Augustini,
982 3717 1031 3754 ε.
1069 3700 1138 3766 8,
1169 3707 1215 3752 et
1242 3695 1574 3767 Augustinus,
1610 3693 1778 3766 Epist.
1820 3695 2076 3767 3l,n.d).

501 3799 634 3856 Cum
667 3797 825 3869 igitur
852 3792 1031 3850 divino
1067 3787 1291 3849 consilio
1327 3784 1673 3843 vehementer
1699 3785 1913 3842 timeret
1940 3787 2082 3843 obsi-

498 3902 661 3960 stere,
683 3891 726 3946 si
744 3869 885 3960 quod
916 3895 1058 3940 tanta
1076 3882 1314 3955 praesulis
1335 3882 1418 3938 sui
1436 3881 1692 3937 charitate
1709 3890 1956 3951 tantoque
1982 3895 2082 3952 po-

497 3985 611 4060 puli
639 3981 816 4038 studio
835 3978 936 4034 sibi
963 3976 1327 4040 deferebatur,
1355 3974 1554 4029 diutius
1577 3985 1880 4034 recusaret;
1911 3975 2083 4044 publi—

502 4079 581 4135 cis
605 4090 794 4132 corum
820 4071 959 4127 votis
983 4084 1046 4124 ac
1070 4067 1347 4123 desideriis
1370 4068 1600 4122 divinam
1627 4068 1727 4123 sibi
1756 4068 2081 4124 voluntatem

500 4166 800 4227 denuntiari
815 4163 1059 4220 credidit.
1082 4161 1238 4218 Dedit
1253 4162 1427 4231 itaque
1443 4176 1650 4228 manus,
1668 4171 1984 4216 ctcuramac
1997 4161 2083 4216 di-

502 4259 718 4332 gnitatis
755 4254 1070 4327 episcopalis
1111 4253 1333 4323 insignia
1381 4255 1615 4322 suscepit
1639 4253 1854 4308 invitus.
1891 4252 2089 4310 Scribit

502 4350 756 4408 Paulinus
779 4348 846 4404 ab
873 4347 972 4402 hac
993 4344 1238 4401 inusitata
1261 4343 1589 4400 ordinatione
1612 4359 1805 4400 novum
1826 4345 1966 4401 illius
1975 4347 2088 4416 epi-

505 4439 744 4512 scopatui
792 4436 1129 4509 splendorem
1153 4449 1220 4491 ac
1244 4434 1408 4490 decus
1449 4435 1771 4502 accessisse;
1812 4451 1911 4493 nec
1942 4438 2087 4508 prius

506 4533 610 4589 hoc
633 4529 779 4587 credi
817 4528 1073 4599 potuisse,
1117 4541 1280 4596 quam
1312 4527 1462 4582 fieret
1511 4527 1704 4599 (Apud
1727 4528 2084 4600 Augustinum,

506 4625 675 4696 Epist.
695 4611 786 4689 32,
807 4640 861 4676 η.
881 4621 958 4693 2).
988 4619 1044 4675 ld
1082 4635 1211 4676 sane
1247 4628 1559 4690 conceptam
1599 4619 1666 4676 de
1690 4622 1969 4692 Augustini
1994 4623 2092 4676 do-

508 4717 677 4775 ctrina
723 4722 778 4771 et
824 4715 1021 4784 pietate
1071 4712 1514 4769 existimationem
1563 4714 1958 4784 comprobabat.
2015 4715 2090 4769 Ea

510 4818 688 4866 tamen
707 4806 968 4864 ordinatio
996 4805 1319 4874 reprehensa
1360 4813 1464 4871 eSt,
1509 4813 1565 4861 et
1605 4807 1717 4877 ipse
1769 4808 2090 4877 Augustinus

511 4909 622 4954 tum
638 4899 824 4966 verbo,
847 4905 956 4952 tum
978 4897 1180 4966 scripto
1197 4895 1468 4950 confessus
1483 4906 1586 4963 est,
1612 4896 1663 4950 id
1686 4906 1872 4952 octavo
1885 4899 2094 4955 concilii

512 4989 713 5048 Niueni
735 5005 938 5044 canone
963 4987 1128 5043 fuisse
1147 4987 1464 5056 prohibitum
1489 4985 1686 5058 (Epist.
1717 4988 1841 5052 215,
1869 4986 2014 5062 mi),
2040 4989 2095 5045 i

508 5098 541 5152 q
552 5095 620 5137 uo
630 5089 810 5137 sancta
822 5079 912 5135 illa
925 5077 1160 5150 synodus
1182 5078 1309 5132 satis
1331 5093 1358 5130 a
1363 5086 1512 5148 perte
1525 5079 1777 5146 declarat,
1795 5081 2096 5148 primariam

515 5187 665 5232 suam
691 5171 1036 5227 intentionem
1063 5185 1180 5225 eam
1212 5184 1351 5233 esse,
1383 5179 1440 5224 ut
1473 5171 1657 5226 unicus
1683 5172 1900 5227 cuilibet
1930 5174 2100 5228 eccle-

514 5265 608 5321 siae
637 5262 818 5336 praesit
840 5262 1140 5332 episcopus,
1162 5261 1285 5318 licet
1313 5262 1595 5333 aliquando
1622 5265 1943 5323 contrarium
1986 5266 2100 5322 fieri

515 5355 808 5428 permittat.
841 5353 1033 5411 Verum
1061 5367 1162 5408 nec
1201 5353 1517 5422 Augustino,
1567 5368 1666 5409 nec
1711 5353 1923 5411 Valerio
1975 5366 2104 5415 tunc

518 5445 778 5515 temporis
829 5452 1013 5500 notum
1057 5451 1174 5500 erat
1216 5443 1346 5500 illud
1388 5445 1596 5500 concilii
1639 5446 1930 5514 decretum,
1960 5449 2101 5518 quod

515 5536 604 5591 ubi
635 5535 810 5605 scivit,
837 5534 1046 5591 concilii
1065 5535 1389 5591 sanctionem
1420 5546 1666 5593 accurate
1691 5540 1940 5594 servavit.
1970 5531 2102 5596 Nam

518 5634 703 5683 auctor
715 5628 930 5700 quidem
945 5626 1478 5698 fuit,utstatueretur,
1496 5631 1772 5701 episcOpos
1786 5635 2100 5704 Donatistas,

514 5719 603 5787 qui
629 5717 696 5774 ad
725 5717 983 5784 Ecclesiae
1009 5719 1440 5777 communionem
1454 5721 1711 5788 redirent,
1731 5725 1918 5780 sedere
1949 5742 2112 5796 posse

520 5825 640 5865 sunt
665 5818 913 5887 cpiscOpo
936 5812 1215 5880 catholico,
1233 5812 1371 5870 sicut
1388 5814 1671 5872 concilium
1694 5815 1967 5876 Nicrenum
1990 5820 2098 5878 No-

2134 576 2288 619 raros
2305 575 2482 626 casus,
2509 559 2562 616 in
2581 559 2773 631 quibus
2807 559 3002 615 inﬂicta
3027 558 3399 616 ecclesiasticae
3420 556 3720 628 disciplinas

2135 654 2291 726 plaga
2309 653 2498 724 majori
2522 652 2962 709 reconciliationis
2997 651 3136 706 bono
3160 650 3368 706 abunde
3397 661 3711 720 compensa-
3781 691 3784 694 .

2137 755 2305 811 retur,
2327 760 2434 801 non
2460 744 2757 816 patiebatur
2778 743 2832 800 id
2851 743 2919 800 ah
2936 744 3052 800 aliis
3081 744 3211 811 ﬁeri,
3234 744 3388 813 cujus
3409 744 3583 813 ipsum
3614 757 3719 813 poe-

2140 839 2359 894 nitebat.
2405 838 2760 907 Quamobrem
2789 853 2910 893 cum
2952 838 3296 892 arbitraretur
3334 837 3720 906 procurandum

2142 932 2243 988 sibi
2273 947 2390 986 esse
2419 931 2646 986 lleraclii
2675 929 2966 1001 presbyteri
2989 929 3324 994 electionem,
3355 929 3445 998 qui
3470 929 3570 983 sibi
3599 944 3731 984 suc—

2144 1024 2385 1090 cederet;
2417 1039 2539 1079 eum
2568 1033 2742 1078 tamen
2771 1023 3136 1093 presbyterum
3175 1022 3406 1092 reliquit,
3455 1036 3555 1077 nec
3585 1023 3726 1075 illius

2148 1120 2540 1176 ordinationem
2594 1119 2856 1190 promovit
2900 1116 3094 1190 (Ibid.,
3127 1135 3216 1171 nn.
3263 1117 3317 1182 4,
3345 1113 3440 1189 5).
3495 1116 3628 1170 Hinc
3675 1125 3729 1170 ct

2147 1199 2275 1278 illud
2305 1219 2556 1267 statutum
2584 1211 2638 1265 in
2664 1210 2901 1268 conciliis
2930 1208 3270 1263 sanciendum
3299 1208 3530 1274 curavit,
3559 1216 3617 1262 ut
3641 1222 3730 1261 or-

2149 1303 2393 1359 dinandis
2407 1304 2641 1358 omnium
2659 1303 2872 1359 decreta
2893 1302 3107 1356 Patrum
3142 1301 3209 1356 ab
3251 1300 3554 1356 ordinatore
3592 1302 3734 1371 lege-

2153 1407 2335 1457 rentur
2360 1385 2666 1468 (Possidius,
2697 1397 2750 1450 in
2780 1385 2894 1450 Vita
2915 1395 3202 1466 Augustini,
3227 1411 3274 1449 c.
3308 1391 3387 1464 8).
3431 1395 3614 1464 Egstat
3643 1393 3736 1449 de-

2151 1501 2357 1549 cretum
2408 1491 2534 1546 illud
2583 1491 2638 1545 in
2676 1488 2902 1544 concilio
2943 1486 3343 1558 Carthaginensi
3379 1487 3555 1551 tertio,
3584 1487 3739 1556 cujus

2154 1585 2340 1642 tertius
2367 1599 2538 1639 canon
2568 1584 2620 1637 in
2649 1582 2911 1637 decimum
2941 1590 3184 1637 octavum
3209 1579 3419 1635 Codicis
3462 1580 3739 1635 Africano-

2156 1692 2274 1730 rum
2299 1690 2561 1730 canonum
2591 1671 2822 1727 insertus
2852 1671 2966 1726 llte'c
2995 1671 3152 1726 habet
3179 1683 3193 1726 ξ
3222 1669 3424 1725 Placuit
3453 1681 3506 1725 ut
3529 1673 3742 1726 ordina-

2159 1767 2222 1821 tis
2246 1765 2490 1838 epi'scopis
2507 1763 2585 1819 uel
2601 1762 2794 1818 cla-iris
2809 1765 2947 1835 prius
2961 1761 3023 1816 ab
3039 1761 3410 1816 ordinatoribus
3425 1763 3532 1816 suis
3552 1763 3750 1833 placitd

2159 1858 2482 1914 conciliorum
2523 1856 2726 1909 auribus
2762 1871 2933 1909 eorum
2974 1853 3308 1918 inculcentur,
3351 1871 3414 1908 ne
3450 1869 3503 1909 se
3549 1855 3746 1925 aliquid

2161 1959 2335 2004 contra
2357 1955 2546 2004 statuta
2563 1948 2759 2002 concilii
2788 1947 2963 2018 fecisse
2985 1948 3217 2018 paeniteat
3234 1947 3251 2018 (
3269 1945 3458 2014 Lobbe,
3485 1945 3742 2002 Concilio-

2162 2059 2275 2098 rum
2288 2041 2586 2098 Collectione
2609 2043 2850 2107 maxima,
2881 2051 3014 2096 tomo
3047 2040 3102 2107 2,
3123 2057 3242 2113 pag.
3280 2038 3477 2112 i057);
3508 2041 3640 2105 sive,
3688 2048 3750 2096 ut

2163 2137 2354 2208 legitur
2379 2137 2433 2190 in
2461 2136 2687 2190 concilio
2717 2135 3115 2206 Cartltaginensi
3140 2135 3327 2200 tertio,
3351 2134 3526 2203 capite
3550 2133 3746 2189 tertio:
3821 2132 3827 2136 ’

2165 2230 2369 2285 Placuit
2419 2240 2474 2284 ut
2512 2231 2875 2284 ordinandis...
2908 2231 3106 2284 decreta
3141 2227 3534 2282 conciliorum...
3575 2227 3755 2299 [casse

2166 2331 2392 2378 asserunt
2417 2321 2600 2394 (Ibid.,
2633 2337 2752 2393 pag.
2783 2321 2967 2393 “07).

2205 2416 2260 2470 4.
2279 2414 2402 2468 Haec
2417 2414 2664 2467 nimirum
2681 2412 2776 2467 fuit
2789 2413 3062 2484 Augustini
3079 2411 3364 2483 pro'motio,
3377 2411 3527 2481 cujus
3545 2409 3630 2464 ille
3640 2424 3761 2466 me-

2169 2506 2391 2560 moriam
2405 2504 2689 2573 quotannis
2699 2503 3005 2558 renovabat.
3023 2501 3478 2570 Quemadmodum
3496 2501 3600 2557 illis
3617 2509 3759 2555 tem-

2171 2598 2386 2669 poribus
2400 2597 2574 2652 facere
2590 2603 2971 2652 consueverant
2987 2595 3144 2652 Urbis
3159 2610 3369 2666 quoque
3379 2592 3766 2664 antistites,qui

2171 2691 2428 2761 plurimos
2448 2689 2513 2743 ad
2534 2687 2670 2744 hanc
2685 2687 3045 2743 celebritatem
3070 2689 3348 2757 episcopos
3373 2687 3765 2742 convocabant.

2171 2783 2420 2853 Legimus
2435 2779 2593 2836 etiam
2611 2781 2886 2851 episcopos
2899 2780 3041 2834 Dona
3049 2781 3196 2835 tistas
3211 2780 3274 2835 ad
3293 2780 3465 2850 Optati
3481 2780 3561 2834 sui
3578 2778 3772 2835 Gildo-

2174 2875 2318 2931 niaui
2334 2874 2570 2929 natalitia
2588 2873 2890 2944 frequentes
2905 2874 3190 2928 convenire
3205 2873 3393 2929 solitos
3412 2872 3607 2944 (Epist.
3634 2872 3764 2938 ωδ,

2175 2984 2228 3021 n.
2252 2967 2318 3032 5;
2346 2966 2534 3022 Contra
2559 2965 2774 3020 Litteras
2800 2965 3062 3033 Petiliani,
3088 2967 3173 3020 tib.
3200 2966 3253 3032 2,
3279 2966 3466 3036 n.55).
3500 2966 3773 3020 Anniveh-

2177 3061 2350 3115 sarius
2399 3060 2499 3115 iste
2540 3059 2654 3114 dies
2696 3059 3114 3115 consecrationis
3171 3059 3449 3130 Augustini
3470 3063 3479 3071 '
3501 3059 3775 3114 universa:

2178 3151 2391 3222 quidem
2424 3151 2614 3205 Africa:
2638 3151 3050 3222 jucundissimns
3080 3161 3212 3217 erat,
3259 3153 3410 3220 cujus
3437 3151 3642 3221 publica
3673 3152 3776 3205 la:—

2183 3243 2295 3298 titia
2320 3258 2349 3295 a
2370 3241 2590 3296 Paulino
2640 3246 2890 3312 expressa
2930 3240 3092 3297 fuisse
3121 3242 3329 3298 videtur
3357 3243 3409 3297 in
3441 3257 3501 3298 ea
3529 3242 3775 3312 gratula-

2180 3338 2343 3399 titme,
2373 3349 2530 3406 quam
2561 3345 2780 3404 accepto
2819 3334 2974 3404 hujus
3000 3336 3350 3390 ordinationis
3379 3338 3564 3390 nuntio
3590 3337 3776 3390 statim

2181 3430 2346 3485 edidit
2392 3431 2502 3484 suis
2540 3429 2606 3482 ad
2651 3431 2999 3499 Augustinum
3051 3430 3262 3493 litteris,
3287 3427 3338 3484 in
3378 3429 3568 3499 quibus
3593 3429 3688 3483 has
3717 3430 3780 3484 in

2181 3520 2338 3577 voces
2356 3519 2714 3592 grata’onh'dus
2738 3519 2963 3592 erumpit
2997 3540 3008 3574 :
3047 3522 3367 3576 Exsttltemus
3398 3530 3442 3574 et
3465 3519 3694 3574 ltetcmur
3717 3521 3788 3573 in

2181 3629 2240 3669 eo
2258 3615 2343 3683 qui
2373 3618 2494 3686 facit
2533 3613 2784 3668 mirabilia
2812 3613 2972 3680 rotas,
3002 3622 3046 3668 et
3074 3615 3160 3686 qui
3187 3615 3308 3686 facit
3336 3614 3597 3668 unanimes
3624 3613 3786 3666 habi-

2185 3717 2292 3761 tare
2307 3708 2360 3762 in
2386 3709 2555 3775 dbmo,
2573 3708 2806 3779 quoniam
2824 3709 2931 3778 ipse
2953 3708 3166 3777 respexit
3183 3707 3509 3760 humilitatem
3529 3714 3781 3770 nostrain,

2184 3807 2230 3852 et
2253 3798 2467 3853 uisitauit
2489 3801 2540 3852 in
2563 3800 2689 3852 bona
2710 3796 2898 3870 plebem
2928 3811 3070 3852 suum
3095 3800 3214 3868 :qtti
3242 3794 3396 3852 creuit
3419 3811 3575 3851 contu
3598 3796 3648 3849 in
3677 3796 3753 3850 du-

2185 3907 2267 3945 mo
2306 3890 2471 3945 Dauid
2505 3891 2646 3961 pueri
2687 3891 2785 3952 sui,
2831 3901 2880 3944 et
2918 3903 3050 3944 me
3078 3890 3312 3943 exultavit
3335 3899 3493 3944 com
3532 3886 3793 3942 Ecclesia

2185 4000 2290 4039 sua?
2312 3985 2363 4037 in
2391 3985 2558 4037 eiectis
2577 3984 2700 4049 suis,
2725 3991 2783 4036 ut
2807 3983 2993 4036 bonum
3019 3983 3354 4052 peccatorum,
3387 3983 3518 4035 sicut
3536 3995 3626 4051 per
3653 3975 3793 4050 prb-

2188 4077 2389 4146 phetam
2413 4075 2642 4144 spondet,
2677 4074 2771 4127 hoc
2801 4079 2892 4141 est,
2921 4071 3322 4139 Dunatiitannn,
3356 4073 3784 4127 Manickwormtt-

2188 4166 2582 4237 que'confrinyat
2611 4164 2783 4235 (Apud
2811 4166 3045 4234 August},
3063 4165 3228 4237 Epist.
3252 4165 3342 4232 32,
3365 4167 3418 4219 ἡ.
3435 4165 3512 4235 2).
3533 4165 3656 4219 HiBC
3680 4176 3791 4217 au-

2191 4265 2299 4310 tem
2315 4255 2567 4310 festivitas
2589 4255 2880 4324 Augustino
2895 4256 3140 4311 moris
3160 4256 3337 4324 potius
3353 4265 3408 4310 et
3424 4253 3648 4309 u'istitia:
3665 4253 3799 4308 dies

2192 4357 2324 4413 erat,
2353 4357 2472 4403 cum
2499 4346 2680 4402 oneris
2723 4347 2885 4415 ipsius
2915 4345 3152 4402 humeris
3179 4347 3431 4416 impositi,
3479 4356 3533 4401 et
3559 4343 3803 4400 rationis

2193 4441 2305 4495 Deo
2328 4439 2614 4495 reddenda
2640 4440 2949 4494 memeriam
2972 4439 3085 4508 ejus
3112 4441 3288 4494 animo
3310 4439 3683 4510 permolestum
3707 4451 3806 4491 re-

2192 4534 2422 4588 fvicaret.
2471 4532 2540 4587 Et
2573 4543 2679 4602 quo
2709 4531 2866 4586 fiebat
2897 4541 3054 4587 aetate
3100 4533 3416 4602 provectior,
3457 4548 3522 4588 eo
3550 4535 3802 4586 mentem

2194 4624 2368 4679 acrius
2397 4623 2664 4694 pungebat
2708 4623 2798 4677 illa
2842 4623 3110 4693 cogitatio.
3161 4625 3347 4678 Exstat
3387 4625 3522 4680 hanc
3570 4623 3622 4677 in
3667 4637 3801 4678 rem

2196 4716 2438 4786 egregius
2464 4731 2574 4784 prae
2597 4715 2804 4770 steteris
2829 4727 3008 4771 sermo
3031 4714 3240 4789 (Serm.
3265 4700 3388 4784 3-59,
3411 4719 3463 4769 is.
3497 4715 3551 4788 1)
3575 4715 3640 4770 ad
3669 4715 3803 4785 ple—

2196 4807 2317 4862 bem
2349 4807 2469 4875 ipso
2487 4806 2575 4860 die
2610 4806 2925 4876 episcopalis
2958 4805 3305 4862 ordinationis
3327 4807 3444 4875 ejus
3471 4806 3702 4872 habitus,
3735 4808 3807 4864 in

2201 4911 2306 4968 quo
2337 4897 2570 4952 natalem
2602 4884 2811 4952 Domini
2827 4896 3106 4952 imminere
3130 4897 3526 4971 dicit(-Ibid.,n.
3549 4896 3809 4970 5).!‘acit

2202 4992 2316 5045 hinc
2345 4990 2662 5056 observatio,
2695 4999 2752 5044 ut
2778 4991 3232 5046 consecratioetn
3262 4992 3395 5062 ejus,
3426 5005 3585 5063 quam
3613 4993 3664 5046 in
3690 4990 3809 5046 liu-

2195 5081 2284 5152 jus
2297 5082 2423 5136 anni
2447 5081 2802 5137 trecentesimi
2842 5084 3166 5154 nonagesimi
3205 5084 3373 5153 quinti
3403 5083 3561 5139 ﬁnem
3589 5086 3806 5140 referre

2204 5177 2372 5229 visum
2395 5182 2498 5241 est,
2538 5188 2700 5231 nemo
2727 5177 2992 5246 putaverit
3032 5176 3372 5247 rejiciendam
3407 5178 3549 5234 ultra
3590 5193 3806 5235 annum

2206 5268 2637 5323 trecentesimum
2669 5271 3067 5340 nonagesimum
3118 5280 3327 5328 sextum
3359 5311 3375 5340 ,
3427 5273 3622 5342 quippe
3666 5285 3804 5326 cum

2205 5373 2345 5413 anno
2373 5360 2745 5415 trecentesimo
2783 5363 3125 5431 nonagesimo
3171 5365 3400 5432 septimo
3434 5361 3801 5417 sanctionibus

2208 5452 2420 5508 concilii
2458 5452 2885 5523 Carthaginensis
2927 5455 3088 5518 tertii,
3121 5455 3206 5508 die
3243 5453 3558 5524 septembris
3600 5455 3804 5523 prima,

2207 5545 2289 5600 vel
2319 5547 2523 5615 augusti
2552 5546 2801 5616 vigesima
2827 5555 3012 5602 octava
3035 5546 3287 5603 celebrati
3311 5547 3680 5618 subscripserit
3708 5547 3806 5600 in-

2206 5645 2290 5694 ter
2327 5639 2603 5711 episcopos
2641 5639 3002 5709 Augustinus:
3030 5655 3134 5711 quo
3176 5640 3332 5696 etiam
3385 5640 3693 5709 impulsore,
3743 5648 3808 5694 ut

2213 5729 2465 5798 diximus,
2495 5729 2593 5784 fuit
2619 5731 2670 5785 in
2699 5745 2761 5784 ea
2788 5730 2990 5802 synodo
3014 5733 3377 5799 constitutum,
3401 5739 3459 5786 ut
3485 5727 3802 5786 ordinandi:

2161 5887 2172 5893 _
2215 5822 2477 5895 episcopis
2501 5824 2584 5880 vel
2605 5823 2811 5882 clericis
2831 5824 3042 5881 decreta
3069 5825 3414 5884 conciliorum
3434 5823 3826 5898 praelegereng
