3990 6360
251 291 391 349 213

248 592 554 647 videbatur
574 594 677 648 alia
700 592 1019 660 observatio,
1042 593 1161 663 quia
1187 590 1430 647 videlicet
1456 592 1708 647 librorum
1732 610 1864 663 quos

248 685 554 752 episcoiius
586 682 895 747 elaboravit,
926 682 979 736 in
1020 698 1152 752 ipso,
1186 691 1241 736 ut
1268 683 1861 754 loquitur,episeopatus

244 778 342 831 sui
372 777 625 844 exordio,
651 777 807 846 primi
835 783 963 831 sunt
983 775 1087 830 duo
1108 774 1172 830 ad
1193 776 1588 847 Simplicianum
1610 775 1858 831 Mediola-

248 883 510 934 nensem,
543 884 707 938 quem
728 878 784 923 et
805 868 855 922 in
877 868 1095 938 epistola
1124 868 1518 937 nuncupatoria,
1568 877 1619 922 et
1660 869 1710 922 in
1742 869 1857 923 libri

246 958 529 1028 principio
570 969 781 1030 patrem
808 959 1033 1029 appellat
1066 976 1077 1011 :
1108 975 1211 1029 quo
1236 974 1354 1014 eum
1375 959 1528 1014 titulo
1558 959 1728 1029 putari
1763 977 1855 1028 po-

245 1060 365 1117 test
400 1066 721 1117 exornasse,
765 1051 903 1123 quod
924 1052 1031 1123 jam
1058 1052 1396 1107 successisset
1434 1052 1736 1118 Ambrosio,
1770 1053 1853 1121 qui

243 1154 435 1201 tamen
465 1162 529 1200 ex
579 1146 681 1200 hac
707 1148 812 1201 vita
839 1164 941 1201 non
969 1148 1193 1201 decessit
1238 1148 1336 1201 nisi
1371 1163 1507 1203 anno
1544 1149 1851 1202 trecentesi-

246 1252 347 1291 mo
374 1237 730 1308 nonagesimo
780 1238 1024 1308 septimo,
1071 1238 1236 1307 pridie
1260 1255 1426 1293 nonas
1449 1240 1647 1309 aprilis.
1680 1238 1851 1306 Quare

244 1326 377 1381 dum
408 1329 702 1398 Augustini
733 1328 994 1384 ordinatio
1011 1329 1435 1384 trecentesimum
1455 1331 1847 1401 nonagesinuan

246 1430 461 1473 sextum
492 1436 699 1474 anitum
728 1418 919 1475 Christi
949 1421 1281 1491 pratccssisse
1310 1422 1519 1487 dicitur,
1541 1438 1658 1475 eum
1683 1438 1847 1477 aiuios

244 1514 647 1581 propemodum
680 1514 814 1568 duos
848 1514 1088 1568 feriatum
1137 1514 1275 1568 nulla
1316 1514 1453 1568 edita
1488 1515 1847 1568 lucubratione

244 1604 556 1660 traduxisse
581 1607 846 1660 latendum
874 1606 1113 1661 videtur:
1144 1608 1281 1677 quod
1326 1608 1558 1677 proiecto
1596 1609 1678 1661 vix
1704 1609 1843 1663 credi

239 1698 421 1763 possit
446 1696 513 1750 de
542 1708 731 1752 sancto
764 1698 853 1751 illo
880 1697 1115 1765 doctore,
1134 1700 1221 1767 qui
1245 1713 1416 1762 curas,
1447 1715 1574 1767 quas
1603 1698 1845 1753 fratribus

239 1789 361 1841 suis
391 1790 704 1857 impendere
740 1791 1032 1853 tenebatur,
1067 1790 1116 1843 in
1157 1791 1254 1843 hoc
1292 1792 1617 1859 potissimum
1662 1806 1717 1843 se
1750 1807 1840 1860 po-

240 1895 387 1933 nere
421 1880 573 1946 dixit,
602 1890 658 1934 ut
682 1882 740 1933 iis
768 1890 819 1933 et
856 1880 1031 1950 lingua
1059 1890 1111 1934 et
1141 1880 1261 1935 stilo
1293 1898 1407 1945 suo,
1458 1896 1584 1949 quas
1616 1880 1759 1949 bigas
1790 1882 1840 1934 in

238 1982 322 2022 eo
352 1968 583 2024 cliaritas
610 1971 851 2040 agitabat,
877 1972 1103 2025 maxime
1126 1972 1341 2025 sctvit'et
1374 1971 1472 2043 (De
1500 1970 1703 2039 Trinit,
1732 1974 1763 2025 Ι.
1788 1974 1838 2039 5,

239 2076 305 2113 n.
351 2060 429 2131 ι).
470 2061 833 2117 Verumtuucn
864 2063 1087 2132 Prosper
1115 2063 1177 2115 ad
1205 2062 1340 2115 hunc
1361 2080 1553 2116 annum
1586 2074 1839 2116 trecente-

237 2152 450 2204 simum
476 2155 875 2223 nonagesimum
900 2154 1137 2224 quintum
1183 2156 1252 2208 ita
1282 2156 1462 2207 scribit
1492 2173 1502 2206 :
1536 2156 1839 2225 Augustinus

238 2241 383 2295 beati
403 2244 649 2297 -tntbrosii
667 2246 963 2315 discipulus,
987 2246 1059 2298 vir
1082 2246 1237 2298 multa
1262 2247 1495 2317 fnrttntiia
1520 2247 1841 2317 doctrinaque

240 2333 524 2399 melleus,
560 2326 978 2406 Hippone-Regio
1001 2336 1049 2387 in
1077 2334 1247 2403 Africa
1293 2337 1552 2406 rpisrupus
1581 2337 1841 2387 ordinatur

240 2422 504 2495 (Prosper
521 2426 571 2478 in
590 2424 822 2478 Chronic.
843 2426 907 2479 ad
935 2444 1120 2480 annum
1146 2427 1287 2497 595).
1314 2428 1578 2495 Quotquot
1596 2428 1839 2497 Augusti-

240 2514 297 2568 ni
326 2527 486 2586 gesta
518 2518 861 2589 scripserunt,
895 2517 1029 2572 hanc
1047 2519 1180 2572 adeo
1216 2534 1519 2588 exliressam
1560 2520 1838 2573 auctorita«

240 2617 357 2661 tem
397 2609 543 2663 velut
589 2610 844 2680 epocham
897 2610 1319 2682 chronologicam
1372 2622 1533 2665 ratam
1586 2622 1637 2666 et
1680 2612 1835 2666 ﬁxam

236 2705 581 2777 minimeque
624 2705 831 2759 dubiam
862 2705 1173 2761 habuerunt.
1225 2706 1403 2777 Itaque
1453 2715 1507 2760 ut
1542 2723 1609 2761 ne
1650 2708 1714 2761 ab
1748 2708 1837 2761 illa

235 2809 347 2850 nos
384 2796 735 2861 discedamus,
766 2812 1064 2871 qmeremus
1092 2805 1271 2866 postea
1302 2814 1405 2866 quo
1433 2808 1669 2867 tempore
1712 2814 1837 2853 con~

236 2889 452 2963 scripti
488 2890 584 2943 sint
629 2889 747 2944 libri
788 2888 853 2944 ad
889 2889 1311 2959 Simplicianum;
1344 2906 1501 2943 curve
1552 2891 1668 2955 ille,
1718 2892 1840 2945 licet

243 2983 449 3035 δαὶ.υο
480 2982 775 3055 presbyter,
825 2983 986 3052 patris
1031 2982 1380 3052 appellatione
1426 2984 1612 3054 dignus
1657 2983 1835 3037 haberi

235 3074 496 3143 potuerit
524 3074 586 3128 ab
616 3073 903 3143 Augustino
929 3074 1030 3144 jam
1060 3073 1324 3143 episcopo.

318 3167 379 3220 5.
423 3165 696 3235 Comperto
726 3175 961 3234 tempore
999 3165 1343 3219 ordinationis
1386 3165 1664 3234 Augustini
1710 3182 1832 3235 pcr-

238 3256 498 3326 spicuum
528 3266 624 3321 est,
652 3257 885 3325 potuisse
916 3256 1206 3309 Romanum
1238 3266 1292 3310 et
1322 3257 1524 3324 Aéilem
1546 3299 1559 3322 ,
1591 3273 1683 3325 per
1704 3272 1836 3326 quos

238 3349 514 3404 Paulinus
559 3349 873 3419 posteriores
916 3348 981 3402 ad
1019 3364 1138 3404 eum
1180 3350 1382 3404 litteras
1422 3350 1670 3413 miserat,
1714 3348 1834 3402 huic

236 3441 642 3496 consecrationi
671 3441 952 3496 interesse.
981 3440 1081 3494 Per
1108 3441 1333 3495 hiemem
1366 3440 1505 3495 haud
1534 3441 1692 3495 dubie
1730 3454 1832 3493 non

237 3546 381 3590 sunt
421 3534 667 3604 regressi,
696 3533 789 3587 sed
820 3533 996 3603 potius
1024 3532 1240 3588 ineunte
1268 3550 1393 3587 vere
1420 3535 1541 3587 anni
1576 3543 1831 3593 trecente-

236 3628 373 3680 simi
405 3625 726 3695 nonagesimi
755 3625 924 3691 sexti;
954 3625 1107 3679 citius
1142 3632 1348 3687 tamen,
1378 3639 1438 3678 ac
1468 3624 1625 3678 vellet
1654 3625 1831 3692 Augu.

238 3718 465 3773 stinus:
495 3732 590 3772 nec
635 3732 725 3772 eos
758 3716 845 3770 ille
883 3715 997 3771 sine
1031 3716 1271 3770 molestia
1314 3715 1511 3770 dimisit
1533 3754 1569 3781 ,.
1592 3716 1831 3784 quamvis

239 3811 413 3865 unius
463 3808 666 3863 Paulini
717 3807 977 3863 revisendi
1034 3808 1202 3881 gratia
1256 3806 1429 3862 redire
1482 3815 1827 3861 maturarent.

240 3898 421 3954 Tanto
450 3900 618 3971 utique
645 3897 925 3952 dimittendi
945 3908 1085 3952 erant
1116 3898 1350 3963 velocius,
1378 3899 1449 3951 ait
1477 3898 1827 3967 Augustinus,

253 4001 444 4061 quanto
469 3990 598 4045 vobis
626 3991 899 4061 impensius
924 3989 1125 4043 obedire
1152 3990 1432 4062 cupiebant.
1460 3990 1563 4044 Sed
1580 4000 1762 4057 quanto
1779 3991 1831 4041 id

254 4085 521 4155 cupiebant
545 4084 722 4155 magis,
747 4092 885 4136 tanto
906 4099 989 4137 vos
1016 4084 1155 4137 nobis
1183 4083 1475 4153 prwscntius
1497 4083 1789 4136 exhibebant
1814 4098 1831 4135 :

244 4192 311 4230 eo
344 4177 527 4246 quippe
550 4175 860 4241 indicabant,
892 4192 1039 4245 quam
1069 4175 1222 4227 chara
1250 4185 1405 4227 restra
1436 4174 1621 4227 viscera
1649 4183 1826 4227 essent.

239 4267 417 4323 Tanto
441 4269 595 4340 igitur
619 4284 702 4321 eos
731 4268 894 4321 minus
921 4267 1168 4321 dimittere
1192 4265 1473 4319 volebamus
1495 4308 1505 4325 ,
1538 4276 1722 4335 quanto
1736 4266 1827 4334 ju«

235 4362 377 4415 “ius
416 4368 471 4412 ut
502 4360 861 4412 dimitterentur
886 4358 1152 4411 instabant.
1184 4356 1420 4419 Tradidit
1453 4355 1529 4410 eis
1556 4356 1829 4425 epistolam

235 4450 481 4507 Paulino
521 4460 573 4504 et
602 4449 869 4504 Therasia:
919 4448 1256 4516 inscriptam,
1307 4460 1408 4516 qua
1455 4446 1829 4515 posterioribus

235 4542 447 4598 litteris
470 4557 500 4595 a
521 4541 738 4596 Paulino
761 4540 988 4612 acceptis
1010 4540 1383 4611 respondebat.
1406 4538 1512 4593 Nec
1536 4539 1586 4592 in
1614 4539 1711 4591 hac
1736 4540 1829 4592 mi-

236 4650 353 4689 nus
386 4645 630 4688 tenerum
657 4648 777 4704 erga
806 4648 924 4687 eum
954 4646 1211 4696 amorem,
1240 4629 1478 4685 minusve
1507 4629 1697 4684 ardens
1718 4631 1831 4698 ejus

234 4724 470 4780 videndi
499 4724 727 4779 studium
760 4724 1071 4787 testabatur,
1100 4738 1254 4792 quam
1281 4722 1331 4775 in
1363 4722 1582 4793 epistola
1609 4738 1699 4791 per
1720 4722 1829 4777 Ro-

233 4818 565 4876 manianum
596 4816 787 4870 delata.
818 4815 891 4870 De
915 4831 1008 4869 sua
1031 4814 1096 4868 ad
1118 4815 1476 4883 episcopatum
1502 4816 1830 4883 promotione

236 4911 541 4965 certiorem
570 4922 693 4961 eum
720 4905 876 4973 fecit,
909 4915 962 4958 ut
992 4906 1063 4958 illi
1096 4906 1414 4975 signiﬁcaret
1434 4948 1447 4972 ,
1476 4921 1532 4960 se
1558 4905 1625 4961 de
1652 4905 1831 4975 profe-

235 5001 433 5055 ctione
463 4999 513 5051 in
546 4996 780 5063 Italiam,
813 4995 928 5065 ejus
957 4995 1213 5048 invisendi
1245 5010 1431 5061 causa,
1468 4997 1699 5064 cogitare
1727 5012 1829 5050 non

237 5107 445 5163 posse,
480 5100 641 5160 utque
670 5088 842 5158 ipsum
868 5087 1239 5142 ecclesiasticis
1276 5088 1415 5140 curis
1452 5088 1831 5156 expeditiorem

240 5182 517 5254 (nondum
546 5181 686 5235 etum
724 5181 1003 5250 episcopus
1029 5186 1145 5232 erat
1168 5177 1442 5247 Paulinus)
1472 5178 1537 5232 ad
1568 5178 1829 5248 trajicien—

239 5275 377 5330 dum
409 5275 465 5328 in
497 5273 723 5328 Africam
755 5272 1029 5336 invitaret,
1060 5277 1163 5324 tam
1205 5270 1270 5325 ad
1301 5269 1382 5324 sui
1415 5280 1833 5341 ceterorumque

240 5365 527 5430 solatium,
556 5365 643 5437 qui
674 5364 811 5418 dona
836 5362 1085 5419 divinitus
1113 5362 1168 5416 in
1192 5377 1311 5416 eum
1343 5359 1532 5416 collata
1563 5363 1830 5417 miraban-

240 5470 374 5526 tur;
406 5474 565 5530 quam
593 5458 657 5513 ad
678 5473 863 5513 eorum
884 5456 1283 5522 institutionem,
1309 5456 1397 5525 qui
1418 5471 1480 5510 ea
1508 5456 1725 5512 credere
1750 5458 1832 5513 vel

243 5569 364 5612 non
394 5560 664 5624 poterant,
696 5552 780 5607 vel
807 5551 1083 5618 nolebant,
1114 5550 1215 5605 nisi
1242 5550 1384 5619 prius
1413 5550 1583 5622 ipsum
1614 5552 1832 5622 ejusque

245 5661 513 5719 sponsam
530 5655 818 5716 praesentes
834 5646 1181 5699 intuerentur.
1202 5643 1278 5699 Eo
1294 5658 1457 5713 usque
1478 5645 1829 5714 progreditur,

247 5748 318 5799 nt
339 5738 480 5796 dicat
503 5758 515 5794 :
551 5738 734 5793 Nescio
757 5738 799 5794 si
820 5738 1087 5809 quidquam
1105 5736 1472 5793 misericordias
1495 5736 1666 5805 agitis,
1680 5752 1831 5803 quam

1596 289 1794 348 LIBER
1832 292 2173 361 QUARTUb.

250 417 385 465 tur.
404 409 487 466 Ne
516 418 694 467 tamen
730 408 815 463 illa
835 405 1095 464 ordinatio
1110 416 1335 478 ponatur
1355 418 1475 463 ante
1504 408 1748 464 eumdem
1775 427 1867 464 an-

250 517 402 556 num
454 502 888 557 trecentesimum
934 502 1327 570 nonagesimum
1372 509 1605 565 sextum,
1656 502 1867 557 obstare

3442 313 3545 366 Ωιι

1972 411 2017 465 si
2044 419 2235 465 tantum
2259 411 2427 467 nolitis
2456 414 2609 467 latere
2640 417 2775 484 quod
2805 419 2928 473 tales
2963 422 3107 486 estis,
3140 434 3378 489 quantum
3420 430 3543 483 tales

1972 518 2077 556 esse
2104 503 2327 558 uoluistis
2354 504 2541 575 (Epist.
2570 506 2656 572 3i,
2679 524 2765 561 nn.
2788 510 2840 576 ὅ,
2872 509 2946 581 6).
2982 511 3105 579 Ejus
3134 512 3372 568 charitati
3397 532 3540 572 com-

1970 594 2185 651 mendat
2218 612 2437 666 puerum
2470 597 2770 666 (Vetustino
2803 616 2994 656 nomen
3027 606 3195 674 erat),
3226 608 3315 677 qui
3341 623 3461 663 reus
3489 620 3543 666 et

1968 688 2129 742 miser
2175 688 2337 745 fuisse
2379 689 2601 744 videtur.
2650 691 3033 747 Romanianum
3079 696 3276 765 pariter
3322 697 3539 768 ejusque

1967 779 2128 834 ﬁlium
2170 782 2624 837 commendatione
2664 784 2799 852 apud
2844 784 2991 838 illum
3033 802 3126 841 sua
3161 788 3333 856 juvari
3371 793 3533 858 cupit.

1964 872 2094 925 Tres
2123 874 2282 927 libros
2304 890 2425 928 suos
2447 873 2514 929 de
2535 874 2725 929 Libero
2748 875 2979 930 Arbitrio
3000 875 3065 930 ad
3087 877 3331 933 eumdem
3356 881 3535 935 mittit.

1963 965 2136 1035 Exigit
2167 967 2423 1031 vicissim,
2459 976 2513 1021 ut
2538 982 2693 1037 quem
2724 969 2955 1023 scribere
2983 970 3254 1024 dicebatur
3280 972 3534 1026 adversus

1961 1060 2196 1129 Paganos
2226 1062 2681 1125 commentarium,
2712 1061 2776 1115 ad
2805 1076 2862 1117 se
2890 1063 3208 1117 transmittat
3233 1080 3351 1118 cum
3385 1065 3535 1118 libris

1960 1150 2157 1221 aliquot
2185 1150 2473 1220 Ambrosii,
2503 1152 2690 1222 quibus
2712 1161 2923 1207 sanctus
2944 1154 3032 1208 ille
3051 1152 3237 1208 doctor
3258 1153 3531 1221 imperitos

1956 1245 2209 1314 quosdam
2241 1254 2291 1298 et
2320 1245 2594 1314 superbos,
2628 1244 2844 1299 forsitan
2876 1246 3234 1315 philosophos,
3265 1247 3351 1316 qui
3379 1248 3531 1301 Chri-

1954 1344 2091 1390 stum
2124 1335 2189 1390 de
2220 1336 2452 1390 Platonis
2480 1336 2626 1390 libris
2668 1336 2957 1405 profecisse
2982 1338 3402 1404 contendebant,
3433 1354 3525 1391 co-

1955 1424 2249 1495 piosissime
2300 1428 2559 1481 reintavit.
2610 1426 2791 1482 Nullus
2834 1442 2900 1482 ex
2951 1428 3030 1481 bis
3078 1428 3341 1482 Ambrosii
3379 1430 3530 1483 libris

1952 1516 2110 1569 modo
2132 1527 2379 1584 superest
2400 1519 2578 1579 nobis;
2609 1517 2700 1571 sed
2727 1527 2898 1571 tamen
2920 1534 3031 1578 eos.
3057 1532 3175 1571 cum
3198 1518 3527 1586 Augustinus

1950 1623 2092 1676 saepe
2117 1610 2257 1663 VL‘ltti
2283 1610 2520 1680 cognitos
2546 1610 2738 1669 laudet,
2776 1610 2910 1662 haud
2938 1611 3097 1663 dubie
3126 1628 3153 1663 ιι
3182 1612 3399 1663 l'auiino
3422 1611 3521 1667 sibi

1949 1699 2139 1753 missos
2168 1700 2385 1768 accepit.
2432 1701 2625 1754 Orabat
2652 1713 2861 1768 quoque
2891 1701 3185 1764 Paulinum,
3216 1712 3270 1754 ut
3300 1717 3520 1768 punctu,

1948 1807 2102 1861 quem
2134 1793 2398 1857 mittebat,
2435 1793 2655 1861 benigne
2686 1793 2967 1859 acciperet.
3000 1790 3253 1844 liumdem
3286 1793 3519 1845 omnium

1946 1880 2163 1934 fratrum
2215 1883 2320 1935 Deo
2364 1883 2703 1935 servientium
2756 1881 2967 1934 nomine
3017 1881 3309 1946 salutabat,
3358 1882 3523 1949 ipsius

1945 1974 2102 2027 etiam
2136 1975 2271 2027 beati
2300 1974 2490 2027 Valerii
2516 1974 2708 2039 verbis,
2749 1988 2905 2041 quem
2935 1972 3107 2026 adhuc
3140 1980 3337 2040 patrem
3365 1988 3518 2027 suum

1944 2077 2239 2137 nuncupat,
2286 2069 2480 2137 quique
2520 2067 2725 2130 eodem,
2760 2082 2865 2135 quo
2894 2068 3039 2133 ipse,
3072 2065 3277 2120 Paulini
3309 2051 3518 2119 videndi

1944 2163 2115 2216 studio
2146 2161 2413 2231 ﬂagrabat.
2456 2160 2516 2214 Ei
2547 2170 2801 2229 pri‘ctet‘ea
2842 2157 3025 2212 Severi
3062 2158 3374 2212 Milevitanzc
3417 2157 3519 2209 Ec-

1942 2250 2117 2307 clesia:
2144 2252 2389 2305 antistitis
2418 2250 2705 2303 ofﬁciosam
2740 2250 3089 2305 urbanitatem
3117 2248 3347 2301 exhibet.
3378 2250 3519 2312 Qua—

1941 2355 2157 2414 propter
2184 2343 2317 2397 haud
2344 2346 2558 2407 scimus,
2588 2357 2650 2394 an
2678 2342 2812 2395 idem
2838 2342 3065 2394 Severus
3090 2340 3180 2402 sit,
3209 2338 3297 2407 qui
3320 2340 3523 2391 litteras

1943 2436 2008 2490 ad
2037 2434 2310 2489 Paulinum
2334 2434 2491 2487 simul
2517 2433 2691 2486 dedit:
2720 2430 2984 2499 siquidem
3012 2429 3168 2483 iidem
3189 2427 3399 2494 fratres,
3430 2428 3519 2495 qui

1942 2527 2224 2597 Augustini
2255 2527 2528 2595 epistolam
2556 2534 2605 2579 et
2637 2525 2774 2577 illius
2802 2522 3147 2577 ordinationis
3185 2522 3423 2574 nuntium
3451 2520 3516 2573 ad

1942 2618 2216 2673 Paulinum
2245 2618 2572 2681 detulerunt,
2614 2616 2815 2668 litteras
2840 2614 3037 2683 pariter
3063 2622 3365 2666 sanctorum
3403 2613 3511 2680 ενι-

1942 2725 2220 2779 scaporum
2250 2708 2468 2769 Aurelii,
2500 2706 2697 2776 Alypii,
2728 2702 3030 2769 Profuturi,
3066 2712 3121 2757 et
3143 2701 3322 2758 Severi
3345 2700 3518 2753 eidem

1940 2801 2281 2857 reddiderunt
2307 2790 2494 2870 (Epist.
2520 2798 2607 2860 52,
2639 2814 2689 2849 τι.
2718 2795 2791 2867 1).
2818 2796 3192 2849 ιδιιυίιθιιιιιιθιι
3213 2794 3519 2862 contingere

1939 2894 2136 2967 potuit,
2166 2899 2225 2945 ut
2256 2892 2393 2945 idem
2420 2890 2647 2943 Severus
2667 2929 2681 2953 ,
2727 2888 2819 2956 qui
2860 2886 3029 2955 primo
3056 2885 3371 2943 urbanitatis
3399 2892 3517 2937 tan-

1941 2991 2050 3037 tum
2088 2998 2195 3036 suae
2230 2981 2399 3035 ofﬁcia
2438 2996 2532 3049 per
2565 2979 2913 3048 Augustinum
2940 2976 3134 3032 otl‘erre
3172 2975 3393 3031 Paulino
3421 2991 3521 3029 vo-

1940 3076 2129 3143 luerat,
2153 3074 2381 3144 quadam
2412 3082 2592 3143 postea
2624 3071 2938 3127 necessitate
2962 3070 3267 3139 compulsus
3297 3068 3365 3124 ad
3391 3083 3515 3124 eum

1896 3184 1901 3189 ί
1940 3166 2053 3238 ipse
2078 3168 2367 3237 scripserit.

2014 3260 2065 3314 6.
2094 3259 2209 3313 Jam
2240 3259 2490 3312 Paulinus
2529 3256 2627 3310 bos
2656 3256 2848 3311 fratres
2889 3256 3094 3325 Agilem
3132 3264 3185 3309 et
3220 3254 3517 3319 Romanum

1939 3350 2111 3406 adhuc
2164 3359 2423 3419 pra-serite
2472 3349 2799 3402 Romaniano
2851 3348 3283 3417 pnestolabatur;
3336 3362 3517 3401 verum

1939 3444 2148 3497 nonnisi
2172 3453 2288 3511 post
2310 3442 2445 3495 illius
2467 3442 2757 3495 discessum
2776 3439 3123 3493 advenerunt.
3144 3438 3407 3493 Postridie
3426 3437 3519 3492 ad-

1938 3544 2129 3591 ventus
2159 3536 2364 3588 illorum
2395 3532 2725 3588 Romaniano
2749 3532 2990 3601 scripsit,
3022 3540 3080 3585 ut
3104 3546 3226 3585 eum
3266 3531 3333 3585 de
3362 3538 3513 3599 opta-

1942 3627 2157 3682 tissimis
2180 3627 2374 3679 nuntiis
2392 3624 2621 3692 acceptis
2643 3624 2839 3677 laceret
2858 3621 3158 3686 certiorem,
3182 3630 3239 3675 et
3258 3621 3308 3675 in
3332 3619 3516 3689 primis

1940 3720 2005 3776 de
2032 3720 2309 3791 Augustini
2336 3718 2401 3772 ad
2422 3716 2784 3787 episcopatum
2811 3713 3185 3784 provectione;
3214 3728 3313 3782 qua
3340 3712 3406 3766 de
3435 3724 3512 3778 re,

1939 3824 2095 3884 prout
2120 3824 2359 3866 sanctum
2384 3812 2552 3865 virum
2574 3808 2827 3873 decebat,
2861 3808 3171 3878 gratulatur.
3196 3805 3397 3862 Deinde
3424 3804 3515 3860 Li-

1938 3907 2166 3962 centiuni
2190 3906 2533 3958 vehementer
2563 3903 2832 3966 hortatur;
2865 3916 3022 3971 quem
3048 3915 3141 3969 per
3171 3908 3372 3970 patrem
3403 3900 3511 3969 pri-

1937 4013 2083 4053 mum
2106 3998 2409 4065 alloquitur,
2430 4010 2492 4049 ac
2512 4002 2630 4064 post
2652 3995 2822 4063 ipsum
2842 4002 2952 4047 tam
2968 3992 3136 4047 soluta
3152 4006 3310 4061 quam
3332 3990 3513 4046 stricta

1938 4088 2176 4143 oratione
2203 4087 2504 4155 compellat,
2535 4092 2641 4155 quo
2668 4085 3111 4155 ﬂagrantissimus,
3138 4093 3197 4138 ut
3220 4084 3312 4149 ait,
3340 4084 3516 4153 Augu-

1937 4179 2059 4234 stini
2089 4176 2458 4243 sollicitudini,
2500 4192 2655 4245 quam
2686 4177 2737 4230 in
2780 4174 3156 4245 posterioribus
3192 4174 3379 4229 litteris
3405 4173 3517 4228 suis

1937 4277 2215 4323 renovarat
2235 4309 2249 4333 ,
2282 4266 2478 4321 faceret
2508 4267 2657 4320 satis.
2688 4265 2845 4335 Optat
2874 4274 2930 4320 ut
2965 4265 3082 4321 haec
3115 4264 3324 4319 Domini
3357 4263 3512 4331 tuba,

1936 4376 2037 4432 qua
2064 4376 2157 4432 per
2187 4356 2538 4429 Augustinum
2570 4360 2805 4422 intonat,
2835 4356 3012 4411 cordis
3040 4356 3180 4413 illius
3206 4357 3381 4426 pulset
3415 4370 3514 4419 au-

1937 4452 2125 4507 ditum.
2156 4452 2345 4521 Sperat
2364 4452 2519 4504 etiam
2543 4464 2641 4518 pro
2664 4451 2832 4503 suain
2853 4449 3020 4509 Deum
3048 4447 3255 4511 ﬁducia,
3284 4447 3515 4507 carnalia

1938 4544 2095 4613 hujus
2126 4542 2476 4597 adolescentis
2506 4549 2626 4595 vota
2645 4582 2660 4606 ,
2702 4540 2824 4601 ﬁdei
2850 4548 2905 4594 et
2930 4541 3067 4594 votis
3089 4540 3367 4610 Augustini
3393 4552 3512 4593 ces—

1937 4649 2093 4699 sura;
2127 4633 2209 4687 cui
2248 4631 2494 4686 videlicet
2527 4630 2657 4687 nihil
2704 4638 2847 4686 esset
2888 4628 3187 4700 antiquius,
3228 4644 3384 4698 quam
3427 4636 3512 4696 ut,

1939 4742 2095 4798 quem
2130 4725 2458 4780 Romaniano
2493 4722 2627 4793 patri
2656 4723 2877 4793 dignum
2902 4730 3156 4793 genuerat
3194 4724 3250 4779 in
3291 4721 3510 4788 litteris,

1937 4819 2079 4873 hunc
2101 4826 2153 4874 et
2177 4817 2276 4871 sibi
2298 4816 2396 4885 ipsi
2427 4816 2584 4884 digne
2608 4814 2771 4868 ﬁlium
2800 4814 2853 4867 in
2880 4813 3089 4869 Christo
3108 4820 3321 4881 pareret.
3341 4812 3512 4882 (Apud

1938 4912 2177 4984 August,
2207 4908 2372 4979 Epist.
2400 4908 2510 4979 '52).
2537 4907 2762 4963 Dubium
2801 4921 2908 4960 non
2944 4915 3059 4972 est,
3098 4905 3221 4973 quin
3262 4903 3514 4957 Paulinus

1936 5001 2217 5074 Augustini
2255 5000 2491 5072 epistolze
2534 4998 2895 5068 responderit,
2934 5005 2989 5051 et
3015 4996 3142 5063 quin
3173 4992 3299 5048 illud
3336 4992 3514 5048 nobile

1937 5112 2033 5167 per
2060 5094 2347 5149 amicorum
2387 5100 2621 5146 mutuam
2655 5090 2964 5144 societatem
2998 5094 3054 5141 et
3097 5083 3474 5140 commercium
3494 5125 3512 5153 ,

1937 5187 2078 5259 quod
2110 5186 2379 5256 utriusque
2416 5185 2585 5254 pietas
2617 5180 2847 5246 fecerat,
2882 5184 3133 5234 accurate
3170 5176 3515 5247 studioseque

1936 5277 2149 5333 foverit.
2190 5277 2352 5346 Cujus
2389 5274 2434 5329 si
2474 5288 2638 5345 pauca
2679 5271 2834 5328 nobis
2856 5270 3079 5341 vestigia
3119 5269 3420 5339 supersint,
3460 5268 3515 5323 id

1941 5379 2236 5441 temporum
2260 5369 2364 5421 lato
2395 5363 2728 5421 tribuendum
2754 5370 2838 5418 est
2861 5376 2879 5417 :
2909 5362 2993 5418 ha
3016 5360 3278 5433 siquidem
3298 5360 3510 5427 littera,

1937 5470 1996 5517 ut
2019 5470 2073 5517 et
2100 5462 2217 5515 aliae
2242 5462 2551 5525 innumeras,
2582 5456 2913 5514 exciderunt.
2937 5456 3204 5512 Cmterum
3234 5453 3510 5525 Augustini

1938 5554 2004 5608 ad
2034 5554 2308 5608 Paulinum
2345 5552 2547 5606 litteras
2582 5566 2685 5607 non
2714 5551 2891 5620 plures
2919 5558 3039 5605 octo
3067 5555 3214 5604 notat
3243 5546 3512 5601 Possidius

1944 5646 2032 5719 (In
2061 5644 2319 5715 Indiculo,
2351 5661 2464 5717 cap.
2492 5646 2522 5699 7
2552 5647 2603 5719 );
2634 5660 2792 5718 quem
2816 5644 2870 5699 in
2894 5642 3052 5700 editis
3076 5654 3357 5701 numerum
3376 5650 3514 5694 nunc

1943 5738 2214 5792 habemus.
