3990 6360
448 494 479 552 1
518 493 645 561 Quis
669 492 855 547 animo:
889 488 1086 544 habitus
1115 495 1249 554 erat,
1280 486 1426 558 quive
1446 499 1610 539 mores
1634 480 1902 554 Augustini
1918 481 2034 553 jam

476 604 478 608 '
526 586 770 659 episcopi.
799 583 837 638 2
858 580 928 637 In
960 579 1282 635 solitudinem
1309 580 1482 650 fugere
1504 576 1792 649 prohibetur
1814 591 1848 628 a
1884 573 1991 628 Deo
2014 589 2035 629 .'

520 679 630 747 ejus
655 674 848 730 delicia:
867 680 983 727 sunt
1005 670 1287 741 Scriptum
1310 668 1406 723 Dei
1425 676 1473 722 et
1494 683 1670 722 uacare
1690 665 1816 719 Deo.
1841 666 1874 720 '5
1897 665 2034 731 Qua-

523 771 588 825 lis
619 769 664 823 ei
690 768 855 822 cultus
880 764 1105 835 corporis
1128 764 1182 817 in
1207 760 1422 816 vestibus
1446 770 1494 815 et
1513 758 1861 814 calceamentis
1885 774 2032 813 acce-

521 867 640 931 ptus
674 860 843 930 fuerit.
872 858 908 912 4
939 855 1066 923 Qua!
1099 856 1208 926 ejus
1244 870 1436 909 mensa.
1472 853 1508 909 ὅ
1537 851 1775 906 Manibus
1812 851 2034 923 quotidie

523 952 716 1024 aliquid
744 952 943 1022 operari
962 950 1128 1017 uellet,
1156 950 1200 1003 si
1220 966 1309 1020 per
1334 947 1669 1002 ualetudinem
1694 955 1742 1001 et
1760 961 1852 1019 per
1877 962 2033 1001 occu-

525 1046 749 1115 pationes
784 1044 974 1098 liceret.
999 1043 1034 1099 6
1060 1042 1277 1112 Inﬁrma
1297 1040 1531 1095 ualetudo
1559 1040 1719 1110 ipsius
1738 1048 1791 1093 et»
1812 1055 2033 1109 occupa-

524 1136 703 1190 tiones.
733 1135 765 1188 7
795 1133 1105 1191 Clericorum
1128 1132 1487 1187 monasterium
1516 1131 1572 1184 in
1610 1129 1853 1200 episcopii
1883 1130 2033 1183 domo

519 1228 751 1283 instituit.
780 1228 860 1282 Ad
894 1228 1090 1282 Latum
1119 1226 1265 1280 istius
1292 1225 1424 1295 forte
1450 1222 1737 1278 monasterii
1771 1221 2033 1276 alumnum

524 1322 757 1393 epistola.
794 1322 828 1377 8
857 1320 925 1375 In
965 1336 1023 1376 eo
1055 1316 1361 1374 monasterio
1398 1315 1698 1388 regulariter
1737 1323 1785 1370 et
1824 1322 2035 1387 anguste

524 1432 639 1471 cum
666 1416 772 1471 suis
790 1414 983 1470 clericis
1006 1413 1238 1469 contrivit.
1274 1412 1309 1470 9
1340 1410 1410 1467 Ut
1431 1426 1485 1466 se
1508 1410 1706 1482 gerebat
1729 1426 1847 1481 erga
1881 1408 2031 1481 femi-

524 1527 618 1565 nas
639 1526 659 1565 :
686 1510 880 1564 nullam
907 1524 971 1563 ne
988 1507 1190 1581 quidem
1217 1521 1283 1563 ea:
1315 1503 1700 1577 consanguineis
1728 1501 1954 1557 habitare
1978 1502 2033 1557 in

522 1619 618 1658 sua
636 1602 786 1657 domo
809 1617 990 1672 passus
1017 1610 1109 1656 est.

523 1697 576 1752 1.
608 1695 924 1766 EpiscOpale
943 1710 1076 1751 onus
1103 1692 1303 1765 imponi
1323 1692 1423 1749 sibi
1452 1706 1559 1747 non
1580 1691 1727 1762 prius
1745 1702 1931 1760 passus
1952 1696 2035 1745 est

449 1787 794 1860 Augustinus,
818 1802 975 1857 quam
996 1786 1340 1843 constitutum
1366 1784 1586 1840 haberet
1611 1783 1665 1838 in
1685 1784 1883 1848 animo,
1902 1789 2034 1837 aeta-

448 1889 557 1935 tem
580 1895 727 1935 suam
749 1880 801 1932 in
824 1878 1014 1933 ofﬁciis
1037 1878 1104 1933 ad
1124 1878 1176 1933 id
1200 1876 1590 1947 pertinentibus
1605 1883 1769 1930 totam
1797 1876 2029 1946 exigere.

451 1971 589 2027 Hinc
610 1972 670 2043 in
697 1971 899 2040 reliqua
917 1970 1023 2026 vita
1054 1969 1183 2025 nihil
1214 1970 1430 2025 molitus
1449 1982 1681 2039 unquam
1706 1967 1871 2037 aliud,
1901 1966 2034 2021 nihil

451 2078 733 2135 aggressus
759 2063 1083 2134 reperietur,
1124 2061 1225 2115 nisi
1261 2058 1402 2132 quod
1428 2059 1545 2130 ejus
1572 2058 1626 2113 in
1665 2058 1856 2114 fratres
1884 2072 2033 2122 suos,

452 2169 585 2225 quos
606 2162 664 2210 ut
685 2153 931 2209 dominos
951 2152 1287 2219 observabat,
1305 2149 1535 2206 cliaritas
1552 2157 1864 2220 exposceret
1889 2147 2035 2220 (Con-

452 2250 573 2317 fess.
598 2246 685 2299 lib.
719 2245 807 2311 i0,
839 2260 954 2315 cap.
976 2244 1030 2311 4,
1054 2260 1106 2296 n.
1130 2240 1207 2314 6).
1233 2241 1339 2298 Sed
1365 2247 1646 2311 antequam
1662 2239 1811 2310 juxta
1842 2240 2034 2295 seriem

455 2352 713 2392 annorum
741 2335 1035 2401 videamus,
1059 2334 1249 2404 quibus
1271 2333 1561 2401 laboribus,
1592 2340 1722 2404 quot
1744 2332 1954 2403 scriptis
1982 2342 2037 2388 et

451 2426 967 2500 peregrinationibus
1006 2425 1153 2481 illum
1191 2424 1456 2481 fraternus
1494 2439 1648 2479 amor
1685 2424 2033 2494 implicuerit;

454 2521 764 2591 colligemus
787 2519 876 2575 hic
903 2518 1156 2574 nonnulla
1181 2518 1250 2574 de
1275 2517 1417 2573 illius
1442 2532 1539 2588 pro
1570 2516 1810 2573 Ecclesia
1839 2518 2034 2588 gestis,

451 2630 571 2687 quae
589 2614 743 2670 nobis
764 2613 832 2668 ad
854 2620 1057 2668 certum
1078 2611 1320 2667 ordinem
1340 2618 1638 2681 temporum
1655 2624 1909 2666 revocare
1928 2624 2035 2665 non

451 2706 594 2761 licet.
625 2704 699 2761 Ut
732 2712 910 2760 autem
934 2703 1093 2759 abiis
1117 2718 1236 2773 quae
1261 2703 1329 2758 ad
1359 2703 1526 2773 ipsius
1554 2716 1732 2757 mores
1758 2708 2033 2771 spectant,

452 2794 706 2850 narrandi
745 2794 1001 2849 faciamus
1029 2794 1270 2860 initium;
1313 2793 1486 2865 qualis
1517 2800 1663 2850 esset
1699 2793 1889 2848 animae
1926 2806 2037 2849 suae

452 2886 665 2941 habitus
681 2886 853 2955 primo
870 2886 1206 2956 episcopatus
1225 2885 1306 2940 sui
1328 2892 1588 2955 tempore,
1607 2884 1834 2956 ipsemet
1852 2885 1906 2939 in
1927 2886 2039 2941 suis

452 2975 893 3033 Confessionihus
916 2989 1057 3031 anno
1094 2977 1161 3032 ab
1185 2976 1353 3046 ipsius
1385 2975 1719 3033 ordinatione
1741 2985 1931 3048 quarto
1954 2977 2039 3032 vel

453 3070 639 3138 quinto
655 3068 833 3133 editis,
852 3068 905 3122 in
922 3067 1092 3124 oculis
1105 3076 1499 3140 conspectuque
1514 3068 1752 3124 omnium
1770 3070 2036 3139 exposuit.

452 3159 588 3215 Nam
610 3174 731 3214 cum
758 3159 938 3229 jacere
957 3168 1194 3229 cuperet,
1223 3159 1474 3230 nulloque
1498 3159 1638 3215 inter
1658 3158 1902 3216 homines
1922 3174 2040 3218 esse

453 3266 703 3320 numero,
726 3267 867 3323 aegre
885 3252 1171 3307 admodum
1190 3251 1395 3308 ferebat
1412 3252 1505 3308 Vir
1518 3259 1752 3319 sanctus,
1776 3266 1836 3309 se
1854 3262 2040 3308 contra

455 3345 512 3399 in
535 3359 629 3400 ore
656 3344 893 3399 omnium
920 3344 1146 3412 versari,
1169 3352 1328 3413 atque
1347 3344 1505 3399 etiam
1531 3353 1731 3400 sanctze
1752 3359 2040 3401 conversa-

454 3435 620 3491 tionis
642 3418 856 3490 nomine
892 3449 1099 3491 summo
1135 3434 1351 3505 dignum
1392 3434 1597 3491 honore
1622 3435 1829 3491 haberi.
1860 3435 2039 3507 Itaque

457 3543 522 3581 ne
546 3527 609 3580 de
631 3542 685 3581 se
708 3526 972 3597 quisquam
996 3526 1276 3595 hominum,
1301 3527 1378 3582 ait
1396 3526 1687 3597 Possidius,
1714 3544 1871 3599 supra
1888 3545 2040 3600 quam

456 3635 510 3673 se
535 3634 642 3673 esse
664 3626 898 3687 noverat,
933 3618 1186 3687 crederet,
1216 3635 1319 3673 non
1344 3619 1509 3673 solum
1532 3621 1697 3691 qualis
1719 3630 1837 3675 ante
1864 3639 2039 3693 perce-

458 3718 599 3781 ptam
622 3710 837 3780 gratiam
862 3710 1035 3780 fuerit,
1061 3711 1150 3765 sed
1173 3711 1326 3765 etiam
1353 3711 1519 3778 qtmlis
1541 3712 1656 3781 jam
1683 3723 1883 3783 sumpta
1910 3716 2042 3771 uiue-

454 3809 551 3864 ret,
569 3801 841 3872 designavit
861 3799 1167 3870 (Possidius,
1179 3802 1234 3855 in
1253 3800 1370 3855 Vita
1379 3801 1675 3874 August.,in
1687 3802 1895 3876 Praef.)
1910 3805 2040 3862 Cer-

456 3894 619 3948 nebat
654 3900 917 3962 praeterea
954 3891 1135 3947 multis
1159 3892 1314 3947 bonis
1337 3891 1682 3961 Christianis,
1727 3896 1815 3965 qui
1843 3897 2040 3966 pariter

458 3987 577 4056 quis
607 3993 846 4056 tempore
874 3986 991 4056 ipso
1014 3984 1419 4041 Confessionum
1454 4001 1669 4041 suarum
1702 3996 1845 4044 esset
1880 4004 2040 4047 nosse

457 4085 733 4147 cuperent,
760 4085 968 4148 gratum
998 4076 1257 4133 facturum
1278 4091 1338 4134 se
1356 4092 1461 4133 non
1482 4079 1599 4134 sine
1618 4095 1809 4151 magno
1829 4080 2035 4139 fructu:

457 4170 719 4241 siquidem
744 4170 781 4226 ii
803 4178 856 4225 et
880 4171 1076 4241 gratias
1095 4170 1208 4226 Deo
1224 4171 1391 4226 acturi
1412 4170 1479 4227 de
1504 4172 1658 4226 donis
1688 4174 1786 4243 ipsi
1811 4174 2036 4243 collatis,

456 4270 512 4315 et
534 4261 829 4331 perspectis
849 4261 964 4331 ejus
982 4261 1138 4317 malis
1164 4276 1263 4333 pro
1284 4263 1398 4334 ipso
1422 4264 1655 4332 rogaturi
1683 4274 1861 4321 essent
1886 4265 2040 4339 (Con-

458 4353 577 4423 fess.
601 4350 688 4406 lib.
718 4351 804 4418 l0,
832 4368 946 4425 cap.
971 4353 1026 4421 5,
1054 4370 1108 4408 n.
1131 4354 1213 4424 4).
1256 4354 1491 4409 Primum
1518 4370 1646 4427 ergo
1690 4357 1737 4412 is
1770 4358 1915 4429 ipse,
1948 4359 2038 4428 qui

456 4442 541 4495 vir
566 4442 934 4499 sanctissimus
958 4457 1021 4497 ac
1040 4442 1156 4513 ejus
1182 4444 1323 4513 apud
1352 4444 1517 4501 Deum
1553 4447 1726 4501 meriti
1749 4462 1867 4503 esse
1895 4448 2040 4503 vidc-

456 4539 627 4596 retur,
648 4532 703 4587 in
724 4546 832 4603 quo
853 4531 1006 4588 facile
1029 4533 1255 4605 quisque
1273 4548 1423 4604 spem
1442 4545 1743 4605 reponeret,
1764 4537 2040 4608 proﬁtetur

460 4631 622 4677 totam
665 4636 815 4693 spem
858 4636 1008 4680 suam
1060 4625 1270 4680 nonnisi
1304 4626 1357 4681 in
1401 4641 1592 4698 magna
1638 4628 1792 4684 valde
1829 4630 2041 4684 miseri-

458 4714 640 4769 cordia
667 4714 763 4770 Dei
798 4715 953 4771 sitam
979 4729 1127 4783 esse;
1158 4716 1227 4771 ab
1254 4715 1348 4773 illo
1385 4731 1445 4773 se
1482 4728 1664 4789 petere
1701 4728 1759 4775 ut
1784 4720 1875 4776 det
1898 4722 2038 4791 quod

454 4805 628 4876 jubet,
645 4814 803 4877 atque
820 4806 923 4863 hoc
946 4816 1103 4878 pacto
1125 4808 1268 4878 quod
1290 4808 1419 4865 velit
1440 4810 1622 4881 jubeat
1644 4828 1657 4865 :
1681 4812 1819 4867 scire
1846 4826 1923 4879 se,
1947 4828 2040 4868 ne-

458 4898 655 4953 minem
682 4912 839 4968 posse
862 4913 983 4955 esse
1007 4902 1387 4967 continentem,
1412 4902 1513 4955 nisi
1533 4900 1674 4957 Deus
1693 4900 1784 4955 det
1809 4920 1823 4956 :
1846 4901 2042 4973 quippe

456 5002 577 5042 cum
606 5003 703 5058 per
728 4989 1070 5044 continentiae
1092 4989 1399 5045 mandatum
1426 4991 1580 5048 nobis
1600 4992 1955 5064 praecipiatur,
1982 5002 2043 5050 ut

456 5078 771 5148 colligamur
798 5087 853 5135 et
881 5078 1185 5150 redigamur
1209 5080 1264 5135 in
1292 5096 1476 5146 unum,
1507 5097 1537 5135 a
1556 5097 1661 5153 quo
1685 5082 1740 5136 in
1760 5084 1924 5138 multa
1943 5084 2040 5140 de-

456 5170 710 5227 ﬂuximus
735 5170 879 5245 (quia
896 5172 1144 5229 videlicet
1166 5174 1212 5229 is
1236 5174 1412 5229 minus
1436 5174 1601 5230 Deum
1622 5184 1783 5244 amat,
1813 5176 2041 5248 quicum

458 5260 573 5315 Deo
598 5260 794 5331 aliquid
822 5272 985 5332 amat,
1015 5264 1157 5335 quod
1183 5280 1288 5321 non
1313 5275 1530 5336 propter
1557 5267 1722 5321 Deum
1748 5270 1942 5340 amat);
1974 5269 2043 5324 ad

462 5352 591 5408 illud
620 5353 947 5423 implendum
972 5368 1033 5411 se
1057 5370 1154 5426 per
1172 5370 1232 5412 se
1254 5371 1361 5412 non
1392 5355 1655 5425 sufﬁcere,
1686 5358 1781 5414 sed
1804 5358 2043 5431 indigere

462 5455 521 5501 ut
548 5447 615 5502 ab
645 5446 762 5517 ipso
791 5449 901 5505 Deo
928 5451 1266 5507 accendatur.
1310 5451 1355 5506 ο
1382 5469 1544 5521 amor,
1590 5454 1691 5519 ait,
1736 5455 1819 5525 qui
1846 5470 2044 5526 semper

464 5539 611 5594 ardes
631 5548 677 5594 et
695 5558 950 5612 nunquam
971 5544 1337 5615 exstingueris!
1365 5545 1596 5602 Charitas
1614 5547 1753 5602 Deus
1771 5565 1929 5615 meus,
1958 5566 2045 5602 ac-

464 5636 621 5689 cende
646 5653 743 5692 me.
779 5634 1147 5693 Continentiam
1177 5640 1362 5711 jubes;
1385 5639 1453 5694 da
1474 5641 1608 5711 quod
1633 5642 1780 5712 jubes
1798 5684 1813 5711 ,
1858 5652 1906 5696 et
1920 5642 2046 5714 jube

467 5729 607 5801 quod
630 5731 703 5786 uis
732 5729 915 5803 (Ibid.,
933 5748 1047 5801 cap.
1075 5730 1167 5801 29,
1200 5748 1254 5787 η.
1283 5730 1397 5809 40).
1427 5732 1627 5789 Deinde
1650 5749 1951 5806 quanquam
1978 5733 2045 5790 ad

1525 273 1686 331 VITA
1722 273 1780 331 S.
1822 268 2189 330 AUGUSTINI
2227 266 2551 328 EPISCOPI.

3609 281 3722 343 216

2140 400 2259 442 eam
2288 384 2481 441 animas
2518 385 2796 443 sanitatem
2828 387 2937 459 jam
2964 388 3144 447 divino
3171 405 3391 450 munere
3427 396 3721 467 perductus

2139 487 2300 548 esset,
2325 487 2384 535 ut
2402 480 2731 537 conﬁdenter
2751 482 2863 538 Deo
2887 483 3107 553 diceret,
3137 485 3259 542 Non
3284 489 3456 557 dubia,
3478 491 3567 546 sed
3585 504 3723 551 certe

2140 572 2477 641 conscientia,
2501 573 2735 642 Domine,
2766 591 2881 629 amo
2910 584 2957 630 te
2983 575 3165 649 (Ibid.,
3197 595 3310 648 cap.
3344 579 3397 648 6,
3425 597 3479 635 η.
3502 582 3560 654 8)
3586 602 3599 638 :
3629 592 3719 642 at-

2139 673 2316 722 tamen
2342 667 2536 723 multos
2556 676 2611 724 et
2628 684 2849 740 magnos
2868 684 2988 725 esse
3007 670 3288 743 languores
3313 688 3437 729 suos
3457 681 3715 749 agnoscit,

2139 759 2332 830 quibus
2388 759 2637 817 sanandis
2684 762 2983 818 necessaria
3042 764 3114 820 sit
3169 768 3500 824 medicinalis
3551 774 3723 843 gratia

2139 851 2336 908 Christi
2354 852 2655 909 Mediatoris
2678 853 2861 927 (Ibid.,
2877 873 2992 928 cap.
3010 857 3101 927 45,
3123 876 3177 912 n.
3194 859 3307 932 68).
3326 862 3460 918 Nam
3483 867 3721 936 turpium

2137 959 2318 1001 rerum
2339 946 2595 1018 imagines
2618 956 2671 1004 et
2689 949 2867 1005 vivere
2889 950 3062 1007 adhuc
3083 952 3139 1007 in
3167 968 3261 1009 sua
3281 958 3535 1012 memoria
3557 966 3723 1015 testa-

2138 1044 2245 1106 tur,
2277 1046 2331 1093 et
2358 1039 2459 1094 sibi
2486 1054 2785 1107 occursare,
2813 1042 3052 1114 vigilanti
3077 1046 3289 1115 quidem
3315 1057 3561 1106 carentes
3584 1052 3720 1108 viri-

2139 1129 2260 1197 bus,
2289 1131 2343 1185 in
2370 1132 2571 1187 somnis
2593 1142 2768 1189 autem
2798 1150 2904 1190 non
2931 1136 3102 1193 solum
3128 1155 3293 1211 usque
3317 1141 3383 1196 ad
3410 1141 3722 1199 delectatio-

2139 1237 2283 1289 nem,
2307 1222 2402 1278 sed
2425 1224 2582 1279 etiam
2610 1239 2778 1297 usque
2800 1227 2866 1283 ad
2891 1231 3298 1288 consensionem
3322 1231 3621 1306 factumque
3648 1238 3723 1292 si-

2138 1313 2439 1368 millimum.
2453 1313 2762 1386 Quanquam
2784 1333 2927 1388 saepe
2946 1318 3105 1374 etiam
3127 1320 3179 1375 in
3200 1323 3402 1379 somnis
3418 1326 3719 1394 resistebat,

2139 1414 2194 1461 et
2216 1407 2299 1462 sui
2342 1421 2552 1463 memor
2575 1410 2860 1478 propositi,
2891 1420 3049 1483 atque
3091 1412 3145 1468 in
3171 1429 3235 1470 eo
3261 1417 3557 1474 castissime
3598 1435 3725 1491 per-

2138 1512 2381 1566 manens,
2412 1500 2612 1554 nullum
2641 1502 2831 1556 talibus
2861 1503 3125 1559 illecebris
3154 1505 3237 1560 vel
3266 1505 3538 1563 dormiens
3562 1509 3724 1565 adhi-

2138 1590 2297 1647 bebat
2325 1608 2599 1649 assensum
2624 1593 2675 1668 (1
2683 1595 2806 1659 bid.,
2830 1612 2944 1667 cap.
2977 1597 3067 1665 50,
3094 1615 3146 1652 n.
3167 1598 3279 1672 41).
3305 1599 3423 1669 Quo
3446 1602 3497 1656 in
3523 1618 3724 1674 genere

2088 1738 2098 1755 I
2138 1682 2261 1737 mali
2288 1683 2462 1740 adhuc
2502 1700 2561 1742 se
2600 1701 2719 1742 esse
2747 1688 3111 1757 comperiens,
3152 1690 3231 1745 sic
3256 1693 3553 1749 exsultabat
3596 1712 3723 1753 cum

2143 1781 2371 1830 tremore
2401 1775 2454 1829 in
2481 1791 2545 1831 eo
2572 1777 2709 1846 quod
2733 1778 2805 1832 illi
2833 1779 2975 1834 Deus
3000 1780 3311 1849 donaverat,
3337 1792 3393 1837 ut
3420 1784 3472 1839 in
3494 1801 3558 1841 eo
3577 1788 3725 1857 quod

2140 1864 2593 1923 inconsummatus
2621 1879 2735 1925 erat
2764 1871 2984 1941 lugeret.
3017 1872 3194 1943 Pergit
3218 1874 3284 1929 ad
3305 1875 3447 1930 aliud
3472 1880 3728 1935 tentatio-

2140 1958 2225 2014 nis
2236 1974 2420 2029 genus,
2444 1961 2582 2031 quod
2602 1976 2668 2017 ex
2683 1961 2871 2017 edendi
2888 1972 2942 2018 et
2960 1964 3171 2019 bibendi
3193 1967 3508 2024 necessitate
3525 1970 3720 2025 oritur.

2140 2048 2254 2103 Hoc
2281 2050 2492 2119 quidem
2520 2066 2549 2105 a
2587 2051 2696 2107 Deo
2732 2051 2953 2110 edoctus
2988 2063 3129 2121 erat,
3173 2064 3231 2110 ut
3271 2059 3725 2127 quemadmodum

2141 2140 2559 2210 medicamenta,
2617 2144 2694 2198 sic
2759 2145 3007 2201 alimenta
3069 2157 3380 2218 sumpturus
3445 2151 3730 2209 accederet

2146 2233 2331 2307 (lbid.,
2356 2253 2471 2309 cap.
2498 2238 2596 2305 51,
2624 2254 2678 2291 η.
2701 2238 2793 2311 44)
2819 2256 2831 2293 :
2865 2239 2958 2295 sed
2996 2239 3123 2295 dum
3152 2241 3219 2296 ad
3247 2243 3478 2313 quietem
3500 2246 3729 2301 satieta-

2140 2327 2211 2380 tis
2245 2341 2309 2381 ex
2334 2327 2637 2398 indigentiae
2674 2328 2914 2385 molestia
2940 2332 3227 2401 transibat,
3264 2333 3317 2388 in
3356 2334 3471 2405 ipso
3498 2338 3729 2392 transitu

2141 2416 2241 2487 ipsi
2283 2419 2631 2475 insidiabatur
2664 2420 2883 2491 laqueus
2920 2426 3383 2495 concupiscentiae.
3430 2428 3562 2496 Quia
3599 2444 3730 2485 cum

2142 2522 2284 2580 smpc
2313 2510 2571 2564 incertum
2604 2512 2698 2577 sit,
2731 2520 2907 2568 utrum
2947 2514 3123 2571 adhuc
3162 2518 3461 2573 necessaria
3488 2522 3732 2591 corporis

2141 2613 2269 2655 cura
2295 2600 2587 2656 subsidium
2617 2610 2792 2671 petat,
2838 2620 2906 2658 an
2943 2606 3240 2675 voluptaria
3282 2608 3582 2678 cupiditatis
3626 2609 3736 2666 fal-

2143 2691 2277 2748 lacia
2327 2694 2679 2750 ministerium
2758 2706 3002 2767 suppetat
3029 2716 3041 2751 :
3068 2698 3136 2753 ad
3181 2699 3285 2755 hoc
3330 2701 3589 2757 incertum
3638 2703 3734 2760 hi-

2142 2783 2355 2840 larescit
2395 2785 2577 2841 infelix
2618 2788 2794 2843 anima
2815 2830 2829 2851 ,
2862 2796 2917 2843 et
2955 2790 3006 2843 in
3038 2805 3103 2845 eo
3133 2802 3396 2862 praeparat
3424 2797 3731 2853 excusatio-

2142 2877 2226 2932 nis
2263 2879 2642 2948 patrocinium,
2686 2880 2924 2951 gaudens
2974 2898 3080 2937 non
3125 2899 3382 2954 apparere
3426 2887 3554 2957 quid
3595 2891 3731 2946 satis

2143 2970 2215 3025 sit
2238 2970 2589 3027 moderationi
2616 2972 2957 3037 valetudinis,
2991 2982 3050 3028 ut
3074 2974 3297 3030 obtentu
3328 2977 3514 3032 salutis
3532 2978 3734 3034 obum-

2142 3060 2265 3117 bret
2302 3063 2574 3133 negotium
2599 3064 2906 3135 voluptatis.
2944 3064 3039 3119 His
3080 3051 3464 3123 tentationibus
3492 3069 3735 3140 quotidie

2144 3156 2439 3211 conabatur
2462 3156 2751 3224 resistere,
2782 3165 2835 3211 et
2883 3156 3165 3213 invocabat
3207 3158 3479 3214 dexteram
3521 3161 3614 3216 Dei
3659 3162 3737 3219 ad

2144 3248 2370 3303 salutem
2397 3263 2581 3312 suam;
2611 3258 2663 3304 et
2692 3248 2758 3303 ad
2787 3264 2909 3305 eum
2945 3249 3214 3305 referebat
3239 3258 3399 3306 aestus
3421 3267 3573 3321 suos,
3604 3253 3736 3324 quia

2144 3342 2424 3398 consilium
2456 3342 2556 3397 sibi
2581 3342 2648 3398 de
2675 3341 2775 3397 hac
2795 3357 2855 3398 re
2876 3358 2981 3397 non
3006 3342 3201 3398 stabat.
3225 3343 3290 3398 Et
3312 3344 3525 3414 quidem
3554 3345 3739 3409 ebrie-

2144 3441 2224 3490 tas
2241 3434 2396 3505 longe
2421 3434 2619 3490 eratab
2635 3449 2699 3489 eo
2724 3453 2737 3489 :
2766 3436 2981 3504 crapula
3009 3444 3183 3491 autem
3206 3452 3582 3508 nonnunquam
3604 3439 3735 3495 sub-

2143 3524 2362 3595 repebat
2413 3526 2459 3580 ei
2479 3565 2494 3591 ,
2518 3526 2732 3595 crapula
2768 3533 2949 3581 tamen
2977 3542 3037 3580 ca
3062 3568 3079 3595 ,
3122 3542 3225 3598 qua
3264 3543 3369 3583 non
3400 3544 3493 3583 cor
3521 3530 3735 3601 ipsum,

2144 3618 2239 3674 sed
2280 3615 2503 3674 allectus
2528 3627 2583 3674 et
2609 3619 2866 3690 languens
2892 3619 3198 3675 stomachus
3220 3621 3275 3675 in
3297 3620 3546 3691 perfectis
3564 3622 3735 3680 etiam

2144 3710 2463 3766 Christianis
2505 3711 2789 3782 aliquando
2838 3719 3111 3781 gravatur.
3158 3712 3412 3767 Ebriosus
3459 3729 3737 3784 nunquam

2143 3799 2279 3857 fuit:
2306 3801 2446 3872 quod
2486 3802 2595 3856 Deo
2622 3817 2837 3870 prorsus
2862 3812 3140 3872 acceptum
3184 3802 3367 3858 refert.
3408 3803 3465 3858 In
3495 3804 3577 3860 bis
3600 3821 3738 3876 ergo

2144 3894 2521 3950 tentationibus
2546 3895 2770 3963 positus,
2793 3894 3031 3950 certabat
3059 3895 3299 3965 quotidie
3323 3896 3576 3953 adversus
3596 3912 3735 3954 con-

2143 3984 2520 4055 cupiscentiam
2542 3983 2734 4039 edendi
2754 3992 2808 4040 et
2833 3985 3044 4044 bibendi
3066 4000 3319 4057 :cumque
3348 4002 3456 4041 non
3486 3988 3535 4041 id
3556 3998 3733 4056 esset,

2143 4076 2285 4148 quod
2315 4077 2481 4132 semel
2505 4076 2795 4147 prtccidere
2816 4119 2832 4143 ,
2865 4085 2919 4132 et
2953 4078 3020 4133 de
3048 4092 3156 4149 quo
3181 4079 3405 4134 ulterius
3430 4095 3536 4135 non
3562 4082 3736 4136 attin-

2141 4169 2318 4241 genda
2345 4168 2632 4225 decernere
2655 4177 2870 4240 posset;
2903 4169 3037 4224 freni
3057 4170 3284 4240 gutturis
3319 4180 3606 4242 temperata
3635 4188 3736 4227 re-

2144 4262 2409 4319 laxatione
2432 4271 2486 4318 et
2511 4263 2888 4318 constrictione
2913 4263 3125 4318 tenendi
3157 4272 3329 4318 erant.
3360 4263 3466 4319 Sed
3491 4264 3737 4320 nondum

2143 4352 2190 4409 is
2214 4361 2362 4421 erat,
2393 4353 2481 4423 qui
2511 4367 2618 4407 non
2647 4361 2922 4422 raperetur
2956 4353 3335 4423 aliquantulum
3364 4363 3515 4409 extra
3553 4364 3735 4411 metas

2145 4444 2477 4501 necessitatis
2502 4461 2515 4497 :
2545 4458 2609 4498 ac
2627 4442 2974 4499 nihilominus
3002 4444 3373 4516 magniﬁcabat
3391 4460 3582 4499 nomen
3604 4445 3734 4514 Dei,

2143 4549 2302 4606 quem
2325 4576 2341 4603 ,
2382 4535 2472 4604 qui
2500 4534 2626 4589 vicit
2654 4534 2907 4591 saeculum
2927 4574 2943 4602 ,
2975 4550 3072 4606 pro
3100 4535 3266 4606 ipsius
3292 4537 3517 4605 peccatis
3555 4536 3735 4591 inter-

2144 4628 2393 4699 pellabat,
2425 4642 2716 4682 numerans
2744 4628 2915 4697 ipsum
2942 4627 3081 4682 inter
3106 4628 3314 4681 inﬁrma
3343 4627 3580 4682 membra
3600 4642 3737 4682 cor-

2144 4720 2290 4792 poris
2317 4720 2419 4775 sui.
2447 4719 2597 4788 Quod
2618 4720 2685 4774 ad
2714 4719 3014 4775 illecebram
3046 4718 3269 4774 odorum
3296 4718 3541 4789 pertinet,
3569 4718 3636 4773 de
3662 4733 3739 4775 ea

2144 4827 2250 4869 non
2281 4812 2552 4882 satagebat
2580 4811 2737 4867 nimis
2762 4829 2774 4865 :
2797 4825 2917 4866 cum
2957 4809 3179 4881 jucundi
3215 4811 3462 4865 abessent
3494 4808 3695 4865 odores
3715 4853 3735 4879 ,

2143 4919 2251 4960 non
2277 4903 2612 4974 requirebat;
2641 4918 2761 4957 cum
2788 4901 3058 4969 adessent,
3093 4916 3199 4955 non
3227 4901 3539 4972 respuebat,
3569 4915 3737 4970 para-

2145 5005 2231 5054 tus
2251 4997 2329 5052 eis
2352 5010 2562 5066 semper
2585 5010 2789 5050 carere.
2820 4994 2926 5050 Sed
2948 4995 3189 5066 quamvis
3214 4994 3283 5048 ita
3313 4995 3409 5049 sibi
3432 4993 3735 5063 videretur,

2145 5089 2247 5145 hac
2275 5089 2327 5143 in
2356 5103 2415 5143 re
2437 5097 2611 5142 tamen
2638 5085 2746 5140 falli
2776 5100 2834 5141 se
2858 5085 3110 5141 timebat:
3138 5085 3332 5155 quippe
3356 5100 3475 5139 eum
3500 5099 3619 5139 eum
3641 5081 3736 5137 la-

2145 5189 2285 5238 teret
2305 5180 2525 5236 facultas
2546 5193 2641 5234 sua
2659 5195 2777 5251 quae
2798 5180 2851 5234 in
2879 5180 2995 5249 ipso
3023 5187 3154 5244 erat,
3179 5187 3232 5233 et
3259 5179 3465 5233 animus
3495 5177 3633 5231 illius
3656 5177 3738 5233 de

2145 5274 2344 5329 viribus
2369 5272 2480 5328 suis
2509 5272 2622 5341 ipse
2647 5272 2747 5327 sibi
2777 5287 2880 5327 non
2916 5271 3068 5326 facile
3096 5260 3420 5325 credendum
3459 5269 3742 5324 existima-

2146 5374 2257 5432 ret;
2286 5366 2407 5434 quia
2446 5363 2588 5434 quod
2630 5366 2799 5431 inest,
2836 5364 3147 5433 plerumque
3176 5361 3439 5415 occultum
3481 5368 3590 5427 est,
3622 5360 3739 5416 nisi

2148 5455 2471 5526 experientia
2500 5455 2835 5509 manifestum
2865 5454 2974 5507 ﬁat.
3002 5452 3317 5522 Voluptates
3340 5454 3545 5506 aurium
3572 5460 3738 5505 tena-

2149 5550 2263 5603 cius
2291 5563 2414 5604 eum
2442 5548 2872 5618 implicavcrant,
2899 5553 2953 5599 et
2989 5544 3398 5615 subjugaverant
3422 5561 3435 5597 :
3468 5542 3560 5597 sed
3589 5543 3741 5598 Deus

2148 5640 2443 5696 resolveret
2483 5648 2536 5694 et
2572 5639 2889 5694 liberaverat
2926 5651 3071 5692 eum.
3115 5636 3263 5691 Tunc
3296 5650 3423 5706 ergo
3467 5634 3519 5688 in
3545 5632 3735 5698 sonis,

2149 5747 2283 5806 quos
2312 5734 2547 5789 animant
2575 5730 2757 5787 divina
2782 5729 3012 5800 eloquia,
3041 5742 3162 5785 cum
3189 5728 3337 5785 suavi
3361 5736 3415 5783 et
3440 5724 3733 5781 artiﬁciosa
