3990 6360
216 386 316 445 217

212 515 346 557 voce
371 504 675 565 cantantur,
704 496 1085 569 aliquantulum
1114 496 1480 567 acquiescebat
1498 538 1513 564 ,
1543 511 1648 551 non
1678 496 1797 567 qui-

207 596 333 651 dem
364 605 425 649 ut
454 594 704 659 haereret,
738 591 833 647 sed
858 600 915 646 ut
942 606 1061 646 cum
1084 590 1241 645 vellet
1260 597 1519 660 surgeret.
1548 590 1795 643 Attamen

208 686 503 757 aliquando
523 685 643 755 plus
668 684 772 739 sibi
798 682 1073 738 videbatur
1094 682 1312 735 honoris
1338 681 1401 735 iis
1421 682 1567 734 sonis
1596 679 1797 734 tribue-

209 796 290 846 re,
323 794 490 849 quam
519 779 765 844 deceret;
791 776 917 831 dum
950 776 1078 845 ipsis
1104 775 1301 829 sanctis
1320 774 1476 828 dictis
1500 770 1795 843 religiosius

211 881 265 929 et
316 871 605 927 ardentius
633 870 854 926 sentiret
899 870 1099 924 moveri
1144 869 1376 923 animum
1424 868 1478 921 in
1529 866 1795 921 flammam

205 962 443 1032 pietatis,
476 976 601 1016 cum
652 962 723 1015 ita
765 969 1060 1023 cantantur,
1090 974 1247 1029 quam
1286 958 1329 1012 si
1359 972 1463 1011 non
1508 957 1576 1011 ita
1607 964 1789 1010 canta-

204 1062 391 1110 rentur
448 1052 472 1124 (
512 1053 733 1119 Ibidem,
770 1069 885 1122 cap.
934 1052 1022 1117 55,
1080 1068 1133 1105 n.
1162 1050 1287 1121 49).
1336 1050 1464 1103 Nam
1515 1048 1794 1103 delectatio

202 1149 381 1202 carnis
434 1162 584 1217 saepe
648 1162 768 1201 eum
808 1145 1056 1212 fallebat,
1088 1142 1213 1197 dum
1268 1143 1526 1197 rationem
1576 1149 1795 1211 propter

204 1254 361 1308 quam
389 1247 669 1294 meruerat
695 1238 900 1293 admitti
926 1280 941 1305 ,
968 1238 1126 1293 etiam
1153 1250 1481 1306 praecurrere
1509 1249 1571 1289 ac
1598 1234 1792 1289 ducere

203 1338 515 1384 conaretur.
552 1330 627 1384 Ita
648 1330 699 1384 in
724 1329 809 1383 his
835 1328 1081 1398 peccabat
1098 1342 1204 1382 non
1225 1328 1458 1382 sentiens
1475 1367 1487 1389 ,
1517 1326 1610 1381 scd
1642 1334 1790 1394 post-

203 1434 262 1473 ea
304 1419 606 1475 sentiebat.
636 1418 933 1489 Aliquando
968 1418 1102 1472 hanc
1121 1418 1287 1487 ipsam
1304 1416 1559 1470 fallaciam
1575 1430 1784 1481 cavens,

204 1514 416 1568 enabat
440 1514 612 1568 nimia
641 1514 942 1579 severitate,
965 1528 1026 1565 ac
1044 1511 1199 1566 valde
1230 1509 1512 1572 interdum,
1541 1517 1597 1562 ut
1622 1509 1789 1563 melos

205 1619 359 1661 omne
384 1606 777 1661 cantilenarum
808 1605 1070 1669 suavium,
1094 1603 1283 1673 quibus
1315 1601 1615 1656 Davidicum
1642 1599 1787 1669 psal-

206 1699 391 1751 terium
423 1697 819 1767 frequentatur,
850 1696 917 1750 ab
943 1696 1158 1750 auribus
1187 1695 1296 1749 suis
1324 1693 1583 1748 removeri
1605 1692 1783 1757 vellet,

205 1797 359 1857 atque
405 1789 577 1857 ipsius
611 1786 898 1851 Ecclesiae;
932 1787 1197 1855 tutiusque
1225 1784 1323 1838 sibi
1352 1782 1619 1838 videretur
1646 1782 1786 1852 quod

207 1878 270 1932 de
296 1878 663 1932 Alexandrino
693 1879 944 1948 episcopo
974 1876 1263 1931 Athanasio
1288 1890 1428 1944 saepe
1456 1874 1553 1929 sibi
1589 1873 1786 1928 dictum

206 1972 560 2035 meminerat,
592 1971 683 2040 qui
717 1978 822 2024 tam
866 1969 1074 2024 modico
1103 1968 1244 2023 flexu
1274 1968 1418 2021 vocis
1453 1966 1674 2022 faciebat
1699 1981 1787 2021 so-

207 2078 339 2116 nare
367 2063 615 2116 lectorem
643 2061 830 2131 psalmi
858 2102 872 2126 ,
902 2070 959 2115 ut
989 2058 1347 2130 pronuntianti
1371 2057 1594 2112 vicinior
1622 2066 1782 2124 esset,

205 2167 367 2221 quam
398 2154 622 2206 canenti.
666 2152 1043 2207 Verumtamen
1085 2165 1205 2205 cum
1244 2149 1679 2204 reminiscebatur
1704 2149 1784 2204 la~

203 2260 413 2315 crymas
429 2260 561 2315 quas
593 2244 804 2300 fuderat
830 2243 897 2298 ad
920 2252 1105 2298 cantus
1126 2242 1382 2297 Ecclesia:
1408 2242 1458 2295 in
1482 2241 1784 2312 primordiis

202 2348 527 2408 recuperalze
556 2338 681 2392 ﬁdei
712 2352 841 2403 suae,
866 2344 1223 2406 quantumque
1245 2333 1578 2404 postmodum
1604 2348 1784 2387 move-

204 2441 360 2493 retur,
396 2446 508 2483 non
544 2439 704 2483 cantu
726 2470 740 2495 ,
783 2428 875 2484 sed
907 2429 1064 2483 rebus
1088 2441 1207 2497 quae
1244 2433 1541 2490 cantantur,
1571 2439 1689 2478 cum
1720 2424 1786 2478 li-

202 2522 352 2590 quida
369 2536 505 2575 voce
521 2529 576 2573 et
592 2518 1090 2574 convenientissima
1109 2516 1465 2571 modulatione
1484 2523 1781 2582 cantantur,

204 2602 442 2682 magnam
477 2612 709 2666 instituti
739 2611 900 2681 hujus
928 2611 1203 2664 utilitatem
1231 2624 1413 2662 rursus
1442 2607 1778 2678 agnoscebat.

202 2703 323 2757 Cum
353 2714 539 2758 autem
564 2702 666 2757 sibi
683 2702 967 2767 accideret,
991 2709 1048 2755 ut
1068 2700 1235 2770 ipsum
1260 2699 1376 2768 plus
1395 2706 1603 2763 cantus,
1625 2713 1782 2768 quam

200 2810 280 2850 res
304 2812 423 2865 qua:
451 2795 666 2849 canitur
691 2802 964 2858 moveret;
996 2791 1277 2863 pmnaliter
1296 2805 1355 2845 se
1375 2804 1596 2861 peccare
1620 2804 1785 2859 agno-

198 2888 394 2951 scebat,
414 2897 470 2941 et
499 2896 625 2941 tunc
655 2886 837 2940 mallet
862 2900 965 2938 non
989 2883 1172 2936 audire
1197 2890 1514 2937 cantantem.
1548 2881 1678 2934 Ecce
1698 2882 1784 2935 ubi

197 2994 303 3030 sum
326 3020 339 3040 ,
385 2978 458 3032 ait
482 2995 498 3031 ε
530 2979 649 3046 ﬂete
669 2992 884 3039 mecum,
906 2984 951 3027 et
980 2991 1070 3045 pro
1091 2989 1169 3027 me
1187 2974 1323 3043 ﬂete,
1349 2972 1432 3040 qui
1456 2971 1648 3034 aliquid
1668 2970 1783 3025 boni

197 3070 455 3123 vobiscum
496 3072 625 3122 intus
651 3070 803 3137 agitis
843 3066 975 3119 unde
1016 3070 1149 3136 facta
1180 3065 1470 3135 procedunt.
1519 3064 1657 3118 Nam
1698 3066 1784 3129 qui

199 3179 295 3215 non
336 3163 491 3233 agitis
516 3204 531 3226 ,
578 3179 678 3214 non
718 3177 801 3213 ros
849 3161 954 3213 ha’c
996 3167 1189 3212 movent
1230 3156 1416 3226 (Ibid.,
1453 3174 1505 3210 η.
1540 3157 1650 3225 50).
1680 3156 1785 3211 Re-

200 3255 410 3307 sisteliat
468 3268 683 3323 quoque
723 3249 1117 3305 seductionibus
1158 3249 1467 3314 oculorum,
1510 3255 1563 3301 et
1612 3249 1783 3314 erige-

200 3347 281 3400 bat
307 3346 371 3399 ad
418 3348 593 3400 Deum
646 3344 935 3398 invisibiles
969 3342 1169 3395 oculos.
1218 3342 1283 3393 Et
1312 3339 1523 3409 quidem
1566 3338 1782 3408 pulchra

202 3440 409 3507 trajecta
453 3454 559 3507 per
578 3425 783 3489 animas
829 3436 879 3488 in
914 3448 1100 3486 manus
1128 3431 1439 3484 artiﬁciosas
1474 3439 1693 3484 noverat
1715 3430 1781 3485 ab

202 3531 277 3585 illa
306 3528 710 3600 pulchritudine
740 3528 919 3580 venire
947 3567 961 3591 ,
993 3540 1111 3594 qua:
1136 3539 1295 3592 super
1325 3523 1526 3576 animas
1552 3530 1665 3584 est,
1694 3522 1780 3576 cui

201 3624 497 3694 suSpirabat
524 3621 703 3673 anima
735 3619 848 3688 ejus
883 3618 971 3672 die
1007 3632 1068 3670 ac
1110 3625 1282 3669 nocte.
1314 3615 1482 3668 Etiam
1523 3614 1636 3668 istis
1665 3612 1782 3682 pul-

201 3714 334 3767 chris
356 3727 608 3782 gressum
641 3708 971 3771 innectebat,
1004 3721 1162 3775 quem
1195 3705 1331 3759 Deus
1357 3704 1616 3758 evellebat
1646 3720 1657 3755 :
1691 3717 1781 3756 ea-

168 3826 173 3829 -
202 3805 434 3873 piebatur
461 3801 841 3855 miserabiliter
863 3840 878 3864 ,
906 3809 956 3853 et
985 3799 1124 3852 Deus
1144 3796 1405 3851 evellebat
1429 3794 1782 3848 misericordi-

203 3904 303 3957 ter;
330 3892 628 3963 aliquando
657 3906 763 3944 non
793 3889 1129 3951 sentientem,
1164 3887 1285 3955 quia
1313 3884 1775 3954 sx15pensiusinci—

202 3984 378 4047 derat;
427 3982 717 4051 aliquando
764 3996 883 4033 cum
928 3978 1143 4041 dolore,
1176 3977 1297 4045 quia
1339 3976 1449 4043 jam
1497 3974 1781 4027 inhtrserat

204 4073 393 4143 (lbid.,
410 4091 523 4141 cap.
546 4072 635 4137 54,
656 4088 742 4123 nn.
768 4070 855 4135 5'2,
874 4067 984 4139 55):
1008 4068 1121 4121 Jam
1152 4068 1195 4121 si
1215 4066 1281 4120 de
1296 4065 1614 4119 curiositatis
1638 4078 1780 4118 mor-

201 4172 277 4225 bo
305 4170 495 4237 agitur,
522 4167 685 4220 multa
715 4165 1025 4234 praeciderat
1044 4171 1097 4215 et
1134 4177 1161 4213 ει
1186 4175 1283 4215 suo
1311 4158 1471 4213 corde
1492 4158 1779 4229 dispulerat

196 4260 559 4331 Augustinus:
592 4273 701 4311 non
732 4264 906 4309 tamen
935 4252 1160 4305 audebat
1190 4250 1369 4303 dicere
1391 4290 1404 4310 ,
1448 4248 1589 4301 nulla
1622 4263 1678 4301 re
1720 4262 1777 4300 se

196 4354 456 4406 intentum
503 4350 616 4403 ﬁeri
648 4347 713 4402 ad
764 4344 1109 4415 Spectandum
1155 4351 1210 4395 et
1250 4354 1381 4393 vana
1411 4354 1533 4393 cura
1564 4338 1779 4409 capien-

194 4444 333 4498 dum.
382 4443 522 4496 Eum
549 4442 656 4511 jam
699 4439 905 4493 theatra
948 4450 1053 4490 non
1098 4434 1403 4504 rapiebant,
1437 4446 1535 4485 nec
1562 4429 1779 4484 curabat

197 4552 348 4590 nosse
396 4534 661 4588 transitus
714 4530 977 4593 siderum;
1023 4540 1122 4581 nec
1164 4514 1495 4592 anima-ejus
1547 4535 1775 4591 unquam

196 4641 451 4697 responsa
476 4622 723 4695 quaesivit
747 4622 1088 4684 umbrarum;
1117 4617 1293 4671 omnia
1314 4614 1569 4683 sacrilega
1597 4628 1775 4667 sacra-

196 4728 371 4775 menta
407 4716 799 4773 detestabatur.
846 4711 1049 4781 Agebat
1074 4718 1248 4763 autem
1277 4706 1542 4771 inimicus,
1569 4704 1777 4775 quantis

195 4822 403 4883 poterat
430 4786 830 4880 suggestionum
861 4800 1336 4859 machinationibus
1356 4840 1370 4863 ,
1399 4814 1519 4853 cum
1546 4813 1633 4862 eo,
1665 4805 1777 4850 uta

196 4906 300 4960 Deo
326 4906 546 4972 signum
576 4898 786 4969 aliquod
814 4904 1020 4968 peteret
1046 4914 1058 4949 :
1087 4893 1181 4949 sed
1207 4908 1236 4946 a
1263 4899 1446 4947 sancto
1472 4890 1597 4943 Viro
1623 4890 1777 4958 longe

194 5009 303 5054 erat
335 4999 438 5051 ista
469 4994 753 5049 consensio
796 4990 981 5063 (lbid.,
1003 5006 1116 5057 cap.
1150 4987 1235 5050 55,
1260 5004 1313 5039 n.
1340 4985 1462 5055 56).
1492 4981 1776 5037 Verumta-

194 5106 312 5146 men
341 5090 399 5144 in
428 5087 614 5142 multis
639 5083 1007 5139 minutissimis
1029 5080 1187 5135 rebus
1208 5077 1486 5133 curiositas
1507 5077 1621 5144 ejus
1645 5088 1779 5144 quo-

192 5184 316 5239 tidie
341 5181 677 5246 tentabatur,
704 5186 756 5232 et
789 5190 929 5244 sazpe
949 5173 1242 5229 labebatur.
1271 5170 1476 5239 Smpius
1500 5175 1776 5221 narrantes

192 5277 367 5330 inania
400 5274 576 5343 primo
599 5270 748 5341 quasi
776 5267 1055 5333 tolerabat,
1088 5279 1155 5319 ne
1184 5262 1475 5331 offenderet
1501 5259 1775 5325 inﬁrmos;

190 5366 388 5421 deinde
422 5362 676 5434 paulatim
719 5360 946 5415 libenter
973 5354 1297 5410 advertebat.
1329 5351 1526 5407 Canem
1565 5365 1778 5405 curren-

194 5467 297 5512 tem
332 5461 460 5526 post
480 5454 719 5522 leporem
745 5451 848 5520 jam
876 5463 980 5503 non
1002 5444 1278 5516 spectabat
1298 5458 1414 5498 cum
1442 5442 1493 5495 in
1521 5441 1661 5495 circo
1686 5439 1778 5494 ﬁc-

190 5558 271 5604 ret
296 5567 311 5601 :
342 5556 402 5601 at
430 5560 561 5601 vero
588 5546 642 5598 in
664 5557 813 5613 agro,
839 5541 882 5595 si
908 5554 1033 5594 casu
1063 5536 1331 5599 transiret,
1362 5532 1633 5588 avertebat
1656 5545 1777 5586 eum

193 5639 442 5695 fortassis
462 5646 517 5693 et
543 5636 611 5690 ab
637 5635 811 5702 aliqua
855 5646 1045 5701 magna
1070 5628 1416 5699 cogitatione,
1444 5633 1600 5693 atque
1625 5622 1688 5675 ad
1719 5638 1777 5677 se

196 5732 541 5788 mvcrtebat
568 5728 657 5782 illa
682 5725 924 5790 venatio,
962 5738 1067 5778 non
1094 5722 1306 5793 quidem
1334 5719 1545 5773 deviare
1579 5730 1773 5783 cogens

197 5838 419 5897 corpore
440 5820 665 5894 jumenti
699 5819 781 5875 cui
813 5816 949 5871 forte
975 5814 1258 5879 insideret,
1294 5812 1384 5867 sed
1417 5809 1591 5865 cordis
1622 5806 1776 5861 incli-

1557 378 1758 436 LIBER
1796 376 2136 449 QUARTUS.

3362 389 3473 451 918

1902 497 2136 552 natione.
2168 496 2303 553 Eum
2340 512 2549 570 quoque
2574 499 2717 556 domi
2746 501 3019 558 sedentem
3052 502 3228 560 stellio
3263 520 3473 565 muscas

1902 598 2139 659 captans,
2164 591 2249 645 vel
2284 606 2475 647 aranea
2500 592 2701 648 retibus
2738 594 2849 649 suis
2888 595 3146 651 irruentes
3171 595 3467 668 implicans,

1901 680 2157 736 intentum
2201 680 2444 738 faciebat.
2485 684 2744 754 Pergebat
2791 685 3003 756 quidem
3036 687 3102 741 ad
3147 687 3470 745 laudandum

1898 775 2101 845 Deum,
2151 788 2443 834 creatorem
2528 779 2811 836 miriﬁcum
2872 791 3028 852 atque
3106 783 3468 840 ordinatorem

1900 868 2133 922 omnium
2158 912 2173 935 ,
2203 870 2297 925 sed
2339 885 2443 926 non
2482 872 2606 926 inde
2652 873 2885 929 intentus
2923 888 3046 929 esse
3073 874 3374 945 incipiebat.
3401 876 3469 931 Et

1900 960 2091 1015 talibus
2154 963 2259 1016 vita
2310 963 2424 1032 ejus
2469 964 2623 1033 plena
2670 974 2801 1030 erat,
2858 973 2912 1019 et
2961 981 3064 1019 una
3121 980 3243 1036 spes
3297 966 3413 1037 ejus
3443 1007 3460 1034 ,

1896 1069 2083 1124 magna
2126 1056 2277 1111 valde
2328 1056 2687 1113 misericordia
2740 1058 2833 1111 Dei
2885 1057 3081 1127 (Ibid.,
3112 1076 3166 1111 η.
3216 1059 3342 1131 57).
3367 1059 3465 1115 Sa-

1897 1156 2114 1201 navarat
2180 1149 2422 1218 primitus
2474 1166 2593 1206 eum
2653 1151 2792 1205 Deus
2852 1166 2881 1203 a
2927 1151 3145 1207 libidine
3191 1152 3462 1207 vindican-

1896 1236 1999 1292 di:
2040 1254 2144 1308 quo
2204 1240 2459 1309 pr0pitius
2516 1242 2667 1297 ﬁeret
2718 1242 2877 1297 etiam
2944 1242 3152 1296 caeteris
3219 1243 3465 1300 omnibus

1895 1329 2010 1399 ejus
2054 1330 2435 1401 iniquitatibus.
2459 1332 2857 1403 Compresserat
2882 1348 2913 1387 a
2940 1333 3131 1388 timore
3149 1348 3245 1388 suo
3277 1348 3462 1404 super-

1893 1418 2034 1473 biam
2065 1420 2197 1490 ejus,
2229 1429 2284 1476 et
2311 1422 2728 1478 mansuefecerat
2758 1422 2884 1493 jugo
2908 1438 3006 1478 suo
3027 1425 3287 1480 cervicem
3314 1424 3461 1493 ejus;

1895 1509 1965 1563 ita
1978 1519 2035 1564 ut
2044 1511 2152 1579 jam
2168 1511 2291 1566 illud
2306 1513 2531 1581 portanti
2558 1513 2823 1569 leneesset
2839 1512 3023 1583 (Ibid.,
3042 1531 3157 1585 cap.
3171 1514 3259 1582 36,
3274 1533 3328 1569 η.
3347 1515 3459 1586 58).

1894 1602 2000 1658 Sed
2047 1604 2217 1659 laudis
2260 1606 2502 1660 humanm
2540 1607 2828 1661 tentatione
2865 1606 3099 1677 quotidie
3140 1608 3459 1675 tentabatur,

1892 1695 2007 1750 sine
2036 1698 2331 1752 cessatione
2351 1699 2668 1752 tentabatur.
2694 1697 2781 1751 Tu
2806 1699 2959 1763 nosti,
2988 1698 3157 1769 inquit
3179 1699 3245 1753 ad
3272 1699 3458 1765 Deum,

1892 1786 1955 1839 de
1983 1787 2077 1840 hac
2096 1804 2151 1841 re
2179 1789 2246 1840 ad
2270 1798 2315 1841 te
2336 1790 2569 1859 gemitum
2598 1788 2763 1842 cordis
2788 1790 2885 1842 mei
2903 1797 2949 1842 et
2968 1789 3178 1859 ﬂuntina
3205 1790 3463 1843 oculorum

1890 1894 2129 1931 meorum.
2175 1878 2350 1947 Neque
2382 1881 2515 1933 enim
2555 1880 2705 1950 facile
2734 1879 2946 1950 colligo,
2974 1896 3123 1949 quam
3160 1880 3253 1933 sim
3278 1880 3337 1932 ab
3366 1880 3463 1934 ista

1892 1979 2024 2041 peste
2048 1972 2371 2037 mundatior;
2401 1982 2446 2026 et
2468 1974 2681 2027 multum
2708 1972 2855 2026 timeo
2881 1973 3073 2027 occulta
3094 1989 3223 2038 mea,
3244 1988 3355 2044 qua:
3373 1989 3464 2025 no-

1892 2071 2008 2116 runt
2033 2064 2165 2116 oculi
2187 2065 2278 2127 tui,
2308 2064 2405 2117 mei
2434 2074 2596 2117 autem
2621 2081 2739 2117 non.
2764 2064 3039 2118 Contristor
3056 2062 3329 2134 aliquando
3352 2062 3465 2116 laup

1889 2153 2032 2207 dibus
2057 2154 2178 2206 meis
2196 2194 2211 2219 ,
2244 2169 2358 2207 cum
2382 2154 2457 2207 vel
2477 2170 2535 2207 ea
2562 2154 2840 2207 laudantur
2879 2154 2933 2207 in
2962 2170 3039 2205 me
3071 2153 3124 2207 in
3152 2152 3327 2222 quibus
3355 2152 3461 2222 ipse

1888 2244 2011 2297 mihi
2051 2243 2325 2310 displiceo;
2370 2245 2445 2297 vel
2475 2245 2622 2296 etiam
2662 2244 2790 2296 bona
2817 2244 3011 2296 minora
3052 2251 3099 2297 et
3141 2243 3268 2296 levia
3302 2243 3462 2312 pluris

1888 2337 2215 2404 testimantur,
2238 2354 2387 2407 quam
2412 2338 2705 2391 cestimanda
2724 2346 2857 2391 sunt.
2876 2336 2983 2392 Sed
3006 2352 3176 2391 rursus
3203 2335 3333 2388 unde
3360 2336 3463 2390 scio

1886 2444 1953 2481 an
1980 2438 2241 2498 propterea
2265 2430 2336 2482 sic
2356 2430 2562 2498 afﬁcior,
2591 2430 2706 2499 quia
2728 2427 2844 2481 nolo
2872 2428 2935 2481 de
2960 2444 3037 2480 me
3062 2428 3171 2496 ipso
3198 2442 3229 2479 a
3254 2442 3332 2479 me
3352 2427 3460 2479 dis-

1886 2520 2068 2573 sentire
2096 2520 2409 2573 laudatorem
2432 2536 2630 2584 meum;
2668 2536 2769 2572 non
2794 2519 2914 2587 quia
2946 2517 3084 2572 illius
3112 2518 3326 2571 utilitate
3346 2534 3459 2571 mo-

1888 2625 2020 2671 veor,
2049 2610 2137 2665 sed
2162 2611 2277 2679 quia
2304 2611 2476 2663 eadem
2503 2610 2635 2663 bona
2663 2624 2774 2679 quae
2798 2609 2921 2662 mihi
2946 2609 2999 2662 in
3023 2625 3102 2663 me
3131 2608 3344 2679 placent,
3367 2609 3462 2677 ju-

1887 2701 2130 2755 cundiora
2155 2702 2277 2754 mihi
2300 2710 2415 2755 sunt
2439 2710 2619 2755 cumet
2648 2700 2795 2754 alteri
2824 2700 3060 2770 placent?
3088 2698 3242 2753 Video
3267 2716 3367 2752 non
3386 2716 3465 2753 me

1887 2792 2120 2846 laudibus
2137 2794 2258 2846 meis
2279 2801 2481 2862 propter
2501 2808 2599 2854 me,
2620 2791 2709 2845 sed
2730 2798 2933 2861 prapter
2960 2790 3176 2860 proximi
3199 2791 3464 2843 utilitatem

1888 2883 2073 2936 moveri
2099 2891 2341 2953 Oportere.
2381 2883 2448 2936 Et
2476 2892 2645 2936 utrum
2683 2882 2755 2935 ita
2782 2882 2843 2935 sit
2866 2922 2882 2949 ,
2932 2882 3114 2936 nescio.
3164 2881 3343 2936 Sermo
3379 2898 3465 2935 ore

1888 2973 2158 3045 procedens
2179 3015 2193 3038 ,
2238 2982 2285 3027 et
2312 2977 2445 3045 facta
2472 2989 2584 3042 qua?
2604 2974 2918 3028 innotescunt
2947 2972 3259 3037 hominibus',
3286 2973 3464 3026 habent

1890 3066 2207 3118 tentationem
2246 3064 2721 3135 periculosissimum
2759 3066 2821 3118 ab
2861 3080 3029 3118 amore
3066 3064 3262 3130 laudis,
3284 3064 3367 3134 qui
3397 3064 3463 3118 ad

1889 3160 2133 3229 privatam
2172 3160 2440 3228 quamdam
2481 3159 2825 3212 excellentiam
2867 3159 3118 3212 contrahit
3157 3158 3463 3212 emendicata

1886 3248 2167 3319 suffragia;
2210 3258 2362 3302 tentat
2385 3258 2431 3302 et
2465 3266 2578 3303 cum
2610 3266 2641 3301 α
2671 3266 2749 3303 me
2789 3250 2841 3302 in
2879 3265 2959 3303 me
2985 3250 3235 3319 arguitur,
3272 3266 3327 3302 eo
3352 3251 3464 3318 ipso

1886 3357 1984 3412 quo
2013 3342 2274 3412 arguitur;
2312 3350 2360 3395 et
2392 3356 2527 3410 stupe
2564 3340 2712 3394 homo
2737 3342 2799 3393 de
2824 3341 2935 3409 ipso
2972 3356 3115 3395 vance
3142 3340 3317 3411 gloriae
3343 3357 3463 3395 con-

1887 3438 2075 3499 temptu
2094 3431 2267 3483 uanius
2292 3430 2538 3500 gloriatur
2558 3429 2742 3499 (Ibid.,
2760 3446 2875 3500 cap.
2892 3430 2980 3494 37,
3007 3447 3061 3484 η.
3086 3428 3293 3501 60-65).
3319 3431 3460 3485 Alibi

1886 3522 2047 3577 etiam
2088 3522 2211 3591 quid
2241 3522 2307 3575 ab
2349 3521 2576 3575 humana
2608 3521 2761 3576 laude
2791 3523 3000 3589 timeat,
3028 3536 3123 3576 cur
3158 3537 3273 3576 eam
3302 3523 3458 3590 plane

1885 3628 1991 3667 non
2021 3613 2252 3679 abnuat,
2290 3622 2380 3666 aut
2405 3627 2505 3682 qua
2533 3613 2736 3667 ratione
2762 3612 2883 3667 inde
2924 3611 3201 3679 afﬁciatur,
3229 3613 3462 3668 declarat

1885 3701 1938 3757 in
1977 3701 2121 3756 hunc
2158 3702 2373 3757 modum
2406 3719 2418 3754 :
2451 3701 2739 3755 Periculum
2782 3718 2945 3756 meum
2984 3711 3083 3767 est,
3127 3702 3170 3756 si
3206 3702 3460 3758 attendam

1884 3794 2131 3862 quomodo
2156 3794 2372 3846 laudatis
2391 3833 2405 3857 ,
2439 3801 2485 3845 et
2521 3793 2834 3846 dissimulem
2860 3791 3108 3863 quomodo
3138 3792 3329 3845 vivatis.
3358 3790 3387 3844 l
3395 3792 3462 3845 lle

1884 3895 2051 3939 autem
2090 3886 2224 3940 novit
2247 3926 2261 3951 ,
2309 3886 2400 3939 sub
2444 3886 2587 3955 cujus
2633 3885 2790 3938 oculis
2820 3885 3029 3957 loquor,
3062 3884 3163 3937 imo
3199 3883 3289 3937 sub
3317 3885 3461 3953 cujus

1884 3978 2045 4031 oculis
2061 3978 2244 4048 cogito,
2263 3994 2361 4031 non
2381 3994 2460 4031 me
2481 3987 2581 4030 tam
2603 3977 2839 4031 delectari
2859 3975 3092 4030 laudibus
3112 3976 3457 4047 popularibus,

1883 4084 2034 4135 quam
2057 4067 2306 4121 stimulari
2336 4077 2382 4121 et
2411 4068 2532 4138 angi
2556 4068 2806 4139 quomodo
2832 4068 2996 4119 vivant
3023 4066 3109 4135 qui
3130 4082 3207 4119 me
3228 4064 3458 4120 laudant.

1888 4158 2109 4213 Laudari
2132 4168 2295 4211 autem
2321 4176 2351 4212 α
2380 4159 2510 4212 male
2531 4158 2799 4212 viventibus
2825 4158 2942 4211 nolo
2960 4198 2975 4223 ,
3018 4158 3286 4222 abhorreo,
3327 4158 3459 4211 dete-

1882 4259 1989 4304 stor
2015 4266 2033 4303 :
2059 4250 2221 4303 dolori
2248 4250 2369 4302 mihi
2394 4258 2501 4316 est,
2540 4265 2641 4301 non
2666 4248 2926 4318 uoluptati.
2973 4247 3197 4300 Laudari
3238 4256 3400 4300 autem
3429 4265 3461 4301 a

1883 4340 2005 4395 bene
2028 4340 2316 4403 viventibus,
2350 4341 2393 4393 si
2423 4340 2591 4392 dicant
2618 4339 2755 4405 nolo,
2784 4339 3037 4404 mentior;
3066 4338 3108 4391 si
3133 4339 3297 4391 dicam
3325 4338 3456 4404 volo,

1883 4430 2031 4485 timeo
2050 4448 2112 4485 ne
2130 4432 2223 4485 sim
2244 4431 2502 4484 inanitatis
2521 4431 2852 4501 appetentior,
2879 4445 3028 4499 quam
3049 4430 3335 4483 soliditatis.
3362 4430 3463 4483 Er-

1882 4539 1947 4594 go
1971 4522 2090 4592 quid
2116 4523 2321 4577 dicam?
2359 4520 2469 4575 Nec
2496 4523 2639 4591 plene
2680 4521 2825 4587 volo,
2868 4538 2956 4575 nec
2991 4522 3134 4592 plene
3171 4522 3305 4576 nolo.
3342 4521 3461 4577 Non

1883 4615 2028 4685 plene
2052 4614 2162 4667 volo
2186 4655 2202 4679 ,
2234 4630 2295 4667 ne
2338 4614 2391 4667 in
2420 4612 2567 4667 laude
2595 4613 2815 4666 humana
2854 4614 3134 4683 pericliter;
3175 4630 3276 4667 non
3315 4613 3461 4683 plene

1882 4705 2020 4770 nolo,
2049 4720 2111 4757 ne
2134 4704 2319 4773 ingrati
2346 4704 2444 4757 sint
2463 4702 2638 4773 quibus
2664 4703 2881 4773 praedico
2911 4702 3114 4771 (Serm.
3140 4703 3262 4769 559,
3286 4720 3338 4757 η.
3371 4704 3393 4757 1
3416 4704 3456 4774 ).

1882 4794 2180 4861 Postremo,
2205 4793 2344 4863 quod
2367 4794 2433 4847 ad
2460 4793 2590 4848 illud
2618 4794 2760 4848 aliud
2787 4794 3091 4848 tentationis
3111 4794 3327 4859 malum,
3355 4810 3460 4863 quo

1883 4886 2193 4942 inanescunt
2213 4887 2301 4957 qui
2326 4888 2535 4956 placent
2571 4885 2673 4939 sibi
2710 4884 2776 4939 de
2804 4900 2863 4940 se
2886 4926 2901 4951 ,
2940 4894 3032 4939 aut
3069 4884 3135 4939 de
3168 4885 3261 4939 Dei
3301 4884 3455 4939 bonis

1882 4977 2033 5047 quasi
2060 4976 2190 5040 suis,
2214 4987 2303 5031 aut
2333 4986 2579 5046 tanquam
2602 4991 2667 5030 ex
2694 4976 2895 5030 meritis
2917 4976 3045 5037 suis,
3071 4983 3161 5028 aut
3178 4974 3320 5028 velut
3342 4973 3459 5028 aliis

1883 5069 2178 5124 invidentes
2210 5084 2295 5137 ea,
2323 5068 2654 5123 afﬁciebatur
2675 5070 2784 5137 ipse
2812 5078 3039 5122 tremore
3057 5065 3249 5131 cordis,
3274 5073 3327 5119 et
3353 5065 3459 5119 vul-

1883 5174 2015 5215 nera
2044 5175 2138 5214 sua
2166 5161 2331 5230 magis
2357 5160 2581 5215 subinde
2603 5175 2631 5212 a
2661 5160 2769 5213 Deo
2795 5157 3008 5224 sanari,
3039 5171 3196 5225 quam
3225 5156 3325 5211 sibi
3350 5171 3457 5212 non

1883 5253 2048 5323 inﬁigi
2076 5253 2332 5308 sentiebat
2357 5252 2757 5323 (Confessionum
2786 5251 2870 5303 lib.
2894 5249 2982 5313 10,
3005 5264 3119 5319 cap.
3147 5249 3237 5317 59,
3266 5267 3319 5304 n.
3343 5249 3456 5320 65).

1952 5342 2006 5395 2.
2047 5342 2149 5398 Ubi
2175 5357 2233 5397 se
2261 5343 2473 5413 agnovit
2501 5342 2876 5410 confessusque
2896 5346 2977 5393 est
3004 5347 3216 5394 sanctus
3244 5339 3459 5409 Episco-

1839 5424 1849 5431 ’
1883 5447 1981 5503 pus
2010 5434 2073 5487 iis
2099 5434 2273 5487 omnis
2309 5434 2519 5503 generis
2559 5430 2789 5502 peccatis
2829 5430 3114 5484 obnoxium
3139 5470 3156 5497 ,
3207 5430 3457 5500 quidquid

1883 5525 2094 5579 tandem
2124 5524 2210 5577 alii
2236 5524 2301 5577 de
2330 5524 2444 5592 ejus
2472 5523 2731 5593 probitate
2750 5536 2813 5576 ac
2837 5522 3030 5577 merito
3052 5522 3301 5590 sentiant,
3323 5521 3457 5576 adeo

1884 5632 1990 5671 non
2020 5614 2406 5669 contemnenda
2441 5614 2530 5668 illa
2570 5613 2824 5681 ducebat,
2854 5623 2912 5667 ut
2944 5613 3116 5683 potius
3145 5620 3368 5668 testetur
3392 5626 3451 5667 se

1884 5717 2031 5765 tanto
2060 5708 2248 5762 timore
2277 5721 2594 5762 concussum
2642 5706 2802 5762 fuisse
2821 5748 2836 5775 ,
2875 5714 2935 5762 ut
2967 5706 3035 5761 de
3062 5704 3358 5775 arripienda
3399 5703 3452 5760 il

1822 5826 1847 5839 η
1884 5801 2219 5860 solitudinem
2256 5800 2376 5873 fuga
2404 5802 2663 5875 cogitarit.
2701 5800 3007 5857 Conterritus
3048 5798 3265 5873 peccatis
3301 5798 3453 5865 meis,
