3990 6360
499 498 694 571 inquit,
735 503 784 550 et
809 492 943 550 male
966 490 1184 549 misaiar
1201 503 1346 558 mea,
1371 486 1678 562 agitaveram
1697 484 1750 539 in
1776 479 1945 550 corde,
1971 495 2078 535 me-

500 595 784 662 ditatusque
811 593 1006 661 fueram
1029 586 1204 658 fugam
1221 585 1274 640 in
1298 583 1612 639 solitudinem
1624 598 1643 647 ;
1668 578 1756 635 sed
1782 575 2081 651 prohibuisti

499 702 599 752 me,
630 692 678 738 et
705 681 1014 751 conﬁrmasti
1035 695 1114 733 me
1136 678 1306 732 dicens
1330 691 1349 731 :
1375 693 1393 727 ι
1431 673 1556 728 Ideo
1580 689 1670 744 pro
1685 671 1913 726 omnibus
1933 667 2080 725 Chri-

501 787 612 834 stus
632 786 864 832 mortuus
879 783 951 829 est
970 782 1024 828 ut
1041 772 1129 843 qui
1147 772 1334 835 vivunt,
1341 771 1454 840 jam
1475 784 1577 823 non
1603 767 1694 821 sibi
1715 765 1898 827 vivant,
1927 761 2016 817 sed
2035 762 2080 816 ei

499 871 584 943 qui
611 885 703 940 pro
723 870 846 939 ipsis
871 876 1098 922 mortuus
1117 877 1186 920 est
1214 862 1296 936 (ll
1317 861 1432 916 Cor.
1449 877 1504 924 v,
1536 857 1644 931 M).
1674 858 1814 913 Nihil
1833 871 1958 926 ergo
1977 855 2079 910 sibi

500 963 762 1033 reliquum
791 975 910 1016 esse
935 958 1202 1029 cognovit,
1245 957 1342 1011 nisi
1372 961 1430 1009 ut
1465 954 1519 1009 in
1546 953 1709 1008 Deum
1730 951 1960 1020 iactaret
1983 963 2077 1003 cu-

501 1071 614 1113 ram
641 1070 787 1112 suam
810 1095 824 1119 ,
853 1061 911 1109 ut
941 1054 1140 1107 viveret
1171 1048 1574 1122 (Cenfessionum
1599 1046 1687 1100 lib.
1721 1043 1823 1111 10,.
1843 1059 1957 1112 cap.
1988 1041 2076 1106 45,

501 1166 553 1203 n.
582 1148 693 1218 70).
720 1146 886 1201 Filios
908 1155 1035 1207 tuas,
1065 1144 1156 1210 ait,
1188 1157 1292 1197 esse
1317 1139 1516 1194 voluisti
1542 1139 1770 1192 domines
1793 1152 1947 1202 meos,
1971 1134 2084 1201 qui-

502 1243 590 1296 bus
616 1239 815 1313 jussisti
845 1248 898 1291 ut
923 1237 1136 1291 serviam
1159 1276 1174 1301 ,
1213 1235 1256 1288 si
1295 1233 1404 1286 volo
1431 1239 1590 1286 tecum
1618 1229 1680 1284 de
1707 1238 1754 1283 te
1791 1231 1964 1284 vivere.
2011 1225 2081 1280 Et

503 1335 596 1386 hoc
621 1331 745 1384 mihi
773 1328 974 1384 verbum
1009 1335 1150 1379 tuum
1181 1341 1360 1394 parum
1386 1332 1490 1377 erat
1510 1362 1526 1389 ,
1553 1323 1598 1376 si
1627 1319 1872 1392 loquendo
1896 1319 2079 1391 praeci-

502 1434 656 1497 peret,
682 1425 778 1478 nisi
795 1434 839 1478 et
860 1420 1088 1494 faciendo
1110 1418 1329 1490 prteiret.
1359 1416 1425 1470 Et
1454 1433 1543 1488 ego
1560 1415 1614 1469 id
1639 1429 1734 1485 age
1754 1412 1902 1487 factis
1923 1422 1970 1468 et
2000 1412 2080 1466 di-

502 1517 625 1581 ctis;
663 1515 715 1569 id
753 1531 848 1584 age
885 1512 975 1567 sub
1001 1511 1099 1564 alis
1136 1509 1235 1563 tuis
1276 1507 1426 1561 nimis
1466 1522 1579 1560 cum
1620 1505 1807 1577 ingenti
1837 1503 2075 1574 periculo,

501 1609 599 1663 nisi
619 1606 738 1677 quia
761 1605 851 1658 sub
876 1604 973 1657 olis
1002 1603 1102 1658 tuis
1127 1601 1211 1654 tibi
1233 1598 1430 1653 subdita
1458 1606 1530 1652 est
1559 1599 1727 1651 anima
1752 1612 1860 1650 mea
1879 1636 1895 1662 ,
1923 1605 1968 1648 et
1995 1595 2080 1647 in-

501 1701 716 1770 firmitas
741 1715 851 1752 mea
872 1698 1101 1751 tibi'neta
1127 1703 1198 1748 est
1224 1692 1410 1764 (Ibid.,
1434 1709 1549 1764 cap.
1567 1693 1622 1758 4,
1647 1707 1700 1746 ιι.
1729 1688 1813 1761 6).
1842 1690 2080 1758 Denique
2140 1705 2150 1723 ι

500 1795 589 1849 vix
628 1791 914 1862 aliquando
950 1788 1220 1845 sufﬁceret
1249 1829 1262 1853 ,
1295 1796 1350 1841 ιιι
1379 1785 1505 1841 dicit
1530 1828 1543 1852 ,
1573 1785 1773 1839 calamo
1802 1781 2082 1838 enuntiare

501 1887 677 1942 omnia
704 1885 796 1940 Dei
821 1885 1174 1949 hortamenta,
1210 1895 1395 1936 omnes
1423 1890 1653 1934 terrores
1680 1888 1733 1933 et
1757 1876 2080 1932 consolatio-

499 1994 598 2035 nes
623 1986 678 2034 et
703 1977 1130 2050 gubernationes,
1163 1975 1356 2044 quibus
1389 1988 1508 2026 eum
1544 1971 1610 2025 ad
1635 1969 1961 2026 subeundam
1988 1984 2082 2038 pa-

503 2070 717 2126 storalis
763 2067 924 2124 cilicii
979 2068 1241 2123 sarcinam
1298 2064 1542 2136 perduxit
1601 2061 1915 2132 (lbid.,lib.
1972 2062 2076 2128 ll,

501 2179 616 2236 cap.
643 2161 699 2228 ε,
730 2179 784 2216 n.
813 2162 891 2233 2).
916 2162 992 2215 Eo
1015 2161 1332 2215 constitutus
1361 2160 1498 2224 loco,
1531 2172 1650 2211 cum
1679 2157 1730 2210 in
1757 2156 1933 2211 divina
1964 2155 2082 2225 lege

501 2252 746 2309 meditari
765 2253 890 2308 olim
913 2251 1291 2316 inardesceret,
1307 2248 1521 2304 nolebat
1544 2249 1599 2303 in
1620 2246 1765 2303 aliud
1792 2247 1952 2302 horas
1977 2244 2082 2300 dil-

499 2346 686 2411 ﬂuere,
717 2359 848 2415 quas
877 2359 908 2398 a
945 2343 1351 2399 necessitatibus
1377 2341 1489 2396 sive
1533 2339 1803 2395 reﬁciendi
1843 2339 2082 2408 corporis

499 2435 612 2500 sui,
665 2436 778 2490 sive
815 2433 1079 2489 serviendi
1109 2432 1414 2488 hominibus
1451 2445 1592 2486 cura:
1621 2447 1732 2485 suae
1759 2430 2078 2495 commissis,

499 2526 698 2582 liberas
726 2525 1030 2581 inveniebat
1056 2542 1068 2576 :
1092 2524 1330 2579 maxime
1359 2537 1479 2578 cum
1520 2538 1579 2576 se
1621 2521 1881 2592 ejusmodi
1909 2522 2084 2575 studio

499 2632 607 2674 non
651 2617 750 2672 sibi
806 2616 938 2684 soli,
994 2615 1088 2670 sed
1156 2614 1405 2670 fraterna:
1447 2614 1692 2669 charitati
1726 2613 1883 2667 simul
1926 2612 2086 2682 prod-

500 2729 620 2770 esse
660 2720 887 2784 optaret.
927 2710 1103 2767 Castae
1162 2710 1364 2766 deliciae
1426 2711 1591 2780 ipsius
1649 2716 1800 2765 erant
1847 2707 2087 2777 Scriptu-

501 2821 578 2861 ra:
613 2804 748 2869 Dei;
787 2804 938 2874 cujus
993 2818 1094 2858 vox
1142 2803 1306 2873 ipsius
1333 2801 1603 2873 gaudium,
1654 2800 1804 2871 cujus
1859 2815 1955 2853 vox
2007 2799 2083 2852 illi

507 2904 624 2952 erat
674 2909 836 2965 super
876 2894 1201 2950 aﬂluentiam
1249 2895 1575 2963 voluptatum
1623 2891 1838 2964 (Ibid.,
1883 2889 2082 2962 n.-5).

501 2985 862 3055 Praeterquam
915 2986 1055 3056 quod
1111 2986 1165 3040 in
1207 3000 1382 3040 rerum
1431 2985 1590 3039 etiam
1620 2993 1916 3040 creatarum
1958 2999 2091 3040 con-

501 3077 827 3134 sideratione
886 3079 1050 3134 Deum
1104 3093 1388 3149 quaerens,
1432 3092 1496 3134 ac
1546 3076 1613 3132 de
1668 3077 1913 3139 omnibus
1965 3092 2086 3131 cum

502 3171 806 3236 consulens,
839 3186 905 3225 an
941 3170 1046 3225 sint
1066 3213 1082 3239 ,
1105 3170 1229 3241 quid
1257 3169 1397 3236 sint,
1429 3177 1482 3224 et
1501 3168 1683 3240 quanti
1710 3183 1930 3239 qumque
1963 3183 2090 3238 pen-

501 3264 678 3321 denda
711 3265 852 3332 sint,
884 3263 1130 3318 audiebat
1167 3261 1432 3317 dicentem
1461 3261 1835 3331 acjubentem.
1866 3259 1935 3314 Et
1959 3277 2092 3332 saepe

502 3357 639 3413 istud
663 3357 816 3429 facio,
843 3357 1046 3427 inquit;
1072 3356 1166 3410 hec
1193 3372 1270 3409 me
1296 3353 1528 3416 delectat,
1552 3363 1598 3408 et
1628 3352 1688 3407 ab
1715 3351 1991 3407 actionibus
2013 3370 2092 3406 ne-

503 3451 748 3507 cessitatis
777 3459 1020 3521 quantum
1044 3449 1267 3504 relaxari
1287 3463 1511 3517 possum,
1529 3444 1598 3500 ad
1618 3447 1766 3500 istam
1785 3445 2091 3514 voluptatem

502 3543 718 3615 refugio.
752 3541 932 3614 Neque
955 3542 1008 3596 in
1030 3541 1108 3595 his
1137 3540 1364 3594 omnibus
1388 3554 1500 3610 qua:
1529 3554 1766 3609 percurro
1783 3579 1796 3604 ,
1824 3539 2091 3593 consulens

509 3643 576 3699 te,
607 3635 808 3688 invenio
835 3641 997 3687 tutum
1025 3632 1189 3686 locum
1211 3631 1396 3685 animle
1415 3645 1556 3693 meta,
1580 3629 1676 3683 nisi
1699 3629 1753 3683 in
1772 3637 1836 3694 te,
1865 3646 1963 3696 quo
1982 3629 2090 3683 cel.

504 3724 728 3797 ligantur
745 3739 926 3794 sparsa
953 3739 1061 3776 mea
1083 3764 1098 3790 ,
1129 3739 1219 3777 nec
1239 3739 1269 3775 a
1293 3731 1338 3774 te
1365 3721 1640 3790 quidquam
1678 3719 1875 3773 recedat
1899 3736 1965 3774 ex
1991 3735 2086 3774 me.

504 3815 575 3870 Et
603 3815 876 3885 aliquando
897 3815 1184 3869 intremittis
1205 3830 1286 3867 me
1311 3813 1365 3866 in
1389 3810 1627 3880 affectum
1647 3810 1858 3864 multum
1873 3810 2092 3866 inusita-

506 3914 612 3962 tum
637 3907 901 3971 introrsus,
935 3906 1002 3959 ad
1027 3906 1191 3960 nescio
1215 3921 1366 3975 quant
1387 3904 1740 3970 dulcedinem;
1763 3919 1874 3976 qua:
1898 3905 1942 3959 si
1975 3921 2090 3975 per-

506 4001 712 4072 ficiatur
736 4001 789 4054 in
818 4017 927 4067 me,
962 4000 1124 4054 nescio
1146 4000 1264 4068 quid
1283 3998 1376 4052 erit
1395 4039 1409 4064 ,
1441 3988 1576 4064 quod
1604 3997 1705 4052 vita
1732 3998 1825 4052 ista
1854 4014 1954 4051 non
1975 3997 2089 4051 erit.

510 4091 620 4150 Sed
651 4093 819 4147 recide
847 4092 898 4146 in
926 4092 1032 4147 hazc
1061 4091 1356 4146 aerumnosis
1387 4089 1689 4160 ponderibus
1708 4131 1724 4157 ,
1764 4099 1810 4143 ct
1837 4089 2094 4144 reserbeor

505 4182 683 4240 solutis
703 4226 717 4251 ,
746 4192 792 4238 et
819 4193 1020 4249 teneor;
1048 4191 1094 4236 et
1123 4182 1337 4236 multum
1365 4182 1463 4254 ﬂeo
1481 4223 1496 4249 ,
1525 4181 1614 4236 sed
1645 4180 1855 4234 multum
1886 4191 2052 4236 teneor
2075 4197 2094 4236 :

508 4288 706 4333 tantum
732 4276 1105 4332 consuetudinis
1141 4277 1343 4330 sarcina
1371 4274 1646 4346 degravat!
1674 4273 1774 4328 llic
1803 4291 1908 4329 esse
1932 4275 2090 4342 valeo,

507 4388 598 4426 nec
621 4370 734 4424 velo
748 4387 768 4437 ;
793 4368 900 4424 illic
924 4369 1056 4434 velo,
1085 4386 1174 4422 nec
1203 4369 1376 4432 valeo;
1398 4369 1546 4423 miser
1566 4368 1825 4439 utrobique
1849 4367 2007 4442 (Ibid.
2032 4368 2096 4421 li-

513 4463 603 4517 bre
633 4462 719 4530 10,
756 4479 872 4534 cap.
893 4461 985 4530 40,
1013 4479 1065 4515 ιι.
1095 4460 1206 4531 65).
1236 4461 1314 4515 Ex
1348 4476 1454 4532 quo
1485 4462 1650 4517 Deum
1681 4461 1958 4527 didicerat,
1989 4479 2095 4517 non

508 4555 707 4611 frustra
728 4564 1030 4609 manentem
1052 4569 1172 4609 eum
1203 4554 1430 4609 habebat
1455 4552 1506 4610 in
1534 4569 1626 4610 sua
1653 4554 1911 4612 memoria
1942 4572 1954 4608 :
1989 4554 2096 4609 illic

509 4660 632 4701 eum
654 4645 990 4713 inveniebat,
1019 4653 1072 4699 et
1097 4644 1458 4700 delectabatur
1486 4645 1539 4699 in
1580 4661 1665 4700 eo.
1704 4637 1800 4700 Hae
1827 4653 1977 4711 sunt,
2015 4645 2097 4699 in-

509 4737 750 4810 quiebat,
777 4746 965 4793 sanctae
985 4737 1182 4792 delicia:
1209 4753 1350 4804 mete,
1369 4754 1492 4808 quas
1512 4737 1711 4793 donasti
1732 4739 1873 4804 mihi,
1899 4738 2096 4792 miseri-

509 4827 684 4883 cordia
699 4838 787 4882 tua
808 4828 1078 4898 respiciens
1099 4836 1448 4899 paupertatem
1469 4845 1631 4882 meam
1657 4827 1708 4901 (1
1715 4827 1843 4896 bid.,
1864 4845 1979 4900 cap.
2002 4827 2094 4899 24,

509 4937 565 4975 ιι.
593 4921 715 4992 '55).

583 5014 635 5068 5.
679 5012 831 5082 Quod
855 5010 920 5067 ad
951 5012 1150 5067 cultum
1181 5009 1421 5083 corporis
1446 5010 1636 5068 attinet
1660 5029 1674 5065 :
1715 5010 1884 5067 Vestes
1913 5014 2026 5084 ejus
2051 5020 2100 5068 et

511 5105 849 5160 calceamenta
873 5101 952 5158 vel
980 5103 1214 5158 lectualia
1234 5119 1296 5157 ea:
1315 5102 1574 5158 moderate
1598 5106 1899 5173 competenti
1927 5105 2100 5170 habitu

511 5204 676 5264 erant,
703 5213 792 5252 nec
825 5197 987 5250 nitida
1015 5189 1226 5250 nimium
1243 5236 1258 5262 ,
1291 5210 1380 5249 nec
1411 5195 1610 5266 objecta
1633 5188 1910 5268 plurimum
1933 5211 1953 5252 :
1981 5197 2099 5266 quia

514 5289 592 5344 his
621 5288 915 5360 plerumque
938 5289 1014 5342 vel
1033 5289 1232 5360 jactare
1269 5301 1324 5341 se
1350 5285 1620 5341 insolenter
1645 5287 1868 5342 homines
1895 5287 2056 5344 solent
2081 5329 2098 5356 ,

512 5377 592 5433 vel
611 5377 864 5450 abjicere;
894 5396 957 5434 ea:
983 5387 1190 5450 utroque
1227 5392 1328 5431 non
1353 5392 1466 5447 qua:
1486 5376 1612 5432 Jesu
1640 5376 1846 5446 Christi,
1877 5379 1968 5435 sed
1989 5393 2103 5450 quia

511 5487 608 5525 sua
634 5481 752 5526 sunt
786 5470 941 5526 iidem
965 5480 1244 5542 querentes
1270 5481 1359 5524 :at
1391 5470 1486 5525 iste
1513 5465 1736 5546 (sanctus
1765 5470 2096 5543 Episcopus),

453 5555 467 5605 ’τ
511 5570 569 5617 ιιι
593 5563 722 5630 dixi,
753 5563 973 5618 medium
995 5561 1208 5627 tenebat,
1239 5577 1396 5634 neque
1414 5562 1467 5616 in
1488 5561 1745 5617 dexteram
1768 5579 1925 5637 neque
1947 5563 2000 5618 in
2025 5563 2099 5618 si-

513 5656 727 5710 nistram
753 5654 1011 5711 declinans
1035 5651 1374 5723 (Possidius,
1401 5654 1454 5710 in
1489 5653 1606 5711 Vita
1640 5654 1878 5730 August.,
1907 5675 1952 5711 c.
1985 5657 2098 5729 22).

514 5745 713 5802 Scribit
753 5745 1078 5818 Augustinus
1116 5745 1283 5802 moris
1323 5745 1523 5815 fuisse,
1555 5757 1614 5804 ut
1651 5749 1904 5804 interiora
1928 5750 2098 5807 vesti-

1624 367 1782 424 VITA
1817 365 1876 422 8.
1915 359 2280 420 AUGUITINI
2315 361 2634 422 EPISCOPI.

3655 377 3771 441 220

2189 478 2287 544 bis,
2313 481 2716 538 vestimentorum
2730 495 3038 554 nostrorum,
3064 503 3182 544 cmn
3213 467 3329 547 aliis
3356 497 3767 566 comprehendit

2185 571 2393 646 (Serm.
2426 577 2512 642 57,
2556 593 2610 632 ιι.
2641 577 2729 652 6).
2761 580 2915 637 Aliud
2949 599 3159 655 quoque
3186 588 3426 656 gestabat
3464 590 3764 652 indumenti

2184 683 2382 740 genus,
2413 671 2666 743 byrrhum
2706 685 2895 743 vocat,
2925 689 3030 747 quo
3058 679 3172 733 laici
3217 683 3415 751 pariter
3456 687 3758 746 utebantur.

2184 763 2360 820 Habes
2389 766 2440 818 in
2470 765 2695 836 quodam
2724 782 2969 825 sermone
3004 771 3175 826 locum
3205 774 3270 829 de
3290 778 3620 836 vestimentis
3645 783 3765 852 ejus

2184 871 2314 913 sane
2339 857 2772 927 pulcherrimum.
2808 861 2998 929 Nemo,
3038 865 3238 934 inquit,
3272 866 3350 921 det
3377 868 3649 941 byrrhum,
3685 876 3767 928 vel

2184 951 2368 1006 lineam
2397 956 2635 1018 tunicam,
2661 972 2747 1010 seu
2775 957 2968 1027 aliquid
2998 959 3098 1013 nisi
3127 959 3177 1014 in
3205 979 3464 1018 commune
3492 982 3509 1020 :
3535 966 3601 1021 de
3624 984 3765 1022 eom-

2183 1045 2325 1097 muni
2348 1046 2541 1116 accipio
2566 1056 2613 1100 et
2635 1049 2760 1102 mihi
2782 1049 2883 1118 ipsi
2900 1092 2913 1115 ,
2948 1069 3058 1105 cum
3082 1053 3237 1107 sciam
3276 1072 3540 1113 commune
3563 1078 3639 1114 me
3669 1062 3768 1113 ha-

2184 1133 2296 1189 bere
2316 1137 2438 1190 velle
2459 1138 2703 1210 quidquid
2737 1142 2911 1196 habeo.
2956 1141 3094 1198 Nolo
3131 1145 3253 1199 talia
3288 1147 3467 1214 offerat
3504 1150 3766 1208 Sanctitas

2185 1235 2379 1295 vestra,
2411 1229 2590 1298 quibus
2632 1247 2722 1302 ego
2759 1233 2894 1286 solus
2930 1235 3072 1302 quasi
3114 1236 3364 1292 decentius
3399 1248 3542 1305 utar;
3581 1242 3767 1308 offerat

2183 1321 2326 1385 mihi,
2359 1321 2489 1375 verbi
2518 1323 2709 1393 gratia,
2739 1325 2977 1395 byrrhum
3009 1330 3312 1398 pretiosum;
3345 1335 3472 1404 forte
3499 1335 3637 1390 decet
3655 1339 3768 1407 cpio

2183 1431 2408 1486 scepum,
2434 1420 2656 1487 quamvis
2689 1437 2784 1472 non
2813 1419 2983 1474 deceat
3016 1422 3368 1492 Augustinum,
3400 1426 3458 1480 id
3482 1440 3572 1494 est,
3593 1431 3765 1484 homi-

2184 1523 2295 1562 nem
2322 1526 2609 1580 pauperem,
2640 1511 2701 1564 de
2726 1513 3025 1582 pauperibus
3051 1524 3240 1569 natum.
3268 1516 3422 1572 Mode
3441 1521 3622 1576 dicturi
3646 1534 3769 1578 sunt

2184 1599 2440 1668 homines,
2466 1604 2582 1672 quia
2613 1603 2776 1656 inveni
2808 1605 3049 1674 pretiosas
3079 1617 3259 1664 vestes.
3291 1625 3415 1679 quas
3445 1629 3541 1666 non
3571 1616 3770 1678 potuis-

2184 1709 2286 1747 sem
2323 1695 2500 1749 habere
2523 1697 2599 1749 vel
2623 1699 2674 1750 in
2705 1698 2851 1751 domo
2885 1701 3040 1768 patris
3075 1704 3204 1768 mei,
3232 1705 3306 1757 vel
3325 1705 3375 1759 in
3407 1705 3496 1758 illa
3533 1691 3771 1761 maculari

2185 1786 2492 1855 professione
2513 1804 2641 1841 mea.
2669 1787 2722 1840 Ν
2727 1806 2788 1842 en
2816 1789 2984 1846 decet:
3007 1792 3155 1847 talem
3177 1791 3325 1848 debeo
3345 1795 3541 1860 habere,
3565 1799 3768 1867 qualem

2186 1891 2410 1944 pessum,
2442 1877 2486 1930 si
2511 1895 2610 1931 non
2639 1878 2896 1945 habuerit,
2940 1887 3084 1952 fratri
3117 1902 3223 1938 meo
3254 1885 3393 1941 dare.
3429 1888 3636 1954 Qualem
3666 1907 3766 1960 pe-

2184 1975 2276 2022 test
2300 1968 2477 2023 habere
2500 1972 2772 2042 presbyter,
2798 1974 2993 2042 qualem
3021 1985 3175 2045 potest
3203 1978 3381 2033 habere
3401 1979 3626 2033 decenter
3651 1982 3769 2034 dia—

2184 2076 2339 2113 conus
2366 2070 2410 2116 et
2438 2062 2790 2128 subdiaconus,
2821 2065 2969 2118 talem
2990 2068 3098 2121 volo
3129 2069 3353 2140 accipere
3369 2088 3388 2136 ;
3414 2072 3530 2140 quia
3556 2073 3605 2125 in
3627 2091 3769 2126 com-

2185 2168 2335 2206 mune
2356 2155 2569 2221 accipio.
2605 2155 2666 2209 Si
2688 2158 2798 2226 quis
2827 2159 3078 2212 meliorem
3104 2161 3312 2228 dederit,
3337 2162 3492 2216 vende
3513 2179 3531 2216 :
3555 2166 3688 2233 quod
3719 2174 3767 2218 et

2188 2245 2352 2314 facere
2373 2236 2544 2310 soleo;
2572 2256 2625 2300 ut
2643 2249 2841 2316 (ptanda
2865 2267 2962 2304 non
2989 2263 3144 2320 potest
3173 2253 3319 2308 vestis
3338 2270 3444 2308 esse
3464 2257 3763 2324 communis,

2189 2339 2414 2408 pretium
2448 2341 2591 2393 vestis
2635 2343 2790 2412 possit
2833 2359 2938 2397 esse
2987 2361 3262 2399 commune.
3304 2344 3503 2412 Vende,
3535 2356 3580 2401 et
3614 2364 3767 2419 crego

2188 2430 2508 2499 pauperibus.
2542 2431 2603 2486 Si
2624 2431 2719 2486 hoc
2747 2450 2858 2487 eum
2880 2434 3107 2500 delectat,
3136 2445 3188 2489 ut
3217 2453 3304 2506 ego
3330 2437 3574 2503 habeam;
3614 2440 3768 2492 talem

2189 2519 2272 2574 det
2301 2521 2432 2575 unde
2455 2540 2556 2576 non
2585 2525 2886 2578 erubescam.
2921 2525 3109 2581 Fateor
3131 2531 3260 2581 enim
3291 2531 3443 2593 vobis,
3472 2530 3532 2583 de
3549 2532 3768 2601 pretiosa

2190 2623 2319 2667 veste
2343 2615 2572 2694 erubesco
2593 2632 2611 2670 :
2635 2618 2752 2687 quia
2777 2635 2876 2671 non
2905 2618 3041 2673 decet
3067 2621 3196 2673 hanc
3219 2624 3598 2692 professionem,
3636 2624 3770 2677 hanc

2190 2703 2616 2774 admonitionem,
2649 2725 2748 2762 non
2777 2710 2914 2763 decet
2953 2711 3058 2765 [nec
3086 2711 3304 2766 membra
3327 2754 3342 2779 ,
3376 2731 3474 2767 non
3506 2713 3643 2768 decet
3673 2718 3771 2769 hos

2191 2809 2344 2850 canos
2377 2795 2565 2870 (Serm.
2601 2799 2723 2865 556,
2752 2817 2803 2852 ιι.
2831 2801 2942 2870 15).
2971 2802 3101 2857 Cum
3125 2811 3302 2858 sancta
3329 2805 3570 2874 quzedam
3599 2807 3766 2878 virgo,

2191 2888 2276 2944 cui
2303 2889 2510 2962 Sapidu:
2538 2908 2752 2958 nomen,
2783 2894 2848 2950 de
2869 2895 3130 2950 Timothei
3160 2896 3336 2953 fratris
3361 2900 3460 2965 sui,
3487 2900 3771 2974 Carthagi-

2193 2983 2375 3036 nensis
2401 2982 2630 3051 diaconi,
2661 2993 2830 3040 morte
2853 2988 3164 3056 gravissime
3189 2989 3415 3058 doleret,
3439 2993 3639 3062 rogavit
3665 2992 3778 3046 Au-

2194 3076 2484 3144 gustinum,
2518 3087 2573 3132 ut
2603 3079 2666 3133 ad
2698 3079 2781 3134 sui
2807 3082 3049 3136 solatium
3069 3079 3318 3151 tunicam,
3343 3100 3500 3155 quam
3525 3086 3634 3142 suis
3659 3086 3776 3157 ipsa

2194 3168 2439 3222 manibus
2461 3167 2524 3223 ad
2548 3186 2696 3224 usum
2708 3174 2950 3241 germani
2980 3174 3058 3228 sui
3079 3183 3335 3243 texuerat,
3354 3177 3630 3248 acciperet.
3655 3178 3780 3233 Non

2195 3258 2374 3313 renuit
2391 3272 2604 3315 sanctus
2622 3263 2840 3330 Prausul,
2858 3280 2923 3319 ne
2938 3264 3078 3319 illam
3096 3267 3449 3334 contristaret,
3469 3283 3633 3339 eaque
3647 3271 3782 3324 tuni-

2197 3367 2258 3406 ca
2290 3368 2414 3406 usus
2449 3361 2548 3408 est.
2592 3354 2737 3408 Illam
2770 3366 2942 3412 tamen
2975 3358 3287 3427 perlittcras
3312 3361 3547 3416 hortatus
3581 3374 3682 3429 est,
3725 3373 3784 3418 ut

2198 3444 2454 3498 meliores
2480 3460 2509 3498 a
2541 3445 2644 3500 lidc
2665 3463 2757 3500 sua
2783 3449 3173 3506 consolationes
3191 3461 3413 3521 peteret,
3443 3463 3598 3524 atque
3627 3472 3655 3506 ει
3685 3470 3786 3525 spe

2197 3534 2410 3589 vivendi
2437 3535 2721 3605 aliquando
2742 3555 2858 3592 cum
2889 3539 3049 3596 fratre
3068 3583 3084 3608 ,
3112 3541 3177 3597 dc
3205 3543 3355 3612 cujus
3381 3554 3575 3600 alterna
3613 3546 3785 3600 felici-

2197 3633 2306 3680 tate
2335 3641 2439 3680 non
2467 3627 2768 3683 dubitanter
2789 3630 3021 3700 loquitur
3048 3629 3255 3702 (Epist.
3285 3635 3408 3699 9.63,
3438 3653 3488 3688 ιι.
3518 3634 3600 3708 1).
3629 3637 3786 3702 Quod

2197 3719 2264 3773 ad
2291 3720 2646 3775 calceamenta
2675 3724 2936 3792 pertinet,
2969 3741 3072 3779 non
3104 3727 3459 3782 arbitrabatur
3484 3771 3498 3794 ,
3534 3730 3698 3783 teucri
3725 3745 3787 3785 se

2197 3814 2264 3868 ad
2310 3816 2626 3870 servandam
2669 3816 2816 3886 juxta
2861 3818 3091 3873 litteram
3126 3836 3310 3875 eorum
3355 3820 3721 3876 inhibitioncm
3753 3841 3787 3878 a

2199 3906 2411 3962 Christo
2441 3907 2664 3964 Domino
2693 3909 2921 3977 factam;
2953 3927 3073 3964 cum
3095 3927 3157 3966 ex
3192 3913 3478 3982 Evangelia
3498 3929 3794 3983 cognosce-

2198 4008 2300 4065 ret,
2333 3999 2599 4054 Christum
2629 4001 2800 4071 ipsum
2830 4001 2992 4058 fuisse
3020 4004 3313 4058 calceatum
3347 4023 3360 4059 :
3390 4003 3490 4060 hoc
3517 4005 3616 4061 sibi
3639 4007 3790 4061 sola-

2202 4093 2256 4146 tii
2287 4093 2616 4162 proponebat
2657 4094 2706 4148 in
2750 4095 2953 4150 inﬁrma
2995 4095 3329 4160 valetudine,
3368 4112 3487 4167 qua:
3525 4097 3680 4168 hujus
3711 4099 3794 4154 illi

2199 4183 2477 4238 levaminis
2520 4185 2888 4240 necessitatem
2930 4186 3252 4256 imponebat.
3294 4185 3465 4241 Simul
3485 4203 3667 4242 eorum
3695 4189 3793 4258 qui

2200 4275 2343 4330 nudo
2372 4276 2509 4346 pede
2529 4277 2882 4345 arnbularcnl,
2914 4275 3270 4333 fortitudinem
3302 4279 3513 4333 amabat
3542 4261 3797 4352 (Confes-

2201 4368 2401 4422 sienum
2427 4369 2512 4422 lib.
2543 4369 2596 4435 9,
2625 4387 2738 4442 cap.
2771 4372 2822 4438 6,
2856 4388 2904 4424 ιι.
2938 4371 3028 4443 Η)
3058 4390 3070 4424 :
3106 4387 3204 4426 nec
3232 4382 3406 4427 tamen
3427 4373 3794 4444 evangelicum

2204 4459 2376 4530 legem
2406 4459 2507 4514 hac
2534 4460 2587 4515 in
2613 4477 2672 4516 rc
2686 4463 2984 4534 accuratius
3004 4461 3070 4516 ab
3097 4461 3217 4528 illis,
3241 4479 3398 4533 quam
3420 4480 3448 4518 a
3468 4480 3524 4518 se
3555 4465 3791 4536 impleri,

2201 4558 2294 4605 aut
2320 4566 2412 4607 eos
2441 4561 2726 4622 propterea
2769 4553 3093 4608 insolescere
3133 4555 3358 4624 superba
3400 4554 3593 4610 duritia
3628 4571 3797 4626 posse

2200 4642 2574 4697 arbitrabatur.
2609 4642 2667 4696 In
2695 4643 2993 4713 hujusmodi
3035 4646 3192 4700 rebus
3220 4645 3393 4712 bonis,
3433 4647 3529 4702 sed
3561 4647 3795 4704 minime

2201 4732 2550 4800 necessariis,
2605 4742 2711 4788 tam
2761 4749 2854 4789 eos
2906 4735 2994 4805 qui
3035 4735 3150 4789 illas
3199 4737 3580 4802 observarent,
3626 4755 3797 4809 quam

2202 4825 2291 4896 qui
2342 4839 2447 4880 non
2489 4827 2870 4892 observarent,
2913 4827 3170 4884 charitate
3199 4830 3388 4884 sociari
3432 4829 3674 4896 volebat;
3731 4843 3800 4887 ut

2202 4933 2428 4988 quorum
2467 4927 2686 4973 externa
2737 4918 3104 4990 discreparent
3145 4937 3341 4991 Opera,
3391 4938 3578 4978 eorum
3622 4923 3799 4979 corda

2203 5009 2390 5064 eodem
2437 5023 2619 5064 amore
2669 5008 3060 5080 conﬂagrarent
3122 5009 3326 5081 (Serm.
3377 5015 3499 5081 101,
3545 5032 3659 5086 cap.
3715 5016 3792 5084 6,

2203 5117 2256 5154 η.
2287 5101 2365 5171 7).

2274 5193 2326 5247 4.
2367 5190 2546 5247 Mensa
2575 5207 2700 5247 usus
2726 5199 2808 5248 est
2835 5191 3023 5264 frugali
3047 5204 3101 5249 et
3126 5209 3305 5265 parca,
3336 5197 3387 5251 in
3413 5212 3518 5268 qua
3538 5197 3668 5253 nihil
3693 5215 3798 5253 su-

2203 5281 2494 5354 perﬂuum,
2538 5282 2667 5339 nihil
2695 5300 2800 5340 non
2831 5286 3190 5347 moderatum;
3236 5303 3355 5358 qua}
3387 5289 3600 5360 quidem
3641 5290 3799 5347 inter

2205 5378 2350 5432 olera
2387 5385 2441 5432 et
2482 5376 2780 5447 legumina,
2812 5377 2971 5434 etiam
3008 5393 3200 5435 carnes
3242 5379 3527 5454 aliquando
3571 5394 3806 5454 propter

2207 5469 2477 5539 hospites,
2509 5470 2595 5524 vel
2620 5485 2860 5542 quosque
2889 5468 3228 5538 inﬁrmiores,
3261 5487 3472 5544 semper
3496 5486 3675 5530 autem
3713 5477 3802 5529 vi-

2206 5580 2332 5620 num
2361 5563 2588 5620 habebat
2617 5563 2936 5636 (Possidius,
2963 5565 3016 5619 in
3052 5564 3167 5620 Vita
3193 5568 3426 5638 August,
3453 5585 3499 5623 c.
3532 5569 3653 5640 ἓξ).
3688 5571 3806 5626 Nc-

2159 5693 2188 5714 .
2205 5671 2309 5726 que
2329 5656 2472 5712 enim
2488 5657 2870 5722 immunditiam
2893 5658 3122 5727 opsonii,
3145 5659 3241 5715 sed
3277 5660 3667 5720 immunditiam
3692 5680 3803 5720 cu-

2206 5749 2439 5820 piditatis
2466 5751 2711 5816 timebat;
2747 5760 2802 5805 ut
2829 5752 2919 5821 qui
2948 5751 3109 5806 sciret
3135 5768 3346 5808 omnem
3371 5754 3461 5810 Dei
3485 5763 3806 5815 creaturam

515 5843 693 5894 menta
732 5836 872 5896 linea
906 5843 1120 5907 essent,
1144 5840 1408 5898 exteriora
1446 5839 1596 5898 lanea
1623 5859 1638 5897 :
1663 5856 1827 5910 seque
1858 5839 1941 5900 his
1978 5857 2099 5900 ver-
2140 5885 2180 5911 τ
2205 5843 2397 5900 bonam
2427 5857 2576 5912 esse,
2619 5853 2672 5899 et
2707 5843 3024 5901 sanctiticari
3066 5859 3163 5915 per
3187 5844 3408 5904 verbum
3456 5847 3550 5905 Dei
3577 5858 3628 5904 et
3655 5863 3803 5906 ora-
