3990 6360
214 457 312 516 221

213 573 418 630 tionem
446 570 858 644 (Confessiomtm
887 571 974 626 lib.
1006 571 1093 638 10,
1121 587 1234 642 cap.
1263 572 1325 627 51
1353 613 1367 638 ,
1412 589 1466 626 n.
1493 573 1564 629 46
1585 571 1627 645 ).
1657 573 1803 630 Illius

215 665 455 722 convivis
481 663 731 735 prsﬁxus
750 674 865 719 erat
890 664 1196 734 poculorum
1224 679 1515 722 numerus:
1543 673 1595 719 et
1615 667 1658 720 si
1685 667 1806 736 quis

213 757 534 812 clericorum
554 754 670 825 ejus
702 755 963 826 jurasset,
995 769 1155 809 unam
1181 754 1247 810 de
1281 756 1490 810 statutis
1526 755 1800 827 potionem

214 851 472 923 perdebat
520 848 854 920 (Possidius,
883 850 935 903 in
974 847 1087 901 Vita
1114 849 1352 920 August,
1386 865 1431 902 c.
1462 848 1587 920 95).
1630 847 1800 904 Coch-

214 941 449 999 leasibns
507 939 774 1011 argenteis
834 938 1110 1003 utebatur;
1172 955 1358 994 verum
1418 948 1606 994 caitera
1648 955 1798 1008 vasa,

212 1034 406 1105 quibus
426 1033 542 1088 cibi
561 1046 763 1088 mensa
783 1029 1161 1096 inferebantur,
1183 1031 1268 1085 vel
1292 1037 1479 1098 testes,
1499 1032 1582 1087 vel
1607 1031 1798 1103 lignea,

210 1127 291 1182 vel
319 1139 631 1180 marmorea
661 1129 817 1181 erant
842 1141 855 1177 :
883 1139 989 1178 non
1019 1131 1192 1178 tamen
1223 1139 1288 1178 ex
1308 1124 1622 1180 necessitate
1646 1132 1804 1195 atque

211 1219 410 1287 inopia,
441 1217 545 1274 sed
561 1231 627 1273 ex
649 1223 954 1287 spontaneos
971 1215 1294 1286 paupertatis
1313 1231 1374 1270 ac
1391 1216 1666 1272 modestia
1685 1225 1802 1272 stu-

209 1311 293 1366 dio
320 1309 522 1383 (uim,
542 1326 590 1363 c.
613 1305 736 1382 22).
772 1308 906 1363 Cum
934 1322 1146 1377 semper
1171 1307 1582 1378 hospitalitatem
1609 1308 1803 1363 coluis-

208 1410 306 1466 set,
336 1401 615 1471 plurimos
643 1399 710 1455 sd
732 1413 971 1454 mensam
1000 1413 1152 1454 nam
1183 1401 1493 1469 peregrinos
1516 1399 1803 1456 adhibebat

210 1487 422 1563 (ιδιά).
443 1491 522 1547 Bt
533 1503 725 1562 reapse
739 1490 926 1546 ab-ltoc
943 1490 1119 1545 ofﬁcio
1145 1491 1440 1561 quibuque
1468 1492 1802 1546 venientibus

205 1598 266 1639 ss
301 1584 712 1640 mussantibus
742 1582 1039 1639 exhibendo
1063 1623 1077 1648 ,
1103 1583 1218 1637 sine
1237 1581 1554 1637 detrimento
1575 1582 1799 1638 charita~

207 1676 272 1730 tis
297 1677 420 1744 qua!
450 1676 530 1730 ab
546 1675 806 1746 episeopo
823 1674 1069 1744 exigitur,
1099 1672 1336 1728 eximere
1373 1688 1432 1728 se
1461 1687 1566 1728 non
1594 1682 1802 1742 poterat

206 1767 407 1836 (Sa-ns.
441 1768 572 1832 395,
597 1785 651 1821 η.
672 1766 752 1839 Ξ).
781 1766 1037 1821 Eanidem
1061 1766 1438 1820 humanitatem
1463 1765 1517 1820 in
1538 1766 1802 1836 recipien-

203 1860 286 1915 dis
305 1861 470 1915 etiam
510 1861 706 1930 ignotis
730 1859 1023 1929 hospitibus
1044 1858 1342 1921 exercebat,
1372 1857 1473 1912 hoc
1489 1858 1697 1913 axioma
1723 1873 1801 1914 se-

201 1963 358 2006 cutus
385 1969 402 2003 ι
434 1951 618 2022 Longe
638 1952 808 2006 satius
829 1965 950 2006 esse
980 1950 1176 2004 malum
1207 1950 1477 2004 hominem
1509 1951 1759 2020 excipere
1778 1993 1792 2018 ,

203 2057 372 2112 quam
396 2043 596 2097 bonum
623 2042 906 2098 excludere
928 2083 944 2109 ,
989 2042 1114 2096 dum
1144 2057 1392 2098 cavemus
1417 2059 1484 2098 ne
1509 2044 1798 2114 recipiatur

201 2138 386 2190 malus
412 2135 595 2209 (Epist.
630 2137 720 2204 58,
750 2153 803 2190 n.
836 2136 911 2206 5).
943 2135 998 2189 ld
1024 2144 1204 2191 tamen
1223 2135 1462 2191 ordinem
1493 2136 1560 2190 ab
1585 2151 1650 2191 eo
1669 2151 1799 2192 con-

203 2228 446 2282 stitutum
487 2229 709 2282 minime
753 2228 1112 2298 perturbabat.
1147 2227 1203 2282 ln
1248 2226 1362 2296 ipsa
1406 2241 1588 2282 mensa
1628 2228 1797 2298 magis

204 2318 482 2373 lationem
512 2319 599 2373 vel
639 2318 1053 2388 disputationem
1073 2359 1086 2382 ,
1127 2331 1284 2386 quam
1313 2317 1669 2386 epulationem
1697 2333 1794 2387 po-

203 2410 564 2479 tationemque
577 2409 866 2479 diligebat;
888 2416 942 2463 et
961 2419 1143 2464 contra
1164 2408 1520 2477 pestilentiam
1550 2407 1794 2464 humana:

199 2500 606 2556 consuetudinis
623 2542 639 2567 ,
669 2501 723 2554 in
742 2515 805 2555 ea
831 2500 901 2553 ita
929 2500 1184 2568 scriptum
1209 2499 1472 2554 habebat:

266 2577 512 2661 Quisquis
542 2599 682 2644 autat
709 2591 855 2644 dictis
883 2589 1143 2644 absentum
1171 2591 1349 2646 rodere
1371 2591 1544 2658 vitam,

337 2681 494 2736 ﬂans
521 2695 754 2736 mensam
770 2681 1030 2752 indignam
1057 2683 1248 2736 nouerit
1272 2698 1377 2736 esse
1396 2681 1510 2738 sibi.

199 2772 260 2827 Et
285 2772 409 2828 ideo
435 2787 656 2828 omnem
683 2772 963 2827 convivam
984 2788 1014 2825 a
1043 2771 1326 2842 superfluis
1354 2783 1406 2827 et
1436 2773 1608 2829 noxiis
1643 2772 1791 2830 fabu-

197 2862 258 2916 lis
281 2874 334 2918 et
352 2861 780 2918 detractionibus
800 2876 920 2918 sese
938 2862 1204 2917 abstinere
1229 2861 1427 2918 debere
1445 2862 1787 2920 admonebat.

193 2952 327 3006 Nam
358 2963 415 3008 et
441 2952 704 3021 quosdam
734 2967 860 3007 suos
890 2951 1332 3007 familiarissimos
1357 2954 1701 3024 coepiscopos
1729 2955 1790 3008 il-

192 3040 306 3096 lius
337 3044 609 3113 scriptura:
638 3042 866 3110 oblitos,
894 3051 951 3098 et
976 3050 1164 3098 contra
1193 3057 1313 3098 eam
1342 3043 1652 3114 loquentes,
1683 3056 1788 3101 tam

192 3148 386 3203 aspere
425 3134 716 3205 aliquando
757 3133 1100 3204 reprehendit
1137 3143 1434 3191 commotus
1455 3177 1469 3202 ,
1498 3145 1554 3190 ut
1591 3137 1791 3193 diceret

193 3235 282 3280 aut
314 3224 578 3280 delendos
607 3240 728 3281 esse
764 3226 884 3281 illos
921 3226 991 3282 de
1027 3241 1210 3281 mensa
1253 3242 1478 3296 versus,
1507 3238 1598 3282 aut
1633 3243 1692 3285 se
1720 3230 1788 3286 de

193 3316 363 3372 media
406 3318 703 3374 refectione
742 3318 809 3373 ad
858 3333 1012 3373 suum
1057 3319 1358 3374 cubiculum
1401 3330 1782 3376 surrecturum.

194 3408 338 3474 Quod
376 3426 506 3480 ego,
537 3409 614 3464 ait
641 3409 944 3473 Possidius,
979 3419 1024 3463 et
1058 3411 1146 3463 alii
1178 3410 1270 3482 qui
1300 3411 1379 3464 illi
1409 3427 1594 3467 "tenue
1626 3413 1784 3468 inter-

191 3499 414 3569 fuimus,
454 3501 650 3571 experti
688 3517 858 3555 sumus
895 3499 1231 3574 (Possidius,
1278 3501 1334 3555 in
1382 3501 1497 3556 Vita
1541 3504 1778 3576 August.,

191 3606 233 3644 ε.
261 3593 329 3646 27
347 3595 387 3661 ).

253 3683 307 3736 5.
350 3681 569 3736 Victum
623 3683 723 3737 sibi
752 3683 933 3738 labore
972 3698 1224 3738 manuum
1257 3700 1360 3740 non
1405 3688 1780 3756 comparabat,

191 3787 306 3828 cum
365 3789 544 3844 neque
602 3789 698 3843 per
741 3774 1020 3830 adversam
1068 3776 1423 3832 valetudinem
1477 3778 1528 3833 id
1566 3781 1783 3851 exsequi

191 3874 386 3934 posset,
417 3880 598 3936 neque
623 3883 715 3935 per
744 3866 1122 3936 occupationes
1145 3867 1409 3935 assiduas,
1439 3869 1630 3938 quibus
1658 3885 1780 3924 cum

191 3953 440 4010 Ecclesiae
473 3972 586 4010 suae
613 3972 738 4011 cura
759 3957 875 4012 sine
905 3957 1008 4011 ulla
1052 3957 1444 4013 intermissione
1480 3959 1784 4028 implicabat

193 4047 398 4117 (Epist.
427 4048 528 4102 126
553 4088 568 4112 ,
601 4065 654 4101 η.
683 4045 795 4120 10).
828 4048 978 4116 Quod
1020 4049 1064 4102 si
1095 4048 1238 4102 salva
1269 4047 1427 4102 ofﬁcii
1466 4050 1546 4103 sui
1575 4050 1781 4106 ratione

196 4138 255 4193 id
277 4149 524 4208 praastare
552 4140 852 4210 potuisset,
875 4141 1034 4195 certis
1057 4140 1291 4210 quotidie
1319 4139 1465 4196 horis
1481 4182 1496 4208 ,
1529 4150 1778 4210 quantum

195 4230 253 4285 in
275 4231 414 4285 bene
440 4232 659 4285 moratis
687 4231 1029 4286 monasteriis
1058 4230 1400 4285 constitutum
1431 4241 1513 4286 est
1535 4273 1549 4298 ,
1584 4231 1781 4302 aliquid

190 4325 435 4381 manibus
462 4325 697 4395 cperari,
727 4335 781 4380 et
820 4334 1040 4380 caeteras
1085 4324 1244 4379 horas
1289 4323 1356 4378 ad
1401 4324 1681 4395 legendum
1728 4333 1783 4380 et

190 4417 450 4473 orandum
473 4457 491 4480 ,
528 4426 623 4473 aut
650 4417 842 4472 diﬁnis
883 4417 1100 4472 Litteris
1126 4416 1418 4472 vacandum
1462 4417 1656 4472 liberas
1687 4417 1782 4472 ha-

189 4508 309 4566 bere
353 4510 639 4565 maluisset
680 4509 798 4579 (De
825 4509 990 4580 Opere
1029 4509 1425 4575 monachorum,
1457 4527 1510 4564 n.
1543 4509 1668 4582 57).
1704 4511 1783 4564 Ad

191 4601 354 4668 istem,
385 4602 567 4672 inquit
586 4644 601 4667 ,
631 4602 944 4656 securitatem
972 4602 1322 4657 otiosissimam
1356 4618 1500 4657 nemo
1520 4619 1598 4656 me
1621 4604 1785 4658 uince-

190 4703 277 4749 ret.
305 4693 462 4748 Nihil
492 4703 565 4749 est
595 4692 793 4763 melius,
817 4693 947 4747 nihil
975 4693 1192 4760 dulcius,
1220 4711 1372 4764 quant
1393 4695 1616 4749 divinum
1642 4712 1784 4751 scru-

190 4787 316 4853 tari,
345 4784 496 4839 nullo
521 4795 791 4855 strepente,
825 4786 1114 4839 thesaurum
1139 4801 1155 4838 :
1181 4786 1329 4839 dulce
1354 4796 1446 4850 est,
1477 4785 1660 4840 bonum
1687 4798 1779 4842 est.

189 4879 522 4946 Praedicare,
554 4897 790 4953 arguere,
813 4882 1082 4952 corripere,
1108 4881 1365 4950 cedi/icore
1383 4923 1399 4948 ,
1429 4899 1521 4953 pro
1549 4899 1781 4953 unoquo-

189 4991 282 5045 que
310 4984 567 5044 satagere,
599 4990 835 5044 magnum
860 4990 1015 5039 onus,
1047 4989 1286 5044 magnum
1313 4974 1511 5044 pondus
1529 5014 1546 5040 ,
1573 4991 1784 5045 magnus

190 5070 350 5124 leber.
384 5068 514 5134 Quis
540 5085 641 5121 non
661 5069 880 5138 refugiat
897 5068 1048 5121 istum
1069 5066 1286 5121 laborem
1303 5068 1329 5123 ?
1346 5068 1434 5122 sed
1453 5077 1600 5122 terret
1618 5067 1786 5120 Evan-

189 5162 380 5232 gelium
407 5160 607 5228 (Serm.
639 5159 760 5225 559,
791 5176 842 5212 η.
875 5156 952 5230 4).
983 5158 1074 5214 Sic
1100 5174 1221 5214 eum
1245 5158 1408 5214 ofﬁcii
1444 5159 1525 5214 sui
1556 5160 1690 5214 ratio
1716 5159 1784 5214 ad

191 5251 409 5308 labores
447 5251 582 5305 alios
604 5290 620 5316 ,
662 5250 900 5321 aliasque
929 5249 1316 5305 sollicitudines
1342 5253 1632 5315 avocabat,
1666 5268 1783 5322 qua-2

189 5343 485 5398 notiorem
525 5341 601 5394 illi
649 5349 705 5396 et
749 5341 1078 5411 asperiorem
1117 5340 1241 5397 θωιὶ
1281 5341 1418 5395 viam
1461 5341 1780 5412 efﬁciebant,

189 5449 358 5506 quam
398 5434 444 5488 si
489 5448 608 5489 sese
648 5434 830 5490 labore
862 5433 1103 5502 corporis
1146 5435 1501 5499 exercuisset;
1545 5437 1784 5504 quamvis

189 5541 314 5581 eum
358 5540 486 5594 spes
528 5525 781 5581 continuo
821 5525 1014 5595 gaudio
1068 5525 1448 5595 perfunderet,
1492 5536 1546 5581 et
1589 5526 1783 5582 Christi

192 5615 412 5672 Domini
438 5617 739 5686 exemplum
756 5616 940 5688 jugum
963 5618 1040 5672 illi
1069 5631 1226 5674 suum
1251 5633 1414 5674 suave
1431 5633 1494 5674 ac
1520 5619 1635 5675 leve
1663 5622 1780 5676 red-

194 5708 374 5764 deret.

262 5801 322 5857 6.
367 5799 565 5855 Natura
611 5800 777 5873 frigus
824 5801 965 5859 ferre
1006 5816 1111 5858 non
1158 5811 1364 5873 poterat
1410 5801 1614 5874 (Epist.
1658 5803 1780 5873 124,

199 5905 252 5948 s.
284 5892 369 5964 t),
399 5901 455 5949 et
485 5893 629 5950 tenui
654 5907 720 5950 ac
745 5893 954 5951 inﬁrma
977 5893 1278 5956 valetudine
1305 5895 1550 5957 utebatur
1578 5894 1780 5971 (Epist.

1519 453 1720 514 LIBER
1755 457 2099 528 QUARTUS.

1915 577 2044 643 122,
2071 595 2124 632 n.
2159 579 2214 650 l)
2237 621 2254 647 ,
2295 589 2568 653 perspecta
2597 586 2843 642 omnibus
2875 588 2965 659 qui
3006 588 3314 649 familiarius
3356 610 3483 652 eum

1911 679 2166 727 noverant
2197 672 2383 743 (Epist.
2411 676 2534 743 l5l,
2559 694 2610 730 η.
2636 679 2748 748 15).
2783 680 2914 735 Hinc
2941 695 3001 737 se
3025 683 3191 739 multo
3214 693 3339 740 ante
3360 701 3482 742 cor-

1910 763 2054 832 poris
2079 765 2401 832 inﬁrmitate,
2416 785 2572 838 quam
2590 782 2743 827 aetate
2763 775 3003 831 senuisse
3029 784 3252 834 testatur
3278 779 3479 850 (Serm.

1909 853 2035 923 255,
2065 874 2118 910 η.
2149 856 2226 926 7).
2255 859 2546 916 Rarissime
2575 871 2747 920 tamen
2777 866 2844 920 de
2870 869 3069 924 morbis
3095 870 3203 926 suis
3233 873 3480 942 loquitur,

1909 947 1998 1016 qui
2023 961 2144 1002 eum
2177 949 2244 1004 ad
2279 951 2416 1007 vires
2442 954 2756 1010 recreandas
2784 957 3065 1026 aliquando
3103 975 3194 1015 rus
3218 962 3296 1017 ire
3321 978 3484 1034 coge-

1909 1036 2034 1092 baut
2057 1037 2242 1111 (Epist.
2268 1043 2390 1109 118,
2418 1060 2470 1098 η.
2493 1045 2603 1116 5-1).
2633 1047 2800 1113 Quam
2820 1051 3079 1118 patienter
3098 1065 3275 1110 autem
3299 1057 3486 1114 solitas

1908 1131 2244 1200 aegritudines
2267 1137 2570 1202 sustineret,
2597 1153 2662 1194 ex
2688 1140 2930 1210 cpistola,
2957 1159 3116 1214 quam
3137 1146 3192 1201 in
3219 1149 3484 1206 molestis-

1907 1222 2044 1278 simo
2067 1225 2308 1294 corporis
2348 1228 2536 1283 morbo
2563 1231 2810 1300 scripsit,
2841 1235 2968 1290 satis
2993 1237 3257 1309 conjicere
3290 1254 3483 1309 possu-

1906 1331 2025 1372 mus
2051 1317 2235 1388 (Epist.
2264 1320 2353 1386 58,
2384 1337 2437 1375 η.
2473 1321 2544 1388 1).
2573 1322 2956 1395 Occupationes
2984 1329 3096 1398 ejus
3121 1307 3346 1388 assidu—ai
3374 1343 3482 1390 tam

1907 1423 2090 1478 parum
2120 1411 2193 1467 illi
2218 1414 2589 1481 permittebant
2617 1419 2740 1485 otii,
2769 1427 2827 1473 ut
2855 1421 2923 1476 ab
2947 1423 3316 1480 ecclesiasticis
3339 1429 3482 1484 curis

1906 1504 2141 1572 paucula:
2171 1515 2464 1575 temporum
2491 1509 2644 1564 stillas
2665 1511 2766 1579 (sic
2785 1513 2929 1568 enim
2965 1514 3220 1586 loquitur)
3246 1518 3332 1572 vix
3359 1535 3482 1576 eum

1904 1608 2210 1654 recrearent
2229 1641 2241 1663 ,
2274 1600 2354 1655 vel
2377 1602 2696 1672 cogitantem
2721 1606 2914 1676 aliquid
2936 1649 2949 1673 ,
2978 1609 3059 1664 vel
3084 1625 3147 1664 ea
3171 1627 3287 1680 quae
3313 1615 3480 1684 magis

1904 1699 2169 1760 urgerent,
2197 1699 2252 1747 et
2275 1691 2514 1761 pluribus
2539 1706 2718 1751 essent
2745 1697 3036 1766 profutura,
3059 1702 3366 1771 distantem,
3392 1707 3480 1762 vel

1901 1779 2226 1836 reﬁcientem
2264 1785 2502 1854 corporis
2528 1787 2665 1842 vires
2703 1788 2866 1858 ipsius
2892 1796 3216 1849 necessarias
3241 1797 3486 1852 servituti-

1904 1867 2093 1939 (Epist.
2123 1871 2219 1926 261
2246 1914 2261 1939 ,
2294 1890 2345 1926 η.
2377 1872 2447 1946 1).
2486 1875 2590 1931 Sed
2619 1885 2673 1932 et
2699 1888 2881 1934 contra
2916 1881 3148 1938 ofﬁcium
3192 1901 3342 1941 suum
3375 1889 3486 1944 sibi

1901 1957 2135 2015 facturus
2155 1963 2460 2030 videbatur,
2503 1967 2548 2021 si
2589 1969 2668 2023 vel
2700 1971 3048 2038 paucissimas
3075 1975 3190 2030 illas
3220 1980 3475 2048 temporis

1899 2052 2130 2119 guttulas
2156 2055 2272 2110 aliis
2306 2057 2464 2111 rebus
2500 2058 2829 2128 impenderet
2855 2060 3068 2133 (Epist.
3118 2067 3254 2132 110,
3300 2085 3350 2121 n.
3375 2069 3407 2123 5
3435 2069 3478 2139 ).

1899 2139 2094 2197 Scribit
2113 2144 2178 2198 ad
2195 2144 2570 2218 Hieronymum
2589 2164 2728 2204 anno
2751 2152 3269 2223 quadringentesimo
3288 2166 3480 2228 quarto

1898 2244 1958 2287 se
1975 2272 1988 2295 ,
2023 2234 2068 2286 si
2091 2235 2213 2303 quid
2233 2236 2283 2288 in
2301 2237 2692 2307 Scripturarum
2711 2242 3005 2298 divinarmn
3029 2247 3246 2301 scientia
3261 2246 3480 2304 faculta-

1899 2325 1967 2381 tis
2001 2326 2251 2395 haberet,
2282 2330 2332 2384 id
2367 2331 2457 2385 uni
2494 2335 2690 2402 populo
2721 2335 2812 2389 Dei
2843 2337 3131 2393 erudiendo
3171 2347 3336 2394 totum
3374 2341 3479 2396 im-

1897 2418 2134 2486 pendere
2162 2439 2175 2475 :
2206 2437 2398 2478 vacare
2427 2433 2602 2481 autem
2631 2425 2823 2482 studiis
2847 2443 2951 2482 non
2980 2443 3158 2499 posse,
3181 2430 3279 2488 nisi
3305 2448 3476 2502 quan-

1897 2517 2008 2565 tum
2039 2513 2330 2567 necessitas
2357 2514 2533 2584 exigat
2560 2515 2626 2570 ad
2655 2531 2717 2572 ea
2744 2519 2993 2587 paranda,
3018 2537 3135 2590 qua:
3158 2523 3476 2591 populorum

1895 2603 2066 2673 poscit
2096 2604 2352 2660 institutio
2383 2605 2573 2680 (Epist.
2605 2609 2706 2676 75,
2731 2627 2785 2663 n.
2813 2611 2892 2680 5).
2925 2611 3040 2680 Ipse
3075 2628 3284 2683 quoque
3306 2629 3474 2684 pauca

1895 2693 2088 2764 legisse
2115 2710 2174 2750 se
2198 2696 2501 2752 conﬁtetur.
2531 2698 2864 2770 Quapropter
2893 2702 3048 2758 solito
3072 2703 3301 2773 majores
3319 2720 3476 2762 curas

1896 2795 1948 2840 et
1973 2787 2348 2855 occupationes
2377 2788 2607 2858 fugiebat
2637 2789 2838 2862 (Epist.
2863 2793 3043 2859 82,11.
3081 2793 3174 2863 25)
3204 2811 3217 2847 :
3249 2810 3480 2866 cumque

1894 2873 2119 2934 Severus
2146 2879 2400 2946 prolixam
2425 2880 2493 2934 ab
2517 2895 2582 2935 eo
2609 2881 2886 2951 epistolam
2923 2881 3205 2954 ﬂagitaret,
3239 2894 3388 2956 rogat
3415 2894 3473 2942 ut

1893 2983 1952 3024 se
1990 2969 2182 3024 habent
2205 2982 2544 3037 excusatum;
2571 2973 2855 3043 subditqne
2875 2990 2996 3029 cum
3034 2984 3362 3046 ceterosque
3389 2977 3468 3031 fa-

1892 3059 2276 3115 miliarissimos
2303 3077 2426 3118 suos
2469 3077 2581 3118 rem
2621 3064 2720 3120 sibi
2765 3077 3066 3137 pergratam
3106 3070 3370 3138 facturos,
3423 3069 3471 3126 si

1893 3152 2091 3206 nullam
2112 3165 2140 3206 a
2166 3169 2224 3209 sc
2251 3154 2669 3212 lncnhrationem
2696 3173 2758 3212 ex
2767 3168 2986 3226 poscant
3004 3200 3018 3224 ,
3051 3170 3102 3214 et
3135 3161 3269 3217 alios
3287 3163 3355 3217 ab
3381 3163 3474 3217 iis-

1891 3242 2015 3298 dem
2042 3243 2338 3313 ﬁagitandis
2358 3256 2618 3314 avertant,
2643 3264 2731 3314 ne,
2755 3249 2797 3302 si
2817 3251 2950 3304 votis
2969 3266 3156 3308 eorum
3172 3252 3474 3310 satisfacere

1889 3347 1994 3387 non
2023 3335 2206 3402 possit,
2236 3335 2580 3392 oﬁensionem
2607 3340 2865 3407 accipiant
2891 3341 3089 3411 (Epist.
3125 3344 3253 3410 110,
3285 3361 3336 3398 η.
3365 3345 3396 3398 ϐ
3426 3344 3469 3417 ).

1888 3425 2072 3496 Neque
2120 3428 2330 3483 silentio
2375 3430 2838 3499 praetereundum,
2883 3433 3025 3502 quod
3068 3436 3380 3503 prolixiores
3403 3437 3473 3492 ad

1888 3517 2330 3577 familiarissimos
2353 3536 2500 3588 suos,
2533 3536 2625 3576 seu
2653 3522 2817 3578 laicos
2839 3565 2852 3588 ,
2885 3539 2978 3579 seu
3006 3527 3166 3580 etiam
3193 3528 3472 3598 episcopos

1887 3611 2040 3667 datas
2076 3613 2327 3682 epistolas
2354 3615 2553 3670 chartte
2579 3615 2863 3670 mandabat
2882 3618 3094 3686 propria
3123 3619 3349 3688 quadam
3378 3636 3469 3674 ra-

1888 3704 2032 3758 tione
2052 3719 2115 3758 ac
2144 3703 2333 3771 forma,
2363 3703 2498 3760 forte
2525 3706 2701 3761 minus
2729 3703 2956 3777 eleganti
2973 3749 2988 3774 ,
3022 3708 3116 3764 sed
3144 3709 3209 3763 ad
3237 3709 3336 3764 hoc
3355 3709 3472 3765 ido-

1887 3811 1986 3852 nea
2009 3836 2025 3864 ,
2055 3804 2112 3850 ut
2137 3806 2192 3852 et
2217 3796 2324 3852 cito
2346 3799 2728 3866 scriberentur,
2758 3811 2811 3856 et
2843 3800 3022 3855 charta
3052 3802 3164 3874 ipsa
3201 3810 3470 3858 teneretur

1886 3890 2218 3944 commodius
2242 3906 2361 3945 cum
2389 3891 2708 3961 legerentur.
2729 3893 2784 3947 ld
2812 3893 3040 3947 Maximo
3060 3892 3265 3948 medico
3287 3903 3468 3948 notum

1887 3979 2001 4034 ﬁeri
2027 3981 2188 4049 cupit,
2225 3997 2293 4038 ne
2317 3982 2451 4037 forte
2481 3984 2568 4038 ille
2591 4025 2605 4048 ,
2637 3984 2793 4038 istum
2822 3985 2934 4052 ejus
2974 4000 3176 4040 morem
3206 3987 3468 4054 nesciens,

1887 4071 2077 4126 factum
2104 4072 2204 4127 sibi
2244 4073 2491 4142 iniuriam
2537 4075 2886 4130 arbitraretur
2913 4076 2931 4145 (
2959 4075 3118 4144 Epist.
3153 4077 3248 4130 171
3275 4075 3312 4139 ).
3341 4077 3469 4145 Ερὶ-

1887 4163 2077 4216 stolam
2103 4163 2321 4216 mittens
2350 4164 2414 4217 ad
2445 4163 2772 4218 Victorinum
2793 4206 2807 4230 ,
2841 4175 3024 4220 monet
3043 4166 3300 4235 signatam
3327 4167 3468 4220 illam

1889 4269 2011 4310 esse
2037 4257 2231 4310 annulo
2249 4295 2262 4319 ,
2289 4255 2378 4325 qui
2405 4256 2654 4325 exprimit
2679 4256 2866 4311 faciem
2893 4256 3120 4310 liotninis
3149 4257 3470 4312 attendentis

1888 4347 1942 4402 in
1973 4349 2110 4403 latus
2136 4348 2326 4420 (Epist.
2354 4347 2424 4402 59
2443 4389 2457 4414 ,
2482 4364 2534 4400 η.
2559 4347 2639 4417 2).
2679 4349 2808 4403 Cum
2839 4363 3103 4417 nunquam
3131 4349 3384 4403 annulum
3413 4348 3466 4403 in

1889 4454 2048 4492 manu
2079 4439 2318 4505 haberet,
2354 4447 2485 4492 teste
2519 4438 2757 4492 Possidio
2785 4437 3095 4510 (Possidius,
3125 4440 3178 4493 in
3219 4437 3332 4492 Vita
3360 4441 3466 4493 Au-

1887 4537 2044 4601 gust.,
2071 4545 2116 4582 c.
2146 4528 2247 4598 24)
2264 4568 2278 4593 ,
2313 4528 2380 4582 ab
2407 4529 2582 4598 aliquo
2601 4527 2737 4584 forte
2773 4530 2931 4584 istum
2954 4569 2968 4596 ,
2993 4546 3095 4600 quo
3120 4540 3469 4586 memoratam

1889 4621 2164 4690 epistolam
2195 4619 2440 4689 signavit,
2474 4619 2725 4674 utendum
2753 4630 3047 4691 acceperat.

1961 4713 2010 4764 7.
2046 4710 2280 4765 Vidimus
2323 4711 2564 4780 superius
2605 4712 2988 4780 Augustinum,
3034 4712 3195 4768 simul
3235 4728 3296 4768 ac
3345 4728 3465 4784 prc-

1893 4802 2078 4874 sbyter
2104 4802 2385 4857 ordinatus
2411 4812 2493 4858 est
2516 4843 2532 4869 ,
2562 4803 2617 4856 in
2645 4803 2966 4872 Hipponensi
2993 4805 3204 4859 civitate
3237 4806 3474 4864 virorum

1891 4896 2182 4951 instituisse
2213 4895 2592 4950 monasterium
2616 4938 2631 4963 ,
2664 4912 2726 4951 ex
2757 4913 2862 4966 quo
2908 4899 3050 4953 velut
3093 4914 3158 4952 ex
3199 4897 3466 4952 uberrimo

1889 4988 2057 5048 fonte.
2090 4989 2381 5043 monastica
2408 4989 2513 5042 vita
2540 5002 2658 5042 sese
2680 5003 2774 5058 per
2791 4989 3086 5044 universam
3109 4988 3339 5042 Africam
3365 4988 3467 5042 dif-

1889 5078 2164 5134 fundebat.
2201 5078 2312 5134 lllic
2339 5087 2448 5134 toto
2498 5080 2892 5150 presbyteratus
2920 5081 3000 5134 sui
3043 5091 3278 5148 tempore
3303 5079 3466 5132 vitam

1890 5170 2033 5240 degit
2061 5168 2244 5240 (lbid.,
2279 5187 2324 5223 c.
2355 5169 2437 5236 5).
2471 5172 2538 5224 At
2561 5170 2648 5224 ubi
2676 5179 2886 5225 creatus
2915 5171 3308 5239 cstepiscopus,
3339 5184 3463 5226 cum

1889 5263 1956 5316 ad
1990 5261 2370 5317 humanitatem
2399 5262 2666 5316 assiduam
2700 5260 2993 5328 liOSpitibus
3022 5261 3375 5317 exhibendam
3402 5279 3468 5317 ex

1891 5353 2066 5408 ofﬁcio
2094 5355 2259 5409 teneri
2304 5369 2361 5408 se
2406 5353 2760 5422 intelligeret,
2807 5367 2868 5405 ac
2913 5353 2964 5407 id
3004 5355 3309 5410 monasticae
3348 5357 3470 5411 vitae

1891 5446 2253 5514 trainptillitati
2296 5445 2508 5499 ofﬁcere
2554 5443 2932 5511 arbitraretur,
2983 5447 3146 5500 voluit
3189 5463 3365 5502 secum
3414 5449 3465 5501 in

1891 5536 2050 5591 domo
2075 5536 2326 5605 cpisc0pii
2356 5536 2668 5594 clericorum
2695 5577 2708 5600 ,
2742 5533 2845 5592 hoc
2875 5547 2976 5604 est,
3000 5541 3428 5610 presbyterorum
3452 5581 3466 5604 ,

1891 5630 2237 5684 diaconorum
2263 5669 2277 5694 ,
2307 5627 2750 5683 subdiaconorum
2795 5629 3046 5684 Ecclesim
3089 5645 3196 5684 suae
3229 5633 3466 5686 servien-

1891 5714 2022 5768 tium
2047 5753 2062 5779 ,
2091 5711 2288 5767 habere
2316 5713 2691 5766 monasterium
2724 5712 2914 5783 (Serm.
2948 5715 3071 5778 255,
3101 5732 3152 5767 ιι.
3182 5714 3258 5786 2).
3307 5715 3465 5771 Vide-

1892 5815 1980 5863 tur
2003 5807 2048 5862 is
2072 5805 2203 5877 Spes
2221 5846 2236 5871 ,
2264 5806 2353 5876 qui
2377 5804 2514 5876 apud
2544 5807 2893 5876 Augustinum
2925 5805 3146 5876 degebat
3171 5849 3186 5873 ,
3224 5807 3385 5862 fuisse
3413 5809 3464 5862 in
3547 5806 3552 5811 ’

1894 5912 1959 5956 eo
1984 5898 2305 5956 monasterio
2331 5897 2502 5955 solum
2531 5899 2732 5968 laicus,
2781 5897 2912 5955 licet
2932 5898 3204 5956 clericatui
3233 5898 3464 5975 quodam
