3990 6360
494 369 605 431 225

498 487 659 545 modo
682 484 973 542 destinatus
1001 478 1195 554 (Epist.
1227 479 1313 545 77,
1351 494 1403 532 n.
1430 477 1486 544 2,
1518 483 1564 532 et
1601 474 1770 545 Epist.
1794 472 1883 534 78,
1918 487 1973 523 n.
2000 466 2080 541 Ξ).

498 585 576 641 De
602 583 747 638 Lmto
799 592 1009 650 quoque
1047 574 1405 638 adolescente,
1436 572 1525 643 qui
1556 570 1799 641 perfecta:
1848 567 1971 620 vitae
2013 564 2082 619 ti-

497 676 764 733 rocinium
802 670 938 740 apud
984 669 1334 739 Augustinum
1366 672 1655 736 posuerat,
1699 671 1753 718 et
1780 658 2083 731 aliquandiu

497 785 618 825 cum
647 784 712 822 eo
750 771 1040 826 manserat,
1080 771 1169 817 aut
1197 762 1249 816 in
1298 760 1415 829 ejus
1443 758 1633 823 domo,
1664 758 1708 812 si
1736 757 1920 820 laicos,
1948 767 2082 823 quos

500 857 770 916 clericatui
816 854 1141 919 destinabat,
1191 853 1241 907 in
1271 867 1387 907 eam
1418 850 1741 912 admitteret,
1770 847 1909 902 idem
1939 844 2081 915 quod

499 956 568 1011 de
598 957 700 1026 Spe
726 954 1031 1009 existimare
1063 946 1206 999 licet.
1244 944 1418 999 Lmtus
1464 942 1552 996 ille
1580 939 1740 995 animi
1764 938 1844 993 sui
1873 936 2082 991 fervore

496 1049 781 1103 maximam
824 1043 1071 1098 fratribus
1100 1038 1335 1094 laetitiam
1385 1035 1652 1089 attulerat.
1696 1027 2083 1085 Animadvertit

498 1149 672 1195 tamen
715 1137 1073 1206 Augustinus,
1122 1146 1242 1185 eum
1290 1126 1600 1183 domesticis
1649 1124 1790 1178 curis
1829 1138 1857 1174 a
1900 1120 2082 1175 divino

496 1232 677 1288 studio
697 1228 1020 1284 retardatum
1043 1266 1056 1289 ,
1086 1222 1208 1277 ferri
1243 1221 1419 1291 potius
1440 1227 1493 1273 et
1517 1216 1638 1271 duci
1664 1231 1695 1269 a
1723 1228 1881 1269 cruce
1908 1226 2003 1266 sua
2029 1218 2083 1265 et

498 1325 677 1381 carnis
706 1338 815 1378 suae
844 1320 1149 1375 inﬁrmitate
1170 1358 1184 1382 ,
1222 1329 1380 1384 quam
1415 1312 1559 1366 illam
1605 1310 1744 1363 ferre
1768 1321 1831 1361 ac
1859 1306 2076 1360 ducere.

500 1416 567 1472 Et
592 1414 764 1484 reipsa
807 1419 1022 1467 coactus
1051 1415 1134 1465 est
1161 1406 1227 1461 ab
1254 1405 1547 1475 Augustino
1575 1399 1870 1462 discedere,
1902 1405 1956 1451 et
1980 1395 2080 1450 do-

497 1523 644 1564 mum
671 1514 819 1562 sua‘m
846 1513 1111 1575 repetere,
1134 1508 1199 1556 ut
1225 1514 1315 1555 res
1343 1495 1661 1553 domesticas
1713 1499 2078 1561 componeret,

495 1615 559 1656 ea
585 1609 763 1654 mente
808 1606 866 1652 ut
912 1597 1040 1667 jugo
1080 1592 1365 1648 mundanae
1421 1586 1692 1643 servitutis
1730 1597 1985 1648 excusso,
2024 1595 2083 1636 se

496 1690 722 1746 vinculis
748 1687 1022 1759 sapientia:
1048 1686 1203 1741 daret
1235 1684 1376 1737 ultro
1406 1675 1897 1747 constringendum.
1928 1674 2082 1728 Atta-

494 1801 620 1842 men
641 1784 783 1839 domi
812 1797 924 1837 suae
945 1779 1187 1851 plurimis
1213 1773 1592 1831 tcnlationibus
1617 1768 1950 1826 conﬂictatus
1978 1773 2081 1821 est.

494 1876 718 1948 Reperit
742 1876 850 1930 illic
874 1874 1013 1928 servi
1038 1872 1213 1941 fugam
1235 1911 1249 1933 ,
1275 1876 1499 1923 mortem
1521 1864 1852 1924 ancillarum,
1888 1874 2081 1929 mgram

494 1968 716 2023 fratrum
736 1965 1120 2029 valetudinem,
1152 1970 1206 2016 et
1242 1960 1507 2030 praecipue
1553 1957 1819 2027 lacrymas
1856 1952 2041 2007 matris
2064 1994 2079 2017 ,

496 2075 617 2131 quae
645 2075 765 2114 eum
793 2058 1057 2113 irretitum
1085 2055 1409 2109 abinstituto
1429 2064 1587 2106 cursu
1610 2048 1913 2103 revocabat.
1944 2046 2085 2111 Qua-

498 2158 719 2221 propter
755 2148 824 2203 ad
876 2148 1063 2201 fratres
1106 2158 1233 2200 suos
1279 2139 1684 2212 (Hipponensis
1733 2135 2080 2199 monasterii,

496 2255 592 2296 seu
615 2241 865 2295 laicorum
911 2253 1004 2291 seu
1042 2230 1414 2303 clericorum),
1462 2228 1658 2299 aliquid
1683 2228 1857 2283 solatii
1887 2225 2085 2281 sollici-

494 2332 767 2387 tudinibus
814 2330 926 2383 suis
974 2327 1295 2397 quzesiturus
1336 2323 1616 2393 epistolam
1660 2320 1844 2384 misit,
1882 2320 1935 2373 in
1980 2332 2082 2388 qua

494 2424 799 2480 insinuabat
822 2419 1130 2475 desiderare
1160 2432 1219 2472 se
1246 2417 1452 2471 litteras
1496 2412 1793 2483 Augustini.
1826 2410 1977 2465 Hunc
1997 2409 2085 2463 do-

495 2516 578 2572 lor
602 2515 671 2570 de
696 2512 891 2568 infelici
916 2520 1054 2565 statu
1082 2508 1215 2564 Laeti
1251 2515 1541 2576 conceptus
1586 2504 1714 2559 satis
1743 2501 1993 2572 urgebat,
2025 2508 2085 2554 ut

496 2608 665 2677 ipsius
692 2604 958 2660 desiderio
980 2617 1086 2656 non
1118 2607 1369 2670 negaret,
1398 2596 1539 2668 quod
1565 2610 1624 2651 se
1646 2593 1861 2648 videbat
1903 2590 2083 2646 ofﬁcio

491 2700 687 2755 debere
712 2696 1005 2751 charitatis.
1032 2691 1477 2748 Ardentissimam
1516 2688 1676 2758 igitur
1702 2685 1768 2740 ad
1804 2700 1925 2739 eum
1951 2682 2084 2736 scri-

491 2791 597 2861 psit
617 2787 895 2858 epistolam
923 2784 1127 2857 (Epist.
1155 2782 1319 2854 245),
1360 2796 1461 2851 qua
1492 2779 1638 2833 illum
1684 2776 1993 2831 hortabatur
2015 2773 2082 2827 ad

491 2889 827 2936 terrenarum
860 2892 1035 2932 rerum
1076 2883 1441 2944 contemptum
1465 2913 1481 2939 ,
1533 2880 1588 2926 et
1630 2870 1697 2925 ad
1726 2869 1910 2924 matris
1936 2881 2084 2921 amo-

491 2981 638 3033 rem,
688 2962 931 3019 charitati
981 2960 1178 3016 Christi
1221 2968 1274 3015 et
1321 2957 1617 3021 Ecclesiae,
1661 2968 1875 3023 sumque
1926 2950 2081 3005 saluti

492 3054 943 3128 postponendum.
972 3051 1173 3108 Suadet
1192 3050 1372 3119 itaque
1395 3056 1455 3102 ut
1480 3046 1757 3101 facultates
1776 3059 1903 3097 suas
1923 3042 2079 3095 matri

494 3156 549 3202 et
574 3145 884 3202 domesticis
909 3144 1041 3210 suis,
1072 3143 1116 3198 si
1149 3141 1325 3197 forsan
1349 3140 1431 3194 his
1454 3138 1758 3207 indigeant,
1782 3136 2078 3204 relinquat;

492 3248 605 3295 tum
649 3239 753 3293 illis
805 3237 1045 3291 nuntium
1088 3234 1327 3289 remittat
1366 3247 1470 3285 :ne
1512 3230 1769 3297 majorem
1815 3228 2080 3282 tristitiam

492 3338 708 3401 torpore
736 3344 833 3384 suo
857 3327 1105 3381 fratribus
1132 3326 1333 3395 pariat,
1365 3336 1523 3394 quam
1552 3320 1785 3376 laetitiam
1808 3318 2083 3372 alacritate

496 3423 719 3494 pristina
746 3420 981 3475 dederat.
1030 3418 1208 3471 Monet
1238 3424 1294 3469 ut
1318 3414 1495 3469 studio
1524 3410 1907 3483 cognoscenda:
1933 3410 2080 3463 veri-

494 3514 623 3568 tatis
669 3520 840 3576 vacct,
878 3524 1101 3579 seseque
1146 3507 1212 3561 ad
1243 3505 1561 3575 evangelica:
1587 3501 1977 3573 praedicationis
2004 3500 2081 3553 of-

493 3604 671 3659 ﬁcium
694 3611 969 3672 comparet
992 3619 1004 3653 :
1032 3599 1325 3655 Ecclesiam
1355 3596 1595 3666 indigere
1618 3594 1816 3648 auxilio
1843 3635 1858 3659 ,
1890 3602 1946 3647 ut
1982 3592 2080 3647 ad-

497 3710 683 3750 versus
722 3695 953 3749 hostium
982 3706 1199 3747 suorum
1230 3691 1472 3743 incursus
1504 3694 1889 3756 prepugnetur,
1922 3694 2081 3754 atque

491 3797 551 3842 ut
610 3786 812 3856 parvuli
872 3785 986 3853 ejus
1055 3782 1180 3848 ﬁlii,
1226 3789 1410 3835 contra
1455 3776 1809 3848 quorumdam
1852 3776 2081 3829 ﬁliorum

496 3895 713 3935 suorum
749 3878 1007 3946 ignaviam
1035 3884 1193 3944 atque
1234 3882 1507 3941 torporem
1525 3912 1541 3936 ,
1570 3869 1802 3923 aliorum
1830 3868 2077 3930 ﬁliorum,

493 3985 721 4043 quorum
749 3986 778 4023 e
821 3982 1043 4022 numero
1069 3974 1215 4029 erat,
1250 3965 1427 4018 calore
1451 3961 1749 4016 foveantur.
1783 3959 1861 4014 Ex
1888 3957 2081 4028 quibus

496 4062 752 4130 colligere
789 4060 944 4123 licet,
998 4072 1117 4111 eum
1159 4053 1412 4109 Ecclesia:
1454 4052 1752 4107 ministerio
1802 4050 1965 4105 fuisse
2012 4049 2081 4105 ab

498 4153 796 4223 Augustino
821 4152 1163 4206 destinatum.

564 4247 617 4299 8.
645 4244 778 4299 Cum
807 4243 963 4313 igitur
998 4241 1327 4311 Augustinus
1356 4240 1407 4293 in
1435 4238 1689 4308 episcopii
1717 4237 1878 4291 domo
1899 4249 2079 4290 secum

494 4338 719 4393 clericos
747 4350 874 4392 suos
912 4335 1165 4400 haberet,
1198 4348 1318 4387 cum
1359 4332 1549 4387 iisdem
1580 4331 1804 4385 formam
1831 4329 1952 4383 vita:
1974 4329 2079 4398 pri-

498 4444 708 4485 morum
735 4426 1161 4481 Christianorum
1203 4422 1550 4493 Jerosolymis
1600 4421 1938 4491 degentium,
1965 4419 2082 4489 qui-

492 4522 595 4578 bus
615 4528 769 4576 erant
794 4519 968 4573 omnia
991 4516 1312 4579 communia,
1341 4515 1471 4569 nihil
1502 4514 1793 4583 proprium,
1825 4518 2079 4581 quantum

494 4620 731 4684 poterat,
760 4609 1060 4665 sectabatur
1082 4608 1272 4681 (Serm.
1293 4608 1418 4671 555,
1449 4623 1493 4659 c.
1516 4607 1568 4671 l,
1587 4624 1639 4659 η.
1662 4604 1733 4669 2;
1769 4603 2079 4668 Serm.556,

494 4723 550 4760 η.
573 4706 650 4775 1).
678 4704 731 4757 1η
761 4704 898 4757 illius
919 4702 1175 4757 societate
1208 4700 1336 4753 nulli
1368 4699 1559 4753 licebat
1588 4713 1741 4751 suum
1770 4695 1968 4765 aliquid
1995 4694 2079 4748 di-

495 4813 649 4865 cere,
679 4796 771 4852 sed
802 4795 977 4850 omnia
1013 4794 1261 4848 omnibus
1289 4802 1440 4847 crant
1484 4789 1786 4845 communia
1814 4807 1825 4840 :
1855 4799 1906 4842 ct
1927 4798 2081 4857 quot-

494 4898 627 4962 quot
653 4890 704 4943 in
735 4904 851 4943 eam
879 4888 1316 4949 admittebantur,
1348 4886 1485 4938 hanc
1514 4884 1614 4937 sibi
1644 4884 1811 4951 legem
1844 4881 2082 4934 sciebant

494 4981 799 5051 impositam
821 4979 1015 5049 (Serm.
1036 4979 1159 5041 555,
1182 4976 1284 5039 c2,
1306 4994 1357 5029 n.
1375 4976 1438 5037 2;
1461 4974 1627 5028 Serm.
1653 4972 1776 5033 556,
1802 4990 1852 5024 n.
1876 4971 1953 5041 2).
1979 4970 2081 5025 Nc-

496 5087 600 5142 quc
616 5086 743 5124 vero
764 5070 928 5123 ullum
948 5069 1225 5122 ordinabat
1242 5068 1514 5126 clericum,
1538 5065 1639 5117 nisi
1663 5065 1748 5133 qui
1778 5078 1957 5117 secum
1980 5063 2079 5116 sub

500 5178 561 5216 ea
592 5161 897 5215 conditione
922 5175 1137 5214 manere
1168 5159 1328 5213 vellet
1353 5176 1364 5211 :
1400 5165 1461 5211 ut
1484 5157 1528 5210 si
1556 5156 1675 5225 quis
1700 5155 2023 5209 descisceret
2050 5171 2080 5209 a

494 5252 767 5321 proposito
788 5292 800 5315 ,
836 5252 912 5305 illi
940 5252 1243 5305 clericatum
1274 5248 1527 5313 auferret,
1559 5262 1788 5316 cumque
1827 5247 1972 5301 velut
1996 5261 2082 5300 sa-

496 5358 601 5397 crm
647 5343 918 5396 societatis
966 5352 1250 5412 susceptae,
1282 5349 1337 5395 et
1373 5349 1569 5394 sanctae
1608 5338 1955 5409 professionis
1984 5338 2079 5393 de-

498 5443 757 5489 sertorem
792 5434 858 5489 de
886 5434 1050 5504 gradu
1077 5434 1328 5503 dejiceret
1350 5432 1541 5501 (Serm.
1569 5431 1691 5495 556,
1726 5448 1813 5483 nn.
1857 5433 1918 5496 6,
1952 5432 2017 5485 M
2038 5430 2079 5502 ).

436 5511 460 5532 ⁸
499 5526 589 5581 Sic
636 5542 823 5581 omnes
878 5526 1058 5581 clerici
1112 5542 1230 5579 cum
1276 5542 1339 5579 eo
1378 5541 1639 5594 pauperes
1689 5535 1877 5589 erant,
1925 5526 2082 5580 simul

498 5620 867 5690 prmstolantes
899 5618 1316 5673 misericordiam
1348 5619 1437 5671 Dei
1470 5633 1535 5671 ex
1578 5616 1834 5671 reditibus
1871 5633 2083 5687 posses-

501 5711 707 5765 sionum
751 5710 1000 5765 Ecclesiae
1021 5752 1036 5777 ,
1068 5710 1151 5762 vel
1191 5724 1255 5762 ex
1284 5708 1641 5764 oblationibus
1671 5708 1927 5777 ﬁdelium,
1963 5725 2083 5780 qua!

500 5802 721 5875 singulis
750 5817 844 5873 pro
864 5801 1120 5873 cujusque
1141 5800 1425 5873 indigentia
1452 5801 1905 5857 distribuebantur
1924 5801 2084 5872 (Pos-

1596 358 1755 415 VITA
1793 356 1851 412 S.
1884 349 2249 409 AUGUSTINI
2286 348 2606 409 EPISCOPI.

2188 467 2379 534 sidius,
2412 467 2465 520 in
2502 465 2619 520 Vita
2646 464 2942 537 Augustini,
2989 480 3039 517 ε.
3068 463 3181 538 25).
3228 464 3431 535 Quibus
3476 450 3651 539 aliqua
3679 486 3774 527 res

2187 556 2464 612 familiaris
2506 566 2651 623 erat,
2685 573 2800 611 eam
2837 566 2929 612 aut
2954 573 3175 628 erogare
3204 559 3521 628 pauperibus
3544 601 3560 627 ,
3591 570 3683 615 aut
3714 564 3768 616 in

2188 663 2470 704 commune
2495 648 2738 703 conferre
2760 691 2775 716 ,
2808 658 2899 702 aut
2926 651 3113 719 quovis
3140 649 3299 704 modo
3318 651 3593 706 remittere
3619 662 3775 707 tene-

2186 739 2380 794 bantur
2405 738 2595 811 (Serm.
2626 740 2753 805 555,
2780 757 2835 793 n.
2863 738 2944 811 2).
2976 740 3076 805 Qui
3125 740 3259 794 nihil
3282 741 3635 807 contulerant,
3663 758 3774 797 non

2186 829 2625 885 discernebantur
2664 830 2732 885 ab
2771 830 2849 885 eis
2897 831 2987 900 qui
3014 830 3216 901 aliquid
3245 833 3549 887 attulissent
3577 831 3772 902 (Serm.

2186 922 2291 977 556
2314 964 2328 987 ,
2380 940 2433 976 n.
2482 922 2563 994 8).
2590 922 2647 977 Si
2698 937 2833 994 quos
2862 938 3037 993 aegros
3065 935 3157 978 aut
3202 939 3267 978 ex
3306 926 3495 979 morbo
3520 927 3777 981 convale-

2184 1026 2397 1071 scentes
2419 1017 2709 1071 necessitas
2724 1025 2937 1086 cogeret
2953 1024 3074 1071 ante
3096 1016 3282 1071 horam
3298 1018 3505 1087 prandii
3530 1019 3777 1087 reﬁcere,

2185 1122 2294 1162 non
2338 1107 2659 1176 prohibebat
2715 1108 2929 1178 quidem
2982 1109 3306 1178 Augustinus
3348 1109 3413 1163 iis
3450 1110 3585 1164 mitti
3631 1111 3777 1180 quod

2185 1198 2410 1252 aliorum
2433 1199 2603 1268 pietas
2632 1198 2923 1265 offerebat;
2952 1198 3048 1253 sed
3096 1214 3190 1254 eos
3220 1199 3499 1269 prandium
3530 1210 3622 1256 aut
3664 1215 3781 1255 cas-

2184 1306 2306 1345 nam
2357 1300 2514 1347 extra
2566 1306 2779 1348 sumere
2805 1306 2911 1346 non
2956 1293 3304 1363 permittebat
3334 1292 3519 1365 (lbid.,
3558 1312 3612 1349 n.
3652 1295 3774 1365 15).

2184 1380 2319 1436 Cum
2349 1383 2412 1437 iis
2440 1397 2651 1452 semper
2678 1384 3004 1454 Augustinus
3031 1400 3135 1438 una
3188 1384 3370 1454 domo,
3404 1400 3509 1440 una
3548 1401 3736 1441 mensa
3758 1429 3777 1454 ,

2186 1473 2593 1544 sumptibusque
2636 1475 3011 1531 communibus
3053 1476 3292 1531 alebatur
3335 1486 3392 1533 et
3431 1478 3779 1534 vestiebatur.

2185 1564 2409 1621 Nolebat
2437 1566 2638 1622 habere
2663 1567 2935 1638 quidpiam
2963 1568 3067 1623 nisi
3084 1584 3400 1638 commune,
3426 1570 3511 1626 vel
3535 1573 3783 1641 accipere

2186 1657 2287 1711 nisi
2319 1658 2371 1711 in
2402 1672 2686 1713 commune
2718 1677 2733 1713 :
2760 1668 2815 1714 et
2838 1660 2881 1713 si
2911 1659 3032 1729 quis
3054 1658 3254 1730 aliquid
3282 1660 3413 1730 ipsi,
3440 1661 3583 1732 quod
3619 1676 3777 1717 com-

2186 1763 2347 1803 mune
2374 1762 2494 1803 esse
2539 1764 2646 1803 non
2676 1758 2891 1819 posset,
2934 1749 3187 1816 offerret;
3236 1751 3399 1817 illud,
3450 1760 3509 1806 ut
3545 1753 3780 1823 pretium

2187 1850 2331 1895 esset
2354 1856 2637 1897 commune
2657 1884 2672 1908 ,
2702 1842 2980 1898 vendebat.
3009 1843 3508 1915 Indisciptinationes
3533 1861 3733 1918 quoque
3760 1886 3781 1913 ,

2187 1934 2261 1988 ait
2292 1934 2590 2001 Possidius,
2620 1945 2666 1990 ct
2706 1939 3126 2007 transgressiones
3155 1954 3363 1992 suorum
3382 1955 3415 1991 a
3440 1939 3615 2010 regula
3640 1949 3784 1993 recta

2186 2034 2235 2078 et
2282 2026 2539 2080 honestate
2560 2066 2578 2094 ,
2608 2029 2847 2098 arguebat
2874 2038 2919 2082 et
2963 2028 3208 2082 tolerabat
3231 2070 3246 2095 ,
3288 2038 3534 2100 quantum
3575 2031 3783 2083 decebat

2188 2125 2233 2170 et
2259 2118 2515 2188 Oportebat
2543 2134 2563 2172 :
2587 2120 2641 2172 in
2662 2120 2845 2173 talibus
2892 2120 3144 2191 praecipue
3167 2120 3372 2185 docens,
3396 2136 3459 2174 ne
3481 2122 3785 2191 cujusquam

2187 2226 2274 2262 cor
2301 2210 2635 2265 declinaretur
2658 2212 2713 2265 in
2746 2213 2892 2267 verba
2922 2213 3146 2283 maligna
3173 2213 3240 2266 ad
3267 2213 3581 2267 excusandas
3622 2230 3787 2268 excu-

2187 2303 2404 2358 sationes
2449 2305 2503 2357 in
2552 2306 2784 2373 peccatis.
2829 2304 2896 2358 Et
2937 2307 3055 2359 dum
3084 2307 3293 2377 quisque
3319 2306 3523 2373 offerret
3592 2324 3785 2363 munus

2187 2408 2334 2446 suum
2374 2393 2443 2446 ad
2487 2395 2666 2461 altare,
2724 2405 2770 2449 et
2794 2397 2901 2449 illic
2936 2397 3229 2452 recordatus
3258 2398 3434 2469 fuisset
3454 2398 3587 2467 quod
3619 2401 3786 2470 frater

2186 2500 2306 2537 suus
2327 2484 2527 2539 haberet
2548 2486 2741 2557 aliquid
2769 2487 3006 2542 adversus
3022 2490 3168 2543 illum
3187 2531 3201 2555 ,
3246 2489 3629 2561 relinquendum
3672 2508 3790 2547 esse

2197 2591 2381 2629 manus
2421 2586 2539 2630 ante
2561 2578 2741 2645 altare,
2773 2590 2922 2650 atque
2946 2581 3164 2634 eundum
3190 2598 3288 2651 quo
3317 2581 3466 2650 fratri
3489 2582 3789 2637 reconcilie-

2188 2676 2316 2732 tur;
2355 2679 2403 2723 et
2454 2679 2573 2723 tunc
2622 2672 2946 2738 ueniendum,
2981 2681 3026 2728 et
3060 2690 3244 2728 munus
3276 2673 3344 2727 ad
3370 2675 3531 2729 altare
3562 2674 3790 2742 offeren-

2188 2763 2328 2816 dum.
2387 2764 2448 2819 Si
2499 2782 2614 2820 vero
2670 2768 2778 2836 ipse
2838 2768 3079 2823 adversus
3134 2772 3343 2841 fratrem
3385 2785 3534 2823 suum
3588 2770 3791 2842 aliquid

2188 2855 2408 2921 haberet,
2433 2858 2686 2926 corripere
2714 2876 2825 2913 eum
2843 2860 3021 2914 debere
3040 2862 3091 2914 in
3121 2870 3262 2931 parte
3283 2876 3303 2925 ;
3328 2869 3374 2914 et
3398 2860 3441 2915 si
3468 2877 3583 2914 eum
3608 2862 3792 2916 audis-

2188 2958 2283 3013 set,
2309 2948 2535 3002 lucratus
2562 2959 2687 3004 esset
2728 2967 2874 3005 suum
2901 2951 3108 3020 fratrem
3130 2967 3149 3005 :
3180 2952 3258 3006 sin
3299 2952 3465 3005 minus
3485 2994 3500 3018 ,
3532 2952 3787 3006 adhiben-

2187 3040 2307 3092 dum
2327 3056 2433 3093 esse
2460 3057 2613 3094 unum
2655 3050 2743 3095 aut
2768 3042 2895 3095 duos
2925 3058 2943 3095 :
2970 3042 3105 3112 quod
3132 3043 3178 3097 si
3217 3052 3272 3096 et-
3304 3043 3442 3113 ipsos
3486 3051 3785 3099 contemne-

2184 3138 2292 3193 ret,
2322 3129 2603 3185 Ecclesiam
2629 3132 2965 3187 adhibendam
2990 3148 3007 3186 :
3033 3134 3111 3187 sin
3152 3150 3266 3187 vero
3291 3143 3336 3188 et
3372 3134 3489 3187 huic
3514 3151 3613 3188 non
3641 3134 3775 3189 obe-

2186 3221 2335 3287 diret,
2387 3232 2512 3277 esset
2564 3224 2641 3278 illi
2684 3234 2737 3277 ut
2783 3226 3009 3280 ethnicus
3044 3235 3093 3279 et
3147 3226 3463 3295 publicanus.
3504 3226 3571 3279 Et
3640 3225 3788 3281 illud

2186 3312 2405 3378 addens,
2465 3322 2521 3367 ut
2575 3315 2730 3386 fratri
2779 3317 3004 3385 peceanti
3046 3325 3093 3370 et
3155 3316 3352 3370 ueniant
3405 3317 3620 3388 petenti,
3678 3333 3795 3373 non

2185 3405 2386 3475 septies,
2416 3406 2505 3460 sed
2540 3408 2822 3478 septuagies
2850 3409 3031 3479 septies
3053 3408 3293 3462 delictum
3335 3410 3610 3475 relaxetur,
3646 3410 3789 3464 sicut

2186 3497 2395 3567 quisque
2427 3514 2459 3550 a
2504 3497 2725 3552 Domino
2754 3499 2975 3569 quotidie
3000 3500 3097 3553 sibi
3124 3501 3345 3571 postulat
3372 3502 3595 3555 relaxari
3616 3500 3795 3572 (Pos-

2186 3589 2376 3657 sidius,
2404 3591 2457 3644 in
2494 3589 2609 3644 Vita
2633 3591 2922 3662 Augustini,
2954 3609 2997 3645 c.
3040 3591 3155 3664 25).
3202 3592 3345 3648 Istud
3369 3593 3608 3663 profecto
3643 3592 3795 3649 Pos-

2185 3682 2351 3737 sidius
2383 3683 2523 3737 inter
2549 3683 2827 3754 Augustini
2878 3693 2993 3739 acta
3027 3701 3130 3739 non
3160 3684 3231 3739 ob
3258 3684 3397 3740 aliud
3424 3684 3639 3753 retulit,
3672 3684 3795 3741 nisi

2187 3784 2243 3828 ut
2286 3776 2401 3845 ejus
2446 3777 2711 3845 propriam
2741 3777 3026 3848 quamdam
3075 3777 3485 3832 sollicitudinem
3514 3777 3798 3833 studium-

2185 3883 2287 3938 que
2311 3870 2729 3937 commendaret,
2754 3886 2859 3941 quo
2884 3871 3131 3925 videlicet
3155 3879 3371 3925 sanctus
3398 3870 3699 3940 Episcopus
3725 3871 3797 3925 in

2187 3960 2287 4015 hoc
2315 3963 2547 4017 maxime
2579 3962 2948 4027 incumbebat,
2976 3972 3034 4016 ut
3058 3963 3188 4016 citra
3212 3962 3586 4032 exceptionem
3616 3962 3797 4018 ullam

2187 4052 2361 4118 ﬁeret,
2391 4055 2530 4123 quod
2557 4070 2617 4109 ea
2647 4054 2713 4110 de
2742 4070 2801 4110 re
2838 4056 3097 4109 Dominus
3119 4062 3300 4108 noster
3324 4055 3623 4125 imperavit.

2265 4147 2319 4199 9.
2375 4145 2701 4200 Feminarum
2754 4148 2888 4200 intra
2944 4146 3151 4200 domum
3216 4147 3327 4214 ejus
3370 4146 3512 4199 nulla
3557 4162 3798 4213 unquam

2187 4250 2475 4295 conuersata
2497 4252 2567 4296 est
2583 4282 2595 4306 ,
2633 4242 2775 4295 nulla
2797 4242 3013 4307 mansit,
3030 4258 3093 4295 ne
3112 4240 3315 4311 quidem
3347 4257 3587 4312 germana
3609 4258 3793 4307 soror,

2188 4349 2302 4403 qua?
2325 4334 2476 4387 vidua
2520 4334 2627 4387 Deo
2663 4335 2879 4388 serviens
2921 4334 3081 4387 multo
3128 4342 3350 4404 tempore
3392 4350 3545 4403 usque
3571 4334 3622 4386 in
3644 4334 3799 4389 diem

2187 4424 2349 4478 obitus
2392 4425 2470 4478 sui
2538 4426 2809 4493 prteposita
2864 4424 3168 4479 ancillarum
3218 4425 3314 4479 Dei
3362 4426 3519 4489 uixit;
3565 4427 3654 4480 sed
3687 4442 3800 4481 nec

2188 4514 2357 4584 patrui
2402 4516 2480 4567 sui
2515 4516 2654 4583 ﬁlim,
2706 4525 2753 4569 et
2783 4516 2958 4587 fratris
2998 4516 3077 4570 sui
3111 4516 3234 4585 ﬁliae
3259 4557 3273 4583 ,
3310 4533 3424 4586 qua’
3451 4518 3639 4588 pariter
3666 4516 3801 4573 Deo

2186 4606 2459 4660 serviebant
2486 4624 2502 4661 :
2524 4625 2648 4677 quas
2690 4626 2930 4679 personas
2957 4618 3246 4663 sanctorum
3264 4610 3613 4681 episcoporum
3657 4627 3801 4664 con-

2186 4698 2304 4750 cilia
2342 4698 2394 4752 in
2437 4700 2654 4769 exceptis
2688 4710 2981 4771 posuerunt.
3016 4700 3227 4755 Dicebat
3274 4717 3412 4768 vero,
3441 4704 3559 4773 quia
3597 4702 3690 4755 etsi
3715 4705 3803 4759 de

2187 4806 2358 4843 sorore
2390 4800 2435 4843 et
2488 4790 2716 4861 neptibus
2751 4808 2917 4845 secum
2963 4793 3387 4846 commorantibus
3440 4793 3581 4845 nulla
3632 4796 3801 4848 nasci

2189 4892 2355 4953 posset
2406 4883 2543 4937 mala
2604 4884 2863 4953 suspicio;
2902 4893 3069 4937 tamen
3116 4885 3352 4952 quoniam
3404 4884 3509 4938 illa:
3552 4899 3804 4951 persona:

2187 4974 2296 5027 sine
2323 4974 2438 5027 aliis
2470 4974 2765 5027 necessariis
2799 4990 3064 5045 secumque
3110 4974 3422 5029 manentibus
3452 4973 3647 5045 feminis
3671 4990 3799 5031 esse

2188 5083 2289 5120 non
2316 5076 2546 5136 possent,
2575 5076 2621 5119 et
2659 5067 2793 5135 quod
2820 5067 2888 5119 ad
2912 5082 2997 5120 eas
3025 5067 3144 5120 alia:
3196 5067 3347 5120 etiam
3394 5084 3427 5119 a
3460 5066 3583 5137 foris
3611 5066 3807 5119 intra-

2187 5169 2317 5223 rent,
2352 5159 2413 5212 de
2438 5159 2515 5211 his
2544 5175 2692 5229 posse
2715 5158 3079 5226 offendiculum
3096 5170 3183 5213 aut
3201 5160 3497 5215 scandalum
3522 5160 3793 5229 inﬁnitio.—

2187 5250 2327 5304 ribus
2365 5251 2550 5315 nasci;
2589 5259 2636 5305 et
2675 5252 2793 5305 illos
2850 5251 2937 5322 qui
2982 5267 3097 5305 cum
3148 5253 3383 5323 episcopo
3422 5254 3497 5306 uel
3550 5251 3753 5323 quolibe
3776 5282 3807 5295 ιι

2190 5343 2370 5395 clerico
2398 5344 2526 5411 forte
2551 5354 2828 5411 manerent,
2856 5360 2917 5397 ea:
2940 5345 3041 5398 illis
3070 5345 3298 5399 omnibus
3326 5346 3629 5415 feminarum
3650 5361 3784 5413 per-

2191 5434 2327 5487 sonis
2357 5452 2503 5503 posse
2552 5451 2655 5487 una
2684 5435 3105 5489 commorantibus
3131 5435 3208 5489 vel
3236 5436 3639 5501 adventantibus,
3692 5448 3799 5492 aut

2195 5526 2547 5579 tentationibus
2580 5526 2813 5581 humanis
2837 5528 2997 5597 perire
3018 5569 3031 5590 ,
3064 5537 3153 5581 aut
3173 5538 3304 5582 certe
3329 5531 3481 5583 malis
3513 5528 3797 5583 hominum

2192 5619 2559 5685 suspicionibus
2596 5621 2805 5690 pessime
2830 5618 3107 5685 di/famari.
3144 5621 3219 5675 0b
3271 5622 3365 5675 hoc
3393 5638 3509 5692 ergo
3539 5620 3736 5673 dicebat
3764 5660 3793 5687 ,

2192 5727 2446 5779 nunquam
2474 5710 2649 5763 debere
2674 5711 2887 5779 feminas
2916 5727 3027 5763 cum
3056 5713 3209 5765 servis
3236 5711 3349 5777 Dei,
3377 5712 3524 5764 etiam
3546 5711 3798 5764 castissi-

2191 5803 2320 5868 mis,
2365 5817 2467 5855 una
2509 5818 2711 5855 manere
2752 5800 2922 5868 domo,
2975 5819 3054 5868 ne,
3086 5812 3141 5857 ut
3184 5804 3375 5856 dictant
3402 5812 3514 5869 est,
3570 5802 3799 5865 aliquod
