3990 6360
262 483 566 540 scandalum
605 492 698 538 aut
742 481 1101 550 oﬂ'endiculum
1166 482 1255 535 tali
1310 482 1536 551 exemplo
1583 491 1851 553 poneretur

261 580 630 646 inﬁrmioribus
662 596 679 633 :
703 589 748 634 et
788 580 833 634 si
860 580 991 649 forte
1013 580 1073 632 ab
1103 579 1350 649 aliquibus
1376 580 1594 650 feminis,
1630 589 1682 634 ut
1707 579 1842 633 vide-

261 682 414 732 retur,
447 670 527 723 vel
553 670 880 736 salutaretur,
903 671 1211 741 rogabatur;
1239 687 1494 739 nunquam
1519 672 1626 724 sine
1652 671 1846 724 clericis

260 762 467 813 testibus
491 761 564 814 ad
587 777 704 816 eum
730 761 1018 828 intrabant,
1048 762 1124 815 vel
1166 763 1302 816 solus
1332 778 1442 814 cum
1483 762 1604 816 solis
1630 777 1850 830 unquam

259 865 324 905 est
372 855 597 920 locutus,
628 871 718 908 nec
754 854 797 909 si
834 863 1134 908 secretorum
1159 854 1353 922 aliquid
1380 854 1628 908 interesset
1666 851 1848 923 (Ibid.,

257 963 299 996 ι’.
331 943 451 1016 26).

907 1034 1132 1091 CAPUT
1171 1035 1256 1089 lll.

255 1126 276 1178 l
311 1127 636 1196 Augustinus
674 1144 867 1198 semper
889 1129 1058 1182 animo
1087 1127 1211 1180 liber
1252 1127 1305 1181 in
1337 1126 1575 1182 Ecclesia:
1608 1143 1714 1182 sua:
1765 1128 1852 1182 bo-

321 1219 403 1271 nis
445 1220 891 1274 administrandis.
931 1222 968 1273 ‘2
993 1218 1063 1272 In
1103 1220 1278 1273 iisdem
1323 1219 1443 1273 data
1479 1222 1722 1291 facultate
1758 1239 1850 1276 au-

319 1312 506 1382 gendis
536 1322 782 1381 quantum
809 1311 1006 1366 alienus
1034 1312 1096 1365 ab
1124 1312 1261 1365 omni
1289 1312 1581 1382 cupiditate.
1622 1313 1656 1367 5
1687 1312 1845 1367 Obla-

321 1402 490 1457 ήσεως
528 1405 645 1476 pias
678 1403 925 1475 approbat
962 1411 1010 1458 et
1042 1404 1271 1472 suscipit.
1309 1404 1344 1458 4
1381 1401 1552 1474 Ipsius
1590 1414 1634 1458 et
1677 1405 1850 1476 Algpii

321 1497 385 1549 de
403 1493 670 1549 Honorati
697 1495 972 1566 presbyteri
1009 1494 1304 1550 haereditate
1335 1511 1485 1564 quant
1515 1495 1850 1566 discrepantes

321 1585 603 1640 sententiae.
674 1586 708 1641 5
768 1584 1016 1640 Basilicas
1091 1594 1139 1638 et
1193 1584 1562 1639 xenodochium
1626 1587 1848 1642 construi

320 1685 484 1731 curat.

323 1768 376 1822 l.
415 1766 617 1821 Domus
637 1766 879 1821 Ecclesia
895 1782 1089 1829 curam,
1112 1781 1400 1834 omnemque
1423 1764 1755 1820 substantiam
1782 1767 1850 1820 ad

255 1862 380 1915 vices
403 1861 764 1915 valentioribus
777 1860 972 1914 clericis
991 1859 1252 1930 delegabat
1275 1868 1320 1914 et
1337 1858 1566 1913 credebat
1586 1857 1846 1930 (Possid.,

255 1957 309 2009 in
336 1954 460 2008 Vita
485 1956 714 2024 August.,
739 1971 784 2006 c.
808 1953 924 2024 24).
951 1953 1152 2022 Singuli
1191 1967 1286 2022 per
1320 1968 1552 2007 annuum
1573 1993 1586 2017 ,
1615 1961 1671 2006 ut
1698 1952 1846 2007 vide-

257 2055 370 2113 tur,
393 2046 618 2117 Spatium
640 2046 689 2100 id
710 2045 968 2111 muneris,
994 2045 1078 2099 cui
1105 2045 1468 2114 praepositum
1492 2059 1683 2098 nomen
1705 2053 1839 2108 erat,

251 2137 502 2202 obibant;
533 2137 726 2207 quibus
756 2137 917 2191 etiam
960 2144 1192 2190 mutuam
1223 2150 1438 2190 sumere
1473 2135 1748 2204 pecuniam
1780 2133 1848 2188 li-

255 2229 407 2283 cebat
439 2228 641 2298 (Serm.
667 2227 792 2294 356,
825 2245 879 2281 n.
914 2227 1018 2297 l5).
1050 2224 1167 2296 Ipse
1194 2242 1450 2294 nunquant
1469 2225 1690 2291 clavem,
1722 2241 1850 2278 nun-

251 2334 396 2386 quam
424 2317 680 2371 annulum
704 2318 758 2370 in
788 2323 940 2370 manu
965 2316 1151 2370 habens
1179 2331 1197 2368 :
1223 2313 1312 2368 sed
1340 2314 1402 2368 ab
1444 2313 1630 2368 eisdem
1669 2313 1850 2368 domus

251 2410 535 2479 prapositis
554 2420 742 2463 cuncta
767 2418 813 2462 et
832 2418 1037 2479 accepta
1062 2417 1109 2462 et
1135 2417 1341 2477 erogata
1365 2406 1666 2460 notabantur
1694 2422 1712 2460 :
1737 2420 1852 2477 qua:

249 2517 379 2555 mtuo
407 2502 671 2571 completo
704 2501 864 2555 eidem
889 2499 1244 2564 recitabantur,
1272 2515 1368 2569 quo
1398 2499 1608 2553 sciretur
1625 2539 1641 2566 ,
1682 2514 1848 2568 quan-

250 2601 350 2644 tum
397 2602 674 2662 acceptant
694 2635 710 2660 ,
756 2600 1094 2664 quantumque
1139 2590 1480 2661 dispensatum
1522 2589 1729 2660 fuisset,
1772 2588 1851 2643 vel

254 2682 371 2751 quid
391 2682 804 2753 dispensandum
831 2683 1183 2747 remansisset;
1213 2690 1259 2734 et
1288 2681 1341 2734 in
1366 2680 1537 2735 multis
1556 2680 1714 2734 titulis
1742 2696 1852 2735 ma-

247 2781 319 2851 gis
346 2780 492 2834 illius
521 2779 786 2849 praepositi
815 2777 995 2832 domus
1018 2777 1169 2847 ﬁdem
1198 2792 1424 2848 sequens,
1467 2790 1618 2846 quam
1656 2773 1843 2844 proba-

250 2886 356 2928 tum
379 2875 862 2945 mam'festatumque
883 2890 1202 2946 cognoscens.
1228 2873 1469 2939 Domum,
1511 2887 1690 2944 agrum
1709 2912 1724 2939 ,
1761 2887 1851 2927 seu

252 2970 431 3023 villam
457 2986 716 3038 nunquam
742 2985 904 3024 emere
925 2969 1099 3022 voluit.
1131 2965 1198 3021 In
1225 2967 1287 3022 iis
1314 2983 1511 3039 quoque
1536 3007 1550 3033 ,
1590 2980 1706 3037 qua
1744 2964 1850 3018 Ec-

251 3061 406 3115 clesia
431 3061 648 3115 habebat
679 3071 728 3116 et
757 3059 1063 3132 possidebat,
1095 3060 1316 3114 intentus
1345 3074 1546 3126 amore,
1573 3059 1651 3112 vel
1675 3057 1850 3128 impli-

252 3161 391 3207 catus
437 3169 543 3206 non
584 3162 740 3206 erat:
768 3151 857 3205 sed
883 3151 1157 3221 majoribus
1186 3151 1364 3220 magis,
1409 3165 1468 3202 ac
1509 3149 1853 3219 spiritualibus

255 3259 532 3312 suspensus
561 3252 611 3296 et
641 3243 890 3297 iri/uerens
916 3240 1078 3308 rebus,
1111 3241 1196 3295 via:
1219 3240 1490 3311 aliquando
1515 3256 1570 3294 se
1595 3239 1761 3310 ipsum
1785 3239 1853 3294 ad

258 3333 343 3387 illa
384 3335 697 3404 temporalia
735 3334 796 3386 ab
834 3342 1132 3388 ceternorum
1169 3332 1468 3404 cogitatione
1510 3330 1770 3385 relaxabat
1806 3340 1854 3386 et

262 3425 570 3497 deponebat.
605 3424 798 3490 Quibus
835 3426 920 3478 ille
963 3424 1216 3495 dispositis
1239 3432 1286 3477 et
1310 3423 1552 3477 ordinatis
1572 3465 1586 3490 ,
1615 3431 1852 3492 tanquam

253 3532 283 3569 a
308 3517 460 3570 rebus
489 3515 815 3569 mordacibus
834 3531 892 3567 ac
921 3514 1160 3580 molestis,
1186 3514 1342 3568 animi
1379 3529 1637 3567 recursum
1662 3511 1731 3566 ad
1767 3513 1851 3566 in-

256 3609 439 3662 teriora
471 3608 659 3662 mentis
680 3616 728 3660 et
752 3608 1010 3677 superiora
1036 3606 1272 3676 faciebat,
1298 3623 1394 3676 quo
1413 3605 1489 3660 vel
1514 3605 1576 3659 de
1600 3605 1854 3660 invenien-

253 3703 329 3756 dis
357 3701 551 3754 divinis
579 3700 734 3754 rebus
763 3700 1000 3770 cogitaret
1026 3740 1039 3764 ,
1073 3698 1150 3751 vel
1178 3697 1240 3750 de
1274 3698 1378 3763 iant
1421 3697 1632 3749 inventis
1659 3695 1852 3765 aliquid

255 3795 492 3858 dictaret,
520 3801 614 3845 aut
637 3801 770 3846 certe
797 3807 858 3846 ea:
875 3791 988 3862 jam
1014 3790 1212 3842 dictatis
1246 3798 1392 3858 atque
1416 3788 1729 3858 transcriptis
1757 3787 1854 3840 ali-

257 3887 376 3958 quid
400 3886 722 3941 emendaret.
749 3883 815 3938 Et
835 3883 888 3937 id
913 3883 1088 3954 agebat
1108 3883 1160 3936 in
1185 3882 1265 3935 die
1289 3881 1542 3946 laborans,
1568 3890 1612 3934 et
1635 3881 1689 3934 in
1710 3889 1854 3936 nocte

265 3979 552 4034 lucubrans.
590 3978 656 4031 Et
697 3986 806 4031 erat
845 3987 1080 4046 tanquam
1111 3975 1202 4030 illa
1242 3975 1616 4046 religiosissima
1644 3974 1848 4042 Maria,

275 4082 448 4142 typum
474 4081 672 4141 gestans
701 4085 934 4141 superna:
958 4068 1234 4136 Ecclesiae,
1275 4069 1336 4121 de
1365 4085 1462 4139 qua
1492 4068 1732 4138 scriptum
1756 4075 1848 4136 est,

263 4165 403 4232 quod
426 4165 615 4218 sederet
642 4165 711 4217 ad
736 4164 885 4233 pedes
916 4163 1148 4227 Domini,
1186 4170 1334 4232 atque
1367 4161 1557 4215 intenta
1591 4162 1700 4227 eius
1741 4177 1852 4215 ver-

259 4255 374 4308 bum
398 4256 603 4309 audiret
633 4254 884 4322 (Possid.,
913 4255 967 4308 in
998 4253 1110 4306 Vita
1136 4253 1266 4323 Aug.
1290 4295 1304 4319 ,
1339 4269 1384 4306 c.
1412 4251 1524 4322 24).
1547 4251 1852 4306 Videbimus

253 4347 391 4402 inira
425 4365 550 4403 cum
581 4348 982 4418 possessionum
1015 4345 1272 4401 Ecclesiae
1300 4360 1412 4400 sua:
1440 4343 1855 4398 administratio-

254 4454 380 4494 nem
412 4453 640 4510 prorsus
669 4438 918 4508 abjicere,
951 4447 1111 4509 atque
1153 4438 1218 4493 iis
1263 4437 1480 4492 omnino
1524 4435 1715 4491 cedere
1759 4451 1852 4490 vo-

255 4534 424 4588 luisse
457 4532 660 4604 (lbid.,
684 4548 731 4586 c.
755 4530 870 4604 23).
899 4531 991 4585 llle
1017 4532 1130 4601 ipse
1157 4545 1320 4601 epum
1353 4536 1717 4598 contemptus,
1745 4543 1852 4598 quo

251 4628 366 4698 jam
397 4627 529 4682 inde
559 4642 591 4681 a
617 4641 712 4681 sua
746 4626 1100 4682 conversione
1140 4623 1415 4678 facultates
1449 4637 1572 4678 suas
1600 4622 1850 4693 pauperi-

254 4719 358 4774 bus
377 4718 648 4788 erogavit,
677 4718 729 4773 ei
759 4717 920 4771 totius
943 4715 1298 4786 Hipponensis
1323 4714 1502 4785 populi
1531 4713 1852 4769 benevolen-

259 4812 390 4867 tiam
419 4810 804 4866 conciliaverat
830 4806 1021 4880 (Epist.
1057 4807 1160 4863 126
1180 4847 1194 4871 ,
1215 4824 1268 4860 n.
1299 4806 1354 4878 7)
1388 4821 1402 4860 :
1434 4821 1551 4875 quae
1590 4804 1756 4860 virtus
1795 4804 1850 4859 in

255 4905 383 4972 illo,
431 4919 507 4958 ex
557 4918 665 4973 quo
714 4909 926 4958 creatus
955 4908 1035 4954 est
1064 4898 1373 4969 episcopus,
1423 4897 1699 4952 imminuta
1745 4911 1851 4952 non

258 4995 381 5048 fuit.
415 4994 553 5049 Nam
582 4993 823 5063 quamvis
870 4990 1123 5046 Ecclesia:
1165 4990 1304 5045 bona
1334 5004 1392 5044 re
1434 5002 1528 5042 sua
1566 4987 1848 5057 familiari,

256 5102 420 5158 quam
452 5085 757 5152 dimiserat,
788 5083 956 5138 multo
997 5082 1198 5153 majora
1240 5080 1515 5152 possidere
1540 5079 1808 5135 videretur
1829 5120 1848 5150 ,

256 5194 452 5235 eorum
502 5188 682 5233 tamen
724 5175 1061 5232 solummodo
1099 5175 1410 5230 distributor
1448 5180 1501 5229 et
1540 5187 1852 5229 (economus

258 5280 397 5327 erat.
429 5271 609 5337 Quare
637 5285 758 5324 cum
784 5267 1066 5338 aliquando
1092 5267 1146 5321 in
1167 5265 1468 5336 cupiditatis
1495 5264 1848 5335 suspicionem

259 5362 400 5417 falso
435 5361 711 5426 venisset,
753 5360 921 5415 Deum
959 5359 1134 5429 ipsum
1163 5358 1323 5412 animi
1364 5357 1444 5412 sui
1484 5365 1674 5412 testem
1701 5355 1850 5412 adbi-

259 5454 380 5508 buit
407 5471 422 5508 :
459 5451 596 5506 Deus
621 5452 760 5506 testis
783 5459 854 5505 est
877 5492 891 5517 ,
924 5450 1125 5520 inquit,
1165 5450 1314 5503 istaut
1341 5463 1538 5502 omnem
1571 5465 1738 5503 rerum
1766 5465 1849 5503 ec-

261 5543 664 5597 clesiasticarum
694 5541 1118 5612 procurationem,
1157 5555 1370 5609 quarum
1405 5538 1657 5593 credimur
1681 5555 1853 5593 amare

262 5638 598 5703 dominatum,
650 5644 855 5707 prapter
897 5635 1182 5689 servitutem
1221 5650 1371 5705 quant
1417 5633 1568 5686 debeo
1615 5631 1852 5685 charitati

261 5731 483 5802 fratrum
508 5741 556 5784 et
590 5729 764 5783 timori
795 5727 915 5796 Dei,
947 5728 1161 5782 tolerare
1185 5742 1264 5780 me
1287 5769 1302 5794 ,
1335 5742 1435 5779 non
1473 5739 1674 5788 amare;
1698 5724 1770 5777 ita
1794 5731 1852 5778 ut

261 5823 564 5897 n,sisalvo
583 5821 748 5894 adicio
767 5821 978 5894 possim,
999 5836 1168 5878 carere
1180 5819 1458 5876 desiderem
1483 5814 1532 5892 (1
1541 5816 1641 5874 bid.
1649 5856 1667 5885 ,
1690 5833 1745 5874 η.
1769 5813 1848 5890 9).

1579 368 1779 426 LIBER
1817 365 2154 440 QUARTUS.

1965 483 2140 538 Videri
2163 483 2338 538 adhuc
2368 490 2605 554 possunt,
2636 500 2774 554 qua},
2801 485 2866 538 ad
2896 486 3207 545 refellendas
3231 489 3530 546 Donatista-

1959 591 2074 630 rum
2106 577 2394 631 calumnias
2418 619 2432 644 ,
2480 593 2638 648 super
2664 578 2762 633 hac
2794 595 2852 634 re
2890 580 3102 649 scribit,
3149 583 3428 638 occasione
3451 584 3530 640 le-

1958 683 2100 737 gum,
2133 685 2250 738 quae
2280 672 2666 727 ecclesiasticas
2693 674 2903 728 illorum
2932 676 3294 745 possessiones
3324 678 3530 747 episco-

1958 762 2037 829 pis
2065 760 2314 816 Ecclesia:
2342 763 2618 818 catholicae
2643 765 2973 821 addicebant.

2028 850 2081 904 2.
2119 852 2311 906 Verum
2355 869 2420 909 ex
2453 855 2567 923 ejus
2594 857 2758 925 gestis
2792 858 3011 923 clarius,
3053 875 3209 929 quam
3249 875 3314 915 ex
3354 861 3531 918 verbis

1957 943 2231 1012 elucebat,
2276 958 2528 1016 quantum
2558 965 2584 1002 a
2615 952 2850 1018 pecunim
2877 953 3162 1021 cupiditate
3199 970 3391 1009 vacuus
3420 955 3532 1008 exi-

1955 1045 2138 1092 steret.
2188 1040 2319 1093 Cum
2353 1043 2494 1096 enim
2545 1043 2733 1111 aliquis
2773 1044 3026 1098 Ecclesiae
3062 1046 3325 1116 quidpiam
3370 1056 3532 1100 testa-

1955 1141 2138 1186 mento
2165 1132 2404 1202 legasset,
2431 1136 2658 1189 malebat
2685 1137 2811 1191 illud
2828 1138 2923 1191 sibi
2950 1137 3148 1203 ollerri,
3173 1155 3325 1209 quam
3357 1155 3448 1208 per
3475 1153 3531 1194 se

1955 1223 2113 1291 exigi.
2148 1223 2284 1277 Nam
2315 1239 2362 1280 et
2389 1226 2584 1298 aliquas
2614 1246 2725 1282 eum
2760 1229 3073 1284 luereditates
3107 1249 3360 1286 recusasse
3386 1233 3528 1286 novi-

1955 1329 2096 1381 mus,
2129 1316 2202 1369 ait
2229 1317 2498 1372 Possidius
2517 1358 2532 1381 ,
2574 1336 2671 1373 non
2714 1322 2831 1391 quia
2863 1323 3164 1391 pauperibus
3193 1324 3394 1379 inutiles
3422 1341 3531 1379 esse

1955 1413 2173 1472 possent,
2200 1406 2288 1459 sed
2307 1409 2540 1477 quoniam
2559 1410 2757 1479 justum
2785 1420 2829 1463 et
2853 1427 3051 1482 aequum
3082 1431 3186 1466 esse
3215 1415 3430 1479 videbat,
3472 1423 3529 1468 ut

1955 1509 1987 1546 α
2013 1505 2322 1549 mortuorum
2348 1499 2423 1550 vel
2451 1499 2589 1567 ﬁliis,
2618 1501 2693 1553 vel
2720 1503 3027 1571 parentibus,
3065 1503 3140 1557 vel
3168 1505 3393 1573 affinibus
3423 1521 3529 1558 ma-

1953 1587 2029 1656 gis
2060 1588 2445 1656 possiderentur,
2480 1590 2657 1659 quibus
2700 1609 2781 1646 eas
2822 1593 3106 1662 deﬁcientes
3147 1597 3392 1650 dimittere
3434 1613 3530 1650 no-

1957 1677 2156 1730 luerunt
2179 1678 2429 1747 (Possid.,
2457 1680 2509 1733 in
2543 1679 2652 1733 Vita
2681 1682 2914 1751 August,
2947 1700 2993 1737 c.
3023 1685 3135 1754 Qui).
3164 1685 3307 1738 litad
3330 1685 3378 1739 id
3403 1701 3528 1739 nar-

1956 1769 2108 1848 rabat
2135 1771 2332 1826 Aurelii
2381 1771 2808 1842 Carthaginensis
2853 1777 3044 1830 factum
3072 1820 3086 1844 ,
3118 1779 3255 1847 quod
3285 1781 3530 1835 omnibus

1955 1861 2166 1917 virtutis
2197 1865 2461 1933 specimen
2495 1865 2812 1933 praebuerat.
2841 1867 3003 1932 Quam
3030 1869 3301 1928 laudabile.
3332 1870 3527 1937 aiebat,

1953 1953 2146 2022 factum
2166 1956 2327 2008 sancti
2350 1964 2395 2008 et
2416 1958 2683 2009 venerandi
2703 1958 2923 2026 episcopi
2950 1957 3141 2011 Aurelii
3168 1957 3532 2029 Carthaginien-

1953 2051 2049 2114 sis,
2080 2049 2329 2117 quomodo
2370 2049 2590 2118 implevit
2618 2049 2846 2104 omnibus
2874 2051 2959 2119 qui
2981 2051 3146 2105 sciunt
3170 2091 3185 2117 ,
3222 2068 3277 2104 os
3301 2052 3532 2105 laudibus

1953 2137 2052 2192 Dei
2072 2140 2097 2192 ?
2126 2137 2342 2203 Quidam
2371 2156 2485 2193 cum
2528 2141 2661 2208 filios
2699 2158 2799 2194 non
2837 2141 3069 2205 haberet,
3102 2159 3255 2210 neque
3278 2150 3530 2211 speraret,

1953 2245 2035 2283 res
2063 2246 2182 2282 suas
2208 2247 2376 2285 omnes
2404 2240 2590 2284 retento
2618 2233 2711 2285 sibi
2744 2235 3008 2303 usufructu
3036 2233 3239 2286 donavit
3271 2231 3531 2286 Ecclesite.

1956 2319 2085 2375 Nati
2111 2333 2228 2374 sunt
2264 2322 2341 2376 illi
2378 2323 2472 2392 ﬁlii
2490 2363 2505 2390 ,
2547 2333 2592 2376 et
2631 2323 2850 2376 reddidit
2876 2322 3160 2394 Episcopus
3195 2341 3282 2377 nec
3305 2324 3534 2394 apinanti

1954 2428 2067 2482 qua:
2091 2413 2176 2466 ille
2201 2413 2491 2468 donaverat.
2525 2414 2591 2467 .ln
2623 2425 2863 2485 potestate
2890 2415 3096 2469 habebat
3123 2415 3404 2486 Episc0pus
3432 2434 3532 2470 non

1954 2505 2194 2570 reddere;
2215 2507 2301 2560 sed
2318 2508 2437 2574 jure
2464 2507 2585 2576 fori,
2615 2524 2712 2560 non
2731 2509 2850 2578 jure
2876 2508 2980 2577 poli
3009 2507 3197 2577 (Serm.
3225 2508 3346 2573 555,
3376 2525 3426 2561 η.
3451 2506 3528 2580 5).

1955 2595 2080 2652 Haec
2105 2612 2312 2666 quoque
2342 2597 2518 2667 regqu
2547 2597 2823 2652 retinenda
2853 2597 2951 2666 ipsi
2979 2597 3256 2651 videbatur
3278 2639 3291 2664 ,
3335 2606 3390 2650 ut
3436 2615 3531 2667 pa-

1956 2687 2073 2753 tris,
2097 2688 2185 2756 qui
2217 2687 2379 2741 tilium
2409 2703 2560 2741 suum
2590 2687 2753 2742 iratus
2783 2686 3192 2749 exhrercdasset,
3227 2703 3330 2740 non
3362 2688 3533 2742 susci-

1955 2789 2110 2849 peret
2133 2779 2496 2834 htereditatem
2518 2822 2532 2846 ,
2560 2779 2654 2835 sed
2689 2779 2798 2834 lilio
2833 2779 3098 2834 redderet.
3141 2778 3292 2835 Unde
3326 2780 3532 2836 consilii

1956 2873 2036 2928 sui
2059 2873 2320 2928 rationem
2342 2873 2480 2942 plebi
2506 2888 2615 2928 sua:
2632 2873 2955 2939 redditurus,
2980 2873 3056 2927 sic
3073 2888 3190 2928 eam
3213 2889 3328 2927 com
3337 2873 3492 2942 pellat
3517 2890 3532 2929 :

1957 2965 2116 3020 Pater
2135 2967 2177 3020 si
2205 2969 2402 3033 viveret,
2431 2983 2531 3019 non
2553 2982 2664 3020 eum
2691 2965 2983 3037 placarem?
3004 2982 3101 3020 non
3130 2967 3172 3019 ei
3202 2966 3364 3035 filium
3388 2981 3534 3019 suum

1955 3058 2276 3112 reconciliare
2305 3057 2572 3112 deberem?
2604 3057 2866 3122 Quomodo
2896 3073 3012 3128 ergo
3039 3073 3150 3110 cum
3175 3057 3282 3126 ﬁlio
3305 3073 3393 3110 suo
3424 3056 3535 3112 volo

1956 3161 2010 3204 ut
2038 3150 2215 3204 habeat
2257 3167 2471 3220 pacem,
2520 3151 2664 3220 cujus
2716 3159 2897 3220 appeto
2944 3149 3321 3204 Iurreditatem?
3369 3147 3535 3204 Plane

1958 3243 2158 3312 quando
2185 3242 2365 3295 donavi
2395 3242 2523 3311 filio,
2546 3242 2681 3310 quod
2704 3242 2862 3295 iratus
2890 3251 3030 3312 pater
3052 3242 3269 3296 moriens
3293 3241 3531 3311 abstulit,

1959 3331 2080 3386 bene
2105 3333 2200 3403 feci
2225 3348 2242 3385 :
2270 3331 2493 3396 laudent,
2517 3332 2601 3400 qui
2625 3331 2827 3397 volunt;
2849 3341 3076 3402 parcant,
3105 3333 3191 3402 qui
3216 3333 3425 3386 laudare
3443 3350 3536 3388 no-

1959 3424 2086 3477 lunt.
2128 3422 2452 3492 Quandoque
2495 3423 2654 3476 etiam
2682 3422 2962 3476 verebatur
2991 3421 3329 3477 lnereditates
3367 3422 3536 3478 susci-

1958 3531 2084 3586 pere
2111 3559 2125 3580 ,
2154 3531 2222 3570 ne
2252 3515 2387 3571 forte
2418 3515 2858 3570 sollicitudinibus
2899 3522 2952 3568 et
2989 3514 3197 3569 damnis
3238 3514 3534 3571 Ecclesium

1958 3606 2310 3676 implicarent.
2364 3607 2696 3676 Quapropter
2744 3605 2842 3660 hac
2882 3605 2934 3658 in
2976 3619 3036 3659 re
3078 3620 3249 3676 neque
3294 3605 3531 3674 laudari,

1958 3712 2129 3767 neque
2180 3696 2468 3766 vituperari
2500 3695 2727 3751 volebat.
2773 3696 3026 3765 Bonifacii
3050 3696 3417 3762 Iucreditatem,
3449 3697 3533 3752 in-

1956 3790 2099 3860 quit,
2131 3791 2383 3858 suscipere
2427 3789 2595 3855 nolui;
2635 3805 2734 3842 non
2777 3789 3148 3854 misericordia,
3203 3790 3289 3843 sed
3333 3791 3529 3843 timore.

1959 3879 2340 3934 Naviculariam
2383 3881 2522 3934 nolui
2547 3897 2652 3934 esse
2694 3879 2973 3933 Ecclesium
3005 3879 3207 3933 Christi.
3239 3879 3391 3934 Multi
3416 3889 3534 3935 sunt

1956 3971 2188 4036 quidem,
2209 3971 2295 4037 qui
2338 3971 2486 4024 etiant
2529 3971 2591 4025 de
2628 3971 2832 4024 navibus
2873 3970 3156 4038 acquirunt.
3200 3969 3387 4024 Tamen
3429 3987 3534 4024 una

1957 4062 2162 4114 tentatio
2190 4069 2352 4128 esset,
2399 4061 2491 4114 iret
2521 4061 2660 4115 navis
2682 4102 2695 4125 ,
2729 4069 2773 4114 et
2803 4064 3126 4131 naufragaret
3158 4075 3176 4114 :
3203 4060 3429 4115 homines
3466 4061 3534 4114 ad

1957 4161 2200 4206 tormenta
2225 4152 2392 4205 daturi
2416 4167 2633 4217 eramus,
2663 4160 2717 4204 ut
2749 4151 2810 4204 de
2834 4151 3170 4205 submersione
3195 4151 3334 4205 navis
3357 4167 3536 4206 secun-

1957 4243 2078 4296 dum
2115 4243 2523 4296 consuetudinem
2547 4252 2878 4312 qutrreretur,
2919 4250 2965 4295 et
3002 4251 3346 4311 torquerentur
3381 4259 3414 4294 a
3439 4243 3535 4314 ju-

1957 4336 2068 4390 dice
2095 4338 2179 4406 qui
2206 4346 2366 4390 essent
2396 4335 2458 4389 de
2485 4335 2719 4405 fluctibus
2748 4333 2988 4388 liberati?
3013 4335 3116 4388 Sed
3146 4351 3244 4389 non
3273 4352 3354 4389 eos
3381 4334 3534 4390 dare-

1959 4444 2070 4482 mus
2095 4445 2113 4483 :
2140 4427 2280 4482 nullo
2308 4438 2453 4498 pacto
2496 4428 2628 4480 enint
2663 4427 2756 4480 hoc
2800 4431 2964 4498 facere
2999 4427 3190 4481 deceret
3229 4427 3532 4484 Ecclesium.

1961 4520 2102 4574 Onus
2142 4537 2258 4590 ergo
2293 4522 2466 4589 ﬁscale
2509 4519 2849 4591 persolveret?
2890 4519 2995 4574 Sed
3024 4521 3154 4573 unde
3197 4521 3535 4590 persolveret?

1955 4613 2234 4667 Enthecam
2262 4613 2402 4667 nobis
2431 4613 2608 4667 habere
2633 4630 2732 4666 non
2760 4612 2892 4666 licet.
2926 4613 3096 4668 Locus
3130 4613 3215 4668 hic
3243 4629 3310 4668 ex
3349 4616 3414 4669 iis
3448 4616 3533 4672 in-

1957 4705 2236 4775 telligitur,
2268 4720 2385 4774 quae
2428 4704 2687 4759 habentur
2719 4705 2770 4758 in
2815 4707 2934 4774 jure
2963 4704 3236 4771 Romano;
3285 4706 3533 4764 nimirum

1957 4811 2050 4853 eos
2077 4797 2166 4867 (lui
2193 4796 2515 4851 frumentum
2544 4796 2811 4867 publicum
2855 4797 3077 4852 Romam
3108 4806 3198 4852 aut
3232 4798 3532 4853 Constanti-

1955 4889 2188 4959 nopolim
2221 4888 2563 4946 transvehere
2602 4899 2941 4957 tenerentur,
2975 4891 3322 4945 navicularios
3365 4889 3532 4948 fuisse

1955 4981 2245 5050 appellatos
2264 5023 2279 5048 ,
2312 4981 2632 5051 illorumque
2673 4981 2911 5036 haeredes
2943 4981 3114 5036 eidem
3144 4981 3292 5035 oneri
3321 4995 3533 5037 succes-

1955 5072 2107 5128 sisse.
2139 5071 2290 5140 Quod
2320 5073 2366 5128 si
2394 5074 2722 5143 naufragium
2761 5073 3072 5139 accidisset,
3108 5071 3236 5127 ﬁsco
3277 5072 3530 5130 damnum

1955 5173 2214 5234 praastarc
2236 5165 2590 5236 cogebantur,
2619 5165 2719 5220 nisi
2746 5165 3006 5234 jacturam
3031 5167 3140 5219 sola
3170 5166 3222 5220 vi
3248 5175 3531 5236 tempesta-

1955 5257 2052 5325 tis,
2079 5272 2183 5312 non
2209 5258 2363 5328 culpa
2391 5273 2484 5312 sua
2505 5298 2519 5325 ,
2552 5257 2835 5326 contigisse
2860 5256 3230 5326 approbarent.
3254 5256 3324 5313 Ut
3354 5266 3531 5314 autem

1955 5349 2112 5420 hujus
2134 5350 2210 5406 rei
2240 5349 2399 5406 ﬁdem
2425 5349 2665 5405 facerent
2686 5390 2702 5416 ,
2735 5348 2924 5403 saltem
2970 5349 3076 5404 duo
3104 5351 3186 5405 vel
3211 5359 3318 5406 tres
3357 5360 3532 5408 nauta:

1954 5440 2114 5496 dandi
2145 5450 2299 5496 erant
2325 5440 2380 5499 in
2411 5439 2760 5512 quaestionem
2781 5483 2796 5508 ,
2825 5449 2879 5496 et
2907 5440 2960 5495 in
2983 5442 3170 5514 primis
3199 5441 3491 5498 navarcbus
3509 5483 3527 5512 ,

1955 5534 2044 5604 qui
2087 5532 2417 5604 naufragium
2463 5533 2680 5588 fecerat.
2723 5531 3047 5588 Vocabulum
3086 5543 3262 5589 autem
3307 5533 3532 5592 cntheca

1958 5623 2088 5678 nihil
2124 5623 2264 5679 aliud
2291 5639 2356 5680 eo
2384 5624 2486 5679 loci
2522 5632 2704 5694 sonat,
2746 5640 2903 5696 quam
2931 5642 3072 5697 gaza:
3111 5626 3483 5696 repositorium
3508 5665 3527 5694 ,

1954 5734 2074 5775 cum
2101 5719 2278 5774 statim
2305 5718 2495 5774 subdat
2521 5718 2846 5790 Augustinus
2874 5736 2887 5772 :
2919 5718 3040 5772 Non
3063 5727 3134 5772 est
3153 5719 3283 5771 enim
3309 5716 3529 5788 episcopi

1955 5829 2152 5871 servare
2191 5829 2402 5884 aurum,
2432 5822 2478 5871 et
2525 5828 2753 5870 revocare
2789 5827 2822 5867 α
2859 5829 2911 5869 se
2953 5811 3280 5869 mendicantis
3321 5821 3528 5866 mauult
