3990 6360
534 360 643 425 Μ

530 480 556 554 _(
586 478 747 545 lbid.,
803 493 892 533 nn.
919 476 975 545 4,
997 475 1032 533 5
1060 475 1100 548 ).
1131 474 1257 530 Erat
1298 480 1475 529 tamen
1528 470 1821 543 Augustino
1841 467 2106 539 quoddam

534 568 963 645 gazophylacium
995 567 1319 640 excipiendis
1343 565 1575 621 ﬁdelium
1598 562 1985 628 oblationibus;
2012 561 2108 617 sed

532 665 661 722 illud
692 665 743 720 in
771 679 1061 735 pauperum
1099 678 1230 719 usus
1270 662 1420 720 brevi
1465 656 2103 728 exbauriebatur(1bid.,

534 774 586 812 n.
620 756 741 827 15).

599 851 652 906 5.
693 848 1068 920 Improbabant
1107 847 1388 916 nonnulli,
1419 845 1561 918 quod
1600 844 1941 902 haereditates
1966 858 2105 915 tegre

528 942 841 1011 susciperet.
874 941 1041 996 Erant
1060 941 1151 1012 qui
1180 940 1676 1006 obmurmurarent,
1718 948 1773 993 et
1810 938 1941 993 nihil
1972 936 2104 1007 Hip-

527 1035 749 1106 ponensi
778 1034 1030 1091 Ecclesia:
1059 1034 1197 1089 hanc
1235 1034 1306 1089 ob
1339 1048 1553 1088 causam
1598 1031 1784 1086 donari
1812 1046 2103 1101 quereren-

523 1135 630 1183 tur.
659 1127 771 1184 Hoc
794 1143 1063 1182 murmure
1092 1127 1225 1181 adeo
1265 1141 1295 1180 a
1324 1126 1529 1181 ratione
1567 1126 1742 1181 alieno
1772 1140 1878 1181 non
1916 1139 2102 1180 move-

522 1219 679 1274 batur
704 1219 1029 1290 Augustinus
1059 1237 1073 1275 :
1100 1219 1193 1275 sed
1224 1234 1316 1273 sua
1351 1234 1473 1274 eum
1505 1220 1763 1289 sapientia
1787 1218 2100 1288 quibusdam

521 1310 575 1367 in
602 1311 761 1366 rebus
800 1312 970 1365 facere
1011 1310 1398 1381 compellebat,
1436 1309 1578 1380 quod
1623 1310 1675 1363 in
1729 1309 1848 1363 aliis
1884 1309 2102 1365 minime

523 1401 739 1459 laceret.
771 1403 882 1458 Etsi
907 1402 1047 1457 enim
1088 1403 1382 1457 oblationes
1405 1402 1491 1456 vel
1534 1402 1819 1471 probrosas
1839 1443 1854 1469 ,
1881 1402 1967 1457 vel
1998 1402 2101 1456 Ec-

521 1492 698 1547 clesia:
746 1507 933 1563 graves
989 1492 1345 1562 molestasque
1401 1494 1683 1562 respuebat
1713 1508 1725 1543 :
1759 1491 2102 1561 proﬁtebatur

521 1590 696 1637 tamen
727 1598 784 1637 se
810 1582 1101 1638 oblationes
1122 1592 1335 1638 sanctas
1364 1585 1670 1654 suscipere;
1702 1593 1757 1638 et
1785 1586 1957 1654 reipsa
1986 1585 2101 1653 plu-

519 1689 608 1730 res
634 1674 686 1729 id
714 1676 925 1745 generis
946 1675 1178 1745 suscepit
1202 1674 1386 1746 (Ibid.,
1417 1693 1471 1731 η.
1501 1676 1577 1747 4).
1606 1676 1660 1731 Si
1682 1676 1800 1746 quis
1826 1676 1983 1745 igitur
2002 1677 2100 1731 Ec-

518 1766 694 1821 clesia:
725 1766 810 1821 vel
839 1766 1100 1833 donaret,
1134 1766 1217 1820 vel
1251 1774 1567 1823 testamento
1607 1767 1805 1836 legaret
1840 1765 2054 1820 domum
2080 1808 2095 1833 ,

518 1867 610 1913 aut
624 1873 831 1929 agrum,
853 1867 944 1912 aut
962 1858 1159 1924 villam,
1186 1872 1291 1911 non
1308 1858 1610 1928 respuebat,
1629 1857 1723 1913 sed
1736 1857 1929 1926 suscipi
1942 1858 2099 1926 jube-

517 1947 609 2006 bat
634 1949 887 2020 (Possid.,
904 1952 956 2004 in
982 1949 1095 2004 Vita
1122 1944 1358 2023 August,
1378 1968 1424 2004 c.
1443 1950 1559 2021 29).
1587 1949 1916 2020 Frequenter
1940 1951 2099 2005 etiam

519 2040 707 2095 ﬁdeles
734 2041 1124 2106 commonebat,
1158 2049 1214 2095 ut
1243 2041 1513 2096 Christum
1544 2042 1597 2095 in
1624 2056 1845 2097 numero
1872 2039 2097 2095 ﬁliorum

519 2129 810 2199 baberent,
838 2141 893 2186 et
936 2133 987 2186 in
1034 2141 1235 2202 partem
1280 2130 1603 2187 haereditatis
1641 2139 1926 2195 vocarent;
1958 2130 2098 2201 quod

519 2223 607 2279 ubi
647 2223 931 2291 fecissent,
980 2223 1114 2277 hanc
1159 2223 1385 2279 libenter
1431 2222 1727 2292 portionem
1780 2220 2100 2291 suscipiebat

520 2312 711 2384 (Serm.
735 2314 856 2379 555,
885 2332 937 2368 η.
961 2315 1039 2384 4).
1078 2314 1183 2368 Εο8
1211 2314 1410 2383 pariter
1430 2312 1771 2379 hortabatur,
1807 2321 1865 2366 ut
1892 2311 2101 2368 curiose

518 2408 907 2477 perquirerent,
940 2423 1004 2461 an
1034 2407 1171 2461 servi
1199 2407 1291 2461 Dei
1322 2414 1378 2461 et
1399 2407 1650 2461 Ecclesiae
1675 2406 1904 2460 ministri
1928 2406 2098 2476 aliqua

518 2512 578 2552 re
606 2496 921 2566 indigerent,
951 2507 1005 2551 et
1035 2512 1216 2551 eorum
1238 2510 1426 2567 preces
1455 2495 1770 2550 liberalitate
1797 2510 1889 2550 sua
1910 2510 2099 2566 quam-

516 2586 745 2656 primum
776 2588 1130 2657 praevenirent
1158 2586 1368 2657 (Enarr.
1400 2588 1451 2641 in
1494 2585 1634 2641 Psal.
1671 2602 1796 2655 cut,
1838 2604 1989 2641 serm.
2035 2587 2097 2654 5,

518 2695 606 2733 nn.
643 2679 708 2734 10
728 2722 742 2747 ,
772 2680 884 2750 12).
917 2678 1050 2734 illud
1078 2688 1252 2733 autem
1282 2694 1345 2734 eo
1383 2680 1634 2734 libentius
1661 2678 1870 2734 dicebat
1893 2721 1908 2747 ,
1959 2678 2101 2749 quod

521 2772 769 2827 omnibus
806 2774 1134 2842 exploratum
1172 2782 1352 2836 esset,
1396 2788 1515 2826 eum
1558 2773 1655 2827 hac
1699 2773 1751 2826 in
1790 2788 1847 2827 re
1882 2773 2105 2829 minime

521 2878 710 2918 curare
735 2903 751 2930 ,
792 2872 851 2917 ut
893 2864 1025 2918 hanc
1072 2865 1122 2918 in
1174 2866 1341 2933 ipsum
1383 2864 1783 2918 beneﬁcentiam
1828 2873 1880 2918 et
1920 2879 2101 2918 curam

518 2954 833 3009 adhiberent
852 2955 1055 3024 (Enarr.
1081 2955 1130 3007 in
1164 2953 1309 3008 Psal.
1340 2971 1534 3017 CXLVII,
1560 2972 1612 3008 η.
1647 2955 1736 3021 17,
1764 2964 1809 3007 et
1839 2954 2026 3007 Enarr.
2049 2956 2103 3008 in

518 3044 664 3100 Psal.
696 3061 785 3100 cm
807 3088 821 3113 ,
854 3064 1003 3100 serm.
1035 3048 1099 3113 3,
1130 3064 1179 3099 n.
1214 3045 1320 3117 12).
1350 3047 1454 3102 Sed
1481 3057 1525 3100 et
1549 3046 1609 3100 de
1635 3047 1854 3117 neglecto
1883 3064 1914 3099 a
1940 3048 2103 3116 ﬁdeli-

518 3138 611 3194 bus
653 3139 1015 3210 gaz0pltylacio
1053 3149 1097 3192 et
1142 3141 1406 3193 secretario
1431 3181 1445 3206 ,
1490 3139 1623 3194 unde
1648 3138 1799 3193 altari
1827 3142 2103 3194 necessaria

520 3229 807 3301 inferuntur
828 3273 840 3294 ,
870 3230 1093 3285 Possidii
1122 3230 1282 3285 verba
1314 3240 1471 3297 sunt,
1505 3230 1780 3300 aliquando
1818 3233 1868 3285 in
1897 3233 2101 3285 ecclesia

519 3321 728 3392 loquens
770 3323 1098 3389 admonebat;
1140 3322 1273 3392 quod
1320 3324 1466 3376 etiam
1511 3324 1850 3377 beatissimum
1892 3325 2100 3378 Ambro-

523 3414 657 3467 sium
686 3432 737 3468 se
766 3426 1009 3482 praesente
1036 3415 1085 3467 in
1113 3414 1316 3467 ecclesia
1346 3415 1631 3469 tractavisse
1661 3416 1800 3468 nobis
1830 3416 2099 3485 aliquando

518 3506 755 3559 retulerat
782 3505 1005 3574 (Possid.
1030 3508 1081 3559 in
1115 3504 1227 3559 Vita
1259 3507 1496 3575 August.,
1524 3524 1567 3559 c.
1766 3506 2015 3561 Securius
2039 3522 2103 3562 ac

519 3599 683 3654 tutius
710 3600 990 3667 censebat,
1019 3601 1129 3653 sola
1173 3608 1487 3654 testamento
1510 3600 1678 3670 legata
1703 3642 1716 3665 ,
1748 3618 1902 3670 quam
1931 3602 2101 3657 haere-

517 3690 708 3749 ditates
739 3693 968 3762 integras
999 3694 1065 3746 ab
1092 3693 1330 3748 Ecclesia
1375 3694 1571 3763 suscipi
1600 3713 1611 3746 :
1647 3694 1983 3750 hmreditates
2023 3705 2099 3749 ta-

517 3798 639 3838 men
684 3785 940 3839 interdum
975 3786 1332 3853 suscipiebat,
1385 3795 1441 3840 ut
1474 3786 1667 3843 Juliani
1699 3786 2095 3858 hrcreditatem,

517 3874 657 3944 quod
692 3875 829 3928 nulla
860 3875 1005 3943 prole
1042 3876 1224 3929 relicta
1265 3876 1483 3931 obiisset
1528 3878 1717 3946 (Serm.
1752 3879 1888 3946 555,
1934 3896 1985 3931 n.
2018 3878 2093 3951 ὁ).

521 3964 739 4028 Quidam
770 3967 920 4018 etiam
960 3983 1019 4020 ea:
1047 3967 1303 4022 honoratis
1346 3968 1780 4039 Ilipponensium,
1811 3970 1884 4025 ait
1922 3972 2099 4026 Possi-

518 4053 669 4117 dius,
700 4056 839 4125 apud
881 4057 1233 4127 Carthaginem
1269 4060 1460 4125 vivens,
1506 4060 1746 4116 Ecclesite
1779 4061 2099 4133 Hipponensi

519 4148 875 4217 possessionem
921 4149 1108 4201 donare
1149 4151 1304 4202 voluit
1324 4192 1337 4217 ,
1383 4162 1428 4205 et
1462 4156 1712 4223 confectas
1744 4153 1938 4207 tabulas
1962 4195 1974 4219 ,
2006 4154 2097 4208 sibi

515 4242 779 4309 usufructu
809 4249 993 4294 retento
1018 4283 1031 4307 ,
1076 4242 1209 4294 ultro
1247 4243 1403 4296 eidem
1433 4253 1619 4298 sancta:
1642 4246 1895 4301 memoria:
1921 4247 2096 4317 Augu-

515 4330 646 4384 stino
673 4332 807 4384 misit
837 4347 854 4385 :
882 4333 1027 4403 cujus
1053 4333 1137 4387 ille
1166 4335 1466 4390 oblationem
1486 4338 1693 4391 libenter
1722 4342 1946 4409 accepit,
1977 4358 2098 4395 con-

514 4420 776 4491 gratulans
804 4423 847 4476 ei
874 4424 1008 4492 quod
1036 4434 1232 4479 wternte
1258 4444 1361 4481 sua:
1398 4446 1586 4483 memor
1610 4440 1737 4485 esset
1762 4431 1959 4485 salutis.
2000 4432 2098 4488 Ve-

514 4529 629 4567 rum
657 4525 767 4583 post
803 4516 993 4585 aliquot
1031 4535 1190 4573 annos
1220 4520 1358 4574 nobis
1384 4524 1513 4592 forte
1538 4539 1649 4576 cum
1675 4524 1848 4577 eodem
1872 4526 2095 4579 cominus

514 4608 813 4673 constitutis,
839 4626 946 4663 ecce
969 4610 1055 4664 ille
1077 4612 1292 4667 donator
1311 4613 1501 4669 litteras
1522 4633 1610 4686 per
1629 4634 1774 4671 suum
1802 4619 1965 4687 ﬁlium
1980 4620 2095 4672 mit—

515 4705 643 4764 tens,
674 4702 863 4770 rogavit
889 4712 941 4754 ut
983 4702 1087 4756 illa:
1125 4704 1449 4759 donationum
1487 4707 1670 4763 tabula:
1703 4727 1795 4763 suo
1823 4712 2091 4765 redderen-

512 4800 595 4845 tur
621 4792 732 4862 ﬁlio
748 4810 768 4859 ;
796 4795 1096 4865 pauperibus
1122 4815 1234 4852 vero
1265 4802 1545 4871 erogandae
1570 4804 1749 4857 direxit
1767 4805 1955 4859 solidos
1981 4824 2093 4860 cen-

511 4894 637 4938 tum.
673 4885 784 4950 Quo
810 4887 896 4941 ille
919 4899 1119 4943 sanctus
1146 4893 1343 4962 cognito
1368 4935 1383 4959 ,
1415 4894 1681 4964 ingemuit,
1729 4896 1980 4951 hominem
2017 4900 2093 4952 vel

510 4978 717 5046 ﬁnisse
746 4979 1093 5049 donationem,
1128 4985 1202 5038 vel
1228 5002 1338 5039 eum
1360 4986 1421 5039 de
1456 4988 1581 5041 bono
1604 5005 1753 5058 opere
1780 4992 2085 5061 pwnituisse,

511 5076 558 5120 et
584 5080 774 5139 quanta
805 5074 985 5141 potuit,
1016 5072 1123 5129 Deo
1146 5088 1438 5147 suggerente
1463 5080 1605 5132 cordi
1637 5081 1767 5150 ejus,
1786 5098 1897 5135 cum
1918 5083 2090 5139 dolore

512 5160 668 5212 animi
698 5178 760 5215 ea:
779 5164 955 5219 eadem
991 5167 1326 5238 refragatione
1349 5168 1506 5235 dixit,
1539 5171 1589 5223 in
1618 5172 1755 5226 illius
1782 5174 1968 5228 scilicet
2006 5177 2086 5230 in-

508 5252 845 5318 crepationem
906 5264 952 5310 et
1003 5258 1356 5311 correctionem
1396 5274 1413 5312 :
1453 5270 1497 5313 et
1541 5261 1769 5329 tabulas,
1825 5282 1947 5335 quas
2002 5268 2088 5321 ille

508 5350 687 5412 sponte
711 5345 949 5414 miserat,
982 5365 1072 5403 nec
1098 5349 1419 5418 desideratas,
1460 5369 1548 5407 nec
1573 5366 1789 5418 exactas,
1826 5359 2085 5429 confestim

510 5434 764 5501 reddidit;
806 5440 1161 5511 pecuniamque
1192 5442 1334 5497 illam
1374 5448 1602 5515 respuit,
1649 5458 1797 5519 atque
1832 5453 2086 5522 rescriptis

506 5527 759 5595 mandem,
790 5530 917 5584 sicut
961 5534 1209 5602 oportuit,
1251 5546 1297 5588 et
1326 5540 1493 5609 arguit
1519 5551 1565 5593 et
1608 5542 1879 5612 corripuit;
1906 5546 2084 5599 adma-

507 5629 631 5671 nens
666 5628 721 5671 ut
759 5619 822 5675 de
847 5638 940 5677 sua
968 5624 1286 5681 simulatione
1309 5629 1383 5682 vel
1417 5630 1679 5701 iniquitate
1708 5651 1821 5687 cum
1845 5638 2083 5707 paeniten-

508 5705 593 5761 tia:
622 5708 900 5765 humilitate
924 5712 1028 5767 Deo
1046 5716 1371 5788 satisfaceret,
1397 5737 1458 5773 ne
1482 5738 1595 5775 cum
1617 5734 1718 5777 tam
1741 5705 1883 5797 graui
1902 5728 2082 5784 delicto

500 5799 570 5857 de
595 5807 774 5859 serrula
804 5806 954 5858 exiret
991 5806 1237 5876 (Possid.,
1266 5810 1318 5865 in
1350 5812 1462 5866 Vita
1494 5814 1729 5887 August.,
1762 5838 1806 5876 ε.
1838 5820 1958 5892 24).

1606 352 1766 415 ἫΤΑ
1790 354 1848 413 S.
1890 348 2254 410 AUGUSTINI
2293 341 2623 407 EPISCOPI.

3684 354 3774 412 228

2285 466 2338 521 4.
2365 464 2586 533 Quidam
2613 463 2933 531 Honoratus,
2960 458 3295 519 facultatibus
3328 462 3440 519 suis
3466 476 3575 520 non
3609 465 3774 523 dimis-

2213 558 2306 627 sis,
2339 558 2395 613 in
2432 557 2741 627 Tagastensi
2768 555 3013 613 coenobio
3040 556 3385 613 monastimm
3415 557 3576 615 vitam
3599 560 3780 631 ample-

2212 665 2333 715 xus,
2358 650 2693 723 postmodum
2730 650 2785 704 in
2815 649 3096 704 Thiavensi
3124 648 3364 706 Ecclesia
3402 650 3678 723 presbyter
3701 668 3781 708 or-

2212 742 2424 799 dinatus
2452 751 2553 797 est.
2587 741 2714 796 Post
2740 741 2856 811 ejus
2885 740 3090 796 obitum
3118 740 3443 798 Thiavenses
3467 741 3613 798 illius
3639 743 3779 812 bona,

2212 835 2325 891 sive
2346 836 2449 890 hoc
2475 850 2581 889 uno
2600 834 2840 899 nomine,
2866 833 3005 903 quod
3026 833 3167 903 apud
3191 834 3340 903 ipsos
3368 834 3646 905 presbyter
3662 834 3780 891 fuis-

2210 935 2295 983 set
2321 926 2616 993 ordinatus,
2647 926 2760 982 sive
2784 926 2963 995 aliquo
2983 924 3282 981 donationis
3308 926 3460 981 titulo
3484 927 3585 982 sibi
3613 927 3769 982 vindi-

2211 1026 2417 1072 carunt.
2440 1017 2636 1073 Contra
2655 1032 2781 1073 vero
2804 1018 3027 1089 Alypius
3046 1018 3162 1073 haec
3180 1019 3317 1074 bona
3338 1019 3658 1075 monasterio
3674 1036 3781 1090 suo,

2208 1109 2352 1180 quod
2384 1110 2682 1166 llonoratus
2713 1112 2767 1165 in
2798 1125 2863 1166 eo
2900 1112 3249 1168 monasticum
3275 1110 3463 1168 fuisset
3502 1113 3781 1170 institutum

2206 1209 2454 1267 sectatus,
2485 1217 2725 1257 asserere
2753 1203 3059 1271 nitebatur;
3088 1213 3141 1261 et
3168 1219 3289 1261 cum
3329 1208 3621 1261 monachus
3660 1209 3781 1264 nihil

2206 1295 2482 1365 proprium
2505 1296 2778 1365 possidere
2799 1296 3010 1365 debeat,
3034 1298 3285 1370 quidquid
3305 1299 3396 1354 ille
3419 1298 3699 1367 habuisset,
3720 1300 3783 1356 ad

2206 1387 2591 1442 monasterium
2617 1402 2769 1443 suum
2796 1390 3067 1458 pertinere
3092 1390 3465 1446 contendebat.
3494 1391 3589 1446 Sin
3615 1392 3782 1448 decer-

2206 1492 2426 1535 neretur
2454 1481 2745 1538 monachos
2785 1498 2943 1554 posse
2976 1483 3243 1554 quidpiam
3278 1484 3584 1554 possidere,
3616 1486 3782 1540 locum

2205 1571 2271 1626 iis
2299 1572 2412 1626 dari
2441 1573 2507 1627 ad
2531 1574 3046 1643 procrastinandam,
3070 1583 3326 1644 quantum
3354 1585 3590 1645 possent,
3618 1590 3784 1631 rerum

2204 1679 2422 1719 suarum
2467 1666 2843 1721 venditionem.
2873 1666 2986 1723 Hac
3009 1666 3078 1722 de
3111 1681 3270 1722 causa
3301 1666 3553 1723 Thiavam
3588 1682 3646 1725 se
3670 1684 3783 1724 cum

2203 1755 2393 1827 Alypio
2412 1757 2635 1811 contulit
2659 1757 2983 1828 Augustinus
3008 1776 3021 1812 :
3051 1758 3145 1813 sed
3173 1774 3295 1813 cum
3339 1759 3594 1829 temporis
3631 1775 3785 1830 angu-

2202 1849 2317 1904 stiae
2342 1858 2623 1920 utrumque
2648 1849 2735 1904 diu
2767 1850 2867 1905 hac
2887 1850 2954 1905 de
2982 1865 3042 1906 re
3070 1850 3371 1906 deliberare
3397 1866 3500 1905 non
3528 1851 3786 1935 sivissent,

2197 1941 2337 2010 juri,
2375 1942 2515 2012 quod
2545 1942 2872 1998 Thiavenses
2902 1942 3002 1997 sibi
3044 1940 3421 2009 vindicabant,
3462 1942 3784 2003 intercessit;

2202 2035 2453 2104 visusque
2505 2043 2588 2090 est
2632 2036 2888 2106 probasse
2930 2036 3247 2090 sententiam
3295 2035 3491 2106 Alypii,
3523 2035 3610 2105 qui
3637 2034 3786 2090 dimi-

2203 2127 2344 2183 diam
2366 2128 2626 2183 bonorum
2652 2128 2904 2183 Honorati
2924 2137 3124 2198 partem
3148 2127 3554 2196 Thiavensibus,
3579 2129 3787 2183 alteram

2202 2234 2330 2273 vero
2359 2219 2699 2289 pauperibus,
2726 2219 2827 2273 hoc
2856 2227 2938 2274 est
2962 2219 3239 2274 monachis
3264 2219 3495 2275 ctenobii
3524 2220 3603 2273 sui
3631 2219 3792 2290 Taga-

2202 2312 2418 2375 stensis,
2444 2311 2615 2366 addici
2644 2313 2885 2378 volebat;
2920 2312 2997 2367 sic
3023 2321 3199 2367 tamen
3219 2320 3276 2366 ut
3304 2311 3410 2367 illis
3435 2311 3648 2366 dimidia
3672 2326 3793 2381 pars

2203 2419 2361 2475 quam
2402 2403 2499 2458 ista
2531 2404 2793 2459 divisione
2816 2403 3143 2471 amitterent,
3171 2402 3240 2457 ab
3264 2403 3560 2473 Augustino
3586 2402 3792 2458 aliunde

2204 2497 2590 2566 provideretur.
2626 2495 2741 2550 Non
2775 2496 2969 2566 placuit
3014 2494 3399 2551 Thiavensibus
3436 2494 3537 2550 ista
3563 2494 3789 2565 partitio.

2203 2590 2340 2657 Quin
2371 2590 2528 2643 etiam
2562 2589 2807 2644 videntur
2834 2589 3170 2644 insimulasse
3199 2588 3464 2661 Alypium,
3506 2588 3655 2658 quasi
3689 2589 3794 2643 mi-

2205 2700 2305 2739 nus
2336 2685 2432 2738 hac
2456 2684 2512 2739 in
2540 2699 2599 2739 re
2638 2671 2973 2754 aequitatem,
3011 2698 3169 2754 quam
3211 2698 3337 2738 suas
3371 2683 3538 2754 ipsius
3566 2684 3795 2739 rationes

2205 2777 2594 2848 commodaque
2618 2777 2935 2832 attenderet.
2959 2777 3017 2832 ln
3042 2793 3107 2847 eo
3131 2787 3307 2833 tamen
3332 2785 3471 2833 statu
3491 2787 3796 2833 controver-

2205 2872 2282 2926 sia
2313 2883 2436 2926 tunc
2464 2873 2562 2925 ista
2598 2872 2778 2926 relicta
2809 2882 2909 2926 est.
2936 2871 3134 2927 Verum
3176 2873 3654 2944 cum-Augustinus
3680 2882 3799 2942 post

2212 2963 2441 3018 reditum
2472 2979 2683 3018 causam
2715 2965 2868 3018 istam
2899 2974 3170 3020 momento
3195 2980 3293 3021 suo
3314 2965 3401 3020 diu
3426 2965 3793 3037 ponderasset,

2205 3059 2339 3112 vidit
2386 3059 2527 3112 illam
2575 3067 2930 3113 controversa:
2967 3060 3204 3129 pecuniae
3248 3059 3583 3130 partitionem
3626 3059 3802 3128 suspi-

2208 3148 2362 3204 cione
2388 3150 2691 3220 cupiditatis
2715 3166 2819 3203 non
2849 3164 3051 3217 carere,
3084 3164 3407 3220 prorsusque
3436 3148 3673 3204 redolere
3698 3147 3801 3204 ito-

2206 3242 2400 3308 mines,
2425 3241 2512 3311 qui
2541 3240 2607 3295 de
2629 3241 2934 3310 pecuniario
2955 3240 3255 3306 commodo,
3285 3256 3389 3295 non
3412 3241 3479 3294 de
3494 3240 3692 3309 justitia
3722 3239 3801 3294 la-

2203 3332 2456 3401 borarent
2481 3351 2494 3386 ;
2528 3333 2605 3388 sic
2630 3332 2865 3389 incidere
2899 3348 2957 3388 se
2990 3333 3043 3387 in
3069 3348 3185 3387 eam
3215 3332 3338 3387 mali
3359 3331 3611 3401 speciem,
3639 3346 3667 3384 a
3694 3346 3800 3402 qua

2206 3440 2302 3479 nos
2332 3423 2617 3495 Apostolus
2654 3425 2805 3495 jubet
2844 3426 3111 3481 abstinere
3150 3424 3200 3497 (1
3234 3424 3409 3479 Thess.
3439 3440 3490 3489 v,
3528 3423 3675 3496 2‘2);
3715 3424 3798 3478 la-

2204 3518 2326 3574 bem
2356 3533 2414 3574 se
2452 3518 2802 3588 praesulibus,
2829 3520 2919 3590 qui
2952 3520 3129 3591 magni
3168 3519 3308 3591 apud
3349 3520 3600 3593 pepulum
3645 3527 3801 3575 erant

2206 3612 2436 3665 nominis
2460 3652 2477 3678 ,
2506 3627 2825 3684 aspergere;
2856 3628 3020 3685 seque
3049 3612 3382 3669 inﬁrmorum
3420 3614 3609 3669 animis
3647 3629 3801 3669 mor-

2205 3714 2310 3760 tem
2338 3704 2558 3773 inferre,
2590 3721 2816 3778 quorum
2849 3707 2917 3763 ad
2948 3708 3171 3763 salutem
3198 3708 3471 3779 permagni
3492 3708 3799 3776 interesset,

2204 3798 2663 3867 persuasissimum
2694 3798 2912 3867 habere,
2944 3799 3200 3869 praesules
3232 3800 3283 3853 in
3312 3798 3679 3868 hujuscemodi
3702 3814 3799 3854 re-

2201 3887 2299 3943 bus
2338 3889 2551 3944 sordida
2582 3892 2818 3960 pecuniae
2846 3892 3135 3963 cupiditate
3179 3907 3285 3947 non
3319 3892 3458 3946 duci.
3493 3891 3644 3960 Quod
3674 3893 3803 3962 qui-

2202 3980 2323 4035 dem
2365 3990 2487 4037 tunc
2530 3984 2783 4053 temporis
2830 3998 2896 4038 eo
2925 3984 3093 4055 magis
3119 3983 3414 4038 cavendum
3459 3992 3604 4048 erat,
3652 3985 3805 4054 quod

2202 4086 2370 4140 nuper
2398 4072 2448 4126 hi
2479 4074 2656 4142 populi
2678 4074 2951 4129 catholicae
2972 4074 3089 4145 paci
3115 4075 3485 4140 accessissent,
3515 4085 3633 4145 post
3659 4076 3805 4128 111111-

2202 4170 2285 4218 tos
2325 4163 2533 4219 labores
2564 4181 2625 4219 ea
2654 4166 2719 4221 de
2749 4182 2907 4221 causa
2930 4177 3234 4237 susceptos;
3267 4184 3490 4238 quorum
3526 4170 3804 4241 particeps
3842 4242 3849 4245 Α

2200 4254 2254 4309 in
2295 4256 2479 4325 primis
2511 4256 2683 4313 fuerat
2710 4250 3067 4329 Augustinus’,
3110 4276 3230 4317 cum
3261 4270 3481 4316 testetur
3521 4276 3577 4316 se
3618 4262 3688 4315 ab
3735 4264 3806 4317 iis

2200 4350 2503 4407 nullatenus
2522 4368 2678 4422 posse
2702 4355 3018 4411 desciscere.
3046 4356 3318 4413 Possidius
3334 4358 3448 4427 ipse
3466 4358 3615 4414 binas
3640 4367 3809 4416 notat

2199 4444 2476 4513 Augustini
2501 4445 2702 4499 litteras
2727 4447 2792 4500 ad
2818 4446 3141 4503 Thiavenses
3167 4457 3352 4504 contra
3377 4449 3683 4504 Donatistas
3703 4449 3805 4525 (In

2200 4532 2395 4601 1ndic.,
2438 4553 2550 4606 cap.
2584 4538 2616 4592 5
2636 4536 2673 4608 ).
2704 4538 2853 4603 Quod
2881 4539 3068 4597 attinet
3092 4539 3159 4594 ad
3186 4540 3579 4596 incommodum
3602 4581 3617 4609 ,
3647 4541 3807 4613 quod

2198 4625 2420 4697 Alypius
2444 4627 2498 4681 in
2539 4628 2622 4682 1118
2663 4630 2815 4684 1101118
2863 4631 3111 4686 Ecclesiae
3151 4631 3432 4688 Thiavensi
3478 4633 3808 4690 addicendis

2197 4717 2431 4786 videbat,
2464 4730 2681 4791 prepter
2711 4723 2846 4776 hanc
2873 4724 3076 4779 scilicet
3101 4740 3333 4791 causam,
3367 4725 3508 4797 quod
3533 4726 3807 4783 monachi

2196 4812 2439 4868 nuntium
2462 4814 2615 4869 bonis
2641 4815 2749 4869 suis
2774 4816 3042 4872 remittere
3072 4825 3380 4873 tenerentur
3397 4860 3411 4885 ,
3453 4818 3583 4875 satis
3608 4820 3805 4874 anim-

2196 4902 2503 4959 advertebat
2557 4908 2880 4977 Augustinus
2906 4909 2957 4963 id
3008 4911 3328 4966 incommodi
3358 4913 3408 4966 in
3444 4912 3543 4968 ista
3572 4929 3807 4984 quoque

2194 4995 2455 5053 divisione
2486 5000 2705 5069 reperiri
2732 5017 2746 5065 ;
2790 5002 2862 5055 ita
2890 5011 2946 5057 ut
2985 5004 3159 5059 minus
3201 5005 3419 5076 periculi
3448 5003 3564 5062 fore
3588 5023 3806 5065 cense-

2193 5096 2314 5153 ret,
2369 5088 2412 5142 si
2467 5089 2596 5143 nihil
2657 5092 2874 5146 omnino
2932 5093 3319 5150 Thiavensibus
3376 5097 3803 5155 concederetur.

2194 5178 2421 5234 Aliunde
2448 5182 2705 5237 rationem
2735 5184 2911 5256 Alypii
2951 5201 3054 5241 non
3091 5188 3269 5243 valere
3296 5189 3655 5246 arbitrabatur
3676 5233 3691 5259 ,
3742 5203 3811 5249 et

2191 5270 2243 5323 in
2276 5268 2358 5325 his
2387 5270 2627 5327 civilibus
2664 5273 2817 5330 bonis
2856 5277 3101 5349 standum
3138 5293 3259 5334 esse
3299 5280 3516 5350 putabat
3552 5281 3809 5352 imperio

2189 5359 2361 5431 legqu
2391 5363 2653 5430 civilium;
2685 5366 2841 5437 juxta
2870 5384 3000 5438 quas
3037 5369 3282 5425 monachi
3311 5370 3415 5426 illis
3446 5374 3806 5444 temporibus

2188 5469 2276 5509 res
2326 5469 2447 5509 suas
2483 5457 2818 5525 obtinebant,
2846 5459 3017 5517 donec
3040 5478 3133 5518 eas
3158 5463 3533 5533 vendidissent,
3564 5476 3659 5523 aut
3688 5484 3807 5523 ea-

2187 5561 2302 5601 rum
2346 5548 2682 5606 donationem
2729 5552 2975 5609 lecissent
3014 5573 3026 5608 :
3066 5555 3200 5611 adeo
3238 5567 3295 5611 ut
3333 5558 3605 5613 monachis
3655 5568 3807 5617 ante

2187 5643 2527 5700 c0nstitulam
2566 5647 2905 5704 donationem
2943 5650 3321 5716 morientibus,
3356 5668 3461 5707 non
3501 5663 3811 5711 monaste-

2186 5735 2343 5798 rium.
2370 5737 2463 5793 sed
2492 5739 2682 5809 privati
2708 5740 3013 5796 earumdem
3040 5758 3105 5796 ex
3128 5743 3301 5813 legum
3329 5746 3643 5817 praescripto
3678 5746 3811 5801 hm-

2186 5828 2341 5883 redes
2370 5830 2735 5887 succederent.
2768 5830 2930 5903 Cujus
2951 5834 3028 5891 rei
3052 5834 3251 5907 aliquot
3271 5839 3507 5925 exempla
3537 5854 3812 5912 praeces~
