3990 6360
291 319 394 380 ξω

291 445 493 495 serant.
547 435 870 507 Augustinus
928 436 1084 507 igitur
1140 438 1468 507 monachos,
1521 438 1667 508 prius
1715 454 1872 510 quam

289 532 690 600 reciperentur,
729 528 795 584 ad
826 544 1003 583 rerum
1032 543 1243 584 suarum
1272 529 1626 586 venditionem
1654 537 1746 586 aut
1781 530 1876 586 do-

289 623 567 679 nationem
611 621 829 693 astringi
849 663 864 688 ,
906 621 1059 677 valde
1090 622 1344 691 probabat
1375 641 1390 679 :
1426 624 1508 680 sin
1551 639 1609 680 re
1640 637 1734 678 sua
1768 639 1874 680 non

291 717 506 772 vendita
549 732 653 772 nec
693 732 788 786 per
821 715 1158 771 donationem
1194 717 1246 770 in
1285 718 1582 790 quempiam
1625 718 1873 772 translata

285 818 631 864 morerentur
654 849 670 876 ,
714 822 897 866 eorum
934 807 1070 863 bona
1105 807 1242 877 juris
1281 807 1448 862 civilis
1495 809 1644 878 sequi
1681 808 1874 864 debere

279 901 693 971 praescriptum;
733 909 789 956 ut
829 901 1080 971 praesules
1117 901 1184 955 ab
1221 902 1333 970 ipsa
1373 902 1531 956 etiam
1573 901 1872 972 cupiditatis

491 1009 718 1064 prorsus
746 995 896 1050 vacui
924 1001 979 1052 et
1001 995 1116 1065 puri
1143 994 1454 1060 existerent,
1493 1003 1548 1050 et
1575 995 1710 1049 hanc
1734 995 1872 1050 inte-

277 1088 491 1156 gritatis
519 1086 720 1146 famam
764 1087 1146 1157 dispensationi
1185 1102 1293 1142 sua:
1323 1096 1592 1158 tantopere
1631 1103 1873 1146 necessa-

286 1180 418 1233 riam
460 1180 568 1234 sibi
591 1189 870 1238 servarent
891 1179 1229 1238 incolumem.
1262 1179 1341 1235 Ex
1377 1178 1478 1236 hac
1507 1182 1707 1251 regula,
1735 1181 1871 1236 bona

286 1270 543 1326 Honorati
569 1272 641 1328 ad
672 1273 998 1328 Tltiavenses
1046 1272 1393 1342 pertinebant.
1430 1271 1532 1328 Sed
1562 1281 1617 1327 ut
1645 1289 1702 1328 ea
1743 1273 1871 1330 falsa

279 1362 500 1428 fuisset;
533 1364 788 1433 quoniam
829 1363 967 1418 illius
1009 1362 1207 1418 falsitas
1240 1363 1620 1418 Thiavensihus
1647 1363 1868 1427 demon-

281 1453 433 1506 strari
457 1468 571 1506 non
587 1464 826 1522 potet-at,
853 1455 1020 1508 satius
1047 1469 1165 1509 esse
1186 1455 1436 1510 censebat
1455 1456 1796 1524 Augustinus,
1819 1464 1872 1510 et

281 1561 458 1601 eorutu
493 1545 795 1604 inﬁrmitati
820 1548 1064 1618 obsequi,
1093 1557 1145 1602 et
1171 1546 1474 1602 oll‘ensionis
1496 1547 1720 1602 vitandae
1747 1563 1869 1618 gra-

281 1637 348 1692 tia
374 1638 572 1693 horum
604 1640 864 1695 bonorum
896 1640 1286 1710 possessionem
1318 1641 1424 1694 illis
1453 1640 1660 1695 cedere.
1691 1640 1869 1696 Move-

280 1725 432 1782 hatur
459 1727 714 1798 exemplo
742 1727 941 1786 Christi
984 1730 1225 1794 Domini,
1256 1729 1345 1801 qui
1380 1730 1662 1797 tributum,
1695 1746 1725 1784 a
1763 1746 1868 1800 quo

277 1819 393 1889 ipse
425 1819 658 1874 liberum
682 1835 741 1874 se
772 1820 1042 1889 professus
1071 1831 1171 1887 est,
1199 1837 1313 1874 eam
1340 1821 1406 1875 ob
1426 1836 1637 1876 causam
1667 1823 1872 1891 persol-

279 1911 387 1976 vit;
415 1913 554 1967 sicut
577 1922 631 1966 et
655 1911 829 1980 gestis
862 1913 1100 1983 Apostoli
1125 1955 1138 1976 ,
1166 1914 1253 1984 qui
1282 1923 1337 1967 ut
1355 1912 1508 1967 famae
1535 1929 1644 1968 suae
1673 1929 1868 1970 consu-

279 2002 445 2066 leret,
473 2003 528 2056 in
559 2001 668 2070 ipso
696 2002 952 2057 Ecclesia:
975 2004 1092 2071 jure
1117 2004 1351 2072 pepercit
1373 2004 1612 2068 inﬁrmis,
1645 2013 1700 2060 et
1722 2005 1868 2060 debi—

277 2100 395 2146 tum
427 2091 752 2162 stipendium
788 2094 1070 2163 aliquando
1106 2109 1208 2148 non
1253 2095 1444 2165 exegit.
1484 2095 1732 2161 Quamvis
1762 2097 1869 2151 Au-

271 2185 527 2254 gustinus
543 2185 629 2242 bis
645 2187 938 2242 rationibus
955 2187 1210 2242 adductus
1226 2187 1276 2242 id
1295 2203 1602 2258 persuasum
1621 2190 1865 2251 haberet;

280 2287 456 2332 tamen
489 2294 560 2334 ne
589 2280 647 2333 in
672 2281 988 2335 sententiam
1029 2295 1177 2335 suam
1203 2281 1486 2352 proclivior
1506 2290 1724 2346 erraret,
1755 2297 1868 2336 rem

271 2367 558 2424 Samsucio
584 2371 841 2440 episcopo
866 2370 1117 2426 Turrensi
1145 2371 1408 2442 exposuit,
1440 2372 1593 2440 eique
1626 2372 1676 2425 id
1706 2387 1867 2426 unum

271 2461 477 2524 retulit,
504 2461 654 2530 quod
676 2461 791 2531 ipse
808 2478 930 2516 cum
952 2463 1140 2533 Alypio
1161 2463 1385 2532 primum
1408 2464 1696 2518 statuisset.
1719 2462 1870 2518 Sam-

271 2557 455 2610 sucius
505 2555 561 2609 in
603 2555 916 2612 liberalibus
955 2555 1162 2625 quidem
1210 2556 1399 2611 litteris
1437 2572 1541 2610 non
1579 2555 1867 2613 admodum

273 2647 636 2711 exercitatus,
663 2647 758 2703 sed
779 2663 904 2704 vera
930 2647 1034 2706 ﬁde
1062 2648 1319 2714 eruditus,
1347 2649 1413 2703 ad
1443 2650 1553 2702 haec
1574 2646 1863 2712 exhorruit,

267 2750 327 2797 et
351 2749 464 2795 tam
488 2739 693 2796 fmdam
722 2756 834 2795 rem
855 2740 1137 2810 cujuslibet
1161 2741 1263 2794 vita
1285 2749 1339 2794 et
1361 2739 1596 2794 moribus
1615 2739 1867 2809 indiguis-

259 2835 494 2898 sinam,
523 2836 577 2889 in
609 2834 894 2904 Augustini
923 2843 977 2888 et
1005 2833 1177 2905 Alypii
1206 2840 1438 2888 mentem
1468 2834 1676 2888 venisse
1705 2833 1867 2887 mira-

264 2939 374 2983 tus
401 2938 505 2984 est.
529 2929 867 2997 Quaproer
904 2927 1246 2997 Augustinus,
1279 2934 1336 2980 ut
1375 2925 1735 2982 hereditatem
1765 2925 1870 2980 llo-

267 3021 456 3074 norati
497 3019 889 3075 Thiavensibus
915 3019 1132 3074 omnino
1158 3017 1401 3083 cederet,
1439 3018 1649 3086 scripsit
1686 3017 1749 3072 ad
1773 3032 1869 3074 eos

275 3111 585 3181 epistolam,
617 3125 777 3181 quant
809 3109 875 3165 ad
905 3110 1152 3179 Alypium
1189 3109 1401 3174 direxit,
1430 3124 1625 3179 rogans
1650 3118 1708 3164 ut
1740 3109 1866 3166 sub-

275 3205 537 3272 scriptam
580 3203 649 3257 ad
685 3218 782 3259 eos
817 3202 1206 3272 quamprimum
1252 3203 1652 3257 transmitteret.
1699 3201 1869 3257 Simul

269 3295 356 3349 illi
383 3295 630 3350 rationes
653 3337 668 3360 ,
698 3294 889 3364 quibus
920 3293 986 3349 ad
1018 3295 1333 3350 sententiam
1365 3293 1670 3350 mutandam
1712 3293 1868 3348 indu-

281 3397 397 3442 aus
425 3398 536 3454 est,
561 3387 797 3457 graviter
822 3387 1057 3457 exponit.
1087 3387 1232 3442 llanc
1250 3401 1457 3456 quoque
1482 3386 1714 3456 regulam
1743 3385 1869 3442 reti-

279 3480 394 3534 neri
421 3479 564 3545 vult,
599 3487 658 3534 ut
678 3478 933 3549 quidquid
962 3478 1080 3549 jure
1103 3478 1242 3533 civili
1279 3478 1455 3536 clerici
1485 3477 1661 3542 fuerit,
1691 3478 1756 3532 ad
1783 3478 1868 3548 ip-

275 3573 391 3626 sius
419 3572 722 3627 Ecclesium
754 3570 1032 3641 pertineat.
1063 3570 1244 3640 Neque
1273 3586 1400 3626 vero
1427 3572 1590 3639 ponit,
1622 3573 1702 3628 vel
1740 3572 1792 3627 id
1818 3572 1870 3626 vi

271 3663 592 3719 donationis
615 3673 769 3720 antea
791 3665 1089 3720 constitutae
1113 3665 1247 3729 ﬁeri,
1271 3665 1353 3720 vel
1372 3666 1694 3721 Honoratum
1719 3668 1872 3738 quid-

283 3774 444 3828 quam
474 3759 544 3814 de
570 3758 734 3813 rebus
756 3759 870 3813 suis
890 3759 1158 3813 statuisse.
1197 3757 1442 3814 Canones
1487 3767 1658 3814 tamen
1689 3760 1870 3814 Antio-

284 3851 442 3907 cheni
480 3849 674 3923 (Cone;
700 3851 928 3904 Antioch.
956 3867 1145 3904 canone
1186 3851 1288 3915 24;
1316 3849 1498 3916 Labbe,
1531 3860 1649 3905 toni.
1677 3851 1712 3906 ἓ
1735 3895 1747 3917 ,
1778 3871 1866 3924 pp.

323 3946 392 3999 ill
413 3986 430 4010 ,
454 3945 580 4012 580,
619 3945 750 4016 etc.)
774 3951 828 3998 et
856 3943 1223 4014 Hipponenses
1259 3942 1480 4011 (Codice
1505 3943 1678 3998 Conon
1705 3943 1866 4014 Afris.

299 4053 414 4090 cat.
439 4036 539 4108 3%)
565 4037 878 4106 permittunt
918 4035 1126 4090 clericis
1145 4049 1260 4100 sua,
1288 4034 1475 4104 quibus
1505 4035 1687 4101 velint,
1711 4036 1870 4091 relin.

291 4143 492 4197 quare;
519 4143 621 4183 nec
647 4143 833 4183 eorum
863 4126 1112 4182 Ecclesiis
1148 4125 1416 4189 addicnnt,
1446 4125 1543 4179 nisi
1571 4141 1687 4196 quae
1713 4127 1870 4182 cleri-

283 4229 437 4275 catus
461 4221 541 4275 sui
564 4229 805 4290 tempore
828 4219 1040 4274 nomine
1061 4233 1161 4272 suo
1187 4218 1624 4286 comparaverint.
1655 4217 1873 4274 Videtur

281 4327 448 4383 porro
489 4315 605 4368 hac
643 4311 866 4368 facultas
889 4311 1203 4383 quibusdam
1241 4311 1402 4365 veluti
1446 4310 1694 4364 cancellis
1722 4320 1870 4378 post-

281 4404 505 4459 modum
537 4403 702 4459 fuisse
740 4403 1016 4469 restricta;
1055 4403 1384 4473 legimusque
1423 4401 1700 4457 concilium
1739 4401 1870 4457 Car-

287 4496 608 4567 thaginense
623 4497 839 4552 tertium
860 4495 1030 4551 idibus
1043 4494 1362 4564 septembris
1374 4494 1717 4560 celebratum,
1730 4510 1870 4550 anno

282 4587 814 4658 quadringentesimo
851 4585 1043 4656 primo,
1069 4586 1210 4654 ipsos
1243 4585 1400 4639 etiam
1436 4585 1712 4654 episcopos
1745 4600 1871 4639 ana-

281 4677 522 4733 dicatae
547 4686 848 4747 percutere,
880 4676 970 4746 qui
1004 4674 1226 4741 alienos,
1259 4677 1338 4729 vel
1367 4673 1524 4728 etiam
1555 4676 1870 4744 consangui-

277 4785 414 4826 neos
437 4784 571 4824 suos
607 4768 834 4838 gentiles
861 4774 951 4822 aut
989 4766 1282 4832 hit‘l‘eliCOS,
1326 4765 1576 4819 Ecclesiae
1607 4765 1869 4834 pra-tulis-

275 4871 401 4916 sent
429 4859 634 4932 (Ibid,
659 4877 771 4913 can.
805 4857 930 4930 81).
964 4858 1162 4912 Forsan
1191 4872 1396 4927 quoque
1429 4858 1698 4912 decretum
1730 4858 1869 4912 istud

279 4953 332 5008 in
367 4953 751 5022 posterioribus
778 4949 1017 5006 conciliis
1044 4948 1417 5019 amplificatum
1448 4960 1548 5015 est,
1577 4957 1629 5002 et
1650 4948 1869 5019 alicujus

280 5044 615 5114 imperatorii
656 5043 818 5100 edicti
848 5042 1158 5098 auctoritate
1197 5040 1521 5094 roboratam.
1564 5039 1713 5107 Quod
1740 5055 1869 5094 vero

277 5147 528 5207 speraret
541 5135 785 5206 Alypius,
807 5132 1154 5204 Augustinum
1172 5131 1441 5186 dimidiam
1467 5141 1688 5200 partem,
1709 5145 1865 5200 quam

277 5226 676 5283 Thiavensihus
711 5224 931 5282 concedi
958 5223 1185 5289 volebat,
1213 5222 1533 5277 monasterio
1560 5220 1864 5291 Tagastensi

279 5320 685 5390 persolutum
703 5361 717 5385 ,
747 5325 969 5374 testatur
993 5315 1317 5386 Augustinus
1339 5355 1354 5380 ,
1383 5312 1543 5368 modo
1569 5312 1619 5366 id
1646 5311 1866 5384 Alypius

273 5413 479 5483 jtstum
507 5428 628 5469 esse
655 5413 851 5482 liquido
876 5411 1189 5482 perspiciat,
1231 5424 1332 5464 non
1379 5409 1611 5462 abnuere
1647 5421 1742 5468 se;
1771 5405 1865 5461 sed

275 5521 404 5563 cum
433 5507 680 5563 habuerit
705 5506 1050 5568 redditurum,
1075 5503 1126 5558 id
1151 5512 1252 5569 est,
1286 5518 1406 5557 cum
1435 5508 1576 5555 tanta
1601 5499 1699 5554 sibi
1725 5499 1866 5554 elec-

278 5614 506 5670 nosyua
536 5597 841 5662 obvenerit,
869 5606 930 5653 ut
973 5597 1094 5651 hinc
1135 5609 1197 5650 ea
1225 5608 1431 5650 summa
1463 5591 1725 5656 detracta,
1758 5605 1862 5645 non

276 5691 459 5746 minor
479 5705 640 5759 quam
659 5689 879 5759 aqualis
899 5702 1020 5759 pars
1040 5702 1134 5757 pro
1155 5701 1376 5740 numero
1403 5683 1618 5738 fratrum
1640 5680 1707 5735 ad
1733 5680 1862 5752 Hip-

261 5799 523 5857 ponenae
567 5785 941 5842 monasterium
985 5783 1274 5856 perveniat.
1315 5778 1664 5848 Quandonam
1707 5795 1864 5841 porro

1645 315 1846 376 LIBER
1881 313 2221 390 QUARTUS.

3451 323 3555 394 230

1983 439 2264 510 contigerit
2296 446 2401 497 tota
2428 439 2544 499 htec
2565 441 2921 498 controversia
2956 442 3160 518 (Epist.
3185 445 3312 519 83),
3333 447 3555 518 ignora-

1980 548 2117 589 mus.
2150 531 2205 590 ld
2231 549 2395 590 unum
2426 534 2611 607 liquet,
2641 535 2972 596 Samsucium
2991 535 3344 610 episcopalem
3375 539 3554 596 sedem

1979 626 2212 682 tenuisse
2254 627 2402 682 initio
2450 628 2783 698 episcopatus
2819 629 3091 700 Augustini
3115 671 3131 697 ,
3169 645 3340 701 neque
3381 630 3449 686 de
3490 646 3558 688 eo

1979 716 2260 786 quidquam
2287 719 2570 790 comperiri
2604 730 2723 790 post
2759 734 2954 775 annum
2981 719 3555 792 quadringentesimum

1979 808 2282 878 septimum.

2049 900 2101 954 5.
2134 901 2382 968 Quamvis
2411 902 2544 972 ipse,
2582 918 2700 956 eum
2728 903 2960 958 animum
2985 903 3052 958 ab
3076 903 3218 958 omni
3246 903 3550 974 cupiditate,

1977 999 2033 1046 et
2053 990 2439 1062 ab'importuno
2466 994 2793 1064 negotiorum
2821 995 3044 1050 tumultu
3069 995 3302 1052 maxime
3321 995 3554 1052 alienum

1976 1093 2215 1154 gereret,
2249 1102 2515 1158 nunquam
2543 1087 2758 1142 domum
2779 1131 2792 1153 ,
2819 1103 3023 1159 agrum,
3056 1097 3146 1143 aut
3171 1088 3348 1145 villam
3374 1105 3553 1145 emere

1976 1177 2202 1234 voluerit
2243 1180 2261 1250 (
2283 1178 2521 1249 Possid.,
2561 1182 2614 1235 in
2661 1179 2778 1235 Vita
2816 1184 3049 1255 August,
3088 1200 3132 1237 c.
3173 1183 3274 1253 24)
3300 1201 3314 1248 ;
3345 1183 3552 1239 cuidam

1979 1278 2151 1325 tamen
2185 1286 2215 1326 e
2254 1271 2460 1328 clericis
2489 1273 2599 1327 suis
2629 1281 2898 1328 auctorem
2927 1289 2986 1329 se
3019 1274 3182 1330 luisse
3227 1283 3451 1331 testatur
3486 1276 3552 1331 ad

1973 1364 2365 1440 possessionem
2396 1364 2622 1435 aliquam
2655 1364 2707 1418 in
2752 1363 3004 1420 Ecclesiae
3033 1365 3368 1424 commodum
3403 1380 3551 1422 com-

1975 1455 2264 1524 parandam
2307 1472 2319 1508 :
2363 1455 2456 1510 sed
2500 1471 2564 1510 eo
2609 1466 2780 1510 tamen
2821 1455 3062 1524 consilio,
3093 1465 3152 1511 ut
3193 1458 3236 1511 si
3281 1456 3456 1512 forsan
3499 1459 3552 1513 in

1973 1543 2138 1614 gradu
2167 1561 2270 1598 non
2293 1545 2624 1615 persisteret,
2653 1561 2745 1599 sua
2775 1546 2821 1601 ei
2849 1547 3112 1618 possessio
3138 1547 3467 1615 redderetur,
3497 1557 3554 1604 ut

1974 1635 2073 1705 ipsi
2101 1635 2317 1706 ejusque
2336 1636 2739 1706 consanguineis
2764 1637 2934 1691 omnis
2957 1638 3316 1707 expostulandi
3341 1638 3552 1694 tollere-

1973 1734 2060 1780 tur
2094 1728 2300 1782 occasio
2331 1726 2540 1798 (Serm.
2571 1726 2694 1792 556,
2725 1745 2776 1782 η.
2801 1725 2896 1800 Ἶ).
2937 1726 3285 1797 Fabricarum,
3322 1730 3392 1783 ait
3417 1729 3550 1784 Pos-

1973 1819 2139 1874 sidius
2158 1860 2172 1886 ,
2209 1835 2450 1874 novarum
2485 1836 2738 1889 nunquam
2766 1819 2984 1872 studium
3013 1819 3214 1888 habuit,
3251 1821 3470 1874 devitans
3499 1822 3550 1874 in

1973 1909 2042 1962 eis
2071 1908 2459 1979 implicationem
2489 1910 2566 1963 sui
2595 1910 2782 1976 animi,
2812 1927 2955 1982 quem
2989 1926 3180 1979 semper
3211 1910 3415 1964 liberum
3456 1913 3551 1964 ha-

1973 2000 2086 2054 bere
2108 2001 2297 2055 volebat
2318 2001 2378 2053 ab
2400 2002 2535 2054 omni
2555 2002 2780 2055 molestia
2807 2002 3070 2073 temporali
3097 2018 3113 2055 :
3144 2018 3243 2055 non
3273 2013 3436 2055 tamen
3460 2002 3552 2056 illa

1971 2095 2191 2149 uolentes
2213 2135 2225 2158 ,
2257 2102 2300 2146 ct
2340 2093 2648 2162 wdiﬁcantes
2675 2093 2998 2162 prohibebat,
3032 2094 3128 2147 nisi
3156 2102 3348 2148 tantum
3374 2094 3551 2148 immo-

1973 2188 2173 2240 deratos
2214 2183 2480 2256 (Possid.,
2513 2185 2564 2238 in
2603 2183 2716 2237 Vita
2752 2186 2985 2255 August.,
3028 2202 3074 2237 ο.
3116 2182 3238 2256 '54).
3271 2185 3551 2256 Leporiunt

1959 2277 2340 2350 presbyterum
2373 2283 2680 2331 construere
2708 2275 2866 2344 jussit
2905 2274 3291 2330 xenodochium
3330 2277 3552 2346 pecunia

1973 2369 2224 2424 Ecclesia:
2252 2368 2302 2422 in
2334 2368 2472 2421 hunc
2498 2366 2656 2422 linem
2693 2367 2902 2420 collata.
2935 2365 3183 2436 Ejusdem
3211 2368 3375 2422 sancti
3405 2367 3550 2422 Prae-

1971 2461 2100 2518 snlis
2119 2459 2271 2530 jussu
2296 2458 2551 2529 Leporius
2571 2458 2743 2513 adhuc
2762 2458 3030 2513 basilicam
3055 2461 3121 2514 ad
3143 2458 3275 2514 Octo
3295 2460 3551 2534 Martyres

1971 2552 2180 2608 residua
2210 2551 2430 2621 pecunia
2458 2549 2734 2606 aediﬁcavit
2759 2548 2965 2623 (Serm.
2994 2550 3122 2618 356,
3152 2568 3204 2605 η.
3239 2551 3362 2622 l0).
3387 2553 3551 2607 Hera-

1971 2645 2123 2712 clins,
2143 2644 2231 2714 qui
2261 2644 2325 2698 ad
2351 2659 2618 2699 summum
2644 2642 2895 2698 diaconus
2923 2652 3063 2710 erat,
3091 2646 3397 2699 memoriam
3424 2662 3548 2700 san-

1971 2737 2042 2790 cti
2089 2736 2334 2806 martyris
2376 2733 2668 2804 Stephani,
2701 2743 2757 2787 ut
2802 2733 3050 2801 videtur,
3102 2735 3211 2788 suis
3255 2736 3551 2805 sumptibus

1972 2829 2140 2883 erexit
2166 2826 2361 2900 (Ibid.,
2383 2844 2434 2880 n.
2465 2826 2495 2880 7
2514 2824 2858 2896 ).V'erisimilc
2886 2835 2966 2880 est
2996 2825 3271 2896 Augustini
3294 2829 3546 2898 tempori-

1972 2921 2070 2976 bus
2109 2919 2380 2975 conditam
2420 2917 2580 2972 fuisse
2619 2917 2926 2970 memoriam
2957 2915 3178 2971 Protasii
3217 2925 3271 2971 et
3313 2917 3550 2974 Gervasii

1974 3022 2287 3083 martyrum,
2322 3009 2374 3063 in
2403 3024 2504 3079 qua
2545 3023 2843 3063 sermonem
2870 3006 2954 3061 die
2981 3007 3340 3062 anniversario
3365 3024 3552 3066 eorum

1973 3103 2110 3172 apud
2132 3101 2478 3156 Mediolanum
2498 3098 2812 3154 inventionis
2833 3099 3012 3153 habuit
3031 3099 3221 3172 (Serm.
3243 3099 3369 3168 286,
3393 3119 3442 3155 η.
3469 3103 3546 3174 4),

1973 3209 2078 3250 non
2109 3194 2222 3263 ipso
2265 3192 2448 3256 natali,
2494 3199 2549 3244 ut
2578 3190 2628 3243 in
2661 3190 2927 3246 veteribus
2964 3190 3108 3245 libris
3139 3193 3546 3260 przenotabatnr.

1974 3286 2102 3342 Erat
2137 3293 2192 3340 et
2227 3285 2327 3338 alia
2377 3282 2628 3338 memoria
2672 3281 2981 3336 eorumdem
3023 3290 3313 3352 martyrum
3343 3283 3394 3338 in
3426 3283 3547 3338 villa

1976 3375 2277 3432 Victoriana
2307 3373 2555 3430 dimcesis
2583 3372 2934 3444 Hipponensis
2965 3391 2978 3426 :
3007 3372 3100 3427 sed
3135 3373 3225 3428 illa
3253 3374 3434 3429 decem
3459 3385 3548 3429 aut

1972 3467 2250 3526 duodecim
2283 3467 2444 3523 leucis
2472 3464 2538 3520 ab
2571 3465 2701 3520 urbe
2726 3463 2907 3518 aberat
2941 3462 3049 3528 (De
3077 3461 3285 3518 Civitate
3308 3463 3422 3533 Dei,
3457 3466 3543 3520 lib.

1972 3561 2061 3628 22,
2080 3578 2192 3632 cap.
2224 3559 2277 3625 8,
2304 3577 2357 3614 n.
2389 3558 2476 3631 7).

2605 3645 2830 3702 CAPUT
2867 3644 2954 3701 IV.

1974 3750 2002 3804 1
2031 3745 2364 3804 Subleuandis
2387 3740 2691 3814 pauperibus
2717 3739 2948 3792 intendit.
2975 3736 3009 3792 2
3039 3735 3104 3791 In
3129 3738 3344 3810 gratiam
3379 3737 3547 3793 Fascii

2042 3855 2141 3895 tere
2163 3838 2326 3891 alieno
2349 3835 2504 3906 pressi
2522 3832 2691 3888 scribit
2713 3830 2779 3883 ad
2793 3829 2985 3902 plebem
3011 3827 3403 3900 Hipponensem.
3430 3830 3461 3883 5
3481 3829 3549 3884 1η

2043 3929 2471 3986 commendatione
2506 3941 2599 3980 sua
2640 3932 2683 3977 et
2719 3920 3068 3976 intercessione
3103 3921 3238 3992 apud
3272 3917 3549 3975 Potestatcs

2043 4022 2156 4075 aliis
2177 4016 2484 4091 ~prtestanda
2511 4014 2731 4070 modeste
2767 4029 2819 4067 se
2849 4013 2995 4084 gerit.
3026 4012 3059 4066 4
3095 4009 3158 4064 In
3185 4012 3548 4066 rusticanorum

2043 4113 2256 4186 gratiam
2271 4109 2440 4165 scribit
2469 4107 2535 4161 ad
2561 4104 2849 4160 Romulum.

2043 4209 2097 4263 l.
2127 4205 2209 4260 Nil
2239 4217 2370 4274 opus
2398 4211 2482 4258 est
2516 4196 2852 4263 testimoniis,
2891 4202 2949 4250 ut
2971 4194 3308 4250 ostendamus
3337 4193 3390 4249 in
3416 4209 3549 4265 quos

1974 4315 2103 4356 usus
2142 4296 2465 4366 Augustinus
2509 4289 2760 4346 Ecelesiw
2800 4303 2910 4342 suae
2951 4286 3152 4341 reditus
3201 4286 3543 4356 impenderet.

1975 4391 2381 4450 Observabitnus
2411 4396 2582 4440 tamen
2602 4426 2616 4450 ,
2656 4397 2775 4437 eum
2806 4379 3038 4436 scribere
3057 4421 3071 4446 ,
3101 4378 3239 4450 quod
3278 4393 3310 4433 e
3343 4376 3548 4434 Piniani

1976 4485 2330 4556 cleemosynis
2369 4481 2688 4550 accepisset,
2733 4490 2978 4547 erogasse
3021 4489 3110 4543 se,
3150 4485 3207 4529 ut
3248 4474 3545 4544 placuerat;

1975 4587 2178 4649 partem
2209 4574 2420 4645 quidem
2459 4569 2666 4625 clericis
2692 4566 2964 4622 monachis
2983 4608 2998 4630 ,
3027 4576 3079 4620 et
3107 4566 3435 4636 paucissimis
3462 4568 3545 4621 in-

1974 4668 2275 4740 digentibus
2317 4676 2467 4721 extra
2503 4662 2878 4717 monasterium
2913 4659 3199 4715 contulisse
3234 4679 3247 4713 :
3289 4675 3450 4731 penes
3488 4676 3547 4716 se

1974 4761 2240 4818 residuum
2261 4773 2399 4823 esse,
2422 4755 2561 4827 quod
2587 4755 2698 4825 pari
2721 4751 2878 4807 modo
2908 4752 2976 4806 sit
2998 4760 3308 4820 erogaturus
3334 4751 3351 4822 (
3380 4750 3542 4820 Epist.

1976 4854 2098 4920 1'26,
2127 4869 2180 4906 n.
2212 4849 2301 4921 8).
2341 4849 2443 4904 llos
2469 4861 2605 4902 unos
2627 4845 2946 4901 oblationum
2973 4842 3224 4898 Ecclesia:
3265 4843 3542 4912 participes

1971 4944 2214 5000 iaciebat.
2243 4941 2477 4996 Diximus
2517 4937 2787 5006 superius,
2815 4934 3011 4990 nullam
3042 4949 3161 4988 eum
3191 4932 3327 5001 apud
3364 4948 3423 4986 se
3448 4948 3539 5002 pe-

1971 5038 2178 5094 cuniam
2209 5033 2456 5089 habuisse
2477 5030 2781 5100 sepositam.
2806 5027 2922 5082 Non
2946 5037 3016 5080 est
3030 5026 3161 5080 enim
3188 5025 3428 5097 episwpi,
3449 5027 3542 5094 ait,

1970 5145 2164 5184 servare
2202 5142 2415 5191 aurum,
2447 5131 2495 5178 et
2521 5137 2750 5176 revocare
2795 5136 2826 5172 a
2861 5135 2913 5172 se
2954 5116 3282 5172 mendicantis
3315 5135 3539 5172 manum.

1970 5220 2207 5287 Quotidie
2235 5228 2336 5270 tum
2356 5215 2502 5269 multi
2524 5221 2713 5284 petunt,
2740 5220 2838 5263 tant
2863 5208 3007 5262 multi
3024 5215 3244 5280 gemunt,
3271 5218 3371 5262 tam
3395 5210 3540 5263 multi

1973 5329 2065 5365 nos
2089 5312 2260 5382 inopes
2292 5306 2647 5377 interpellant;
2682 5313 2735 5356 ut
2769 5301 2936 5372 plures
2978 5300 3137 5354 tristes
3179 5301 3538 5370 relinquamus,

1969 5404 2086 5474 quia
2114 5401 2247 5474 quod
2275 5399 2520 5472 possimus
2539 5396 2660 5449 dare
2685 5391 2930 5463 omnibus,
2954 5408 3054 5448 non
3075 5391 3310 5446 habemus
3334 5392 3538 5462 (Serm.

1970 5496 2094 5558 555,
2125 5510 2176 5548 n.
2313 5492 2606 5559 Pauperum
2639 5501 2847 5556 semper
2875 5499 3079 5539 memor
3096 5491 3230 5551 erat,
3260 5483 3440 5553 eisque
3461 5482 3542 5537 in-

1967 5586 2035 5642 de
2061 5583 2332 5654 erogabat,
2365 5580 2503 5636 unde
2521 5587 2581 5636 et
2601 5578 2699 5634 sibi
2724 5578 2936 5648 suisque
2961 5574 3207 5632 omnibus
3233 5588 3414 5630 secum
3441 5574 3537 5628 ha-

1967 5678 2252 5736 bitantibus
2287 5674 2638 5746 erogabatur;
2668 5673 2771 5729 hoc
2791 5682 2892 5740 est,
2931 5670 3016 5727 vel
3045 5686 3110 5728 ex
3143 5669 3396 5727 reditibus
3417 5683 3539 5741 pos-

1969 5779 2261 5834 grssionum
2303 5768 2586 5840 Ecclesite,
2623 5767 2704 5823 vel
2743 5768 2898 5823 etiam
2924 5782 2986 5834 ex
3026 5764 3376 5821 oblationibus
3406 5761 3539 5819 lide—
