3990 6360
1611 425 1769 483 VITA
1807 427 1864 483 S.
1903 423 2272 486 AUGUSTINI
2310 424 2630 483 EPISCOPI.
3662 424 3780 485 232

2198 543 2279 598 sui
2308 542 2393 612 pia
2424 540 2733 595 liberalitate
2761 538 3088 609 depromere,
3123 546 3183 594 ut
3205 545 3351 595 esset
3375 539 3539 597 veluti
3564 541 3776 601 fructus

2196 644 2346 690 ortus
2370 650 2400 689 e
2425 634 2730 689 etelestibus
2749 633 2956 703 pluviis,
2976 633 3163 702 quibus
3180 648 3297 689 eam
3322 635 3463 690 Deus
3485 651 3579 705 per
3603 637 3777 706 ipsius

508 424 611 486 251

511 540 661 596 lium.
684 538 820 594 Dum
837 537 1081 595 Ecclesia:
1097 539 1308 610 pecunia
1324 538 1576 609 deﬁceret,
1603 540 1696 595 hoc
1716 541 1879 611 ipsum
1904 542 2090 613 papula

510 631 793 687 Christiano
820 630 1164 698 denuntiabat,
1193 647 1291 684 non
1307 648 1360 685 se
1388 631 1569 685 habere
1592 632 1725 698 quod
1751 632 2089 703 indigentibus

510 731 733 794 erogaret
753 722 1014 795 (Possid.,
1036 724 1091 778 in
1124 721 1240 777 Vita
1259 722 1559 794 August.,c.
1591 724 1719 795 21).
1745 723 1875 779 Illud
1916 726 2089 795 ipsum

507 817 680 871 facere
701 817 905 872 videtur
928 817 983 872 in
1009 831 1253 874 sermone
1304 833 1459 887 quem
1491 818 1674 873 habuit
1700 820 1751 872 in
1778 819 2086 873 anniversa-

506 912 587 964 rio
624 910 939 979 episcopalis
978 909 1323 965 ordinationis
1364 926 1475 965 sua:
1505 909 1711 979 (Serm.
1754 911 1875 971 559,
1906 928 1957 964 n.
1995 910 2083 981 5).

505 1001 807 1056 Gratulatur
834 1004 957 1057 alibi
986 1003 1127 1073 plebi
1152 1018 1281 1069 suae,
1305 1018 1421 1072 qua:
1448 1002 1665 1057 curabat
1690 1011 1747 1056 ut
1772 1018 1839 1057 ne
1866 1002 1976 1072 ipse
1998 1003 2086 1056 ali-

504 1095 653 1162 cujus
682 1095 759 1149 rei
786 1095 1074 1165 indigeret};
1114 1104 1167 1150 et
1195 1094 1481 1149 fraternam
1506 1094 1755 1150 fratribus
1780 1095 2083 1150 misericor-

502 1187 643 1242 diam
674 1190 955 1246 exhibebat
976 1190 994 1263 (
1016 1190 1179 1260 Epist.
1210 1190 1335 1256 268,
1364 1208 1417 1244 n.
1456 1192 1482 1246 l
1505 1191 1546 1261 ).
1577 1192 1677 1258 Qui
1702 1200 1878 1248 tamen
1900 1193 2085 1249 Eccle-

502 1282 596 1335 sia:
621 1282 824 1337 reditus
848 1282 1305 1350 administrabant,
1328 1292 1561 1338 mutuam
1586 1284 1897 1355 quandoque
1926 1300 2085 1355 pecu-

502 1371 644 1427 niam
672 1388 916 1441 sumere,
962 1382 1017 1429 et
1043 1389 1117 1428 aes
1158 1374 1387 1429 alienum
1413 1376 1727 1431 contrahere
1762 1375 2083 1446 Cogebantur

502 1459 709 1530 (Serm.
739 1463 863 1529 356,
887 1480 941 1515 n.
981 1460 1102 1533 15).
1129 1464 1589 1534 Supervacaneum
1613 1472 1758 1520 esset
1783 1465 1973 1519 seriem
1997 1466 2080 1521 lo-

501 1565 683 1607 eorum
704 1560 961 1620 attexere,
993 1553 1047 1607 in
1085 1555 1276 1624 quibus
1302 1556 1553 1626 populum
1578 1555 1646 1610 ad
1671 1556 1859 1625 stipem
1884 1571 2082 1628 paupe-

498 1644 645 1698 ribus
685 1644 1004 1715 erogandam
1031 1645 1359 1701 cohortatur.
1398 1647 1647 1701 Annuam
1687 1647 2079 1703 vestiendorum

496 1733 841 1803 indigentium
885 1736 1322 1791 consuetudinem
1356 1737 1408 1793 in
1446 1738 1641 1807 populo
1680 1752 1777 1792 suo
1810 1738 2079 1793 constituit

495 1822 699 1895 (Epist.
746 1824 870 1892 122,
903 1843 955 1879 n.
1000 1826 1106 1897 2):
1140 1827 1206 1881 de
1249 1843 1352 1897 quo
1389 1843 1537 1882 more
1578 1828 1808 1898 loquitur
1850 1829 2076 1898 quodam

492 1928 757 1980 sermone,
790 1924 844 1969 et
868 1915 983 1985 ejus
1008 1916 1432 1971 exhortationem
1462 1918 1670 1988 publica
1699 1919 1893 1973 laetitia:
1917 1920 2077 1989 signi-

493 2002 739 2059 ﬁcatione
778 2006 999 2075 p0pulus
1025 2008 1233 2077 excepit
1261 2006 1468 2076 (Serm.
1491 2008 1546 2075 2,
1580 2025 1633 2062 n.
1664 2006 1761 2080 8).
1795 2008 1874 2062 Eo
1896 2018 2075 2065 tamen

491 2096 708 2152 absente
744 2098 1072 2153 consuetudo
1099 2100 1199 2155 ista
1225 2100 1389 2154 semel
1423 2099 1721 2154 intermissa
1746 2108 1847 2154 est.
1877 2100 2073 2155 Verum

492 2186 719 2243 subinde
747 2204 841 2257 per
864 2189 1086 2254 litteras,
1110 2205 1240 2259 quas
1265 2190 1410 2245 clero
1435 2204 1530 2244 suo
1554 2200 1607 2245 et
1631 2190 1953 2260 Hipponensi
1979 2206 2074 2261 po-

495 2278 621 2347 pulo
660 2278 890 2348 scripsit,
922 2279 1057 2333 hanc
1084 2280 1403 2335 oblivionem
1445 2280 1802 2349 reprehendit.
1834 2282 1901 2336 Et
1934 2296 2068 2351 quo-

492 2369 634 2425 niam
665 2370 971 2425 calamitosa
999 2380 1121 2427 tunc
1148 2380 1301 2428 erant
1329 2383 1587 2443 tempora,
1618 2374 1827 2445 quibus,
1853 2382 1909 2428 ut
1927 2374 2073 2431 vide-

493 2470 596 2527 tur,
622 2462 817 2519 Alarici
844 2463 899 2517 in
923 2463 1157 2521 Africam
1178 2465 1403 2535 irruptio
1423 2467 1775 2532 metuebatur,
1800 2477 1978 2523 monet
2005 2483 2071 2523 eo

488 2555 655 2624 magis
716 2553 898 2610 ﬁdeles
950 2556 1019 2610 ad
1072 2556 1300 2626 inopiam
1345 2572 1633 2628 pauperum
1692 2558 2069 2615 sublevandam

487 2645 741 2715 obstringi
763 2646 963 2717 (Epist.
990 2646 1143 2720 122).

556 2734 610 2787 2.
654 2733 984 2793 Christianus
1029 2737 1242 2807 quidam
1287 2739 1579 2795 catholicus
1620 2740 1835 2810 (Fascio
1871 2756 2066 2798 nomen

485 2822 611 2894 fuit.)
640 2838 759 2878 cum
808 2840 837 2878 a
877 2826 1225 2883 creditoribus
1259 2830 1369 2886 suis
1408 2830 1478 2885 ob
1514 2829 1747 2886 debitum
1786 2831 1970 2887 decem
2012 2840 2067 2888 et

482 2928 685 2987 septem
716 2918 1006 2976 solidorum
1035 2930 1331 2991 urgeretur,
1370 2937 1470 2977 nec
1506 2922 1759 2977 solvendo
1792 2932 1964 2990 esset,
1997 2925 2065 2979 ad

484 3012 721 3067 ecclesiae
749 3012 1000 3069 auxilium
1022 3054 1037 3078 ,
1070 3028 1137 3068 ne
1166 3013 1220 3067 in
1247 3013 1456 3068 vincula
1484 3022 1779 3083 raperetur,
1811 3015 2061 3070 convola-

483 3105 578 3159 vit.
612 3103 941 3159 Theodosius
966 3105 1229 3175 Augustus
1253 3119 1392 3158 anno
1426 3106 1794 3159 trecentesimo
1822 3120 2059 3176 nonage-

482 3194 619 3252 simo
647 3195 872 3266 septimo
910 3195 1174 3260 edixerat,
1208 3194 1322 3249 ﬁsci
1347 3193 1613 3249 debitores
1632 3236 1646 3260 ,
1677 3195 1767 3265 qui
1796 3194 1863 3249 ad
1890 3195 2061 3250 eccle-

485 3288 617 3343 siam
644 3287 1004 3359 confugissent
1028 3329 1043 3355 ,
1074 3286 1198 3342 inde
1224 3286 1609 3353 extrahendos,
1636 3297 1725 3341 aut
1752 3289 2058 3358 episcopos,

480 3393 512 3432 a
540 3378 729 3448 quibus
757 3379 1163 3444 occultarentur,
1206 3392 1279 3432 ms
1325 3376 1558 3432 alienum
1581 3418 1593 3442 ,
1623 3394 1726 3447 quo
1770 3379 1844 3432 illi
1881 3389 2062 3434 essent

487 3469 746 3537 obstricti,
772 3469 1138 3525 dissoluturOs.
1171 3468 1339 3535 Quam
1366 3468 1536 3539 legem
1561 3469 1626 3523 ad
1651 3470 1855 3541 privata
1884 3470 2060 3526 debita

483 3562 794 3618 extenderat
835 3561 1091 3617 Arcadius
1132 3575 1271 3615 anno
1312 3562 1684 3615 trecentesimo
1719 3562 2060 3632 nonagesimo

481 3661 687 3707 octavo.
735 3652 895 3723 Igitur
937 3653 1049 3709 sive
1095 3652 1301 3707 illarum
1346 3652 1521 3721 legum
1565 3652 1901 3719 auctoritate,
1947 3653 2059 3708 sive

481 3744 645 3812 ipsius
687 3758 862 3798 causa;
910 3744 1155 3813 aequitate
1203 3743 1322 3797 freti
1371 3742 1663 3798 creditores
1701 3742 1906 3810 Fascii,
1936 3759 2058 3799 eum

481 3832 748 3903 proﬁcisci
777 3842 1108 3903 cogerentur,
1154 3842 1210 3888 et
1238 3832 1339 3887 hac
1365 3832 1431 3887 de
1478 3846 1635 3887 causa
1676 3832 1979 3890 dilationem
2006 3837 2055 3892 ei

479 3924 607 3978 dare
635 3940 739 3978 non
770 3932 1003 3993 possent,
1031 3939 1152 3979 cum
1181 3923 1297 3994 ipso
1326 3925 1621 3994 Augustino
1649 3939 1714 3980 ea
1743 3925 1810 3980 de
1845 3941 1904 3981 re
1928 3941 2056 3981 con-

480 4016 652 4087 questi
679 4016 1021 4070 vehementer
1058 4015 1422 4083 instituerunt,
1452 4026 1509 4071 ut
1544 4026 1633 4071 aut
1675 4015 1916 4071 Fascium
1955 4018 2055 4073 sibi

482 4109 732 4175 traderet,
761 4116 853 4162 aut
876 4108 989 4178 ipse
1014 4108 1316 4178 provideret
1337 4110 1473 4165 unde
1497 4109 1666 4166 Fascii
1688 4111 1922 4165 debitum
1948 4111 2055 4165 sol-

480 4208 711 4256 veretur.
742 4199 941 4255 Obtulit
982 4199 1169 4255 Faseio
1204 4202 1556 4270 Augustinus,
1588 4212 1646 4256 ut
1674 4202 1738 4257 de
1765 4204 1930 4272 ipsius
1956 4221 2052 4260 ne-

480 4292 623 4363 gotio
646 4292 711 4347 ad
737 4292 991 4364 populum
1020 4292 1219 4347 diceret
1243 4311 1257 4347 :
1289 4293 1381 4347 sed
1415 4293 1505 4349 ille
1538 4294 1740 4364 pudore
1769 4294 2053 4353 deterritus

480 4395 720 4440 sanctum
750 4384 1046 4455 prtesulem,
1079 4400 1146 4439 ne
1169 4385 1380 4449 faceret,
1414 4385 1723 4456 deprecatus
1744 4395 1844 4441 est.
1873 4388 2052 4458 Itaque

480 4492 604 4531 cum
631 4476 729 4529 alia
756 4476 869 4545 ejus
898 4475 1177 4545 adjuvandi
1207 4476 1342 4529 ratio
1363 4492 1468 4530 non
1494 4486 1815 4548 suppeteret,
1838 4488 2051 4536 mutuos

478 4565 508 4620 a
538 4564 842 4620 Macedonio
868 4564 1052 4619 decem
1089 4573 1144 4620 et
1182 4572 1386 4634 septem
1417 4566 1615 4621 solidos
1650 4569 1885 4638 accepit,
1916 4586 2049 4641 quos

478 4656 649 4711 Fascii
678 4656 1024 4711 creditoribus
1052 4654 1217 4710 dedit.
1260 4655 1358 4710 llic
1393 4656 1626 4712 vicissim
1665 4658 1798 4715 banc
1824 4661 1874 4715 ei
1899 4676 2049 4717 sum-

475 4764 615 4803 mam
627 4747 693 4803 ad
708 4756 909 4803 certum
923 4748 1061 4801 diem
1078 4746 1401 4803 redditurum
1423 4764 1479 4803 se
1496 4748 1759 4819 pollicitus
1778 4760 1888 4819 est;
1907 4754 2049 4823 quod

476 4840 575 4896 nisi
602 4847 894 4910 prmstaret,
916 4840 1076 4895 verba
1097 4840 1195 4893 hac
1211 4838 1277 4893 de
1294 4855 1353 4894 re
1368 4840 1433 4894 ad
1452 4842 1699 4910 populum
1720 4841 1902 4898 haberi
1922 4860 2049 4899 con-

476 4934 661 4989 sensit.
685 4934 763 4987 Ad
787 4932 1122 4987 constitutam
1145 4940 1319 4986 tamen
1340 4930 1480 4986 diem
1505 4948 1609 4987 non
1636 4935 1782 4990 venit
1802 4934 2043 5005 Fascius;

474 5044 577 5098 qua
596 5027 662 5082 de
683 5044 741 5082 re
761 5027 879 5097 quia
896 5025 1246 5082 commonitus
1268 5042 1369 5081 non
1387 5025 1483 5081 fuit
1497 5028 1837 5099 Augustinus,
1857 5040 1913 5085 ut
1931 5032 2048 5101 ipso

470 5119 558 5173 die
586 5119 951 5187 Pentecostes,
982 5135 1086 5189 quo
1111 5118 1295 5174 aderat
1318 5120 1486 5191 major
1514 5124 1690 5191 populi
1718 5124 2007 5194 frequentia
2026 5167 2043 5194 ,

472 5224 771 5265 sermonem
799 5210 920 5265 inde
948 5209 1173 5276 faceret,
1199 5218 1356 5281 atque
1384 5226 1505 5265 mox
1533 5212 1708 5268 itineri
1737 5227 1794 5269 se
1820 5215 2045 5269 commi-

473 5302 575 5367 sit;
599 5300 718 5356 ideo
737 5301 916 5368 eloco,
940 5303 992 5357 in
1011 5318 1117 5373 quo
1135 5312 1257 5358 tunc
1278 5303 1599 5371 versabatur,
1624 5305 1829 5375 plebem
1850 5306 2048 5378 Hippo-

472 5406 690 5449 nensem
709 5407 802 5463 per
821 5393 1021 5449 litteras
1041 5395 1264 5465 rogavit,
1285 5405 1343 5449 ut
1360 5395 1496 5451 hanc
1512 5412 1793 5466 summam,
1812 5412 1915 5453 non
1938 5408 2046 5453 tam

474 5486 739 5554 Fascium,
770 5501 925 5556 quam
955 5486 1110 5542 ﬁdem
1139 5504 1241 5559 qua
1267 5488 1382 5559 ipse
1408 5504 1467 5544 se
1496 5489 1849 5545 obstrinxerat
1874 5490 2046 5547 Mace-

473 5577 656 5645 donio,
680 5578 960 5635 liberatura
986 5579 1337 5652 eleemosynze
1359 5580 1571 5637 nomine
1593 5582 1874 5639 conferret.
1898 5584 2044 5640 Seri-

475 5672 582 5742 psit
605 5671 762 5727 simul
790 5670 855 5726 ad
878 5672 1078 5728 clerum
1103 5687 1278 5741 suum,
1301 5681 1358 5727 ut
1382 5673 1426 5729 si
1446 5674 1635 5730 collata
1664 5690 1693 5729 a
1723 5676 1917 5746 populo
1948 5694 2042 5747 pe-

475 5764 630 5818 cunia
677 5779 781 5820 non
832 5764 1133 5831 sufﬁceret,
1184 5780 1255 5822 ex
1292 5765 1533 5821 ecclesiae
1577 5767 1729 5823 bonis
1776 5770 2045 5824 residuum

475 5858 849 5932 compleretur.
874 5858 1101 5919 Malebat
1121 5865 1303 5920 tamen
1327 5857 1466 5921 hanc
1491 5874 1757 5923 sumam
1780 5876 1845 5922 ex
1865 5863 2045 5935 populi

2195 725 2541 779 ministerium
2567 724 2761 793 jugiter
2788 722 3034 794 irrigabat
3055 722 3245 797 (Epist.
3266 723 3415 793 268).
3442 724 3601 780 Notat
3630 720 3771 782 P05;-

2193 814 2381 880 sidius,
2412 815 2550 869 illius
2578 828 2701 883 erga
2729 813 2949 869 miseros
2971 813 3219 882 pietatem
3240 828 3304 868 eo
3328 813 3487 870 fuisse
3514 830 3770 887 progres-

2191 920 2325 970 sam,
2360 915 2417 959 ut
2446 906 2512 960 ad
2546 904 2848 974 complures
2867 904 3101 973 captivos
3120 913 3175 960 et
3202 919 3460 975 pauperes
3485 907 3769 961 sublevan-

2190 996 2287 1051 dos
2313 1012 2437 1051 vasa
2461 996 2699 1051 ecclesia:
2725 996 2923 1050 initiata
2960 994 3129 1065 frangi
3165 995 3489 1066 conﬂarique
3520 998 3763 1067 jusserit.

2191 1087 2246 1141 ln
2276 1102 2380 1158 quo
2412 1088 2457 1141 si
2482 1086 2747 1142 carnalem
2787 1086 3160 1141 nonnullorum
3197 1102 3410 1142 sensum
3435 1087 3765 1157 offenderet,

2188 1188 2334 1233 certe
2359 1177 2623 1233 Ambrosii
2648 1176 2940 1232 doctrinam
2968 1186 3021 1231 et
3052 1177 3355 1247 exemplum
3382 1178 3544 1233 alacri
3579 1180 3764 1235 animo

2187 1270 2484 1325 sectabatur
2513 1268 2819 1341 (Possidius,
2847 1269 2901 1322 in
2938 1266 3049 1321 Vita
3069 1269 3306 1339 August,
3334 1286 3380 1323 c.
3404 1269 3528 1333 24).

2255 1372 2308 1426 5.
2339 1369 2482 1437 Quos
2522 1369 2657 1423 Deus
2695 1384 2837 1424 curae
2879 1375 2933 1423 et
2957 1367 3227 1423 dilectioni
3251 1384 3359 1424 suae
3385 1372 3758 1439 commiserat,

2184 1461 2341 1517 etiam
2355 1458 2811 1515 commendatione
2823 1472 2916 1514 sua
2925 1501 2937 1524 ,
2953 1468 3005 1513 et
3014 1458 3150 1513 datis
3160 1459 3415 1529 epistolis,
3431 1462 3567 1530 apud
3580 1462 3765 1518 saeculi

2185 1558 2469 1620 potestates
2493 1549 2789 1618 adjuvabat.
2822 1548 2925 1604 Sed
2956 1548 3089 1603 hanc
3118 1563 3265 1603 suam
3289 1563 3319 1602 a
3345 1550 3648 1606 melioribus
3668 1567 3761 1606 re-

2182 1641 2281 1697 bus
2311 1643 2712 1711 occupationem
2736 1650 2983 1711 tanquam
3010 1642 3279 1711 angariam
3303 1642 3607 1712 deputabat,
3637 1660 3765 1699 sua-

2181 1748 2300 1787 vem
2327 1747 2535 1801 semper
2563 1731 2765 1786 habens
2790 1731 2857 1786 de
2883 1732 2946 1785 iis
2972 1746 3091 1801 quae
3128 1732 3221 1787 Dei
3245 1740 3399 1799 sunt,
3432 1734 3514 1788 vel
3554 1735 3761 1789 allocu-

2179 1824 2409 1889 tionem,
2458 1823 2543 1877 vel
2593 1823 3001 1878 colloeutionem
3055 1821 3299 1876 fraternte
3344 1838 3405 1877 ac
3451 1824 3760 1880 domestica:

2179 1914 2545 1969 familiaritatis
2568 1914 2752 1985 (Ibid.,
2776 1932 2820 1967 c.
2853 1914 2971 1986 l9).
3000 1913 3296 1969 Sacerdotii
3324 1916 3405 1969 sui
3431 1931 3549 1971 esse
3570 1932 3762 1972 cense-

2177 2008 2300 2075 bat,
2342 2022 2438 2077 pro
2474 2007 2583 2062 reis
2623 2006 2762 2076 apud
2800 2006 3009 2076 judices
3052 2007 3399 2062 intercedere.
3442 2008 3573 2063 Cum
3610 2012 3758 2065 enim

2176 2097 2396 2166 alicujus
2424 2098 2529 2151 vita
2572 2098 2957 2166 periclitaretur
2984 2097 3038 2152 in
3075 2097 3302 2167 judicio,
3341 2100 3758 2154 concurrebatur

2176 2189 2229 2243 in
2256 2190 2569 2253 ecclesiam;
2601 2188 2882 2258 rogabatur
2906 2188 3185 2257 episcopus
3204 2231 3218 2253 ,
3246 2196 3302 2242 ut
3326 2189 3636 2245 intermissis
3660 2206 3759 2245 oc-

2174 2280 2543 2349 cupationibus
2578 2280 2659 2333 vel
2696 2279 3057 2348 gravissimis,
3096 2295 3193 2349 pro
3227 2295 3320 2334 reo
3353 2280 3752 2350 deprecaretur.

2173 2369 2326 2437 Quod
2357 2378 2531 2424 tamen
2574 2371 2898 2440 Augustinus
2926 2371 3227 2426 verecunde
3250 2378 3305 2427 et
3331 2371 3600 2428 moderate
3624 2388 3754 2443 age-

2174 2459 2281 2513 bat.
2307 2458 2553 2514 Novimus
2580 2477 2711 2527 eum,
2743 2462 2817 2515 ait
2842 2460 3132 2527 Possidius,
3155 2478 3187 2514 a
3209 2462 3314 2515 suis
3340 2462 3642 2517 charissimis
3663 2465 3753 2518 lit-

2172 2560 2393 2605 terarum
2420 2552 2742 2606 intercessum
2779 2552 2916 2623 apud
2953 2554 3123 2607 saeculi
3151 2562 3413 2625 potestates
3441 2556 3753 2626 postulatum

2170 2659 2271 2697 non
2287 2644 2500 2711 dedisse,
2525 2645 2766 2699 dicentem
2786 2646 3052 2715 cujusdam
3071 2647 3308 2717 sapientis
3332 2648 3624 2701 servandam
3640 2665 3749 2703 esse

2168 2737 2483 2801 sententiam,
2513 2737 2575 2790 de
2593 2754 2688 2807 quo
2714 2738 2954 2807 scriptum
2974 2747 3120 2805 esset,
3144 2740 3276 2809 quod
3295 2742 3451 2793 multa
3469 2756 3573 2794 sua:
3595 2745 3751 2811 fama:

2169 2829 2582 2899 contemplatione
2618 2830 2791 2883 amicis
2836 2846 2934 2883 non
2962 2831 3285 2899 prtestitisset.
3314 2831 3379 2885 Et
3405 2832 3535 2885 illud
3559 2832 3749 2887 nihiloc

2166 2921 2329 2973 minus
2356 2936 2500 2974 suum
2525 2919 2742 2985 addens,
2774 2920 3008 2989 quoniam
3046 2920 3338 2991 plerumque
3374 2930 3592 2993 potestas
3630 2938 3750 2992 qua

2167 3020 2392 3081 praestat,
2422 3011 2619 3081 premit.
2649 3009 2772 3065 Cum
2799 3027 2913 3064 vero
2952 3011 3357 3086 intercedendum
3394 3028 3499 3067 esse
3537 3023 3748 3085 rogatus

2167 3102 2382 3171 videbat,
2412 3114 2514 3157 tam
2540 3104 2594 3157 id
2618 3106 2821 3158 honeste
2847 3121 2906 3157 ac
2935 3114 3201 3173 temperate
3225 3106 3421 3176 agebat,
3453 3116 3508 3160 ut
3532 3124 3631 3162 non
3656 3124 3747 3162 so-

2166 3195 2271 3249 lum
2299 3210 2539 3249 onerosus
2575 3204 2660 3247 aut
2698 3194 2934 3249 molestus
2972 3212 3070 3248 non
3095 3197 3370 3264 videretur,
3397 3213 3564 3251 verum
3588 3199 3747 3253 etiam

2164 3287 2409 3341 mirabilis
2454 3288 2681 3343 existeret
2718 3286 2915 3359 (Ibid.,
2952 3304 2997 3340 c.
3020 3286 3144 3359 20).
3174 3288 3356 3345 Refert
3391 3289 3582 3346 deinde
3605 3291 3745 3346 Pos-

2165 3379 2331 3435 sidius
2358 3380 2752 3444 testimonium,
2780 3378 2922 3448 quod
2966 3379 3300 3435 Macedonius
3352 3380 3545 3437 Africae
3591 3385 3743 3438 vica-

2163 3470 2271 3525 rius
2320 3471 2393 3525 illi
2440 3470 2539 3525 hac
2566 3471 2632 3525 de
2671 3486 2728 3525 re
2773 3471 3034 3541 tribuebat
3062 3489 3075 3524 :
3102 3480 3331 3526 attamen
3362 3472 3475 3542 ejus
3501 3473 3744 3529 modesta

2164 3561 2415 3617 demissio
2458 3571 2513 3618 et
2564 3563 2740 3616 innata
2785 3562 2859 3616 illi
2896 3562 3085 3616 lenitas
3120 3576 3225 3616 non
3264 3563 3571 3631 obstabant,
3606 3580 3745 3633 quo—

2162 3652 2338 3707 minus
2374 3652 2602 3722 graviori
2645 3652 2957 3722 quandoque
2985 3661 3041 3707 et
3069 3652 3214 3707 velut
3241 3653 3434 3708 minaci
3470 3653 3629 3708 modo
3653 3654 3744 3710 in-

2161 3742 2458 3797 tercederet
2484 3759 2497 3795 :
2520 3742 2779 3811 siquidem
2803 3742 2996 3797 veritas
3022 3750 3077 3797 et
3100 3742 3269 3797 dulcis
3306 3751 3406 3811 est,
3434 3754 3489 3799 et
3512 3760 3692 3800 amara
3720 3763 3737 3801 :

2160 3836 2372 3907 quando
2400 3836 2569 3891 dulcis
2585 3845 2685 3903 est,
2702 3834 3122 3907 parcit;quando
3147 3851 3346 3907 amara,
3371 3845 3521 3893 curat
3540 3836 3739 3911 (Epist.

2160 3930 2288 3999 247,
2321 3946 2373 3983 n.
2404 3930 2478 3998 ι).

2229 4033 2281 4086 4.
2310 4030 2533 4099 Quidam
2565 4030 2847 4097 Romulus,
2875 4046 3030 4101 quem
3058 4031 3380 4101 Augustinus
3416 4046 3511 4101 per
3546 4030 3732 4087 Evan-

2158 4123 2349 4193 gelium
2370 4123 2421 4176 in
2440 4122 2649 4177 Christo
2663 4131 2934 4192 genuerat,
2958 4123 3303 4179 Ponticanum
3323 4132 3555 4180 actorem
3574 4140 3735 4180 suum

2158 4214 2209 4270 in
2243 4214 2576 4283 possessione
2616 4228 2710 4267 sua
2756 4214 3068 4269 collocatum
3092 4256 3106 4281 ,
3153 4214 3357 4270 colonis
3391 4214 3561 4269 eidem
3592 4216 3738 4271 villze

2157 4308 2409 4377 subjectis
2436 4305 2764 4377 prmfecerat.
2793 4306 2841 4360 Is
2861 4322 2980 4360 cum
3004 4306 3194 4361 tributa
3221 4306 3445 4361 Romulo
3466 4307 3641 4361 debita
3660 4309 3736 4363 ab

2159 4400 2263 4455 illis
2292 4398 2586 4470 exegisset,
2614 4397 2756 4468 quod
2782 4399 2892 4469 ipse
2923 4397 3142 4452 inﬁciari
3170 4413 3276 4452 non
3305 4407 3543 4468 poterat,
3571 4414 3631 4454 ea
3658 4398 3735 4454 ad

2158 4507 2217 4549 se
2245 4493 2559 4548 intervertit.
2607 4491 2863 4545 Romulus
2885 4533 2900 4557 ,
2942 4491 3028 4546 cui
3064 4490 3277 4545 aliunde
3316 4490 3597 4545 nonnullus
3630 4491 3733 4547 Dei

2158 4584 2318 4638 timor
2344 4583 2533 4643 inerat,
2562 4581 2659 4635 hos
2695 4582 3009 4649 rusticanos,
3039 4582 3129 4651 qui
3156 4582 3240 4636 vix
3270 4582 3434 4637 semel
3470 4581 3731 4637 solvendo

2155 4674 2380 4740 fuerant,
2417 4672 2482 4727 ad
2523 4672 2799 4743 pendenda
2824 4674 2999 4728 denuo
3022 4674 3212 4729 tributa
3237 4674 3403 4728 teneri
3435 4673 3730 4730 contende-

2155 4765 2263 4821 bat.
2290 4765 2469 4835 lniqua
2491 4757 2603 4819 haec
2626 4764 2813 4835 agendi
2835 4765 2969 4818 ratio
2989 4764 3335 4836 Augustinum
3358 4765 3731 4823 vehementius

2155 4858 2411 4929 perculit,
2439 4856 2613 4911 minus
2642 4866 2815 4911 tamen
2846 4858 3110 4927 egentium
3147 4858 3487 4928 colonorum,
3515 4861 3603 4930 qui
3628 4876 3733 4931 0p-

2155 4948 2534 5019 primebantur,
2551 4963 2707 5018 quam
2724 4948 2887 5017 ipsius
2902 4948 3112 5003 Romuli
3129 4964 3305 5016 causa,
3320 4951 3407 5021 qui
3426 4952 3523 5006 hac
3540 4960 3725 5022 tyran-

2153 5039 2276 5094 nide
2305 5038 2535 5093 divinam
2558 5039 2610 5092 in
2631 5053 2689 5093 se
2708 5040 2988 5093 vindictam
3013 5042 3346 5111 provocabat.
3383 5041 3559 5113 Neque
3588 5044 3729 5098 enim

2155 5138 2256 5182 tam
2281 5129 2429 5181 miser
2452 5144 2582 5192 sum,
2608 5128 2791 5197 inquit,
2818 5138 2861 5183 et
2891 5131 3085 5184 alienus
3104 5147 3136 5183 a
3155 5132 3418 5186 visceribus
3438 5132 3641 5200 Christi,
3665 5144 3731 5189 ut

2154 5236 2254 5273 non
2294 5218 2585 5289 gravissimo
2613 5218 2814 5273 vulnere
2847 5222 3054 5288 feriatur
3080 5239 3166 5275 cor
3204 5240 3383 5289 meum,
3421 5226 3621 5295 quando
3647 5228 3729 5281 sic

2153 5316 2306 5380 agunt
2317 5324 2437 5378 quos
2450 5310 2501 5361 in
2517 5309 2625 5378 ejus
2641 5307 2910 5380 Evangelia
2924 5314 3089 5381 genui.
3109 5313 3389 5369 Romulum
3408 5316 3562 5386 igitur
3575 5331 3730 5371 com-

2152 5403 2385 5474 pellavit,
2417 5404 2823 5461 contendentem
2848 5406 2943 5461 hos
2962 5409 3178 5464 colonos
3198 5410 3487 5466 Ponticano
3514 5411 3731 5467 solvere

2153 5512 2257 5551 non
2285 5495 2563 5563 debuisse;
2594 5498 2781 5569 quibus
2811 5508 2982 5554 tamen
3014 5501 3125 5570 ipse
3158 5503 3479 5558 contrarium
3509 5519 3605 5575 per
3632 5503 3730 5559 lit-

2154 5596 2295 5642 teras
2318 5602 2421 5642 non
2451 5588 2881 5658 prtescripserat;
2908 5590 3037 5645 citra
3063 5607 3193 5661 quas
3222 5594 3333 5649 ﬁeri
3358 5610 3466 5651 non
3490 5602 3728 5666 poterat,

2153 5688 2211 5734 ut
2232 5681 2498 5747 rusticani,
2524 5682 2614 5751 qui
2636 5682 2973 5737 Ponticanum
3006 5683 3258 5741 videbant
3279 5686 3345 5742 ab
3366 5703 3432 5743 eo
3456 5688 3555 5743 sibi
3588 5702 3731 5757 prae-

2153 5772 2401 5841 positum,
2426 5772 2704 5841 pecuniam
2724 5772 2937 5827 domino
2956 5774 3185 5830 debitam
3209 5776 3440 5847 pendere
3461 5778 3729 5834 detrecta-

2153 5874 2291 5924 rent.
2316 5862 2447 5920 Cum
2474 5864 2798 5936 Augustinus
2825 5865 2954 5923 nihil
2987 5868 3128 5939 apud
3164 5868 3450 5930 Romulum
3475 5870 3578 5930 hac
3604 5870 3726 5932 vice
