3990 6360
212 523 551 598 profecisset,
577 521 723 578 misit
745 520 831 578 die
855 517 1059 577 sabbatl
1087 518 1157 576 ad
1181 534 1302 576 eum
1327 518 1501 575 adhuc
1524 519 1794 590 pranden-

216 628 357 685 tem,
396 625 458 671 ut
492 613 924 685 Hippone-Regio
960 628 1067 667 non
1109 612 1563 682 proﬁcisceretur,
1594 610 1699 666 nisi
1737 624 1799 666 se

212 708 453 764 adiisset.
495 704 838 761 Renuntiavit
875 704 947 759 ita
980 719 1039 759 se
1063 718 1183 759 esse
1220 702 1502 759 facturum.
1537 700 1798 757 Postridie

211 809 386 854 tamen
417 798 473 852 in
494 797 774 853 ecclesiam
793 796 956 860 venit,
978 794 1170 861 oravit,
1192 803 1247 849 et
1269 802 1452 849 sancto
1471 792 1700 864 prtesule
1719 793 1798 847 in-

208 891 445 946 salutato
480 890 749 960 profectus
782 882 878 943 est.
909 888 1038 943 Erat
1076 887 1179 941 hoc
1212 886 1560 957 Augustinum
1588 899 1799 940 summo

209 984 508 1053 despicatui
538 982 752 1037 ducere.
785 981 1059 1036 Piissimus
1078 988 1253 1035 tamen
1278 980 1491 1050 praesul,
1516 988 1575 1034 ut
1594 993 1653 1034 se
1677 993 1799 1034 san-

210 1084 291 1129 cte
318 1073 695 1137 ulcisceretur,
719 1071 926 1125 veniam
948 1072 1019 1124 illi
1040 1071 1151 1125 suis
1172 1086 1201 1124 a
1224 1072 1331 1125 Deo
1358 1070 1605 1140 precibus
1628 1069 1797 1139 depo-

209 1164 398 1233 poscit.
429 1162 542 1218 Sed
581 1164 827 1233 quoniam
863 1177 985 1217 reus
1024 1162 1157 1217 hanc
1184 1162 1424 1217 oblinere
1444 1177 1547 1216 non
1572 1169 1794 1231 poterat,

210 1256 305 1309 nisi
337 1270 400 1310 se
431 1254 549 1323 ipse
576 1254 883 1323 corrigeret,
907 1261 1119 1307 sanctus
1155 1253 1355 1307 Prtesul
1389 1252 1701 1307 acerrimam
1731 1249 1798 1305 ad

210 1362 324 1401 eum
350 1345 645 1415 epistolam
672 1344 906 1399 scribere
931 1353 1145 1398 coactus
1172 1350 1274 1409 est,
1306 1342 1357 1396 in
1380 1358 1481 1412 qua
1521 1341 1667 1395 illum
1697 1340 1797 1395 ob-

215 1446 434 1492 testatur
462 1446 625 1505 atque
662 1436 924 1502 obsecrat,
961 1444 1019 1488 ut
1047 1434 1293 1504 injuriam
1322 1434 1577 1497 attendat,
1607 1446 1711 1503 qua
1742 1447 1800 1489 se

213 1531 378 1599 ipsum
419 1530 617 1598 magis,
645 1544 803 1597 quam
839 1528 1040 1582 villicos
1067 1541 1193 1581 suos
1218 1527 1455 1593 laederet,
1477 1541 1602 1595 erga
1639 1541 1797 1596 quos,

215 1631 267 1674 ut
303 1620 535 1675 inﬁciari
575 1636 681 1674 non
726 1628 961 1689 poterat,
1006 1619 1336 1689 iniquissime
1373 1634 1431 1673 se
1465 1629 1689 1689 gereret.
1736 1618 1800 1673 Et

216 1714 355 1767 modo
395 1713 625 1783 quidem,
670 1712 854 1782 inquit,
887 1729 987 1765 non
1025 1711 1303 1782 rogandus,
1344 1712 1433 1765 sed
1458 1713 1801 1784 objurgandus

216 1822 297 1859 es:
327 1823 449 1858 nam
473 1816 519 1857 et
540 1806 636 1856 hoc
653 1805 895 1874 scriptum
915 1812 985 1857 est
1008 1844 1024 1870 ,
1056 1822 1072 1855 ι
1097 1802 1208 1874 Ego
1233 1819 1378 1873 quem
1397 1820 1533 1870 amo,
1554 1804 1801 1873 redarguo

214 1905 255 1950 et
282 1897 473 1965 castigo
502 1914 521 1947 ι
553 1895 736 1965 (Apoc.
761 1910 838 1959 tu,
863 1893 972 1963 19).
997 1894 1106 1965 Ego
1127 1904 1310 1959 tamen,
1340 1895 1381 1949 si
1406 1910 1495 1963 pro
1516 1910 1594 1947 me
1612 1910 1797 1964 rogan-

215 1986 306 2039 dus
326 2002 483 2051 esses,
507 1988 637 2055 forte
658 2000 759 2036 non
787 1993 834 2037 te
853 2000 1081 2054 rogarem
1104 1985 1255 2053 :quia
1284 1998 1399 2036 vero
1424 2000 1516 2054 pro
1543 1991 1589 2036 te
1619 1999 1804 2053 rogan—

217 2079 313 2131 dus
338 2096 419 2143 es,
441 2095 557 2149 rogo
584 2086 627 2131 te
648 2078 857 2141 iratum,
883 2087 935 2130 ut
956 2094 1135 2148 parcas
1161 2076 1268 2143 tibi,
1289 2087 1343 2130 ut
1366 2078 1578 2148 placaris
1598 2075 1684 2130 tibi
1707 2092 1724 2140 ;
1747 2087 1803 2131 ut

218 2172 311 2223 tibi
331 2170 558 2239 placetur
584 2169 668 2223 ille
689 2186 835 2239 quem
864 2185 1032 2239 rogas.
1062 2168 1268 2239 Aperiat
1296 2168 1382 2221 tibi
1410 2184 1629 2235 sensum,
1651 2176 1707 2221 ut
1726 2169 1801 2221 vi-

215 2265 466 2335 densque:
492 2266 643 2335 facis,
674 2275 719 2317 et
746 2265 1013 2318 exhorreas
1049 2274 1093 2318 et
1125 2263 1374 2318 emendes.
1408 2262 1578 2316 Parva
1602 2263 1733 2317 enim
1756 2271 1805 2316 et

214 2361 350 2427 quasi
381 2358 528 2409 nulla
561 2356 647 2409 tibi
682 2356 929 2421 videntur,
952 2372 1064 2425 qua:
1092 2367 1197 2407 tam
1224 2371 1409 2424 magna
1428 2355 1564 2407 mala
1592 2362 1724 2417 sunt,
1751 2361 1805 2407 ut

214 2450 411 2516 quando
450 2458 498 2501 te
536 2448 733 2501 domita
772 2446 1024 2517 cupiditas
1062 2463 1120 2500 ea
1157 2446 1475 2500 considerare
1503 2446 1802 2517 permiserit,

214 2543 335 2611 rigas
358 2540 607 2610 lacrymis
635 2549 843 2604 terram,
873 2548 925 2591 ut
956 2536 1095 2592 Deus
1126 2538 1420 2591 misereatur
1442 2537 1535 2590 tui.
1571 2535 1805 2591 Vereba-

217 2642 295 2685 tur
322 2633 689 2701 Augustinus,
722 2647 790 2686 ne
823 2632 912 2686 ille
943 2631 1025 2684 his
1062 2631 1249 2684 litteris
1278 2630 1443 2699 magis
1467 2637 1808 2699 exasperatus

217 2724 264 2778 in
302 2725 531 2778 colonos
578 2738 709 2778 suos
747 2723 919 2777 acrius
948 2721 1260 2785 deszeviret;
1301 2720 1395 2775 sed
1423 2719 1600 2785 addit,
1632 2719 1677 2773 si
1708 2718 1811 2773 hoc

220 2817 445 2882 accidat,
474 2817 583 2869 illis
611 2817 923 2884 imputatum
955 2812 1019 2867 iri
1049 2812 1113 2866 ad
1145 2813 1392 2867 meritum
1420 2812 1641 2877 bonum,
1668 2810 1810 2880 quod

222 2923 311 2976 pro
338 2908 456 2976 ejus
489 2907 696 2970 salute,
744 2913 958 2974 propter
987 2919 1143 2971 quam
1177 2903 1474 2968 scribebat,
1509 2919 1630 2957 eum
1660 2912 1810 2972 pate-

222 3006 409 3051 rentur
434 2997 648 3049 iratum.
672 2994 847 3049 Unum
871 2995 960 3048 Dei
981 2993 1234 3063 judicium
1259 2993 1333 3051 illi
1359 2993 1661 3058 minitatur;
1682 3008 1812 3062 quo-

228 3091 372 3142 niam
398 3087 530 3156 apud
560 3086 805 3139 homines
824 3127 839 3151 ,
869 3085 955 3155 qui
989 3084 1243 3139 formulas
1264 3098 1294 3137 a
1322 3083 1527 3153 legibus
1556 3083 1812 3137 constitu-

229 3190 305 3233 tas
328 3179 397 3233 ad
424 3180 557 3233 alios
590 3179 799 3248 iniquos
818 3185 965 3231 actus
992 3176 1349 3247 prohibendos
1376 3175 1524 3246 sequi
1547 3184 1812 3243 tenentur,

227 3286 437 3324 oausam
459 3270 709 3324 obtinere
735 3269 989 3323 Romulus
1009 3278 1233 3338 poterat.
1258 3267 1409 3322 Unde
1428 3269 1816 3324 consectarium

227 3372 320 3426 est,
350 3364 600 3433 quamvis
627 3363 743 3416 aliis
782 3363 998 3417 minime
1038 3362 1302 3431 denegare
1336 3361 1643 3427 debeamus,
1674 3360 1817 3431 quod

230 3455 289 3508 iis
324 3456 555 3511 reddere
598 3472 663 3510 ex
708 3455 1057 3509 humanarum
1100 3455 1272 3525 legum
1314 3455 1625 3524 praescripto
1665 3463 1817 3510 tene-

232 3563 379 3611 mur;
410 3548 573 3601 nobis
603 3557 776 3603 tamen
809 3564 912 3603 non
934 3564 1146 3618 semper
1168 3548 1351 3613 licere,
1378 3548 1517 3619 quod
1540 3562 1606 3601 ex
1630 3547 1817 3603 iisdem

229 3636 427 3708 legibus
458 3638 619 3693 nobis
644 3640 734 3693 alii
761 3638 987 3707 debent,
1020 3640 1232 3710 exigere
1259 3639 1449 3713 (Epist.
1492 3639 1619 3707 247,
1654 3656 1707 3693 n.
1739 3640 1815 3711 1).

873 3730 1097 3797 CAPUT
1139 3742 1204 3795 V.

232 3822 253 3876 Ι
298 3824 570 3894 Augustini
610 3825 786 3894 regula
824 3834 873 3877 et
913 3824 1178 3893 prudentia
1201 3826 1253 3879 in
1282 3826 1642 3883 uisitationibus
1665 3828 1740 3882 vel
1766 3828 1821 3881 in

298 3914 413 3966 aliis
435 3915 744 3985 prtzstandis
772 3915 962 3985 ofﬁciis.
992 3915 1028 3968 2
1057 3915 1123 3969 1η
1153 3915 1635 3974 Germanicianensis
1659 3936 1822 3991 parae-

300 4006 393 4059 cia:
429 4008 656 4078 gratiam
688 4008 855 4061 scribit
892 4010 958 4062 ad
993 4008 1322 4064 Pancarium.
1356 4013 1390 4067 5
1418 4012 1675 4068 Universa:
1715 4012 1820 4066 Ec-

308 4100 470 4153 clesia
498 4119 588 4170 pro
617 4118 710 4154 sua
730 4111 871 4172 parte
893 4119 952 4155 ac
978 4104 1217 4173 facultate
1236 4104 1323 4157 dat
1344 4122 1568 4175 operam.
1591 4107 1625 4160 4
1646 4104 1823 4161 Causis

318 4190 605 4246 dirimendis
635 4210 688 4246 se
716 4195 951 4264 occupari
979 4196 1313 4265 conqueritur.

315 4282 364 4335 l.
396 4281 459 4337 Ut
478 4286 647 4338 sancti
671 4284 919 4340 Prmsulis
949 4286 1000 4339 in
1028 4285 1443 4342 administranda
1475 4289 1711 4344 Ecclesia
1731 4304 1823 4345 cu-

236 4390 347 4428 ram
394 4376 722 4446 ductumque
761 4394 1041 4449 pergamus
1084 4394 1391 4449 exponere:
1421 4381 1489 4435 In
1528 4382 1826 4435 uisitationi-

237 4465 326 4520 bus
344 4509 357 4530 ,
394 4468 566 4537 inquit
590 4468 861 4523 Possidius
881 4512 895 4537 ,
924 4470 1127 4524 modum
1152 4472 1344 4525 tenebat
1372 4473 1433 4525 ab
1461 4472 1701 4543 Apostolo
1730 4474 1819 4529 de-

240 4561 456 4628 ﬁnitum,
488 4573 543 4615 ut
575 4564 773 4616 nonnisi
805 4564 1027 4634 pupillos
1057 4574 1105 4618 et
1131 4564 1305 4620 viduas
1344 4567 1397 4620 in
1424 4566 1824 4622 tribulationibus

242 4654 533 4706 constitutas
564 4655 803 4709 uisitaret.
840 4655 906 4707 Et
934 4656 977 4709 si
1017 4661 1145 4727 forte
1172 4656 1233 4710 ab
1262 4659 1616 4727 wgrotantibus
1645 4659 1704 4712 ob
1731 4659 1825 4712 ltoc

244 4756 510 4812 peteretur,
531 4755 585 4798 ut
606 4764 698 4816 pro
718 4748 788 4801 eis
805 4748 857 4800 in
879 4750 1109 4817 praesenti
1132 4749 1406 4803 Dominum
1426 4760 1640 4821 rogaret,
1660 4752 1827 4822 eisque

244 4853 416 4891 manus
430 4839 735 4907 imponeret,
754 4840 860 4893 sine
880 4857 1022 4893 mora
1042 4841 1291 4913 pergebat.
1320 4842 1637 4898 Feminarum
1658 4856 1825 4899 autem

244 4931 552 4983 monasteria
591 4932 788 4984 nonnisi
826 4933 1117 5002 urgentibus
1160 4935 1535 4989 necessitatibus
1574 4936 1821 4992 visitabat.

246 5020 570 5074 Servandum
595 5037 787 5092 quoque
813 5023 867 5076 in
892 5023 991 5075 vita
1022 5032 1067 5076 ct
1095 5023 1314 5079 moribus
1340 5025 1556 5079 hominis
1576 5024 1670 5080 Dei
1696 5031 1826 5099 refe-

242 5114 398 5179 rebat,
428 5102 570 5181 quod
598 5114 651 5167 in
674 5115 898 5168 instituto
926 5125 1113 5170 sancta:
1141 5117 1393 5170 memoria!
1420 5115 1669 5171 Ambrosii
1690 5134 1825 5172 com-

243 5216 458 5271 pererat,
492 5214 547 5258 ut
588 5222 797 5259 uxorem
842 5208 1073 5279 cuiquam
1107 5224 1361 5277 nunquam
1402 5206 1643 5278 posceret,
1670 5225 1829 5280 neque

243 5298 461 5351 militare
505 5297 747 5352 volentem
786 5299 854 5352 ad
893 5300 987 5353 hoc
1025 5301 1418 5369 commendaret,
1464 5318 1620 5372 neque
1654 5303 1707 5356 in
1733 5320 1827 5357 sua

244 5389 411 5455 patria
438 5390 622 5457 petitus
647 5390 739 5442 iret
765 5390 833 5443 ad
857 5391 1149 5444 convivium.
1185 5390 1259 5446 De
1284 5392 1496 5463 singulis
1533 5393 1679 5447 rebus
1706 5395 1826 5448 red-

244 5479 368 5532 dens
397 5496 599 5543 causas,
625 5481 811 5534 scilicet
832 5498 894 5536 ne
916 5482 1037 5535 dum
1056 5483 1185 5537 inter
1209 5500 1263 5537 se
1285 5486 1543 5555 conjugati
1571 5501 1692 5540 casu
1706 5487 1825 5556 jur-

244 5581 451 5639 gerent,
499 5573 543 5625 ei
582 5573 932 5628 maledicerent
958 5591 1046 5634 per
1072 5592 1215 5643 quem
1242 5576 1495 5646 conjuncti
1524 5586 1714 5643 essent;
1738 5577 1827 5633 sed

245 5666 395 5733 plane
414 5677 481 5718 aa
508 5666 601 5718 hoc
626 5666 717 5720 sibi
741 5667 856 5737 jam
878 5666 977 5720 illis
997 5667 1409 5722 consentientibus
1434 5669 1643 5745 petitum
1673 5668 1832 5723 inter-

246 5775 343 5812 esse
370 5759 551 5813 debere
572 5758 901 5824 sacerdotem,
925 5768 979 5812 ut
1004 5760 1079 5813 vel
1098 5777 1269 5816 eorum
1283 5762 1392 5830 jam
1414 5770 1561 5831 pacta
1581 5770 1625 5814 et
1642 5759 1830 5830 placita

247 5847 590 5918 ﬁnnarentur,
622 5850 698 5903 vel
726 5850 1147 5905 benedicerentur.
1178 5852 1245 5906 Et
1278 5869 1340 5908 ne
1362 5851 1556 5909 militiae
1579 5868 1829 5909 commen-

564 5942 793 6006 SANCT.
823 5943 1097 6007 Anausr.
1134 5944 1185 6006 Ι.

1554 403 1756 461 LIBER
1790 402 2131 474 QUARTUS.

3366 410 3475 471 233

1906 519 2053 575 datus
2076 536 2136 574 ac
2155 520 2286 575 male
2306 536 2477 591 agens,
2504 521 2613 591 ejus
2639 521 2789 592 culpa
2813 522 3139 595 suffragatori
3158 526 3473 585 tribueretur.

1904 612 1972 666 Et
1998 630 2063 668 ne
2094 629 2183 683 per
2216 612 2543 683 frequentiam
2569 614 2624 668 in
2667 616 2846 685 patriae
2873 618 3105 672 conviviis
3142 621 3472 688 constitutus,

1904 704 2244 773 temperantia:
2270 705 2573 760 amitteretur
2599 706 2777 761 modus
2812 706 3119 776 (Possidius,
3145 710 3199 764 in
3233 709 3349 765 Vita
3372 711 3478 765 Au-

1902 804 2061 865 gust.,
2085 813 2130 850 c.
2145 796 2257 867 27).
2288 796 2593 853 Videbimus
2614 797 2834 856 inferius
2853 801 3309 871 vigilantissimum
3331 806 3477 860 PRE-

1902 884 2071 939 sulcm
2098 885 2272 941 officia
2302 887 2397 942 toti
2426 902 2535 943 suae
2555 887 2771 944 dioecesi
2796 891 3134 948 exhibentem
3152 934 3167 961 ,
3198 911 3315 965 quae
3344 897 3477 965 Hip—

1902 976 2224 1047 poni-Regio
2251 979 2560 1048 praestabat.

1971 1066 2024 1119 2.
2054 1067 2182 1122 Erat
2209 1068 2261 1121 in
2288 1070 2401 1138 ejus
2430 1070 2646 1127 ὀίωοεεί
2675 1072 3187 1133 Germanicianensis
3211 1083 3438 1148 pardacia
3461 1123 3477 1148 ,

1901 1158 2052 1227 cujus
2082 1158 2356 1229 presbyter
2380 1162 2708 1218 Secundinus
2733 1160 2947 1235 semper
2969 1168 3163 1238 populo
3190 1171 3476 1239 placuerat.

1907 1248 2003 1303 Ubi
2030 1258 2203 1305 tamen
2243 1252 2530 1308 Pancarius
2554 1254 2767 1325 quidam
2812 1258 2936 1313 illuc
2983 1260 3225 1329 advenit,
3267 1265 3482 1333 scripsit

1902 1339 1968 1393 ad
1995 1341 2343 1411 Augustinum
2369 1344 2561 1414 (Epist.
2587 1345 2733 1419 251),
2762 1357 2972 1417 paratos
2991 1366 3109 1406 esse
3137 1353 3336 1409 incolas
3355 1372 3480 1411 eum

1902 1434 2213 1490 criminibus
2266 1451 2558 1493 accersere.
2610 1440 2893 1497 Panearius
2946 1444 3072 1510 istc,
3130 1455 3185 1499 ut
3235 1447 3477 1517 videtur,

1902 1538 2021 1579 cum
2052 1525 2155 1579 alio
2185 1526 2251 1581 de
2289 1527 2444 1597 hujus
2471 1529 2589 1599 pagi
2612 1532 2941 1599 possessione
2962 1535 3347 1605 contendebat,
3376 1556 3481 1609 qua

1901 1614 1967 1669 de
1993 1631 2150 1671 causa
2198 1619 2360 1673 multa
2401 1621 2734 1689 patiebantur
2766 1624 3137 1695 incolaa.,Cum
3172 1640 3347 1685 autem
3376 1628 3479 1687 Se-

1902 1706 2188 1761 cundinum
2217 1708 2269 1762 in
2300 1710 2400 1765 hoc
2426 1712 2639 1781 negotio
2665 1727 2775 1767 suae
2798 1714 3052 1771 voluntati
3077 1717 3339 1776 faventem
3369 1737 3479 1778 non

1902 1798 2220 1869 reperisset,
2255 1801 2555 1858 Donatistas
2592 1804 2646 1859 in
2682 1821 2804 1861 eum
2848 1824 3035 1879 pagum
3056 1852 3070 1876 ,
3102 1812 3155 1866 in
3184 1830 3288 1884 quo
3324 1825 3483 1872 antea

1904 1903 2008 1943 non
2040 1890 2276 1958 fuerant,
2319 1894 2386 1947 ad
2412 1894 2527 1965 ejus
2556 1902 2749 1953 nomen
2793 1898 3138 1956 deferendum
3168 1905 3479 1963 advocaret.

1904 1979 2168 2059 Rescrwit
2190 1982 2256 2037 ad
2286 1982 2599 2040 Pancarium
2626 1988 2980 2058 Augustinus,
3026 1992 3204 2047 mirari
3247 2012 3305 2051 se
3340 1999 3485 2068 quod

1904 2069 2433 2129 Germanicianenses
2453 2076 2519 2131 de
2546 2076 2847 2133 Secundino
2872 2094 3289 2153 conquerantur;
3322 2103 3380 2142 se
3407 2101 3485 2143 ta-

1904 2178 2029 2219 men
2052 2180 2170 2234 qute
2194 2166 2269 2221 illi
2306 2166 2658 2237 objiciuntur,
2705 2172 2750 2224 si
2781 2174 2937 2227 modo
2974 2176 3217 2231 catholici
3258 2179 3364 2233 sint
3391 2182 3487 2251 qui

1903 2256 2177 2327 objiciunt,
2196 2274 2300 2314 non
2323 2276 2477 2329 posse
2506 2271 2849 2321 contemnere
2873 2284 2885 2321 :
2916 2266 3283 2324 haereticorum
3301 2282 3482 2328 autem

1904 2352 2269 2407 accusationes
2280 2353 2558 2410 admittere
2572 2370 2671 2410 nec
2688 2372 2845 2426 posse
2874 2375 2970 2414 nec
2993 2360 3189 2417 debere
3207 2380 3219 2415 :
3234 2366 3485 2434 quocirca

1908 2440 2079 2511 primo
2096 2451 2216 2512 agat
2241 2444 2547 2511 Pancarius,
2563 2455 2618 2500 ut
2637 2446 2872 2503 haeretici
2889 2466 2993 2504 non
3012 2453 3118 2507 sint
3144 2454 3228 2508 ubi
3250 2464 3373 2510 ante
3392 2457 3495 2513 ad:

1908 2543 2123 2590 ventum
2146 2537 2309 2606 ipsius
2328 2553 2433 2592 non
2463 2537 2690 2606 fuerant,
2711 2548 2819 2595 tum
2849 2557 2907 2596 se
2929 2558 3141 2598 causam
3161 2547 3481 2617 presbyteri,

1868 2706 1871 2709 _
1908 2625 2043 2680 sicut
2060 2640 2179 2681 eam
2209 2626 2378 2683 audiri
2396 2638 2632 2698 oportet,
2658 2630 2981 2687 auditurum.
3023 2634 3189 2689 Simul
3207 2650 3487 2692 commen-

1909 2717 2001 2773 dat
2029 2734 2097 2774 ne
2134 2718 2420 2775 Secundini
2444 2721 2659 2776 domum
2690 2722 2843 2793 diripi
2857 2725 3155 2795 vastarique
3174 2734 3399 2781 anteum
3421 2727 3491 2784 de

1910 2810 2131 2867 ecclesia
2157 2826 2253 2866 sua
2280 2812 2473 2881 deponi
2515 2816 2763 2885 patiatur.
2809 2816 2984 2871 Monet
3003 2818 3163 2872 etiam
3193 2826 3248 2873 ut
3273 2834 3491 2874 causam

1912 2906 2224 2974 quantocius
2249 2915 2399 2961 curet
2423 2907 2847 2976 componendam
2867 2950 2883 2977 ,
2915 2925 2983 2965 ne
3011 2910 3268 2983 indigena:
3305 2928 3367 2969 ea
3396 2928 3491 2968 oc-

1913 2995 2126 3050 casione
2152 2996 2347 3051 diutius
2370 2998 2689 3069 affligantur.

1984 3087 2037 3141 5.
2078 3085 2247 3143 Unius
2273 3088 2626 3158 Hipponensis
2657 3092 2937 3161 Ecclesite,
2968 3095 3053 3149 cui
3082 3111 3140 3151 se
3171 3112 3383 3153 servum
3407 3100 3494 3155 di-

1913 3180 2112 3235 vinitus
2134 3181 2313 3235 datum
2354 3198 2473 3238 esse
2501 3184 2710 3240 dicebat
2750 3186 2939 3258 (Epist.
2970 3188 3072 3243 124
3097 3232 3110 3254 ,
3140 3207 3192 3243 η.
3232 3191 3289 3262 2)
3313 3207 3495 3247 curam

1916 3274 2184 3342 propriam
2210 3274 2277 3328 ad
2302 3290 2362 3329 se
2389 3277 2655 3344 pertinere
2675 3278 3046 3335 arbitrabatur.
3075 3281 3402 3353 Quapropter
3428 3287 3497 3341 ab

1918 3377 1981 3417 ea
2005 3379 2275 3434 nunquam
2304 3366 2403 3420 nisi
2433 3368 2627 3421 invitus
2656 3368 2839 3423 aberat
2870 3369 3057 3442 (Epist.
3088 3373 3175 3439 54,
3204 3390 3255 3426 n.
3280 3374 3358 3446 5).
3392 3376 3495 3430 Po-

1918 3454 2071 3524 pulus
2095 3454 2327 3510 vicissim
2352 3472 2561 3526 semper
2578 3458 2717 3513 illius
2742 3460 3035 3515 absentiam
3054 3463 3275 3518 moleste
3293 3464 3498 3521 ferebat

1923 3544 2241 3617 (Epist.122,
2255 3546 2389 3619 n.1),
2409 3555 2463 3602 et
2478 3556 2535 3603 ut
2548 3556 2663 3603 erat
2676 3564 2742 3604 ex
2756 3551 2900 3605 omni
2916 3566 3050 3621 pene
3067 3562 3216 3623 parte
3232 3554 3493 3624 infirmus,

1920 3639 2042 3695 inde
2072 3640 2138 3695 ad
2162 3640 2663 3711 periculosissimam
2692 3657 2859 3712 usque
2885 3643 3231 3701 offensionem
3268 3658 3323 3703 et
3351 3663 3499 3703 scan~

1920 3730 2098 3785 dalum
2121 3731 2384 3785 interdum
2414 3731 2707 3787 laborabat.
2736 3734 2866 3787 Eam
2892 3735 2961 3789 ob
2981 3751 3092 3790 rem
3125 3746 3240 3791 erat
3271 3738 3325 3793 in
3368 3740 3499 3796 urbe

1921 3823 2089 3892 magis
2107 3821 2349 3877 assiduus
2371 3822 2560 3893 (Epist.
2594 3823 2719 3891 124,
2748 3841 2802 3878 n.
2829 3824 2910 3895 2).
2932 3826 3069 3891 Quin
3094 3828 3252 3882 etiam
3275 3844 3499 3898 corpore

1923 3917 2135 3983 absens,
2161 3930 2372 3985 semper
2398 3916 2584 3986 spiritu
2604 3917 2884 3987 cordisque
2898 3917 3092 3973 affectu
3128 3935 3360 3989 prmsens
3388 3920 3499 3976 illis

1923 4007 2124 4061 aderat.
2144 4006 2226 4061 Ab
2245 4007 2397 4074 urbe,
2418 4015 2475 4061 ut
2500 4008 2594 4075 ait,
2612 4024 2880 4077 nunquam
2902 4009 3500 4067 discedebatlicentiosa

1923 4098 2199 4166 libertate,
2229 4098 2323 4153 sed
2347 4100 2645 4153 necessaria
2685 4100 2965 4166 servitute,
3008 4110 3065 4154 ut
3102 4102 3218 4155 aliis
3247 4103 3501 4158 Ecclesia:

1925 4190 2179 4247 membris
2198 4190 2371 4246 debita
2393 4200 2668 4261 przrstaret
2707 4192 2877 4246 ofﬁcia
2928 4194 2945 4266 (
2973 4192 3140 4265 Epist.
3184 4196 3307 4259 129.,
3336 4213 3388 4249 n.
3418 4196 3497 4268 1).

1928 4282 2037 4337 Hac
2067 4282 2209 4336 enim
2231 4282 2298 4337 de
2318 4298 2477 4337 causa
2493 4283 2711 4352 singulis
2731 4284 2901 4339 ferme
2916 4287 3068 4339 annis
3091 4286 3459 4357 Carthaginem
3482 4330 3498 4355 ,

1927 4370 2231 4443 frequenter
2258 4373 2326 4427 ad
2354 4374 2455 4427 alia
2483 4374 2597 4428 loca
2616 4414 2631 4440 ,
2666 4382 2719 4428 et
2745 4375 3027 4444 aliquando
3058 4378 3106 4429 in
3139 4377 3501 4433 Mauritaniam

1926 4482 2092 4535 usque
2118 4481 2178 4521 se
2206 4467 2507 4521 conferebat
2528 4465 2716 4537 (Epist.
2737 4467 2858 4533 193,
2878 4484 2929 4521 η.
2955 4467 3032 4539 1).
3050 4468 3181 4538 Ipsis
3206 4471 3363 4525 etiam
3394 4486 3491 4524 na-

1927 4575 1958 4612 v
1983 4560 2207 4629 gationis
2232 4558 2498 4613 laboribus
2514 4573 2576 4612 ac
2603 4559 2855 4628 periculis
2868 4574 2989 4614 sese
3011 4561 3256 4617 lubenter
3273 4562 3503 4631 objecis-

1926 4662 2045 4717 set,
2102 4651 2482 4706 transmarinas
2524 4652 2768 4721 regiones
2802 4667 2899 4720 pro
2940 4653 3185 4727 Ecclesia.
3212 4654 3503 4723 petiturus,

1930 4745 2202 4813 ipsamque
2216 4743 2389 4797 aulam
2416 4741 2831 4813 imperatoriam,
2856 4745 3038 4813 utejus
3061 4746 3277 4816 collega:
3303 4747 3507 4801 factita-

1928 4834 2073 4900 bant,
2097 4833 2198 4887 nisi
2215 4832 2328 4902 ejus
2352 4831 2559 4887 inﬁrma
2580 4833 2826 4888 valetudo
2851 4834 3140 4891 obstitisset
3158 4835 3346 4907 (Epist.
3381 4836 3502 4897 122.

1932 4944 1986 4982 n.
2022 4928 2099 5001 1).
2144 4928 2294 4997 Apud
2324 4927 2453 4981 alias
2480 4928 2734 4983 ecclesias
2773 4937 2973 4983 tantum
3004 4929 3218 4998 agebat,
3250 4937 3507 4997 quantum

1928 5020 2162 5091 episc0pi
2188 5019 2476 5076 dimcesaui
2504 5020 2588 5075 vel
2617 5020 3021 5090 permitterent,
3054 5020 3136 5074 vel
3171 5020 3509 5087 imponerent

1930 5111 2119 5185 (Epist.
2134 5114 2223 5177 δι,
2241 5130 2293 5167 n.
2312 5114 2391 5180 5).
2411 5111 2661 5168 Conciliis
2682 5128 2775 5182 per
2788 5112 3023 5167 diversas
3039 5110 3334 5180 provincias
3362 5112 3509 5167 cele-

1930 5204 2093 5260 bratis
2117 5203 2304 5260 adesse
2322 5244 2338 5270 ,
2363 5218 2483 5259 cum
2505 5213 2701 5275 posset,
2730 5220 2836 5258 non
2863 5203 3156 5267 omittebat,
3186 5202 3362 5257 studio
3387 5219 3510 5259 suc-

1930 5312 2123 5353 census
2162 5296 2478 5353 inserviendi
2523 5312 2629 5351 non
2675 5297 2785 5352 suis
2823 5295 3152 5363 commodis,
3190 5296 3291 5352 sed
3320 5297 3510 5353 honori

1931 5388 2156 5455 Christi,
2190 5388 2519 5457 faciendique
2545 5402 2643 5457 pro
2678 5386 2817 5441 virili
2852 5401 2945 5442 sua
2986 5396 3168 5457 parte,
3212 5397 3271 5443 ut
3310 5398 3510 5443 sanctae

1933 5483 2184 5539 Ecclesiae
2210 5481 2486 5537 catholicae
2510 5491 2565 5536 et
2591 5480 2837 5536 inviolata
2866 5480 2998 5537 fides
3035 5492 3295 5547 maneret,
3328 5491 3382 5537 et
3406 5481 3512 5537 illi-

1932 5576 2052 5631 bata
2068 5575 2343 5645 disciplina
2361 5572 2613 5646 (Possid.,
2630 5572 2685 5626 in
2717 5571 2833 5627 Vita
2848 5572 3271 5646 August.,c.21).
3285 5572 3415 5628 Cum
3442 5573 3510 5628 ab

1932 5666 2193 5738 episcopis
2218 5665 2483 5735 deputatis
2518 5664 2838 5720 haberentur
2861 5667 3082 5737 synodi,
3117 5674 3209 5720 aut
3255 5665 3509 5720 ecclesia-

1932 5758 2050 5814 stici
2066 5757 2270 5828 judiccs
2296 5756 2362 5812 ad
2381 5756 2638 5828 quasdam
2655 5759 3043 5812 controversias
3066 5756 3386 5812 dirimendas
3413 5756 3507 5811 de~

1934 5850 2252 5922 ligerentur,
2282 5849 2394 5921 ipse
2418 5849 2783 5920 episcoporum
2808 5847 3069 5903 Numidiae
3097 5847 3310 5903 nomine
3336 5846 3507 5904 ferme

2850 5932 2954 6023 (Η
2957 5938 3113 6011 uit.)
