3990 6360
255 398 351 457 337

246 619 362 671 ret;
396 613 589 679 factum
633 620 727 678 est,
771 620 824 663 ut
866 610 1130 680 episcopus
1158 610 1315 665 multo
1336 611 1606 665 instantius
1633 626 1693 664 ac
1721 611 1829 680 fer-

243 704 459 767 centius,
490 703 680 771 παύθη
710 703 1025 767 arctoritate,
1048 718 1148 756 non
1179 702 1343 756 adhuc
1386 704 1441 756 in
1489 719 1593 755 una
1633 710 1831 756 tantum

243 797 467 863 regione,
502 796 591 849 sed
622 794 915 865 ubicumque
941 804 1146 866 rogatus
1169 798 1397 859 venisset,
1424 796 1624 850 verbum
1650 796 1829 850 salutis

242 898 447 939 istm
470 888 708 940 alacriter
742 904 802 940 ac
838 889 1062 959 gnaviter
1092 889 1373 959 pullulante
1412 899 1558 958 atque
1584 900 1828 944 crescente

241 976 453 1031 Domini
474 978 705 1032 Ecclesia
731 979 1348 1051 pradicarethossidius,
1367 983 1420 1035 in
1449 981 1561 1035 Vita
1586 982 1823 1053 August,

242 1087 285 1121 c.
326 1071 443 1141 19).
470 1071 701 1125 Possidii
728 1074 883 1127 verba
924 1073 1010 1126 illa
1035 1084 1190 1139 sunt;
1235 1076 1322 1143 qui
1352 1090 1558 1129 rursum
1589 1075 1658 1130 de
1681 1075 1824 1145 ejus-

239 1160 367 1215 dem
398 1162 453 1215 in
500 1162 877 1231 praxlieatione
912 1164 1095 1218 labore
1118 1164 1331 1219 assiduo
1373 1167 1529 1220 tradit
1559 1184 1571 1220 :
1616 1166 1826 1221 Verbum

236 1250 335 1304 Dei
366 1268 525 1321 usque
567 1255 635 1306 ad
677 1254 839 1322 ipsam
877 1271 1020 1307 suam
1049 1265 1323 1309 extremam
1347 1258 1694 1326 cegritudinem
1722 1259 1823 1312 im-

237 1345 600 1412 prattermisse,
628 1347 861 1400 alacriter
899 1356 944 1400 et
984 1349 1200 1417 fortiter,
1240 1365 1365 1402 sana
1394 1360 1570 1415 mente,
1603 1367 1824 1420 saneque

236 1438 458 1491 consilio
482 1438 533 1489 in
566 1437 789 1491 Ecclesia
837 1440 1127 1509 pratdicarit
1155 1438 1351 1507 (Ibid,
1381 1456 1425 1493 c.
1456 1441 1565 1539 51).
1595 1442 1822 1497 Tantum

234 1530 285 1583 ei
314 1530 401 1583 vel
442 1529 620 1600 juveni
660 1531 915 1585 tributum
949 1541 1045 1595 est,
1077 1540 1133 1585 ut
1170 1531 1486 1602 ubicumque
1514 1529 1745 1600 adesset,
1777 1535 1823 1589 si

232 1622 530 1676 dicendum
549 1631 663 1677 erat
685 1624 749 1677 ad
778 1624 1047 1693 populum,
1075 1624 1129 1678 id
1158 1625 1393 1679 manetis
1412 1626 1459 1679 ci
1481 1642 1692 1695 semper
1730 1627 1823 1682 de-

232 1712 499 1780 ferretur,
528 1723 581 1768 et
619 1716 730 1784 ipse
765 1728 888 1768 raro
913 1724 1087 1770 tacere
1112 1723 1270 1784 atque
1310 1717 1443 1771 alios
1470 1716 1657 1773 audire
1696 1732 1821 1787 per-

233 1805 548 1859 mitteretur
576 1804 827 1876 (Retract.
861 1804 1092 1876 prologo,
1127 1822 1180 1859 η.
1210 1805 1286 1877 2).
1318 1807 1388 1861 Et
1414 1822 1543 1863 vero
1569 1808 1681 1877 ipse
1706 1824 1821 1863 mo-

230 1897 399 1952 deste
425 1912 484 1952 se
519 1912 728 1967 gerens,
760 1910 823 1952 ac
848 1899 1000 1952 unius
1027 1899 1381 1968 Hipponensis
1406 1899 1663 1955 Ecclesia:
1688 1915 1815 1955 cura

227 1995 547 2050 contentus,
590 1988 640 2040 in
683 1988 801 2041 aliis
853 1988 1152 2042 civitatibus
1200 1989 1556 2043 ecclesiastica
1608 1990 1816 2059 negotia

229 2084 468 2131 tantum
503 2078 720 2142 curabat,
752 2087 1003 2146 quantum
1041 2079 1347 2133 earumdem
1376 2080 1644 2134 civitatum
1682 2094 1817 2148 prte-

227 2170 401 2223 sules
415 2171 463 2223 ei
481 2170 851 2239 permitterent,
868 2170 947 2223 vel
966 2170 1140 2238 potius
1162 2170 1494 2239 imponerent
1508 2169 1705 2239 (Epist.
1723 2170 1813 2237 34,

227 2279 289 2317 is.
323 2263 408 2333 5).
432 2262 544 2317 1am
568 2262 795 2316 vidimus
811 2277 953 2328 eum,
978 2262 1229 2331 quidquid
1258 2263 1367 2316 fere
1387 2263 1535 2316 vacui
1563 2263 1815 2331 temporis

225 2352 483 2421 haberet,
517 2354 577 2407 iis
608 2369 724 2423 quae
763 2354 829 2409 ad
856 2355 1109 2424 populum
1135 2354 1371 2409 dicturus
1407 2362 1540 2418 erat,
1568 2355 1816 2424 parandis

225 2445 513 2499 insumere
558 2446 895 2499 consuevisse
937 2444 1141 2514 (Epist.
1174 2444 1260 2511 75,
1308 2461 1361 2498 η.
1385 2444 1461 2514 5).
1488 2442 1675 2499 Sermo
1710 2454 1815 2501 tre.

222 2536 561 2591 centesimus
588 2535 1053 2605 quinquagesimus
1096 2536 1298 2605 primus
1340 2535 1546 2590 videtur
1591 2535 1657 2590 ad
1698 2552 1816 2591 ver-

222 2626 367 2681 bum
397 2626 558 2681 finisse
589 2627 944 2697 przescriptus,
993 2634 1048 2681 et
1074 2626 1353 2680 mandatus
1378 2628 1667 2681 memoria}.
1710 2628 1813 2681 Ex-

222 2717 582 2784 temporalem
629 2716 911 2786 aliquando
952 2717 1268 2772 concionem
1312 2716 1558 2771 habebat.
1600 2717 1700 2772 Ubi
1746 2719 1814 2774 de

222 2806 379 2860 illius
408 2808 458 2860 in
488 2807 739 2862 Joannem
770 2806 1103 2863 Tractatibus
1135 2821 1375 2878 agemus,
1415 2807 1706 2864 videbimus
1751 2810 1812 2864 il-

221 2898 349 2953 lum
381 2900 563 2954 diebus
589 2900 817 2970 quinque
842 2900 1106 2956 continuis
1122 2901 1285 2955 fuisse
1300 2902 1691 2957 concinnatum.
1716 2903 1813 2959 Ge-

220 2992 423 3045 minos
449 2992 501 3044 in
532 2991 797 3046 Psalmum
831 2992 1215 3063 octogesimum
1245 3002 1494 3048 octavum
1539 3008 1812 3051 sermones

224 3082 435 3138 eodem
477 3084 551 3139 die
577 3086 786 3152 habuit;
833 3087 1059 3143 alterum
1091 3088 1363 3143 matutinis
1388 3088 1553 3155 horis,
1584 3089 1815 3159 pomeri-

219 3177 408 3231 diariis
458 3178 700 3233 alterum.
744 3179 852 3236 Nec
894 3197 924 3235 a
967 3181 1114 3236 verbi
1163 3182 1455 3236 ministerio
1493 3170 1831 3250 abstinebat,

221 3272 395 3323 etiam
422 3283 543 3323 cum
574 3270 791 3340 languor
830 3272 879 3327 ei
920 3273 1300 3341 propemodum
1334 3273 1493 3326 verba
1521 3272 1813 3341 praeclude-

218 3373 311 3419 ret
337 3365 846 3435 :etviresloquendo
867 3366 1211 3437 rccnperabat
1240 3366 1432 3438 (Serm.
1455 3366 1544 3431 4‘2,
1566 3382 1640 3421 cc.
1658 3368 1709 3433 1,
1730 3365 1807 3437 5).

221 3457 402 3514 Tanto
432 3462 683 3517 nimirum
711 3463 979 3533 profectus
1009 3466 1188 3544 populi
1219 3466 1300 3519 sui
1327 3464 1503 3519 studio
1534 3464 1807 3535 ﬂagrabat,

219 3561 281 3605 ut
315 3551 519 3607 laboris
544 3569 607 3608 ac
634 3554 831 3610 doloris
848 3571 1008 3611 sensu
1031 3572 1213 3611 carere
1242 3554 1524 3612 videretur.

290 3643 353 3696 2.
397 3646 477 3698 Ex
522 3644 748 3701 fortuitis
784 3644 1068 3717 aliquando
1112 3647 1320 3702 casibus
1355 3647 1652 3718 judicabat,
1685 3646 1809 3718 quid

219 3735 327 3789 sibi
374 3736 517 3791 Deus
562 3737 627 3791 ad
674 3740 922 3808 pupulum
973 3738 1150 3793 dicere
1198 3738 1524 3808 prccciperet.
1570 3736 1811 3807 Exempli

222 3841 412 3893 causa,
444 3829 490 3880 si
519 3828 703 3894 lector,
734 3830 821 3899 qui
849 3830 1039 3899 szepius
1066 3842 1195 3901 puer
1222 3838 1353 3897 erat,
1394 3830 1651 3900 psalmum
1696 3828 1811 3898 ipse

221 3917 535 3987 delegisset,
569 3928 658 3971 aut
688 3928 913 3974 errasset
936 3920 1124 3992 (Serm.
1158 3918 1281 3987 352,
1306 3921 1420 3989 c.i,
1448 3937 1500 3975 n.
1538 3921 1621 3993 l);
1647 3920 1733 3975 vix
1756 3920 1809 3974 in

222 4010 466 4063 animum
501 4010 750 4066 inducere
786 4022 1010 4082 poterat,
1052 4022 1107 4068 ut
1130 4013 1290 4068 certis
1330 4012 1397 4070 de
1430 4013 1808 4084 qurcstionibus

227 4101 301 4153 ad
337 4103 577 4170 populum
630 4106 789 4159 verba
834 4103 1065 4171 faceret;
1108 4106 1247 4176 quod
1297 4115 1469 4160 tamen
1508 4121 1663 4175 agere
1702 4121 1805 4159 non

230 4193 527 4257 omittebat,
546 4212 668 4250 cum
697 4211 759 4251 ex
784 4196 1023 4253 interiori
1050 4196 1225 4252 cordis
1254 4206 1399 4251 motu
1418 4196 1579 4251 Deum
1604 4197 1651 4252 id
1676 4198 1807 4252 velle

219 4287 450 4340 sentiret
464 4285 654 4357 (Serm.
676 4286 763 4351 52,
781 4305 826 4341 c.
846 4287 899 4353 8,
919 4304 969 4341 η.
985 4288 1096 4358 20).
1114 4288 1409 4357 Aliquando
1433 4288 1570 4342 Deus
1582 4287 1721 4341 aliud
1735 4286 1803 4355 ei,

221 4393 384 4449 quam
418 4377 561 4449 quod
605 4380 771 4433 fuerat
798 4380 1213 4450 (immeditatus,
1252 4379 1562 4451 suggerebat
1602 4378 1802 4450 (Serm.

218 4468 279 4523 71
296 4487 372 4534 ,c.
399 4468 457 4536 5,
489 4468 632 4541 n.8).
655 4467 814 4540 Cujus
836 4472 912 4525 rei
935 4469 1201 4525 Possidius
1218 4472 1420 4541 insigne
1442 4471 1603 4526 refert
1623 4485 1805 4525 exem-

216 4560 366 4629 plum
396 4560 451 4613 in
482 4560 597 4615 limo
624 4561 781 4615 verba
810 4580 821 4613 :
866 4560 983 4617 Scio
1011 4561 1128 4615 item
1167 4578 1265 4616 non
1307 4562 1443 4616 solus
1486 4564 1610 4633 ipse,
1639 4579 1805 4615 verum

217 4654 373 4704 etiam
407 4651 504 4704 alii
546 4654 727 4722 fratres
752 4661 797 4705 et
839 4652 1078 4720 conservi,
1104 4651 1190 4723 qui
1229 4651 1481 4707 nobiscum
1530 4663 1645 4707 tunc
1672 4653 1805 4707 intra

219 4738 615 4811 Hipponensem
640 4740 912 4795 Ecclesium
928 4743 1231 4811 cumcodem
1246 4753 1415 4797 sancto
1436 4744 1540 4797 viro
1561 4744 1801 4808 vivebant,

215 4832 361 4885 nobis
392 4833 591 4903 pariter
627 4832 693 4887 ad
731 4852 955 4888 mensam
984 4835 1265 4889 constitutis
1302 4852 1413 4889 eum
1439 4838 1625 4891 dixisse
1649 4853 1667 4890 :
1697 4836 1804 4889 Ad-

212 4924 433 4978 rertistis
465 4922 614 4979 hodie
654 4924 704 4977 in
731 4923 935 4977 ecclesia
966 4940 1129 4979 meum
1168 4940 1463 4992 sermonem,
1497 4927 1699 4996 ejusque
1729 4927 1805 4979 iu-

214 5012 388 5081 irium,
422 5022 475 5068 et
501 5014 654 5083 ﬁnem
678 5024 853 5069 contra
879 5030 1038 5070 meam
1064 5017 1465 5070 consuetudinem
1488 5017 1801 5085 processisse,

208 5107 454 5174 quoniam
475 5122 575 5158 non
590 5121 697 5160 eam
714 5123 819 5162 rem
833 5104 1145 5161 terminatam
1164 5106 1501 5177 explicuerim,
1517 5122 1668 5177 quam
1688 5123 1805 5178 pro-

213 5214 513 5266 posueram,
538 5197 628 5253 sed
655 5198 946 5269 pendentem
963 5199 1285 5270 reliquerim?
1309 5198 1400 5254 Cui
1421 5200 1803 5270 respondimus:

210 5287 239 5343 Ι
246 5301 299 5344 ια
332 5308 426 5345 nos
452 5292 505 5344 in
532 5301 754 5362 tempore
772 5294 976 5348 miratos
1006 5293 1156 5364 fuisse
1180 5292 1383 5359 scimus,
1415 5302 1460 5346 et
1488 5293 1802 5364 recognosci-

212 5399 352 5435 Inus.
386 5380 606 5436 Atille:
634 5380 813 5448 Credo,
844 5382 935 5450 ait,
967 5382 1104 5453 quod
1145 5385 1271 5455 forte
1310 5381 1524 5453 aliquem
1556 5391 1802 5437 montem

211 5472 267 5526 in
294 5473 489 5544 populo
527 5472 777 5528 Dominus
802 5490 891 5547 per
932 5484 1152 5529 nostram
1193 5472 1485 5529 oblivionem
1512 5481 1557 5528 et
1585 5490 1803 5529 errorem

208 5562 390 5618 doceri
416 5573 465 5618 et
488 5566 659 5617 curari
698 5563 945 5630 voluerit;
973 5566 1025 5621 in
1049 5568 1195 5638 cujus
1217 5580 1370 5621 manu
1393 5575 1509 5621 sunt
1532 5575 1581 5621 et
1619 5582 1712 5622 nos
1754 5576 1801 5621 et
1848 5636 1853 5639 1

1850 5652 1863 5725 ξ
1903 5662 2007 5711 star
2024 5654 2251 5727 linguam
2279 5673 2440 5710 meam
2455 5658 2594 5712 cordi
2611 5675 2719 5715 meo
2734 5676 2837 5716 non
2855 5664 3076 5733 potuisse
3100 5665 3336 5737 subicere.
3370 5666 3473 5723 To-

1906 5757 2012 5803 tum
2040 5746 2172 5803 enim
2194 5749 2327 5819 quod
2348 5749 2593 5821 intelligo,
2615 5751 2727 5807 volo
2752 5762 2807 5807 ut
2825 5755 2910 5824 qui
2933 5768 3011 5811 me
3032 5756 3175 5812 audit
3192 5756 3468 5830 intelligat,

211 5673 474 5713 minones
490 5657 668 5712 nostri.
700 5652 836 5711 Nam
858 5674 970 5711 cum
992 5658 1261 5730 proposita:
1278 5661 1565 5731 quaestionis
1584 5659 1798 5715 latebras

212 5758 600 5818 pertractarem,
638 5749 694 5805 in
722 5747 862 5804 aliud
896 5751 1137 5806 sermonis
1160 5764 1367 5807 excursu
1396 5753 1624 5823 perrexi;
1652 5758 1798 5823 atque

1573 395 1774 453 Ι.ιῦΕῆ
1810 394 2152 465 QUARTUS.

248 516 443 586 (ζείδω-
470 512 646 569 ιῶιυο
668 500 944 584 presbyter
967 524 1065 583 pro
1093 510 1229 568 virili
1247 526 1343 569 sua
1372 519 1519 581 parte
1552 511 1849 601 annuntia-q

3405 405 3509 467 938

1940 512 2220 580 terminavi,
2246 513 2402 585 magis
2421 514 2682 570 adversum
2709 515 3102 572 Manicluvorum
3118 535 3352 583 errorem,
3374 522 3509 576 unde

1938 608 2064 661 nihil
2092 608 2253 663 dicere
2274 610 2603 678 decreveram,
2634 610 2917 680 disputans,
2939 629 3086 682 quant
3116 612 3176 666 de
3202 614 3261 667 iis
3281 630 3393 685 qum
3419 633 3505 669 as-

1934 716 2096 754 serere
2121 718 2495 769 proposueram.
2530 702 2592 755 Et
2636 712 2745 773 post
2788 703 2909 769 ltwc,
2944 704 3041 757 nisi
3068 705 3239 773 fallor,
3268 721 3377 760 ecce
3403 705 3507 760 alia

1935 791 2034 857 die,
2065 792 2142 846 vel
2168 794 2519 869 postbiduum,
2548 795 2675 847 venit
2701 796 2905 865 quidam
2939 794 3143 849 Firmus
3176 798 3389 860 nomine,
3421 814 3503 851 ne-

1934 884 2169 952 gotiator,
2193 894 2239 937 et
2264 886 2393 937 intra
2424 888 2775 939 monasterium
2801 887 2996 941 sedente
3022 898 3191 941 sancto
3226 889 3503 958 Augustino

1932 973 2074 1026 nobis
2100 990 2287 1040 coram,
2310 975 2375 1027 ad
2400 976 2546 1045 pcdcs
2573 977 2682 1045 ejus
2706 976 2909 1046 genibus
2926 978 3212 1047 provolutus
3229 980 3503 1047 scsejacta-

1936 1066 2021 1133 vit,
2047 1068 2295 1138 lacrgmas
2319 1069 2550 1137 fundens,
2576 1080 2619 1123 et
2649 1088 2829 1139 rogans
2861 1081 2911 1124 ut
2946 1089 3036 1142 pro
3062 1072 3167 1125 suis
3197 1072 3390 1126 delictis
3419 1090 3500 1126 sa-

1932 1164 2105 1217 cerdos
2129 1180 2240 1215 cum
2260 1164 2442 1217 sanctis
2477 1162 2749 1217 Dominum
2777 1175 3078 1233 precaretur,
3102 1166 3342 1233 conﬁtens
3368 1163 3503 1236 quod

1931 1253 2330 1307 Manio/tatarum
2371 1265 2554 1309 sectam
2600 1265 2793 1310 secutus
2837 1258 3029 1323 fuisset,
3081 1258 3203 1311 etin
3247 1275 3305 1313 ea
3347 1277 3499 1330 quam

1929 1344 2161 1415 plurimis
2186 1346 2329 1405 annis
2354 1346 2569 1412 vixisset,
2613 1356 2658 1400 et
2699 1358 2956 1417 propterea
2984 1350 3246 1419 pecuniam
3290 1352 3501 1405 multam

1928 1437 2052 1506 ipsis
2079 1437 2374 1491 Manichan's
2410 1438 2484 1491 vel
2521 1439 2590 1492 eis
2624 1456 2744 1509 quos
2774 1440 2943 1493 dicunt
2984 1439 3202 1508 Electos,
3248 1442 3500 1497 incassum

1928 1538 2211 1599 erogasset;
2238 1547 2296 1583 ac
2323 1547 2375 1584 se
2398 1531 2449 1585 in
2474 1530 2719 1597 Ecclesia,
2743 1531 2839 1586 Dei
2856 1534 3194 1588 misericordia
3220 1536 3376 1605 fuisse
3389 1538 3505 1604 ejus

1928 1621 2222 1675 tractatibus
2256 1638 2414 1691 nuper
2463 1632 2754 1689 correctura,
2788 1634 2937 1693 atque
2960 1626 3257 1679 catholicum
3287 1627 3498 1695 factum.

1929 1710 2077 1774 Quod
2094 1721 2140 1764 et
2167 1712 2272 1782 ipse
2300 1711 2587 1765 venerabilis
2616 1713 2946 1784 Augustinus,
2966 1725 3011 1769 et
3034 1733 3123 1771 nos
3149 1718 3233 1785 qui
3259 1726 3375 1771 tunc
3401 1719 3497 1770 ad-

1926 1818 2143 1869 eramus,
2174 1804 2236 1855 ab
2263 1804 2434 1857 eodem
2468 1804 2729 1874 diligenter
2749 1807 3071 1876 inquirentes,
3110 1825 3171 1863 ex
3195 1826 3292 1881 qua
3325 1828 3378 1866 re
3401 1828 3496 1881 po-

1925 1893 2170 1948 tissimum
2192 1894 2245 1947 in
2285 1894 2374 1948 illo
2416 1904 2629 1950 tractatu
2656 1896 2748 1951 sibi
2768 1898 2917 1968 fuerit
2938 1899 3268 1968 satisfactum,
3295 1910 3342 1955 ct
3365 1906 3497 1973 refe-

1922 1991 2061 2036 rente
2088 1999 2163 2047 eo,
2188 1985 2422 2053 nobisque
2438 1985 2664 2039 onmibus
2683 1987 2925 2040 sermonis
2945 1989 3119 2045 seriem
3143 2006 3494 2061 recognoscenv

1924 2070 2070 2137 tibus,
2101 2073 2407 2142 profundum
2445 2076 2709 2129 consilium
2738 2076 2835 2131 Dei
2874 2095 2965 2147 pro
3012 2080 3172 2133 salute
3210 2081 3491 2137 animarum

1924 2165 2229 2220 admirantes
2267 2176 2313 2220 et
2354 2177 2626 2237 stupentes,
2674 2171 3063 2241 gloriﬁcavimus
3110 2183 3338 2229 sanctum
3385 2177 3497 2246 ejus

1922 2272 2120 2323 nomen,
2150 2267 2197 2311 et
2223 2258 2597 2324 benediximus;
2624 2263 2709 2332 qui
2745 2279 2859 2316 cum
2892 2265 3119 2331 voluerit,
3150 2276 3197 2320 et
3230 2268 3362 2321 unde
3403 2284 3493 2323 vo-

1920 2346 2087 2415 luerit,
2104 2358 2153 2403 et
2171 2352 2416 2419 quomodo
2433 2353 2659 2417 voluerit,
2688 2362 2731 2406 et
2751 2370 2839 2424 per
2854 2356 3082 2423 scientes,
3101 2366 3147 2410 et
3166 2375 3255 2428 per
3276 2359 3495 2413 nescien-

1920 2449 1991 2494 tes
2032 2442 2242 2496 salutem
2283 2452 2516 2514 operatur
2556 2446 2857 2500 animarum.
2902 2446 2971 2500 Et
3011 2465 3072 2503 ea:
3116 2465 3173 2503 eo
3216 2450 3302 2504 ille
3346 2451 3494 2506 homo

1919 2533 2170 2603 preposita
2194 2550 2451 2588 servorum
2488 2534 2583 2589 Dei
2616 2538 2898 2604 adhaerens,
2949 2540 3269 2609 negotiatoris
3307 2541 3497 2598 dimisit

1917 2627 2183 2691 actionem,
2205 2636 2252 2680 et
2278 2628 2544 2696 proficiens
2567 2631 2619 2682 in
2644 2628 2889 2684 Ecclesia:
2908 2633 3158 2699 membris,
3185 2633 3237 2686 in
3265 2634 3369 2687 alia
3412 2651 3495 2695 m-

1916 2719 2065 2790 gione
2086 2720 2152 2772 ad
2178 2720 2468 2790 presbyterii
2495 2739 2708 2792 quoque,
2737 2722 2829 2777 Dei
2854 2724 3105 2778 voluntate
3133 2728 3313 2796 petitus
3335 2736 3381 2781 et
3407 2744 3495 2783 co-

1915 2820 2080 2877 actus,
2108 2813 2311 2866 accessit
2340 2814 2571 2883 oﬁicium,
2602 2823 2770 2870 tenens
2792 2826 2939 2885 atque
2980 2819 3265 2874 custodiens
3303 2838 3492 2892 prapo-

1914 2901 2000 2955 siti
2024 2903 2336 2956 sanctitatem
2360 2914 2442 2958 :et
2466 2909 2596 2974 forte
2633 2906 2798 2960 adhuc
2822 2924 2977 2977 usque
3002 2910 3055 2964 in
3084 2910 3228 2966 rebus
3256 2912 3489 2971 [laritanis

1916 2993 2031 3048 vivit
2059 3002 2197 3050 trans
2219 3013 2355 3051 mare
2374 2999 2665 3054 constitutus
2691 2997 3014 3072 (Possidius,
3039 3003 3093 3058 in
3115 3002 3229 3057 Vita
3247 3005 3458 3078 August.
3472 3046 3489 3073 ,

1914 3099 1962 3139 ι.
1984 3085 2109 3156 15).

1986 3178 2038 3233 ὃ.
2084 3177 2144 3233 ln
2180 3188 2449 3237 senectute
2477 3196 2596 3236 cum
2638 3183 2898 3253 gravitate
2936 3185 3142 3256 majori,
3171 3186 3266 3243 sed
3293 3188 3489 3247 minori

1915 3268 2215 3339 prolixitate
2229 3272 2639 3327 concionabatur
2654 3272 2672 3344 (
2690 3273 2857 3329 Serm.
2878 3276 3002 3341 350,
3018 3294 3070 3330 η.
3093 3278 3171 3348 5).
3192 3278 3487 3349 Aliquando

1915 3374 2024 3429 prae
2052 3359 2214 3415 nimia
2250 3360 2556 3431 fatigatione
2581 3364 2780 3419 viribus
2806 3366 3005 3433 fractis,
3048 3369 3333 3437 cogebatur
3364 3385 3483 3427 ser-

1913 3464 2129 3506 monem
2154 3450 2488 3521 abrumpere,
2530 3462 2587 3507 ut
2616 3454 2726 3522 ipsa
2773 3455 2861 3511 die
2902 3457 3117 3513 Pascha:
3154 3458 3367 3527 accidit,
3417 3461 3486 3519 ob

1914 3542 2172 3610 laborem,
2202 3560 2361 3614 quem
2396 3546 2451 3600 in
2488 3547 2759 3617 pervigilio
2784 3547 2904 3603 festi
2929 3549 3139 3619 jejunus
3166 3552 3487 3610 toleraverat

1915 3631 2116 3704 (Serm.
2151 3633 2296 3704 520).
2328 3634 2673 3692 Sermonibus
2702 3638 2862 3694 linem
2886 3638 3211 3711 frequentius
3247 3643 3485 3713 impono-

1912 3723 2026 3790 bat,
2059 3740 2125 3780 ne
2162 3726 2336 3780 nimiis
2362 3726 2629 3784 auditores
2643 3744 2768 3785 suos
2793 3729 3124 3787 documentis
3150 3744 3415 3791 oneraret.
3435 3738 3478 3791 Δ

1913 3818 2286 3888 przedicatione
2316 3820 2577 3876 interdum
2603 3823 2916 3892 abstinebat,
2946 3834 3005 3880 ut
3032 3828 3257 3896 spatium
3292 3833 3483 3899 populo

1912 3908 2064 3964 daret
2088 3909 2153 3964 ad
2173 3923 2255 3973 ea,
2280 3927 2395 3981 quae
2424 3920 2545 3968 ante
2568 3912 2808 3982 dixisset,
2825 3924 3024 3972 attenta
3044 3928 3223 3974 mente
3241 3921 3484 3976 recolen-

1911 3999 1977 4057 da
2004 4000 2193 4073 (Serm.
2218 4002 2341 4069 552,
2360 4020 2405 4057 c.
2426 4005 2474 4069 1,
2498 4022 2550 4058 n.
2575 4003 2649 4078 1).
2672 4006 2866 4062 Verum
2882 4023 3000 4064 cum
3026 4011 3251 4080 populus
3277 4027 3481 4069 sermo-

1912 4106 2006 4147 nes
2035 4092 2149 4162 ejus
2188 4094 2339 4149 avide
2366 4110 2427 4150 ac
2460 4096 2743 4153 salubriter
2777 4099 3065 4169 exciperet,
3092 4103 3155 4157 iis
3186 4104 3480 4172 proritaba-

1912 4190 1997 4237 tur
2024 4183 2163 4240 illius
2183 4185 2368 4251 fames,
2396 4186 2587 4242 nedum
2612 4189 2919 4246 satiabatur.
2947 4191 3126 4262 Itaque
3154 4195 3256 4264 piis
3280 4197 3397 4266 ejus
3424 4206 3480 4251 et

1910 4274 2129 4330 utilibus
2158 4277 2294 4332 votis
2321 4278 2509 4334 cedere
2540 4280 2844 4349 cogebatur.
2871 4282 3114 4340 Studium
3139 4300 3295 4343 suum
3322 4303 3485 4357 popu-

1908 4365 1993 4420 lus
2040 4376 2093 4422 et
2132 4370 2476 4426 attentionem
2505 4373 2666 4427 animi
2691 4373 2758 4428 ad
2786 4389 2907 4430 eum
2931 4377 3249 4435 audiendum
3282 4380 3483 4451 signiti-

1910 4456 2097 4525 cabat;
2129 4459 2363 4515 indicans
2402 4462 2560 4517 modo
2585 4462 2876 4534 intelligere
2904 4482 2962 4521 se
2995 4483 3082 4523 res
3120 4469 3478 4537 diﬂicillimas,

1909 4564 2042 4617 quas
2072 4551 2358 4617 enodaret;
2400 4554 2559 4608 modo
2585 4569 2669 4621 ea,
2698 4571 2817 4624 quae
2841 4557 3077 4616 dicturus
3117 4570 3249 4627 erat,
3281 4577 3483 4632 praeoc-

1908 4657 2127 4712 cupans,
2151 4652 2203 4698 et
2231 4646 2422 4711 smpius
2439 4660 2556 4699 cum
2577 4648 2807 4703 maximo
2826 4651 3083 4719 applausu
3102 4652 3445 4725 interpellans
3464 4674 3477 4711 :

1909 4735 1999 4804 qui
2027 4734 2373 4803 Augustinum
2400 4736 2611 4805 quidem
2639 4738 2832 4808 gaudio
2858 4740 3139 4811 afﬁciebat,
3174 4746 3315 4815 quod
3359 4747 3479 4803 illo-

1908 4842 2026 4881 rum
2052 4841 2176 4896 erga
2212 4828 2483 4883 veritatem
2507 4829 2739 4885 studium
2764 4840 2819 4887 et
2845 4846 3081 4889 amorem
3106 4850 3172 4890 ex
3194 4852 3258 4891 eo
3282 4851 3481 4906 cogno-

1908 4927 2107 4984 sceret;
2133 4917 2226 4973 sed
2254 4919 2343 4989 qui
2370 4918 2483 4987 ejus
2502 4919 2774 4977 modestiae
2797 4937 2861 4979 ac
2886 4922 3191 4981 demissioui
3218 4936 3470 4983 terrorem

1908 5009 2212 5064 incutiebat.
2235 5008 2292 5063 lu
2322 5009 2479 5066 rebus
2506 5011 2762 5081 gravioris
2786 5016 3041 5071 momenti
3070 5016 3341 5085 plausibus
3378 5034 3472 5074 eo-

1907 5115 2026 5155 rum
2056 5116 2160 5156 non
2192 5108 2491 5167 contentus,
2520 5103 2770 5173 pergebat
2792 5103 2987 5171 dicere,
3020 5105 3190 5160 donec
3214 5106 3474 5180 lacrymas

1907 5208 1969 5247 ex
1988 5207 2173 5246 eorum
2193 5192 2357 5246 oculis
2370 5189 2593 5247 ﬂuentes
2612 5200 2852 5250 cerneret
2867 5193 2968 5265 (De
2982 5193 3161 5250 Doctr.
3178 5197 3472 5267 christiana,

1906 5282 1992 5337 lib.
2024 5283 2079 5351 4,
2106 5299 2161 5337 n.
2192 5282 2308 5354 55).
2340 5282 2471 5337 Mihi
2496 5300 2651 5355 prope
2672 5300 2884 5354 semper,
2908 5285 3005 5355 ait,
3030 5302 3194 5345 samo
3217 5294 3477 5348 meusdis-

1906 5374 2076 5448 plicat.
2110 5375 2337 5431 Melioris
2373 5377 2504 5432 enim
2528 5376 2705 5432 avidus
2729 5393 2862 5447 sum,
2900 5396 2999 5451 quo
3030 5396 3165 5455 εωρο
3185 5387 3332 5457 [mor
3348 5386 3476 5445 δηκ-

1876 5536 1881 5541 ἢ
1906 5472 2032 5538 rius,
2059 5480 2324 5541 antequam
2343 5487 2458 5526 eum
2480 5470 2732 5541 explicare
2750 5472 2908 5529 verbis
2933 5479 3225 5549 sonantibus
3244 5495 3435 5552 mpero
3450 5499 3470 5539 :

1904 5565 2038 5633 quod
2063 5565 2149 5618 ubi
2175 5568 2361 5631 "tinus,
2399 5580 2551 5635 quam
2573 5566 2696 5621 milii
2724 5576 2871 5622 notus
2900 5579 2993 5636 est,
3022 5573 3476 5642 evaluero,contri-

211 5834 283 5893 ita
313 5859 413 5896 non
446 5842 684 5897 conclusa
711 5841 792 5897 vel
817 5841 1064 5913 explicata
1085 5844 1374 5917 quaestione,
1406 5843 1789 5915 disputationem
1905 5851 1955 5898 et
1982 5843 2142 5897 sntio
2179 5858 2257 5897 me
2285 5858 2385 5897 non
2427 5845 2495 5897 ita
2536 5844 2689 5914 loqui,
2734 5854 2787 5900 ut
2825 5845 2918 5900 hoc
2945 5846 3151 5917 alliciant
3190 5863 3210 5903 .'
3256 5852 3475 5921 maciuw
