3990 6360
504 348 613 411 239

500 469 623 541 quia
649 467 737 522 ille
763 467 1040 521 intellectus
1061 464 1204 536 quasi
1236 465 1417 535 rapida
1449 464 1784 520 coruscatione
1820 462 2074 533 perfundit

505 563 729 615 animum
753 579 773 626 ;
799 561 889 613 illa
914 568 1077 612 autem
1097 560 1279 612 locutio
1300 559 1444 611 tarda
1471 568 1519 612 et
1545 557 1692 627 longa
1713 564 1803 622 est,
1834 556 2076 624 longeque

505 652 801 714 dissimilis;
845 660 889 703 et
930 650 1050 703 dum
1082 650 1179 703 ista
1206 649 1434 713 volvitur,
1473 649 1587 717 jam
1611 664 1664 702 se
1687 647 1773 701 ille
1795 647 1847 699 in
1887 655 2074 699 secreta

503 758 597 795 sua
624 742 845 795 condidit
878 750 1085 795 :tamen
1107 741 1225 809 quia
1250 741 1455 809 vestigia
1487 738 1717 808 quietiam
1756 738 1882 790 miro
1924 738 2072 791 modo

501 834 747 903 impressit
777 833 1045 896 memoriat,
1078 832 1348 903 perdurant
1372 831 1463 884 illa
1484 847 1598 883 cum
1627 828 1935 900 syllabarum
1964 845 2073 883 mo-

498 924 623 977 rulis
641 940 660 987 ;
693 934 840 992 atque
862 940 923 975 ex
950 922 1134 977 eisdem
1179 922 1393 991 vestigiis
1424 922 1655 975 sonantia
1699 924 1841 991 signa
1872 921 2070 990 peragi-

499 1030 629 1067 mus.
658 1012 770 1067 Nos
792 1023 955 1066 autem
994 1015 1277 1083 plerumque
1302 1013 1355 1065 in
1395 1012 1639 1065 auditoris
1674 1012 1939 1065 utilitatem
1980 1029 2066 1066 ve-

500 1102 748 1156 hementer
795 1104 1042 1170 ardentes,
1087 1104 1158 1156 ita
1192 1103 1327 1171 loqui
1356 1103 1598 1168 volumus,
1648 1103 2067 1171 quemadmodum

497 1202 612 1247 tunc
636 1194 981 1265 intelligimus,
1011 1211 1123 1247 cum
1147 1211 1233 1264 per
1261 1195 1419 1264 ipsam
1442 1194 1761 1247 intentionem
1805 1193 1941 1263 loqui
1966 1211 2065 1248 non

494 1301 777 1354 possumus.
813 1284 877 1337 Et
902 1285 1017 1353 quia
1046 1301 1145 1337 non
1173 1284 1422 1348 succedit,
1461 1284 1693 1354 angimur
1721 1292 1766 1336 et
1802 1284 1932 1337 velut
1957 1288 2066 1354 fru-

490 1383 599 1427 stra
637 1391 839 1444 operam
864 1376 1187 1439 insumamus,
1231 1374 1377 1427 ta'dio
1412 1374 1798 1438 marcescimus;
1824 1383 1972 1443 atque
2003 1391 2065 1428 ea:

489 1466 599 1535 ipso
628 1467 776 1519 tcedio
815 1465 1101 1536 languidior
1125 1467 1181 1534 ﬁt
1207 1466 1340 1519 idem
1371 1482 1531 1520 sermo
1557 1475 1604 1519 et
1646 1466 1881 1533 hebetior,
1913 1483 2063 1535 quam

488 1564 596 1609 erat
620 1557 751 1610 unde
783 1556 1014 1626 perduxit
1056 1555 1123 1609 ad
1166 1556 1389 1609 taedium.
1420 1556 1524 1610 Sed
1554 1556 1677 1609 mihi
1717 1572 1848 1624 stupe
1872 1556 2063 1609 indicat

487 1664 660 1702 eorum
701 1649 943 1713 studium,
988 1649 1073 1717 qui
1110 1664 1186 1701 me
1227 1648 1404 1701 audire
1447 1649 1675 1717 cupiunt,
1715 1664 1813 1701 non
1858 1649 1929 1700 ita
1956 1664 2063 1701 esse

486 1739 730 1810 frigidum
754 1739 1004 1807 eloquium
1030 1754 1213 1804 meum,
1240 1749 1294 1791 ut
1319 1738 1509 1791 videtur
1542 1738 1771 1801 mihi;et
1819 1754 1901 1791 eos
1942 1738 2062 1792 inde

487 1830 679 1899 aliquid
716 1829 839 1882 utile
875 1845 1068 1899 capere,
1111 1845 1173 1882 ea:
1210 1845 1379 1882 eorum
1421 1828 1744 1882 delectatione
1777 1844 2059 1898 cognosco;

485 1938 776 1986 mecumque
800 1938 894 1991 ago
920 1920 1115 1983 sedulo,
1141 1928 1194 1972 ut
1216 1920 1330 1972 huic
1354 1919 1630 1975 exhibendo
1660 1918 1931 1972 ministerio
1956 1934 2059 1970 non

483 2013 660 2076 desim,
692 2012 744 2065 in
771 2028 868 2082 quo
896 2009 1011 2065 illos
1049 2010 1191 2064 video
1237 2011 1359 2065 bene
1399 2011 1622 2080 accipere
1646 2009 1779 2079 quod
1806 2009 2059 2063 exhibetur

484 2102 595 2175 (De
617 2102 995 2158 Cateclu'zandis
1032 2102 1259 2167 rudibus,
1294 2118 1384 2157 nn.
1426 2103 1476 2167 5,
1510 2102 1587 2171 «1).
1630 2100 1685 2154 ln
1714 2102 1827 2169 ejus
1870 2101 1933 2154 ad
1960 2117 2057 2170 po-

482 2194 660 2264 pulum
688 2194 1018 2249 sermonibus
1047 2194 1348 2261 complures
1378 2192 1517 2247 haud
1542 2192 1702 2247 dubie
1742 2200 1862 2246 sunt
1887 2193 1937 2245 in
1961 2206 2057 2247 e0-

482 2300 598 2339 rum
636 2286 857 2355 gratiam
888 2283 1185 2353 compositi,
1216 2286 1328 2352 qui,
1357 2299 1477 2337 eum
1524 2283 1757 2336 muneris
1784 2281 2055 2350 ofﬁciique

481 2376 560 2430 sui
586 2377 720 2430 ratio
747 2376 813 2430 ab
852 2375 915 2429 iis
955 2374 1185 2443 postulet
1212 2382 1273 2429 ut
1301 2377 1352 2429 in
1394 2375 1619 2430 ecclesia
1648 2374 2049 2441 concionentur,

480 2484 809 2540 nequaquam
832 2469 1027 2524 habent
1052 2468 1356 2525 facultatem
1379 2470 1707 2541 excogitandi
1724 2485 1840 2539 quae
1853 2469 2054 2524 dicant.

481 2559 645 2629 Hujus
671 2560 881 2629 generis
906 2566 1032 2613 sunt
1058 2559 1163 2613 duo
1183 2561 1253 2616 ad
1282 2560 1750 2630 Carthaginensem
1776 2560 2055 2615 diaconum

480 2650 626 2704 missi
654 2650 705 2703 in
737 2650 869 2704 libro
891 2648 961 2703 de
994 2648 1399 2705 Catechizaudis
1442 2652 1679 2716 rudibus,
1726 2666 1929 2706 necnon
1968 2651 2057 2706 ille

478 2740 614 2796 forte
641 2741 731 2811 qui
759 2741 811 2794 in
852 2739 1017 2810 ipsius
1054 2738 1375 2796 Semnonum
1413 2743 1723 2796 collectione
1752 2751 1833 2797 est
1859 2741 2057 2797 ducen-

481 2832 699 2887 tesimus
725 2830 962 2885 decimus
987 2840 1229 2900 quartus.
1278 2833 1407 2887 Nam
1440 2834 1566 2888 utile
1591 2848 1710 2888 esse
1740 2833 2053 2900 afﬁrmabat,

478 2932 535 2978 ut
561 2922 646 2978 vel
672 2924 747 2976 sic
777 2922 922 2976 multi
949 2922 1327 2991 prtedicatores
1355 2924 1588 2979 veritatis
1615 2923 1801 2978 ﬁerent
1824 2924 1925 2992 (De
1945 2923 2056 2978 Do-

478 3014 640 3067 ctrina
659 3013 954 3078 christiana,
976 3013 1065 3066 lib.
1087 3014 1145 3083 4,
1167 3033 1211 3069 c.
1228 3015 1316 3079 29,
1336 3032 1388 3069 n.
1411 3016 1521 3085 62).
1554 3016 1608 3069 ln
1639 3017 1934 3071 elocutione
1963 3031 2057 3071 sua

478 3104 835 3175 grammaticae
862 3104 1009 3174 leges
1034 3104 1235 3161 violare
1264 3122 1367 3162 non
1401 3106 1695 3173 dubitabat,
1725 3123 1828 3177 quo
1853 3108 1920 3162 ab
1949 3109 2054 3162 im-

480 3197 663 3267 peritis
683 3204 736 3251 et
774 3196 991 3251 rudibus
1020 3196 1229 3254 facilius
1256 3200 1653 3270 intelligeretur.
1682 3202 1931 3268 Quamvis
1958 3218 2055 3257 au-

480 3293 586 3341 tem
618 3286 671 3340 in
698 3286 807 3339 suis
826 3285 891 3340 ad
919 3287 1130 3355 plebem
1158 3292 1468 3345 tractatibus
1495 3292 1615 3345 stilo
1640 3292 1796 3361 paulo
1826 3294 2055 3348 submis-

477 3375 619 3430 siore
664 3376 738 3430 uti
779 3378 1141 3447 consueverit,
1175 3382 1435 3437 sermonis
1486 3393 1660 3437 tamen
1715 3398 1897 3438 curam
1950 3400 2053 3439 non

480 3482 649 3537 usque
674 3467 805 3521 adeo
833 3468 1047 3537 abjecit,
1086 3482 1141 3525 ut
1176 3473 1387 3527 sordida
1411 3473 1480 3526 sit
1508 3473 1620 3541 ejus
1645 3474 1831 3528 oratio.
1862 3474 2057 3530 Verum

482 3557 619 3612 hanc
644 3573 749 3612 non
769 3559 1044 3616 minimam
1074 3564 1318 3617 oratoriae
1342 3563 1468 3617 artis
1494 3573 1696 3633 partem
1718 3566 1947 3633 putabat,
1971 3581 2059 3620 ac-

479 3648 817 3705 commodare
846 3664 967 3707 sese
983 3655 1048 3708 ad
1077 3663 1285 3722 captum
1312 3654 1567 3708 auditoris
1597 3672 1609 3705 :
1640 3664 1692 3709 et
1718 3656 1946 3710 malebat
1968 3672 2057 3710 re-

482 3740 665 3809 dargui
697 3754 753 3794 se
782 3758 808 3793 a
834 3745 1212 3815 grammaticis,
1241 3760 1397 3813 quam
1417 3761 1445 3797 a
1467 3747 1673 3814 populis
1703 3762 1807 3801 non
1840 3749 2057 3818 intelligi

484 3834 681 3900 {Euan
728 3834 784 3891 in
814 3832 958 3890 Psal.
987 3852 1181 3891 xxxvnt
1203 3878 1216 3900 ,
1252 3854 1304 3889 η.
1326 3836 1450 3906 9.0).
1490 3838 1751 3892 Probabat
1781 3840 1832 3892 in
1875 3840 2057 3909 primis

488 3928 683 3984 dictum
705 3929 948 3992 oratoris,
968 3928 1244 3997 quamdam
1271 3930 1322 3982 in
1340 3929 1600 3998 loquendo
1626 3930 1922 4000 diligentem
1940 3947 2057 3986 esse

489 4017 857 4088 negligentiam
887 4017 1159 4082 docentis;
1188 4018 1275 4072 ubi
1310 4027 1484 4072 tamen
1507 4020 1589 4072 illa
1608 4021 1681 4073 sic
1701 4020 1944 4074 detrahat
1972 4036 2056 4076 or-

490 4118 670 4163 natum
701 4119 756 4163 ut
785 4108 970 4163 sordes
996 4124 1100 4163 non
1129 4109 1420 4164 contrahat.
1449 4110 1704 4164 Bonorum
1724 4114 2053 4183 ingeniorum,

486 4200 579 4264 ait,
609 4200 819 4269 insignis
853 4207 922 4252 est
963 4198 1177 4265 indoles,
1222 4200 1274 4253 in
1313 4200 1470 4253 verbis
1508 4216 1676 4254 verum
1722 4219 1911 4268 amare,
1956 4220 2055 4257 non

486 4290 653 4345 verba.
685 4289 820 4353 Quid
845 4290 974 4342 enim
1000 4290 1202 4359 prodest
1230 4291 1382 4343 clavis
1408 4307 1580 4355 aurea,
1626 4294 1669 4345 si
1707 4294 1900 4361 aperire
1922 4293 2056 4361 quod

485 4382 715 4436 volumus
739 4398 838 4434 non
885 4384 1075 4450 potest?
1117 4392 1201 4434 aut
1227 4383 1347 4453 quid
1374 4383 1508 4436 obest
1536 4382 1716 4453 lignea,
1747 4385 1789 4435 si
1824 4385 1915 4437 hoc
1959 4403 2052 4452 po-

487 4476 618 4529 test?
645 4475 844 4544 quando
874 4474 1001 4527 nihil
1029 4475 1317 4543 quterimus,
1350 4476 1445 4527 nisi
1472 4485 1637 4544 patere
1663 4476 1795 4539 quod
1830 4478 2054 4530 clausum

486 4574 557 4620 est
584 4565 681 4635 (De
700 4564 947 4618 Doctrina
966 4565 1257 4628 christiana,
1281 4566 1368 4619 lib.
1386 4566 1439 4631 4,
1458 4566 1598 4631 ε.10,
1615 4584 1664 4618 n.
1680 4567 1804 4637 2(5)?
1821 4568 2051 4621 Tandem

485 4656 811 4725 plerumque,
835 4666 893 4709 ut
917 4657 1027 4725 ipse
1050 4656 1312 4722 observat,
1331 4657 1491 4711 dictio
1510 4658 1618 4726 ipsa
1643 4659 1899 4712 submissa
1927 4659 2052 4713 dum

486 4746 641 4799 solvit
664 4746 1002 4800 difﬁcillimas
1031 4748 1368 4815 quaestiones,
1411 4748 1643 4802 maxime
1668 4750 1877 4817 quando
1905 4750 2054 4804 adest

486 4836 537 4889 ei
562 4836 826 4905 quoddam
853 4836 1016 4891 decus
1042 4851 1146 4889 non
1177 4837 1486 4905 appetitum,
1519 4836 1611 4890 sed
1638 4838 1863 4905 quodam
1892 4839 2052 4893 modo

488 4926 745 4990 naturale,
780 4934 946 4979 tantas
976 4926 1382 4979 acclamationes
1411 4926 1624 4992 excitat,
1658 4937 1710 4979 ut
1740 4928 1823 4980 vix
1855 4928 2050 4982 intelli-

482 5023 635 5085 gatur
663 5030 781 5070 esse
804 5015 1061 5070 submissa
1081 5014 1262 5085 (Ibid,
1287 5032 1337 5068 η.
1367 5015 1480 5085 56).
1506 5016 1617 5070 Hoc
1638 5031 1797 5085 porro
1816 5032 2052 5089 persaepe

486 5106 580 5161 illo
602 5106 669 5160 ad
694 5109 942 5176 populum
969 5108 1179 5162 dicente
1203 5107 1555 5177 contingebat.

556 5199 611 5253 4.
653 5199 877 5253 Dubium
925 5215 1029 5254 non
1073 5207 1174 5264 est,
1205 5200 1330 5269 quin
1361 5200 1521 5255 latine
1558 5215 1681 5255 suos
1709 5200 1775 5255 ad
1802 5181 2045 5270 plebem,

486 5290 669 5362 quales
693 5300 918 5359 exstant,
950 5308 1222 5349 sermones
1253 5293 1488 5349 haberet.
1516 5294 1594 5348 Ac
1612 5309 1669 5347 re
1698 5294 1907 5363 quidem
1934 5297 2049 5365 ipsa

483 5399 605 5438 cum
632 5382 1027 5453 Hippo-Regius
1051 5394 1195 5440 esset
1219 5385 1343 5440 urbs
1366 5385 1607 5451 celebris,
1649 5384 1887 5440 Romana
1915 5387 2047 5441 civi-

485 5486 587 5541 tas,
631 5490 728 5530 seu
758 5475 982 5530 coloniae
1013 5476 1130 5544 jure
1154 5477 1408 5547 gaudens,
1439 5491 1501 5531 ac
1534 5476 1829 5532 maritimus
1865 5487 2048 5548 portus

485 5566 551 5621 ad
568 5581 723 5636 quem
746 5566 1152 5636 frequentissimi
1174 5568 1388 5623 advena:
1404 5569 1727 5637 appellerent
1747 5568 1935 5639 (Epist.
1953 5570 2045 5638 55,

484 5677 539 5715 n.
563 5660 625 5723 3;
650 5660 722 5713 De
736 5658 880 5714 Civit.
899 5657 1016 5725 Dei,
1039 5658 1125 5714 lib.
1143 5658 1234 5724 ‘29.,
1251 5676 1364 5731 cap.
1385 5660 1446 5726 8;
1471 5657 1619 5715 Cont.
1638 5659 1760 5713 Litt.
1783 5658 2045 5727 Petiliani,

481 5750 571 5806 tib.
587 5751 643 5821 2,
661 5768 706 5806 ε.
724 5753 809 5821 85,
826 5770 877 5807 n.
898 5752 1041 5825 184),
1063 5752 1357 5826 generatim
1385 5753 1639 5823 pupulum
1657 5752 1816 5809 latine
1830 5753 2047 5822 scivisse

1656 343 1811 438 ἫΤᾼ
1849 342 1905 399 S.
1946 336 2310 399 AUGUSTINI
2335 338 2660 403 EPISCOPI.

3635 352 3730 410 240

2182 459 2435 515 credibile
2461 468 2561 515 est.
2593 460 2651 515 lu
2678 459 2905 531 quodam
2942 475 3187 519 sermone
3212 462 3545 533 proverbium
3577 468 3720 535 puni-

2179 563 2299 603 cum
2325 550 2485 605 latine
2526 551 2955 619 redditzLatine,
2996 554 3184 624 inquit,
3223 555 3356 609 vobis
3394 556 3589 622 dicam;
3613 559 3719 629 quia

2179 648 2358 714 punice
2375 662 2475 699 non
2490 662 2660 699 omnes
2679 646 2833 700 nostis
2854 645 3044 715 (Serm.
3067 648 3187 715 167,
3202 663 3248 700 c.
3270 648 3321 711 5,
3343 664 3397 702 n.
3415 648 3493 719 4).
3507 648 3722 706 Clericos

2176 737 2536 806 conquirebat,
2570 737 2658 808 qui
2689 738 2901 791 latinam
2928 739 3159 807 linguam
3194 740 3447 795 callerent
3476 759 3490 796 :
3521 752 3572 797 et
3593 743 3721 813 quod

2137 825 2372 886 «mirum
2401 826 2568 881 videri
2603 827 2789 896 possit,
2831 826 2895 881 iis
2918 840 2976 882 se
3002 827 3308 883 destitutum
3344 845 3483 897 esse,
3512 843 3565 886 et
3592 833 3650 888 ob
3671 833 3720 887 id

2173 916 2487 985 evangelica:
2526 917 2909 986 praedicationis
2937 932 3271 989 progressum
3313 921 3568 976 retardari
3605 938 3721 977 con-

2172 1008 2427 1077 queritur.
2452 1008 2527 1062 Ea
2555 1008 2620 1063 de
2646 1024 2801 1064 causa
2827 1010 3085 1065 Lucillum
3111 1010 3407 1078 diaconum,
3432 1029 3585 1083 quem
3604 1014 3723 1070 edu-

2171 1114 2321 1153 casse
2340 1099 2565 1165 videtur,
2594 1115 2623 1154 a
2651 1115 2708 1155 se
2736 1100 2999 1156 dimittere
3026 1101 3213 1156 noluit.
3244 1102 3475 1159 anillus
3496 1104 3593 1160 iste
3610 1121 3717 1175 ger-
3802 1100 3811 1155 ἓ

2170 1205 2359 1244 manus
2404 1199 2519 1245 erat
2565 1191 2773 1258 Novati,
2815 1191 3095 1259 Sitifensis,
3138 1203 3195 1247 ut
3231 1194 3441 1249 videtur
3480 1196 3719 1266 episcopi,

2169 1281 2258 1349 qui
2286 1295 2405 1334 eum
2433 1281 2500 1336 ab
2539 1282 2833 1352 Augustino
2860 1284 3088 1352 repetiit,
3111 1292 3168 1338 ut
3194 1285 3409 1341 ditecesi
3438 1300 3547 1341 suae
3571 1288 3719 1356 prod-

2168 1381 2327 1427 esset.
2367 1372 2470 1428 Sed
2498 1388 2620 1428 cum
2665 1374 2925 1430 Sitifensis
2972 1376 3206 1431 Ecclesia
3234 1378 3505 1445 ministris,
3532 1380 3615 1449 qui
3646 1379 3719 1434 la-

2166 1463 2275 1518 tine
2302 1464 2515 1528 scirent,
2547 1465 2761 1521 minime
2785 1466 3062 1536 indigeret,
3092 1466 3349 1522 Novatum
3381 1469 3581 1539 rogavit
3613 1471 3719 1525 Au-

2164 1556 2421 1623 gustinus,
2455 1566 2512 1610 ut
2549 1557 2797 1613 Ecclesiae
2836 1574 2946 1613 suae
2984 1560 3390 1615 necessitatibus
3427 1561 3716 1630 consulens,

2164 1646 2264 1700 sibi
2293 1646 2550 1701 Lucillum
2576 1647 2890 1703 concederet
2915 1663 3021 1703 non
3050 1648 3186 1703 ultra
3213 1650 3578 1719 repetendum.
3610 1652 3718 1705 An-

2164 1738 2277 1791 nuit
2302 1738 2536 1793 Novatus
2564 1739 2903 1809 modo.longe
2930 1742 3265 1809 suavissimo,
3297 1757 3584 1812 agnoscens
3603 1744 3715 1814 qui-

2162 1827 2283 1882 dem
2302 1828 2490 1883 durum
2520 1844 2657 1895 esse,
2684 1846 2996 1901 germanum
3025 1847 3278 1901 germano
3311 1832 3599 1905 denegare;
3624 1850 3716 1891 suo
3784 1876 3791 1879 -

2162 1932 2219 1973 se
2247 1918 2455 1974 afl'ectui
2477 1920 2581 1974 vim
2608 1921 2889 1975 maximam
2919 1920 3149 1988 inferre;
3176 1932 3433 1978 ut'tameu
3464 1922 3516 1978 id
3540 1939 3718 1980 conce-

2161 2008 2329 2075 deret,
2356 2026 2414 2065 se
2439 2018 2494 2064 et
2522 2011 2684 2080 ipsius
2709 2012 3024 2082 episc0palis
3062 2012 3220 2068 officii
3259 2029 3383 2069 cura
3412 2022 3466 2070 et
3491 2015 3713 2071 ﬁdelium

2160 2101 2327 2156 salute
2371 2101 2578 2157 adduci.
2610 2102 2828 2157 Videtur
2868 2103 3120 2171 Novatus,
3166 2105 3323 2160 simul
3349 2121 3411 2161 ac
3448 2108 3715 2178 episcopus

2160 2200 2369 2247 creatus
2422 2201 2535 2258 est,
2594 2192 2813 2248 fratrem
2858 2208 3009 2249 suum
3056 2196 3329 2264 repetiisse
3382 2197 3569 2268 (Epist.
3615 2200 3714 2267 84,

2160 2299 2247 2335 nn.
2277 2284 2329 2349 1,
2358 2282 2435 2355 2).
2466 2285 2795 2354 Quapropter
2822 2285 2873 2339 id
2905 2286 3185 2356 contigerit
3221 2295 3343 2342 ante
3378 2304 3573 2343 annum
3595 2305 3717 2360 qua-

2160 2372 2631 2442 dringentesimum
2667 2375 3026 2442 undecimum,
3058 2392 3162 2447 quo
3199 2377 3429 2434 Novatus
3454 2379 3717 2451 Carthagi—

2159 2464 2311 2518 nensi
2336 2464 2604 2519 collationi
2628 2466 2884 2521 interfuit.

2229 2556 2284 2610 5.
2325 2555 2494 2626 Leges
2517 2556 2730 2627 quidem
2766 2559 2818 2612 in
2845 2558 3068 2629 publicis
3104 2559 3518 2617 institutionibus
3545 2563 3721 2618 obser-

2162 2647 2359 2703 vandas
2395 2650 2718 2719 praescripsit
2753 2659 2967 2706 sanctus
3004 2652 3196 2707 Doctor
3221 2654 3273 2707 in
3300 2654 3433 2709 libro
3452 2665 3630 2724 quarto
3652 2656 3719 2711 de

2160 2738 2409 2793 Doctrina
2456 2740 2741 2795 christiana
2776 2756 2949 2811 :quas
2998 2751 3175 2797 autem
3220 2744 3271 2797 in
3321 2744 3537 2813 privatis
3576 2746 3720 2815 sequi

2161 2842 2422 2900 oporteat,
2456 2833 2508 2887 in
2530 2834 2715 2903 primis
2744 2850 2869 2905 erga
2897 2835 3178 2890 initiandos
3198 2835 3465 2891 adnotavit
3491 2838 3544 2891 in
3568 2838 3717 2903 libro,

2160 2924 2249 2993 qui
2287 2923 2364 2977 De
2395 2922 2776 2979 Catechizandis
2810 2925 3020 2980 rudibus
3058 2927 3380 2983 inscribitur.
3422 2929 3479 2983 In
3505 2943 3568 2982 eo
3590 2928 3719 2998 legi-

2160 3026 2278 3066 mus
2318 3014 2744 3068 concionatorem
2785 3014 2839 3068 in
2882 3014 3124 3069 Africana
3168 3016 3420 3081 Ecclesia,
3467 3018 3724 3071 stantibus

2160 3102 2507 3169 auditoribus,
2538 3105 2709 3158 solum
2730 3104 2931 3160 sedisse
2957 3122 2969 3157 :
3000 3106 3051 3159 in
3081 3106 3396 3175 quibusdam
3425 3117 3593 3161 autem
3616 3107 3723 3162 Ec-

2160 3194 2334 3249 clesiis
2373 3195 2762 3263 transmarinis,
2808 3197 3060 3267 populum
3099 3197 3271 3266 ipsum
3315 3198 3582 3253 sedentem
3623 3214 3724 3252 au-

2159 3283 2340 3339 diisse.
2377 3285 2545 3349 Quam
2578 3285 3017 3342 consuetudinem
3060 3288 3226 3357 magis
3265 3288 3451 3356 probat
3476 3290 3725 3358 Augusti-

2160 3390 2279 3441 nus,
2311 3376 2453 3445 quod
2482 3378 2652 3431 standi
2682 3378 2831 3432 labor
2855 3387 2909 3433 et
2947 3378 3224 3432 difﬁcultas
3252 3379 3486 3433 animum
3511 3394 3538 3431 a
3564 3380 3726 3434 verbo

2160 3465 2253 3519 Dei
2291 3474 2491 3521 attente
2534 3466 2796 3521 audiendo
2834 3478 3037 3522 avertat
3083 3468 3183 3537 (De
3219 3468 3467 3524 Catecln'z.
3498 3470 3725 3538 rudibus,

2161 3572 2211 3608 η.
2237 3556 2350 3627 19).
2379 3556 2564 3612 Exstat
2599 3558 2813 3613 Ctesarii
2843 3574 3040 3626 sermo,
3066 3559 3359 3630 adscriptus
3386 3561 3509 3614 olim
3547 3562 3731 3632 Augu-

2160 3646 2322 3710 stino,
2368 3648 2420 3701 in
2460 3664 2565 3717 quo
2605 3648 2865 3717 signiﬁcat
2905 3651 3263 3715 concionator,
3307 3666 3365 3705 se
3398 3652 3577 3720 paucis
3602 3660 3733 3707 ante

2160 3738 2346 3793 diebus
2372 3755 2585 3809 rogasse
2613 3740 2814 3795 debiles
2841 3750 2895 3796 et
2914 3742 3172 3809 inﬁrmos,
3200 3752 3257 3797 ut
3281 3742 3405 3797 dum
3434 3745 3564 3797 Acta
3586 3758 3735 3797 mar-

2162 3837 2334 3899 tyrum
2352 3840 2407 3884 et
2430 3831 2740 3899 prolixiores
2769 3830 3053 3905 Scriptura:
3082 3832 3332 3887 lectiones
3358 3834 3732 3897 recitarentur,

2159 3919 2494 3992 considerent
2519 3939 2531 3973 :
2559 3921 2781 3975 subinde
2809 3937 2935 3975 vero
2959 3938 3143 3975 omnes
3166 3924 3543 3991 propemodum
3570 3922 3734 3977 femi-

2160 4024 2274 4076 nas,
2319 4010 2477 4064 ctiam
2520 4012 2650 4065 citra
2682 4011 3066 4065 incommodam
3106 4012 3479 4079 valetudinem,
3524 4029 3738 4068 morem

2162 4115 2267 4154 non
2311 4101 2550 4156 modeste
2591 4102 2808 4156 sedendi
2850 4101 2916 4155 ad
2953 4118 3035 4169 ea,
3066 4119 3182 4172 qua)
3210 4104 3526 4172 legerentur,
3560 4112 3745 4158 atten-

2161 4193 2265 4245 tius
2298 4193 2577 4260 audienda,
2626 4193 2719 4248 sed
2766 4193 3105 4248 recumbeudi
3136 4194 3275 4248 velut
3315 4196 3365 4248 in
3406 4195 3554 4250 lectis
3594 4196 3739 4263 suis,

2160 4292 2213 4338 et
2259 4285 2522 4353 garriendi
2560 4284 2828 4339 induxisse
2872 4284 3044 4355 (Apud
3091 4286 3441 4355 Augustinum,
3490 4287 3741 4355 Append.

2158 4364 2322 4428 Sérm.
2352 4375 2476 4439 500,
2514 4392 2566 4427 η.
2595 4373 2668 4445 1).
2700 4375 2811 4441 Qua
2833 4374 2899 4428 de
2935 4390 2997 4429 re
3029 4374 3145 4429 illas
3172 4376 3222 4427 in
3253 4374 3354 4428 hoc
3379 4390 3622 4429 sermone
3649 4391 3749 4430 rc-

2158 4465 2437 4533 prehendit
2460 4466 2816 4530 eoneionator,
2846 4464 3105 4534 docetque
3133 4481 3234 4534 qua
3268 4465 3520 4535 religione
3560 4476 3613 4519 et
3642 4482 3747 4521 re-

2159 4557 2394 4610 verentia
2440 4556 2660 4611 verbum
2706 4556 2798 4610 Dei
2843 4556 3087 4624 excipere
3132 4556 3376 4611 debeant.
3422 4556 3553 4610 Cum
3598 4571 3751 4613 vero

2156 4647 2309 4716 pauci
2346 4646 2588 4717 privatim
2625 4646 2987 4713 instituuntur,
3017 4646 3199 4701 scribit
3226 4647 3547 4717 Augustinus
3574 4663 3750 4702 arro-

2155 4738 2382 4807 gantiam
2410 4752 2528 4792 esse
2554 4752 2658 4791 non
2698 4737 2988 4804 ferendam,
3020 4738 3064 4791 si
3099 4738 3397 4793 erudiendis
3424 4739 3593 4793 sessio
3621 4754 3755 4795 non

2156 4830 2437 4895 offeratur;
2478 4829 2844 4885 animadverso
2883 4830 3173 4899 praesertim
3211 4830 3505 4885 auditorum
3546 4831 3753 4900 ttedio,

2154 4921 2296 4991 quod
2314 4936 2407 4975 eos
2431 4920 2693 4975 interdum
2718 4921 2861 4975 aliud
2891 4929 3241 4991 prmtexentes
3270 4922 3335 4976 ad
3363 4922 3759 4979 excedendum

2155 5023 2328 5083 potest
2364 5014 2659 5083 impellere.
2703 5014 2816 5069 Hoc
2854 5014 2967 5084 ipse
3021 5023 3289 5085 expertus,
3340 5030 3461 5069 cum
3498 5015 3759 5070 rustica-

2154 5121 2281 5160 num
2320 5105 2587 5160 hominem
2620 5105 2899 5175 aliquando
2945 5106 3208 5176 mysteriis
3246 5105 3526 5171 imbueret,
3568 5120 3765 5175 quam

2152 5196 2280 5252 illud
2301 5196 2700 5266 przeeavendum
2722 5205 2882 5264 esset,
2905 5197 3089 5252 didicit
3107 5196 3207 5265 (De
3225 5196 3471 5251 Catechiz.
3491 5196 3766 5265 rudibus,

2153 5307 2208 5344 η.
2233 5288 2347 5360 19).
2378 5289 2684 5345 Advertitur
2716 5290 2928 5344 solitum
2962 5288 3123 5344 fuisse
3163 5304 3441 5345 sermones
3470 5303 3598 5343 suos
3633 5287 3773 5344 hac

2152 5382 2489 5437 conclusione
2531 5381 2803 5437 absolvere
2828 5379 3096 5437 :Conversi
3136 5381 3203 5434 ad
3244 5379 3519 5434 Dominum
3564 5377 3777 5435 Deum

2154 5474 2360 5529 Patrem
2406 5475 2809 5545 omnipotentem,
2850 5488 2974 5543 puro
3010 5473 3159 5527 corde
3189 5473 3255 5538 ei,
3290 5481 3533 5542 quantum
3571 5478 3781 5541 potest

2155 5567 2375 5636 paruitas
2408 5576 2598 5631 nostra,
2626 5565 2872 5619 maximas
2896 5572 3042 5633 atque
3068 5563 3240 5618 uberes
3263 5564 3451 5634 gratias
3479 5577 3722 5632 agamus
3745 5576 3784 5627 ;

2153 5665 2406 5726 precantes
2426 5664 2525 5710 toto
2545 5656 2711 5709 animo
2731 5655 3036 5725 singularem
3059 5653 3491 5707 mansuetudinem
3512 5652 3663 5723 ejus,
3695 5658 3795 5707 ut

2153 5767 2319 5822 preces
2341 5760 2535 5805 nostras
2562 5749 2613 5803 in
2642 5748 2944 5818 beneplacito
2969 5762 3060 5834 suo
3090 5747 3326 5802 exaudire
3354 5747 3589 5817 dignetur
3610 5783 3632 5813 ,
3661 5743 3823 5818 ενι-τ
