3990 6360
220 438 319 493 2-H

219 550 428 603 inicum
454 565 486 601 a
502 547 681 602 nostris
708 547 897 601 actibus
921 557 967 600 et
992 546 1368 617 cogitationibus
1393 563 1484 599 sua
1510 546 1688 599 virtute
1713 563 1803 599 ea:-

220 641 399 710 pellat,
430 640 582 692 'nobis
618 639 911 707 multiplicat
945 638 1113 706 ﬁdem,
1138 640 1373 707 gubernet
1399 648 1629 699 mentem,
1657 638 1806 706 spiri—

219 732 385 783 tuales
402 732 727 799 cogitationes
744 730 999 795 concedat,
1022 738 1065 783 et
1082 730 1148 782 ad
1164 730 1513 784 beatitudinem
1528 745 1669 784 suam
1690 746 1803 798 per-

219 820 696 889 ducat,pchcsum
720 819 971 875 Christum
990 820 1182 875 Filium
1220 823 1347 892 ejus.
1394 823 1569 877 Amen.
1608 820 1799 893 (Serm.

219 913 310 975 67,
350 931 404 965 n.
430 913 526 971 1οξ
553 912 721 966 Serm.
745 913 866 978 106,
900 930 951 966 n.
996 915 1073 978 Δις
1107 914 1273 969 Serm.
1299 914 1421 982 185,
1451 932 1503 968 n.
1546 915 1643 981 15;
1693 925 1804 985 post

218 1002 414 1057 Euan.
447 1006 503 1056 in
528 1004 671 1057 Psal.
703 1020 782 1070 CL,
814 1004 934 1072 etc.)

854 1097 1075 1154 CAPUT
1115 1098 1222 1153 VII.

216 1190 241 1244 ι
278 1187 554 1242 Invenitur
582 1189 633 1240 in
659 1188 795 1240 vitia.
831 1188 867 1241 2
894 1189 1019 1259 Ejus
1050 1190 1104 1243 in
1130 1190 1457 1260 corripiendis
1484 1192 1799 1260 peccantibus

287 1281 569 1350 prudentia
606 1290 650 1333 et
679 1280 920 1332 cltaritas.
957 1281 991 1333 5
1024 1280 1064 1333 Α
1093 1280 1453 1349 ﬂagitiosorum
1487 1280 1799 1335 Christiano-

282 1389 407 1424 rum
438 1373 602 1441 magis
637 1388 785 1440 quant
811 1370 873 1423 ab
901 1370 1226 1425 Ethnicorum
1250 1373 1477 1425 convictu
1504 1389 1612 1428 sese
1642 1372 1798 1426 absti-

284 1472 394 1517 net.
417 1465 450 1517 4
481 1462 556 1517 0b
586 1463 798 1534 alicujus
825 1473 1080 1533 peccatum
1117 1472 1272 1518 totam
1297 1465 1400 1534 ejus
1424 1466 1671 1535 familiam
1707 1482 1797 1520 ea:-

283 1555 658 1610 eommunicari
682 1572 782 1607 non
808 1553 1004 1624 probat.
1042 1554 1075 1610 5
1099 1553 1514 1609 Mathematicum
1534 1557 1797 1625 quemdam

283 1648 341 1699 in
386 1646 724 1716 penitentiam
764 1661 1026 1699 numerum
1062 1646 1254 1716 recipit.
1296 1646 1329 1701 6
1370 1646 1706 1719 Lampadium
1742 1649 1797 1703 in

282 1741 569 1806 quaestione
594 1736 655 1789 de
677 1746 931 1790 astrorum
956 1737 1062 1806 fato
1088 1736 1356 1791 luerentem
1379 1740 1559 1793 erudit.

286 1832 345 1884 1.
391 1831 549 1884 Afros
588 1829 652 1884 ad
692 1828 973 1893 luxuriam,
1013 1828 1325 1885 ebrietatem
1363 1840 1416 1886 et
1438 1831 1794 1901 juramentum

211 1923 493 1991 proclives
534 1923 690 1976 fuisse
731 1922 1034 1977 observant.
1080 1922 1409 1992 Quapropter
1448 1925 1793 1994 Augustinus.

208 2020 367 2067 teste
406 2012 654 2076 Possidio,
693 2011 969 2066 laborabat
1006 2012 1059 2065 in
1100 2012 1305 2081 primis,
1339 2021 1396 2067 ut
1437 2015 1675 2069 inclitam
1710 2016 1795 2085 ju-

207 2109 393 2161 randi
440 2106 858 2161 consuetudinem
898 2120 930 2160 e
960 2105 1151 2175 p0pulo
1191 2120 1287 2159 suo
1330 2106 1541 2175 penitus
1586 2107 1794 2163 tolleret

206 2197 537 2267 (Possidius,
559 2198 609 2249 in
635 2196 748 2249 Vita
767 2196 1006 2266 August.,
1028 2212 1073 2249 c.
1095 2195 1209 2268 25).
1235 2197 1456 2251 Exstant
1482 2199 1653 2267 reipsa
1680 2215 1795 2253 ser-

206 2303 413 2341 mones
441 2287 638 2356 aliquot
678 2286 746 2340 ab
784 2286 899 2355 ipso
931 2285 983 2339 in
1019 2285 1133 2339 hmc
1162 2285 1285 2340 vitia
1317 2285 1498 2341 habiti.
1530 2288 1604 2341 Ea
1636 2288 1703 2342 de
1736 2304 1794 2343 re

208 2379 381 2433 verba
411 2378 586 2433 facere
628 2394 837 2448 semper
871 2378 1168 2445 distulerat,
1193 2380 1393 2433 veritus
1429 2395 1497 2435 ne
1527 2382 1793 2435 monendo

206 2470 493 2523 auditores
536 2484 659 2523 suos
702 2470 1034 2523 nocentiores
1079 2470 1313 2523 faceret:
1339 2470 1432 2524 sed
1474 2470 1683 2526 tandem
1728 2473 1793 2525 ti-

207 2561 373 2623 muit,
404 2576 469 2613 ne
510 2558 753 2614 mandato
788 2560 900 2629 ipse
937 2575 1041 2614 non
1070 2568 1297 2629 pareret,
1346 2561 1486 2629 quod
1528 2562 1624 2615 sibi
1667 2577 1789 2617 cum

204 2649 406 2703 Jacobi
452 2649 683 2717 Epistula
728 2648 1013 2718 legeretur,
1067 2650 1243 2703 divino
1280 2649 1458 2705 afflatu
1502 2652 1789 2721 injunctum

205 2739 379 2793 fuisse
404 2738 755 2794 arbitrabatur
772 2738 966 2808 (Serm.
984 2740 1104 2806 180,
1119 2741 1268 2807 c.12,
1283 2760 1334 2796 η.
1356 2743 1462 2813 14).
1483 2744 1541 2797 lu
1565 2744 1792 2800 ebrieta-

209 2840 320 2884 tem
357 2847 567 2900 quoque
594 2832 786 2901 passim
816 2832 1097 2888 invehitur.
1126 2835 1377 2889 Ebriosos
1401 2836 1682 2905 aliquando
1696 2837 1789 2893 ob-

203 2923 519 2992 jurgaturus
544 2941 556 2975 :
584 2922 645 2977 Si
668 2941 764 2977 non
797 2942 876 2977 me
910 2926 1190 2994 audieritis,
1218 2929 1405 2998 inquit,
1436 2939 1481 2983 et
1510 2939 1675 2983 tamen
1699 2947 1789 3001 ego

205 3028 325 3064 non
366 3023 571 3073 tacuero,
604 3014 827 3065 animam
868 3032 1029 3068 meam
1057 3016 1291 3070 liberabo.
1337 3018 1440 3073 Sed
1478 3020 1594 3073 nolo
1622 3021 1789 3076 salvus

204 3119 329 3156 esse
352 3104 458 3155 sine
482 3102 607 3156 vobis
632 3104 819 3169 (Serm.
846 3105 931 3171 17,
949 3122 994 3158 c.
1011 3106 1065 3169 2,
1081 3123 1133 3159 η.
1156 3105 1235 3176 2).
1265 3107 1414 3174 Quod
1434 3108 1501 3162 ad
1527 3109 1786 3163 luxuriam

202 3204 439 3265 spectat,
472 3205 693 3249 conatur
722 3197 775 3251 in
810 3196 993 3265 primis
1021 3198 1322 3263 ostendere,
1359 3200 1578 3255 maritos
1599 3199 1786 3255 eadem

206 3285 314 3339 ﬁde
331 3299 454 3353 erga
476 3287 729 3355 conjuges
744 3300 866 3340 suas
888 3286 1165 3357 obstringi,
1184 3303 1340 3356 quam
1368 3289 1466 3357 ipsi
1496 3290 1563 3344 ab
1589 3291 1653 3344 iis
1677 3293 1787 3346 exi-

205 3384 333 3446 gant
352 3377 549 3446 (Serm.
570 3376 625 3443 9,
644 3394 689 3430 c.
710 3378 762 3444 9,
784 3395 868 3431 nn.
886 3378 971 3443 11,
993 3379 1084 3445 12;
1104 3379 1269 3434 Serm.
1288 3380 1471 3446 592,c.
1487 3382 1539 3448 5,
1558 3399 1611 3436 η.
1630 3384 1708 3455 5).
1726 3384 1783 3439 In

204 3482 309 3535 quo
336 3466 593 3523 Romana:
622 3468 765 3537 leges
801 3469 868 3525 ab
910 3470 1225 3539 evangelicis
1257 3472 1537 3541 plurimum
1579 3474 1783 3530 discre-

202 3556 419 3623 pabunt.
448 3554 607 3610 Unde
646 3558 983 3627 contingebat
1012 3574 1197 3613 omnes
1238 3561 1616 3630 propemodum
1642 3563 1783 3619 viros

202 3646 256 3699 in
282 3646 420 3700 hanc
447 3647 653 3715 prolabi
689 3664 892 3703 morum
936 3651 1306 3720 corruptelam,
1334 3668 1450 3723 qua:
1490 3662 1663 3709 tamen
1706 3656 1781 3710 si-

206 3736 372 3791 lentio
402 3740 683 3809 tegebatur
707 3739 1101 3811 fovebaturque.
1140 3743 1211 3797 At
1234 3744 1419 3799 maluit
1457 3747 1782 3815 Augustinus

204 3828 482 3882 veritatem
511 3845 619 3883 non
650 3831 895 3895 tacendo,
916 3833 1172 3900 omnium,
1192 3834 1281 3904 qui
1309 3850 1425 3888 eam
1454 3838 1644 3891 sectari
1668 3838 1782 3891 uol-

202 3917 334 3984 lent,
363 3918 500 3973 odiis
524 3936 585 3974 se
612 3920 861 3989 objicere,
894 3938 1047 3992 quam
1072 3924 1124 3977 in
1152 3924 1497 3980 dissimulata:
1522 3928 1776 3993 veritatis,

201 4009 355 4076 Cujus
381 4010 607 4078 imperio
628 4011 769 4080 loqui
791 4012 1093 4082 jubebatur,
1123 4015 1322 4069 crimen
1351 4019 1639 4073 incurrere.
1670 4019 1780 4074 Hoc

204 4099 385 4166 ipsum
413 4109 491 4153 est
523 4101 848 4170 praecipuum
880 4114 1246 4174 argumentum
1292 4107 1571 4172 sermonis,
1619 4122 1777 4177 quem

203 4187 289 4239 Dc
331 4188 492 4241 decem
532 4189 750 4244 Cltordis
790 4192 1072 4262 inscripsit,
1119 4202 1395 4264 propterea
1425 4196 1563 4265 quod
1592 4196 1775 4253 decem

196 4281 296 4335 Dei
326 4282 599 4346 mandata,
630 4299 748 4352 qua:
783 4284 834 4337 in
864 4284 964 4339 hoc
991 4300 1234 4341 sermone
1271 4288 1506 4357 exponit,
1541 4304 1662 4343 cum
1687 4289 1778 4344 de-

197 4371 464 4425 cachordo
491 4374 767 4441 psalterio,
810 4384 863 4428 ut
902 4376 1173 4444 Scriptura
1202 4377 1453 4446 loquitur,
1484 4389 1773 4448 comparat.

261 4464 316 4515 2.
360 4463 552 4534 Leges,
580 4480 712 4534 quas
733 4467 1016 4534 Apostolus
1040 4466 1319 4523 Timotheo
1344 4470 1408 4522 ad
1443 4471 1661 4525 verbum
1683 4472 1773 4526 Dei

198 4554 598 4623 prtedicandum
642 4556 954 4623 pmscribit,
1008 4566 1253 4612 accurate
1302 4560 1576 4625 servabat;
1623 4570 1678 4615 et
1720 4570 1777 4616 ut

195 4646 399 4698 ceteris
442 4654 645 4699 metum
696 4646 952 4715 injiceret,
995 4647 1203 4715 publice
1246 4661 1523 4717 peccantes
1565 4630 1775 4719 publice

196 4750 415 4803 arguere
445 4751 553 4788 non
578 4734 794 4789 timebat
812 4735 1121 4805 (Possidius,
1142 4740 1195 4791 in
1220 4738 1333 4792 Vita
1348 4743 1581 4810 August.,
1601 4742 1771 4809 0.19).

197 4822 343 4877 lInde
384 4824 703 4879 laudabatur
731 4826 796 4879 ab
837 4826 1109 4893 omnibus;
1151 4829 1246 4884 sed
1289 4844 1347 4883 se
1376 4830 1489 4899 ipse
1527 4832 1772 4899 privatim

194 4922 310 4967 ante
340 4914 619 4984 arguebat.
647 4915 808 4970 Erant
840 4926 1013 4971 tamen
1038 4919 1163 4972 vitia
1193 4919 1269 4973 sic
1294 4921 1505 4985 usitata,
1532 4930 1587 4973 ut
1606 4937 1773 4990 quan-

196 5006 389 5058 tumvis
417 5005 630 5074 publica
668 5004 862 5073 forent,
902 5023 965 5061 ea
990 5008 1075 5062 vix
1115 5010 1253 5065 lente
1286 5019 1339 5064 et
1365 5011 1604 5065 arridens
1632 5013 1773 5067 inse-

195 5096 321 5149 ctari
353 5111 417 5150 ac
440 5095 724 5165 prohibere
745 5100 982 5163 auderet,
998 5115 1075 5161 ,ne
1097 5112 1377 5169 peccantes
1401 5104 1465 5157 ad
1490 5104 1618 5157 iram
1644 5120 1770 5173 pro-

195 5197 314 5237 voca
324 5192 425 5245 ret,
446 5195 501 5238 et
519 5186 629 5253 ipse
646 5196 867 5240 novator
885 5187 1168 5243 haberetur
1185 5188 1375 5262 (Serm.
1394 5191 1478 5256 l7,
1506 5208 1551 5243 ε.
1569 5194 1620 5258 5,
1636 5210 1687 5245 n.
1703 5194 1767 5260 5;

194 5273 364 5342 Epist.
395 5275 464 5326 ad
492 5275 662 5329 Galat.
698 5276 913 5346 Expos”
934 5295 985 5330 η.
1015 5280 1123 5350 55).
1150 5280 1362 5335 Occulta
1385 5298 1507 5337 vero
1536 5294 1767 5353 peccata,

191 5367 427 5419 maxime
453 5381 575 5419 cum
608 5369 786 5435 gravia
824 5383 1003 5422 secum
1032 5372 1376 5438 importarent
1410 5374 1766 5445 incommoda,

192 5466 241 5508 ut
279 5464 409 5507 sunt
440 5456 724 5511 homicidia
774 5468 827 5513 et
863 5459 1138 5525 adulteria,
1163 5463 1390 5517 charitas
1420 5481 1538 5519 eum
1564 5470 1771 5537 publice

192 5563 419 5617 carpere
442 5563 548 5603 non
577 5550 799 5603 sinebat.
829 5551 1009 5622 Neque
1037 5562 1211 5608 tamen
1238 5570 1300 5609 ea
1326 5558 1637 5627 negligebat.
1666 5561 1771 5615 llu-

190 5641 423 5710 jusmodi
455 5642 745 5697 sceleribus
769 5643 1048 5699 obstrictos
1084 5648 1302 5703 remotis
1346 5650 1557 5705 arbitris
1590 5652 1771 5707 admo-

196 5748 356 5801 nens,
386 5748 577 5788 eorum
603 5736 773 5789 oculis
802 5735 963 5789 divini
988 5737 1171 5806 judicii
1200 5739 1338 5793 diem
1364 5742 1692 5811 subjiciebat,
1718 5755 1772 5798 et

197 5827 389 5884 timore
419 5828 525 5885 illis
556 5829 766 5885 incusso
791 5830 1147 5899 paenitentiam
1174 5834 1538 5903 persuadebat.
1574 5837 1767 5892 Eorum

1563 431 1761 489 LIBER
1800 430 2147 504 QUARTUS.

3368 447 3477 505 242

1911 547 2139 619 denique
2164 549 2442 618 medelam,
2474 552 2601 607 citra
2624 553 2939 622 judiciorum
2963 555 3248 614 forensium
3272 563 3471 617 severi—

1911 649 2090 703 tatem,
2118 656 2211 709 pro
2238 642 2374 697 virili
2396 652 2543 712 parte
2573 647 2900 714 procurabat.
2920 648 3174 716 Quocirca
3200 651 3475 724 continge-

1909 732 1999 787 bat
2027 734 2325 803 aliquando,
2357 745 2412 790 ut
2434 738 2624 807 quibus
2646 748 2768 794 nota
2786 751 2938 795 erant
2965 742 3052 797 illa
3071 744 3313 811 crimina,
3341 760 3473 801 con-

1908 835 2255 893 quererentur
2278 827 2415 897 quod
2440 829 2530 883 illa
2550 846 2655 884 non
2680 841 2944 901 argueret,
2974 848 3092 889 cum
3119 836 3319 892 scilicet
3347 851 3471 893 eum

1907 924 1997 969 aut
2023 916 2312 984 prudentia:
2354 920 2468 989 lege
2503 921 2761 987 cohiberi,
2792 933 2880 978 aut
2913 939 3020 979 non
3050 940 3258 997 semper
3292 928 3471 983 omnia

1907 1008 2043 1062 scire
2056 1008 2609 1066 minimcattenderent
2630 1012 2818 1083 (Serm.
2834 1014 2919 1080 82,
2935 1016 3019 1069 c.7
3032 1026 3079 1070 et
3092 1016 3145 1083 8,
3164 1016 3463 1089 nn.lO,H).

1976 1098 2028 1151 5.
2069 1098 2113 1150 A
2150 1097 2564 1154 Christianorum
2606 1101 2861 1173 flagitiose
2897 1105 3182 1162 viventium
3221 1109 3465 1165 convictu

1904 1188 2217 1259 quandoque
2242 1191 2553 1258 abstinebat,
2587 1203 2642 1247 ut
2678 1209 2771 1249 eos
2811 1205 2864 1251 et
2895 1197 3095 1266 pudore
3122 1198 3466 1267 sudunderet,

1904 1287 1957 1333 et
1976 1280 2042 1334 ad
2069 1280 2340 1335 meliorem
2365 1281 2567 1352 frugem
2596 1284 2693 1338 hac
2711 1285 2913 1340 ratione
2938 1296 3231 1343 revocaret.
3262 1287 3465 1344 Convi-

1902 1387 2027 1427 vere
2052 1374 2255 1430 solebat
2275 1378 2448 1445 potius
2465 1393 2586 1432 cum
2610 1380 2844 1434 Ethnicis
2867 1390 2921 1435 et
2946 1381 3139 1450 impiis,
3170 1397 3327 1451 quam
3343 1397 3464 1437 cum

1903 1465 2184 1521 Catholicis
2209 1470 2510 1534 sceleratis;
2543 1471 2595 1525 in
2623 1488 2727 1540 quo
2746 1488 2946 1527 morem
2970 1473 3189 1543 gerebat
3214 1474 3469 1544 Apostolo

1903 1556 2111 1630 (Enarr.
2148 1561 2200 1613 in
2238 1559 2381 1615 Psal.
2422 1577 2472 1625 c,
2505 1579 2556 1615 η.
2587 1563 2663 1630 8).
2698 1563 3312 1621 Excommuuicatiouem
3341 1582 3468 1622 vero

1901 1651 1952 1705 in
1983 1651 2291 1707 criminibus
2316 1669 2431 1707 eam
2462 1654 2787 1724 exigentibus
2806 1655 3107 1723 adhibebat,
3136 1665 3385 1727 quantum
3412 1659 3465 1713 id

1901 1757 2001 1811 pax
2031 1741 2283 1797 Ecclesia:
2313 1744 2531 1811 sineret,
2562 1753 2615 1799 et
2640 1745 2751 1814 ipse
2776 1747 3139 1813 peccatoribus
3162 1748 3290 1802 utile
3318 1748 3466 1803 arbi-

1900 1841 2146 1888 traretur.
2178 1834 2306 1889 Nam
2334 1836 2592 1903 ebriosos,
2616 1838 2843 1906 exempli
2863 1852 3042 1904 causa,
3070 1854 3175 1908 quo
3200 1840 3368 1909 magis
3396 1840 3468 1894 vi-

1900 1925 2028 1978 tium
2069 1924 2196 1979 illud
2233 1941 2512 1980 commune
2550 1936 2602 1980 et
2630 1936 2967 1997 pervagatum
2998 1937 3129 1993 erat,
3175 1944 3240 1983 eo
3268 1931 3460 1994 minus,

1898 2016 2114 2069 meritos
2139 2015 2278 2080 licet,
2304 2016 2640 2071 anathemate
2668 2016 2846 2079 ferire,
2870 2026 2923 2071 et
2943 2016 3012 2072 de
3036 2016 3275 2073 Ecclesia
3302 2019 3464 2088 proji-

1898 2118 2018 2158 cere
2046 2104 2289 2159 audebat.
2329 2105 2458 2159 Nam
2500 2121 2620 2160 cum
2663 2107 2736 2160 illi
2776 2107 3011 2163 criminis
3039 2107 3122 2163 sui
3154 2109 3462 2178 gravitatem

1898 2210 2001 2251 non
2041 2198 2167 2250 satis
2196 2208 2561 2267 agnoscerent,
2593 2199 2808 2254 timebat
2850 2216 2919 2254 ne
2960 2200 3076 2270 ipso
3102 2199 3340 2256 fortassis
3364 2199 3464 2255 fla-

1895 2287 2033 2357 gello
2060 2289 2266 2357 pejores
2291 2288 2495 2356 fierent,
2529 2291 2617 2360 qui
2640 2291 2984 2345 caederentur.
3017 2292 3350 2361 Quapropter
3377 2306 3464 2347 so-

1896 2376 1961 2431 lis
1981 2379 2172 2446 szepius
2187 2379 2361 2434 verbis
2381 2394 2473 2434 eos
2500 2380 2818 2449 corripiebat
2840 2379 3027 2452 (Serm.
3054 2383 3141 2447 l7,
3165 2399 3209 2435 c.
3230 2383 3283 2447 5,
3307 2399 3359 2435 η.
3384 2383 3459 2451 5).

1894 2467 2128 2532 Maritos,
2160 2469 2247 2537 qui
2277 2469 2385 2522 suis
2412 2470 2660 2524 uxoribus
2690 2470 2843 2524 tidem
2871 2485 2976 2525 non
3002 2472 3301 2538 servabant,
3331 2486 3464 2541 quo-

1893 2558 2013 2612 dam
2040 2572 2285 2613 sermone
2309 2559 2645 2627 compellans,
2674 2561 2715 2611 Α
2739 2561 3104 2627 communione,
3136 2562 3229 2627 ait,
3256 2578 3309 2615 se
3330 2562 3465 2615 cohi-

1894 2648 2055 2713 beant,
2083 2650 2168 2719 qui
2193 2649 2354 2701 sciunt
2382 2650 2498 2717 quia
2524 2650 2635 2702 novi
2666 2660 2866 2717 peccata
2892 2651 3145 2720 ipsorum;
3176 2667 3236 2703 ne
3255 2651 3318 2703 de
3342 2666 3464 2704 can-

1893 2738 2029 2792 cellis
2055 2739 2383 2808 projiciantur
2409 2738 2597 2810 (Serm.
2620 2739 2743 2804 592,
2760 2756 2804 2792 c.
2827 2741 2881 2805 5,
2900 2756 2951 2793 n.
2972 2741 3050 2810 5).
3074 2740 3385 2808 Quanquam
3406 2740 3459 2795 iu

1893 2826 2034 2883 hunc
2058 2843 2375 2894 sermonem,
2401 2844 2556 2899 quem
2578 2829 2715 2884 inter
2738 2829 2926 2885 dubios
2949 2829 3315 2885 collocandum
3336 2845 3462 2886 cen-

1892 2920 2113 2984 suimus,
2151 2919 2239 2973 illa
2278 2920 2536 2974 sententia
2567 2920 2801 2974 immissa
2832 2920 2998 2975 videri
3024 2930 3215 2990 potest,
3246 2935 3368 2975 cum
3394 2920 3462 2975 ad

1890 3008 2021 3064 illud
2040 3009 2306 3064 confertur
2333 3009 2474 3078 quod
2496 3010 2813 3080 Augustinus
2833 3011 2886 3064 in
2919 3026 3166 3067 sermone
3194 3018 3460 3067 trecente-

1888 3099 2025 3153 simo
2069 3100 2501 3169 quinquagesimo
2544 3102 2712 3169 primo
2756 3100 3232 3170 pronuntiatzNos
3270 3117 3384 3156 vero
3426 3118 3461 3155 a

1889 3191 2234 3244 communione
2254 3191 2511 3259 prohibere
2525 3206 2819 3260 quemquam
2838 3208 2939 3246 non
2966 3209 3230 3261 possumus
3252 3194 3456 3265 (quam-

1887 3284 1960 3336 vis
1980 3282 2085 3334 hau:
2103 3282 2367 3351 prohibitio
2396 3282 2614 3335 nondum
2637 3281 2700 3335 sit
2722 3281 2966 3347 mortalis,
2988 3282 3077 3336 sed
3098 3283 3455 3354 medicinalis),

1888 3370 1983 3424 nisi
2009 3379 2095 3423 aut
2122 3379 2297 3440 sponte
2339 3373 2636 3441 confessum,
2665 3380 2751 3423 aut
2784 3371 2836 3423 in
2864 3370 3033 3440 aliquo
3060 3373 3162 3425 sive
3198 3372 3454 3441 steculari,

1886 3460 1988 3514 sive
2033 3460 2363 3513 ecclesiastico
2402 3461 2597 3529 judicio
2629 3461 2937 3513 nominatum
2984 3470 3130 3530 atque
3177 3463 3455 3516 convictum

1887 3550 2078 3625 (Serm.
2098 3552 2220 3617 551,
2234 3568 2280 3604 ο.
2294 3552 2347 3618 4,
2363 3550 2530 3621 η.10).
2550 3550 2797 3617 Quamvis
2814 3552 2880 3605 ob
2900 3552 3247 3621 quorumdam
3264 3554 3456 3609 facino-

1884 3657 1942 3697 ra
1955 3642 2206 3697 adversus
2218 3642 2508 3697 Ecclesiam
2525 3643 2823 3697 immaniter
2838 3653 3133 3713 perpetrata
3148 3646 3457 3715 gravissime

1883 3735 2165 3804 aliquando
2203 3744 2655 3802 commoveretur;
2699 3752 2963 3805 nunquam
2995 3745 3171 3793 tamen
3212 3752 3305 3793 eos
3331 3752 3455 3794 cum

1883 3833 1993 3879 tota
2032 3825 2225 3879 familia
2263 3827 2599 3880 anathemate
2645 3836 2920 3896 percutere
2966 3843 3128 3883 ausus
3175 3837 3256 3883 est
3285 3847 3298 3883 :
3330 3843 3450 3883 cum

1883 3934 1984 3987 qua
2019 3920 2224 3973 ratione
2250 3928 2429 3988 posset
2466 3919 2517 3973 id
2552 3929 2695 3974 recte
2738 3920 2851 3975 fieri
2882 3936 2987 3974 non
3023 3922 3303 3988 inveniret,
3332 3922 3456 3977 licet

1882 4008 1984 4061 hoc
2011 4010 2078 4063 ab
2103 4009 2219 4064 aliis
2244 4009 2460 4063 forsitan
2489 4020 2829 4078 usurparetur
2851 4011 3038 4080 (Epist.
3063 4012 3186 4079 250,
3210 4029 3262 4065 n.
3300 4012 3377 4081 2).

1952 4098 2003 4151 4.
2035 4098 2163 4151 Cum
2186 4100 2442 4162 nonnulli,
2472 4101 2559 4168 qui
2584 4115 2674 4168 per
2700 4102 3038 4170 Evangelium
3058 4103 3446 4173 pejeraverant,

1880 4184 1935 4240 in
1960 4187 2239 4241 ecclesiam
2260 4188 2616 4258 confugissent
2639 4230 2653 4255 ,
2683 4198 2739 4242 ut
2768 4190 2972 4244 VlOl'dliC
3004 4191 3123 4246 ﬁdei
3150 4192 3448 4263 perfugium

1879 4278 1931 4332 in
1961 4278 2073 4348 ipsa
2102 4278 2223 4333 fidei
2264 4279 2423 4333 domo
2449 4282 2810 4349 requirerent;
2845 4283 3177 4352 magistratus
3205 4284 3449 4341 christia-

1878 4385 1980 4424 nus
2005 4369 2175 4425 ﬁdelis
2205 4369 2557 4441 (Classici-ano
2574 4386 2763 4425 nomen
2787 4374 2929 4442 erat)
2958 4388 3053 4442 pro
3077 4374 3329 4444 dignitate
3354 4392 3450 4432 sua

1878 4460 2161 4514 comitatus
2209 4461 2261 4512 in
2301 4460 2576 4514 ecclesiam
2609 4462 2787 4527 venit,
2829 4472 3044 4517 acturus
3087 4479 3207 4527 cum
3239 4468 3448 4522 Auxilio

1877 4549 2176 4603 dioecesano
2198 4549 2463 4617 episcopo,
2490 4564 2555 4603 ne
2576 4558 2755 4604 contra
2772 4551 2860 4619 jus
2884 4567 3035 4605 suum
3059 4552 3202 4607 hisce
3224 4558 3451 4625 perjuris

1877 4640 2096 4695 faveret.
2116 4640 2287 4709 Equo
2314 4655 2441 4694 sane
2473 4640 2787 4708 postulabat.
2816 4641 3167 4698 Nihilominus
3184 4646 3447 4715 Auxilius,

1878 4733 1965 4801 qui
1994 4748 2111 4785 cum
2137 4732 2309 4785 adhuc
2335 4741 2476 4786 esset
2509 4732 2917 4787 catechumenus
2942 4776 2957 4800 ,
2991 4734 3313 4789 Classiciano
3352 4736 3447 4791 be-

1876 4824 2174 4878 nevolentia
2218 4824 2529 4892 conjunctus
2578 4824 2785 4891 fuerat,
2839 4841 3004 4896 usque
3047 4826 3180 4881 adeo
3232 4827 3450 4880 indulsit

1876 4917 2159 4972 iracundiae
2183 4957 2197 4981 ,
2249 4925 2303 4968 ut
2332 4926 2449 4984 post
2473 4917 2733 4986 exscripta
2760 4917 2836 4971 rei
2866 4928 3027 4987 gestae
3056 4928 3205 4983 acta,
3248 4918 3448 4971 Classi-

1876 5013 2083 5065 cianum
2111 5026 2228 5064 cum
2271 5020 2378 5065 t0ta
2409 5011 2587 5066 domo’
2611 5028 2703 5067 sua
2740 5013 3074 5068 anathemate
3105 5014 3441 5081 percusserit.

1875 5101 2241 5156 Contendebat
2280 5101 2420 5155 haud
2455 5102 2611 5157 dubie
2652 5118 2859 5157 sacrum
2899 5102 3136 5158 ecclesiae
3181 5102 3382 5173 asylum
3415 5119 3445 5155 a

1874 5195 2195 5251 Classiciano
2218 5194 2377 5249 fuisse
2394 5196 2665 5260 violatum,
2692 5206 2744 5249 et
2771 5211 2888 5252 reos
2905 5196 3025 5249 inde
3044 5210 3135 5263 per
3160 5196 3263 5248 vim
3288 5194 3447 5251 fuisse

1874 5288 2149 5342 abductos.
2178 5286 2372 5341 Verum
2396 5286 2745 5341 Classicianus
2770 5286 2837 5340 de
2862 5286 2959 5339 hac
2979 5286 3166 5355 injuria
3192 5302 3285 5356 per
3308 5287 3447 5341 litte-

1874 5395 1962 5434 ras
1981 5380 2119 5448 apud
2134 5380 2477 5449 Augustinum
2501 5387 2906 5445 conquesmrus,
2928 5385 3147 5432 testatus
3167 5386 3246 5433 est
3268 5387 3449 5434 sontes

1876 5476 2091 5529 sceleris
2120 5474 2197 5525 sui
2227 5472 2547 5526 conscientia
2574 5485 2785 5537 pressos
2807 5511 2821 5534 ,
2852 5470 2983 5525 citra
3012 5470 3116 5524 vim
3139 5486 3203 5525 ex
3224 5471 3445 5525 ecclesia

1877 5575 2063 5633 sponte
2091 5578 2181 5615 sua
2216 5562 2373 5614 fuisse
2399 5561 2679 5628 digressos.
2704 5559 2920 5616 Juvenis
2942 5561 3114 5615 adhuc
3140 5568 3253 5615 erat
3278 5561 3445 5613 Auxi-

1877 5654 1998 5717 lius,
2025 5661 2081 5707 et
2104 5667 2300 5705 annum
2324 5652 2374 5703 in
2397 5650 2677 5719 episcopali
2701 5667 2919 5707 munere
2934 5652 3154 5706 necdum
3174 5658 3439 5719 exegerat:

1877 5744 2199 5813 Augustinus
2227 5752 2401 5795 autem
2433 5750 2509 5794 tot
2530 5742 2638 5809 jam
2663 5756 2920 5796 annorum
2951 5741 3226 5811 episcopus
3250 5754 3444 5793 senue-

1877 5844 1975 5891 rat.
2028 5834 2248 5903 Scripsit
2274 5841 2449 5887 tamen
2490 5832 2553 5885 ad
2605 5832 2890 5898 Auxilium,
2916 5831 3088 5901 siqua
3125 5830 3209 5884 ille
3238 5830 3442 5885 ratione
