3990 6360
497 370 605 430 247

503 486 643 542 ritus
668 489 852 539 votum
880 475 1221 535 continentiae
1250 474 1317 532 ab
1358 489 1421 532 ea
1444 484 1802 544 nuncupatum
1841 487 2088 543 compro-

502 579 708 645 basset,
736 576 802 631 ad
832 574 964 629 illud
984 573 1042 627 in
1060 572 1218 626 ﬁnem
1247 585 1416 640 usque
1456 568 1873 634 servandum,‘et
1889 567 1956 622 ad
1982 568 2082 622 viri

502 670 738 740 culpam,
771 674 1024 738 quantum
1052 664 1106 718 in
1127 678 1189 718 ea
1217 663 1374 716 situm
1405 669 1563 725 esset,
1592 659 1959 715 redimendam
1989 659 2086 715 ob-

505 760 683 830 ligari.
718 757 884 811 Indue
914 756 1101 825 itaque,
1127 755 1218 817 ait,
1261 753 1594 805 humilitatem
1622 751 1800 804 mentis
1824 791 1839 816 ,
1866 760 1913 805 et
1949 760 2003 804 ut
2039 760 2086 804 te

504 850 647 908 Deus
667 860 921 904 conservet
937 854 1344 918 perseverantem,
1376 843 1482 897 noli
1514 844 1752 897 maritum
1772 854 2085 897 contemnere

505 954 814 1016 pereuntem.
849 943 1032 997 Funde
1062 959 1152 1013 pro
1180 942 1269 995 illo
1296 940 1405 1011 pias
1434 946 1501 1011 et,
1529 938 1760 1015 assiduas
1805 938 2087 1001 orationes;

504 1035 738 1103 sacri/ica
758 1035 1027 1104 larrymas,
1053 1042 1288 1101 tanquam
1306 1029 1555 1083 vulnerati
1575 1014 1872 1098 sanguinem,
1884 1027 2085 1089 cordis;

505 1134 555 1181 et
570 1125 728 1179 scribe
751 1124 818 1177 ad
839 1141 948 1178 eum
991 1122 1410 1193 satisfactionem,
1437 1128 1609 1190 petens
1633 1119 1845 1182 veniam,
1876 1118 1994 1188 quia
2032 1116 2085 1169 in

507 1235 623 1273 eum
643 1218 890 1288 peccasti;
911 1215 1044 1283 quod
1066 1224 1245 1284 praeter
1281 1213 1388 1282 ejus
1420 1210 1682 1265 consilium
1715 1218 1763 1265 et
1783 1208 2086 1262 voluntatem

507 1310 572 1363 de
590 1308 736 1362 rebus
758 1309 854 1361 tuis
884 1306 1065 1379 fecisti,
1107 1304 1240 1377 quod
1270 1302 1560 1375 faciendum
1581 1300 1767 1372 putasti
1793 1317 1806 1352 :
1832 1316 1931 1353 non
1953 1306 2005 1351 ut
2042 1307 2089 1352 te

503 1402 741 1472 poeniteat
767 1400 995 1455 tribuisse
1044 1398 1365 1469 pauperibus,
1410 1396 1497 1451 sed
1540 1411 1652 1450 eum
1680 1394 1752 1448 tui
1783 1394 1897 1448 boni
1923 1394 2087 1462 operis

506 1495 809 1565 participem
848 1505 896 1547 et
929 1490 1299 1545 moderatorem
1340 1488 1520 1542 habere
1556 1486 1795 1541 noluisse.
1838 1484 2087 1540 Promitte

507 1587 572 1641 de
599 1596 775 1641 stetere
795 1586 848 1638 in
868 1584 1123 1655 adjutorio
1147 1581 1374 1647 Domini,
1406 1580 1448 1635 si
1476 1588 1521 1633 et
1562 1579 1707 1633 illum
1732 1594 1837 1633 sure
1864 1578 2085 1648 turpitu—

507 1679 643 1732 dinis
664 1676 968 1747 paenituerit,
1011 1684 1059 1728 et
1090 1674 1467 1736 continentiam,
1490 1688 1642 1742 quam
1670 1669 1903 1735 deseruit,
1940 1685 2086 1739 repe-

508 1771 691 1837 tiverit,
721 1779 767 1823 te
785 1768 881 1834 illi,
911 1768 1039 1822 sicut
1060 1767 1218 1832 decet,
1256 1766 1308 1818 in
1331 1765 1557 1818 omnibus
1585 1765 1900 1818 servituram.
1930 1762 2089 1818 Jubct

509 1864 739 1934 denique
761 1871 816 1917 ut
836 1861 904 1915 ad
934 1861 1034 1915 viri
1060 1859 1293 1913 animum
1321 1858 1421 1913 sibi
1467 1856 1855 1911 conciliandum
1881 1870 1945 1910 eo
1970 1870 2086 1908 ma-

506 1958 611 2028 jori
632 1957 807 2014 studio
837 1954 1126 2021 incumbat,
1154 1951 1295 2022 quod
1325 1952 1457 2007 citra
1481 1950 1617 2004 hanc
1635 1949 1932 2004 animorum
1955 1962 2086 2002 con-

507 2051 749 2107 cordiam
766 2051 901 2103 ﬁlius
923 2048 1038 2117 ejus
1062 2047 1113 2100 in
1138 2047 1328 2099 timore
1359 2044 1451 2098 Dei
1478 2054 1533 2098 et
1569 2041 1845 2111 sapientia,
1879 2050 1936 2094 ut
1972 2040 2088 2109 ipsa

507 2141 746 2212 Optabat,
775 2139 987 2194 educari
1031 2153 1136 2191 non
1181 2144 1394 2206 posset;
1442 2149 1562 2190 cum
1593 2133 1801 2188 essetin
1826 2140 2091 2201 potestate

504 2236 697 2307 patris,
722 2244 774 2289 et
819 2233 938 2287 huic
964 2232 1086 2301 jure
1125 2230 1363 2300 poscenti
1389 2237 1532 2283 esset
1570 2227 1874 2282 necessario
1899 2240 2091 2280 conce-

507 2327 715 2383 dendus
730 2325 916 2396 (Epist.
938 2321 1088 2391 262).
1112 2322 1264 2389 Quod
1288 2321 1375 2375 hic
1395 2319 1576 2374 scribit
1596 2319 1939 2389 Augustinus,
1961 2332 2087 2371 con-

502 2417 713 2487 jugatas
742 2415 987 2469 videlicet
1015 2413 1265 2469 mulieres
1293 2427 1450 2482 posse
1487 2411 1544 2465 in
1570 2410 1801 2479 superbo
1830 2410 1971 2464 cultu
1998 2424 2091 2463 cor

506 2506 712 2561 humile
738 2519 977 2571 servare,
1008 2504 1053 2559 si
1078 2518 1143 2559 eo
1169 2512 1374 2557 tantum
1402 2502 1507 2555 ﬁne
1528 2516 1588 2556 se
1611 2509 1821 2567 ornent,
1852 2508 1905 2552 ut
1929 2498 2091 2552 mari-

506 2598 576 2652 tis
601 2598 710 2655 suis
740 2598 1120 2666 obsequantur,
1160 2603 1575 2650 consentaneum
1621 2602 1703 2647 est
1748 2592 1812 2646 iis
1864 2606 1983 2659 qua:
2022 2590 2089 2644 ad

506 2685 811 2743 Possidium
832 2686 1052 2742 scribit:
1082 2694 1392 2740 ornamenta
1418 2699 1524 2738 non
1550 2698 1670 2738 esse
1690 2682 1983 2752 coniugatis
2001 2681 2089 2735 ab-

506 2778 681 2832 solute
700 2776 1046 2847 prohibenda,
1078 2785 1271 2846 praeter
1296 2775 1582 2845 pigmenta,
1638 2781 1693 2828 et
1719 2788 1782 2827 ea
1810 2788 1929 2843 quae
1968 2785 2085 2826 ma-

505 2871 676 2940 gicam
707 2870 1137 2940 superstitionem
1166 2867 1409 2922 redolent
1430 2866 1619 2937 (Epist.
1654 2865 1802 2935 245).

580 2959 634 3013 6.
682 2958 741 3013 Si
795 2959 1095 3014 vehementi
1142 2957 1383 3012 oratione
1435 2957 1723 3011 insectatur
1776 2955 2083 3021 Ecdiciam,

503 3049 662 3121 longe
688 3052 1017 3121 gravioribus
1034 3050 1207 3104 verbis
1226 3049 1468 3118 objurgat
1492 3048 1795 3103 Cornelium
1816 3090 1831 3116 ,
1858 3048 1945 3117 qui
1968 3064 2083 3118 pere

504 3138 883 3198 niciosissimo'
907 3141 1318 3196 Manichaeorum
1349 3154 1532 3194 errore
1567 3138 1742 3193 fuerat
1786 3139 1911 3193 olim
1965 3154 2085 3193 cum

513 3234 632 3305 ipso
670 3234 972 3304 Augustino
1016 3232 1333 3301 implicatus.
1374 3230 1593 3285 Juvenis
1640 3238 1765 3284 tunc
1798 3240 1927 3292 erat,
1966 3230 2087 3284 licet

504 3332 663 3380 aetate
712 3326 1063 3394 Augustinum
1117 3322 1488 3387 antecederet;
1536 3337 1565 3374 a
1621 3321 1865 3375 muliebri
1908 3331 2083 3375 tamen

504 3418 689 3474 amore
717 3433 837 3473 cum
868 3433 925 3472 se
949 3431 1156 3473 summo
1178 3415 1541 3485 temperantize
1562 3414 1755 3468 robore
1791 3413 2086 3468 abstraxis-

504 3518 607 3573 set,
637 3511 889 3563 continuo
912 3508 967 3561 in
991 3522 1111 3562 eum
1141 3521 1261 3561 sese
1280 3506 1436 3559 altius
1451 3504 1729 3558 immersit.
1760 3501 1817 3557 In
1847 3513 2085 3559 extremo

504 3602 629 3655 vitae
654 3601 910 3670 periculo,
943 3600 1279 3669 ‘Baptismum
1330 3596 1586 3665 percepit,
1615 3610 1734 3649 cum
1760 3596 1869 3663 jam
1901 3595 2083 3664 Augu-

504 3693 673 3746 stinus
700 3692 980 3761 episcopus
1011 3690 1295 3754 senuisset,
1315 3695 1475 3756 atque
1489 3685 1623 3740 adeo
1649 3685 1762 3754 ipse
1777 3686 1912 3739 foret
1931 3692 2085 3740 mute

503 3781 675 3849 magis
704 3782 1121 3850 ingravescente.
1150 3779 1400 3831 Attamen
1426 3791 1455 3828 e
1482 3775 1671 3829 morbo
1700 3786 1992 3841 recreatus,
2015 3774 2083 3829 ab

498 3871 744 3939 improba
773 3868 1023 3945 peccandi
1049 3865 1432 3921 consuetudine
1457 3878 1563 3919 non
1588 3862 1956 3930 serevOcavit;
1988 3862 2083 3918 sed

499 3962 752 4031 pellicum
799 3975 959 4030 grege
985 3959 1038 4013 in
1078 3959 1193 4012 dies
1219 3965 1496 4013 crescente
1532 3956 1756 4025 stipatus
1781 3955 2077 4010 incedebat.

500 4052 848 4122 Augustinus,
880 4050 969 4120 qui
998 4065 1119 4104 eum
1163 4063 1377 4119 semper
1416 4047 1790 4103 charissimam
1829 4047 2077 4116 habebat,

504 4143 702 4211 szepius
729 4141 796 4195 de
809 4140 1043 4195 moribus
1062 4137 1408 4194 emendandis
1434 4137 1629 4191 frustra
1655 4147 2074 4193 eommonuerat.

504 4233 552 4287 Is
573 4249 733 4306 porro
758 4232 1075 4303 Cyprianam
1108 4230 1162 4284 in
1203 4229 1597 4283 matrimonium
1636 4228 1859 4284 duxerat
1886 4230 2075 4284 castis-

502 4326 692 4378 simam
722 4324 992 4386 feminam,
1021 4336 1137 4390 qua:
1172 4320 1288 4374 viro
1314 4320 1473 4390 longe
1499 4319 1791 4385 dissimilis,
1826 4335 1948 4375 eum
1977 4321 2075 4376 ob-

497 4417 675 4472 scenis
700 4415 826 4469 licet
863 4412 1134 4467 amoribus
1162 4412 1423 4465 irretitum
1451 4410 1748 4477 adamabat,
1777 4420 1833 4465 et
1849 4426 2076 4465 conver-

498 4505 663 4559 sionis
690 4505 806 4574 ejus
856 4502 1121 4557 desiderio
1177 4501 1472 4555 tenebatur.
1514 4501 1591 4554 Ex
1620 4499 1720 4554 hac
1746 4501 1850 4554 vita
1882 4503 2077 4571 migra-

496 4600 591 4664 vit,
610 4607 663 4654 et
683 4599 736 4652 in
756 4606 1018 4653 castarum
1036 4604 1193 4664 atque
1209 4593 1439 4648 ﬁdelium
1460 4594 1754 4647 animarum
1767 4594 2074 4648 societatem

497 4698 708 4759 recepta
754 4696 853 4742 est.
888 4686 1015 4741 Post
1046 4685 1161 4753 ejus
1190 4684 1396 4738 obitum
1426 4682 1706 4737 Cornelius
1733 4682 1800 4737 ad
1828 4684 2075 4753 Augusti~

495 4797 622 4836 num
650 4779 880 4843 scripsit,
905 4784 961 4830 ut
990 4776 1057 4830 ad
1087 4790 1145 4829 se
1177 4774 1391 4843 optimae
1406 4772 1644 4842 conjugis
1670 4779 1841 4827 morte
1867 4772 2072 4842 gravis-

496 4872 631 4926 sime
659 4877 981 4925 cominotum
1010 4867 1242 4936 aliquam
1290 4864 1547 4934 prolixam
1578 4864 1854 4933 epistolam
1885 4878 2074 4919 conso-

495 4960 738 5014 latoriam
752 4957 1074 5023 daret,sicut
1102 4963 1341 5009 sanctum
1377 4953 1654 5007 Paulinum
1688 4952 1755 5006 ad
1788 4952 2071 5008 Macarium

495 5052 685 5106 fecisse
737 5048 1071 5103 meminerat.
1122 5045 1203 5099 Ad
1244 5044 1360 5098 haec
1410 5043 1659 5099 rescribit
1698 5044 2024 5114 Augustinus
2052 5084 2069 5111 ,

492 5142 632 5195 illius
662 5155 882 5193 uxorem
906 5136 1150 5191 humanis
1175 5151 1277 5190 non
1300 5151 1456 5206 egere
1482 5135 1723 5190 laudibus
1742 5152 1757 5201 ;
1776 5135 1871 5192 has
1890 5137 2070 5192 viven-

494 5236 655 5301 tibus,
686 5248 788 5287 non
818 5232 1040 5285 mortuis
1090 5230 1325 5299 impendi
1353 5230 1563 5293 solere;
1604 5243 1725 5282 eum
1754 5228 1875 5283 vita:
1900 5238 2070 5283 muta-

493 5326 637 5379 tione
667 5324 893 5393 elogium
929 5322 1166 5391 conjugis
1194 5337 1303 5376 sua:
1332 5319 1626 5390 promereri
1667 5319 1863 5375 debere
1894 5338 1907 5373 :
1938 5320 2067 5375 illud

494 5414 737 5485 polliceri
768 5428 825 5466 se
850 5427 912 5467 ea
937 5412 1259 5476 conditione,
1287 5426 1445 5481 quam
1466 5409 1583 5479 ejus
1613 5425 1746 5463 uxor
1787 5411 1944 5464 etiam
1974 5410 2068 5466 de-

496 5507 677 5561 functa
696 5516 1016 5575 peroptaret,
1044 5502 1491 5573 quemadmodum
1516 5502 1698 5557 vivens
1713 5505 2022 5574 expetiisset
2046 5520 2062 5559 :

497 5598 635 5650 vi-lle
675 5597 825 5650 aliter
851 5611 1134 5651 maerorem
1168 5595 1493 5664 abstergere,
1524 5593 1878 5651 adulationem
1922 5610 2063 5663 esse,

494 5705 600 5745 non
630 5691 1066 5744 consolationem.
1106 5686 1271 5741 Simul
1318 5695 1545 5755 turpem,
1593 5686 1646 5741 in
1672 5702 1777 5757 quo
1800 5696 2063 5755 versatur,

492 5792 690 5839 statum
724 5784 864 5845 illius
898 5782 1068 5841 oculis
1107 5790 1289 5852 aperte
1316 5780 1527 5850 subiicit
1548 5820 1564 5848 ,
1612 5796 1838 5853 eumque
1875 5798 2064 5855 magna

1630 358 1790 416 VITA
1827 358 1883 416 S.
1923 355 2291 417 AUGUSTINI
2330 356 2649 416 EPISCOPI.

3647 363 3738 424 248

2190 474 2399 530 dicendi
2420 475 2491 543 vi,
2506 482 2563 530 ut
2583 475 2707 531 inde
2730 482 2985 548 emergat,
3006 485 3061 535 et
3079 476 3423 540 vehementer
3444 489 3501 540 et
3520 494 3737 545 amanter

2190 563 2434 620 hortatur
2454 563 2645 637 (Epist.
2666 565 2819 638 259).

2263 659 2314 711 7.
2356 658 2485 712 Erat
2508 668 2654 713 extra
2683 657 2930 715 dimeesis
2958 660 3311 732 Hipponensis
3347 664 3541 722 limites
3579 670 3734 739 puella

2192 751 2538 822 (Florentinae
2562 767 2755 807 nomen
2772 750 2911 824 fuit),
2932 769 3051 824 quae
3075 755 3200 809 licet
3224 755 3627 826 adolescentula,
3654 763 3742 831 pie-

2192 848 2313 901 tatis
2335 860 2396 900 ae
2422 860 2560 901 vera:
2586 847 2858 916 sapientiae
2887 847 3096 902 ardenti
3124 848 3298 903 studio
3328 851 3617 906 tenebatur.
3654 854 3741 909 Pa-

2191 947 2372 992 rentes
2397 937 2512 1006 ejus
2546 937 2751 1007 Optimi,
2769 938 2912 992 etde
2941 937 3063 993 ﬁliae
3093 937 3291 1009 pietate
3317 942 3657 1010 gratulantes,
3680 946 3739 999 ab

2192 1026 2487 1097 Augustino
2516 1028 2569 1082 in
2598 1028 2678 1082 his
2697 1029 2805 1083 oris
2834 1040 3196 1085 commorante
3224 1032 3574 1101 postularunt,
3602 1044 3651 1089 ut
3678 1036 3745 1091 illi

2198 1122 2505 1188 edocendm,
2524 1123 2576 1177 in
2602 1138 2707 1194 quo
2736 1138 2871 1194 opus
2906 1134 3068 1192 esset,
3088 1139 3237 1179 suam
3259 1140 3475 1196 operam
3499 1127 3745 1197 impende-

2192 1223 2294 1270 ret.
2347 1213 2591 1269 Renuere
2624 1230 2729 1269 non
2759 1216 2929 1286 potuit
2962 1216 3289 1286 Augustinus
3320 1235 3332 1270 :
3364 1225 3419 1272 et
3458 1233 3518 1273 re
3553 1220 3744 1290 quidem

2193 1303 2306 1376 ipsa
2359 1320 2541 1360 curam
2574 1305 2714 1360 illius
2743 1321 2847 1360 non
2878 1308 3050 1361 solum
3076 1308 3128 1361 in
3158 1308 3406 1379 precibus
3434 1310 3571 1380 apud
3598 1310 3743 1366 Deunt

2194 1396 2460 1466 suscepit;
2483 1412 2665 1450 verum
2691 1396 2851 1451 etiam
2876 1412 2996 1451 cum
3023 1397 3089 1452 ad
3114 1398 3229 1468 ejus
3253 1408 3478 1455 matrem
3494 1402 3753 1471 scriberet,

2193 1487 2422 1557 plurima
2449 1487 2526 1541 illi
2543 1486 2857 1543 documenta
2885 1488 3118 1543 tradidit.
3137 1489 3241 1544 Sed
3261 1490 3375 1560 ejus
3403 1499 3571 1546 mater
3593 1494 3752 1564 Augu-

2193 1580 2335 1634 stino
2356 1578 2652 1649 rescripsit,
2681 1582 2824 1650 prius
2851 1580 3011 1635 ﬁliam
3041 1582 3182 1637 velle
3217 1582 3423 1638 litteras
3452 1584 3519 1639 ab
3543 1599 3607 1639 eo
3625 1587 3751 1641 acci-

2193 1685 2351 1742 pere;
2382 1679 2491 1726 tutn
2520 1672 2732 1727 demum
2783 1672 3130 1729 conﬁdentius
3164 1674 3502 1744 scripturam,
3547 1692 3757 1749 eumque

2194 1762 2262 1819 de
2286 1765 2602 1819 necessariis
2626 1764 2783 1819 rebus
2813 1780 2931 1819 esse
2951 1765 3331 1819 eonsulturam.
3354 1766 3437 1821 Ad
3471 1782 3585 1821 eam
3614 1769 3759 1839 igitur

2194 1852 2408 1924 scripsit
2435 1856 2776 1925 Augustinus,
2807 1865 2865 1910 ut
2892 1856 2942 1911 ei
2960 1855 3167 1910 ﬁducita
3191 1858 3384 1911 ostium
3412 1860 3663 1928 aperiret;
3689 1862 3759 1917 si-

2195 1946 2411 2016 mulque
2437 1962 2555 2000 eam
2583 1946 2826 2001 hortatus
2851 1956 2952 2014 est,
2982 1956 3038 2001 ut
3057 1958 3327 2017 promeret
3355 1950 3489 2019 ipsa,
3512 1951 3556 2006 si
3590 1953 3701 2022 quid
3728 1969 3758 2007 a

2196 2051 2255 2091 se
2274 2037 2617 2106 quaerendum
2640 2046 2867 2107 putaret.
2886 2038 2986 2092 Aut
3014 2040 3147 2093 enim
3177 2041 3301 2108 scio,
3334 2041 3521 2111 inquit,
3540 2044 3664 2113 quod
3684 2046 3762 2098 in-

2195 2130 2459 2199 quisieris;
2481 2140 2527 2183 et
2557 2147 2657 2184 non
2686 2132 2876 2201 negabo
2905 2147 2924 2185 :
2951 2141 3039 2185 aut
3060 2133 3132 2186 ita
3166 2134 3353 2200 nescio,
3394 2144 3450 2186 ut
3474 2135 3611 2189 nullo
3651 2136 3764 2202 ﬁdei

2195 2222 2468 2293 salutisque
2496 2222 2789 2276 detrimento
2809 2225 3046 2289 nesciam,
3078 2234 3125 2278 et
3154 2225 3216 2278 de
3231 2226 3323 2279 hoc
3352 2227 3503 2279 etiam
3524 2236 3570 2282 te
3585 2229 3761 2297 ipsam,

2196 2314 2240 2367 si
2269 2324 2497 2384 potuero,
2544 2315 2729 2385 faciam
2766 2314 2965 2368 reddita
3010 2316 3204 2370 ratione
3232 2332 3478 2370 securam.
3509 2319 3607 2372 Aut
3640 2329 3765 2375 certe

2196 2406 2241 2461 si
2259 2416 2305 2459 et
2325 2406 2509 2469 nescio,
2540 2415 2586 2459 et
2613 2416 2777 2460 tamen
2791 2405 3049 2460 sciendum
3079 2417 3170 2474 est,
3212 2407 3290 2461 vel
3310 2407 3584 2478 impetrabo
3602 2426 3634 2463 a
3654 2408 3762 2464 Do-

2196 2498 2331 2551 mino
2352 2539 2366 2564 ,
2403 2514 2465 2550 ne
2502 2497 2590 2551 tibi
2624 2498 2813 2562 desim;
2848 2514 2967 2551 nam
3004 2513 3139 2567 scepe
3173 2498 3386 2567 officium
3433 2499 3764 2569 impertiendi,

2194 2591 2427 2643 meritum
2450 2599 2522 2644 est
2540 2590 2821 2659 accipiendi
2837 2591 2942 2644 :vel
2969 2592 3041 2644 ita
3057 2591 3144 2644 tibi
3162 2592 3488 2661 respondebo,
3515 2602 3570 2646 ut
3581 2595 3771 2650 noveris

2195 2697 2287 2751 pro
2306 2682 2399 2733 hac
2419 2682 2532 2750 ipsa
2552 2698 2624 2747 re,
2643 2698 2793 2751 quam
2808 2682 2998 2751 pariter
3018 2683 3285 2749 nescimus,
3307 2684 3374 2736 ad
3400 2700 3547 2753 quem
3574 2686 3771 2753 pulsare

2196 2771 2481 2825 debeamus.
2516 2771 2638 2825 Hcec
2678 2772 2791 2825 ideo
2838 2772 3145 2843 praelocutus
3171 2790 3303 2843 sum,
3336 2792 3398 2829 ne
3439 2784 3485 2828 te
3522 2793 3614 2845 pro
3638 2789 3769 2833 certo

2194 2878 2362 2931 speres
2382 2863 2623 2931 quidquid
2648 2880 2679 2915 a
2700 2880 2777 2916 me
2790 2863 3076 2934 quaesiveris
3105 2864 3427 2929 audituram;
3456 2876 3503 2919 et
3538 2883 3652 2920 cum
3677 2868 3771 2923 hoc

2194 2969 2295 3006 non
2320 2953 2619 3023 provenerit,
2649 2954 2889 3008 audacter
2919 2954 3083 3022 potius
3110 2971 3264 3026 quam
3290 2955 3559 3024 prudenter
3595 2974 3671 3012 me
3696 2959 3774 3028 fe—

2195 3048 2319 3101 cisse
2338 3049 2611 3113 arbitreris,
2635 3049 2768 3119 quod
2795 3049 2881 3102 tibi
2902 3048 3180 3119 quwrendi,
3213 3049 3256 3103 si
3283 3049 3402 3119 quid
3422 3050 3575 3117 voles,
3608 3051 3797 3119 facul-_

2195 3144 2345 3189 latent
2372 3137 2505 3190 dedi.
2554 3136 2664 3190 Hoc
2690 3138 2821 3190 enim
2845 3139 2959 3208 feci,
3008 3155 3111 3192 non
3154 3135 3327 3191 doctor
3373 3143 3638 3209 perfectus,
3677 3143 3773 3195 sed

2196 3241 2311 3277 cum
2339 3226 2578 3280 docendis
2622 3228 2962 3296 perﬁciendus
2984 3270 3000 3295 ,
3048 3230 3255 3283 domina
3283 3231 3466 3284 eximia
3484 3216 3778 3303 meritoque

2194 3314 2500 3367 honorabilis
2546 3316 2599 3368 in
2646 3316 2844 3369 Christo
2883 3333 2942 3369 ac
2987 3318 3307 3387 suscipienda
3354 3320 3482 3387 ﬁlia.
3524 3320 3776 3392 Equidem

2192 3405 2343 3459 etiam
2361 3407 2413 3459 in
2428 3406 2488 3459 iis
2513 3407 2658 3461 rebus
2674 3425 2798 3478 quas
2817 3417 3081 3479 utcumque
3101 3411 3226 3476 scio,
3254 3413 3415 3482 magis
3438 3422 3486 3466 te
3503 3415 3652 3485 cupio
3669 3431 3778 3470 esse

2191 3496 2445 3562 scientem,
2461 3514 2609 3566 quam
2629 3498 2849 3552 scientia:
2871 3509 3056 3553 nostrae
3070 3501 3395 3572 indigentem.
3421 3502 3599 3575 Neque
3618 3507 3775 3573 enim,

2191 3594 2245 3638 ut
2264 3587 2398 3656 quod
2423 3589 2607 3643 scimus
2636 3590 2927 3657 doceamus,
2952 3592 3176 3645 aliorum
3203 3593 3545 3662 ignorantiam
3593 3606 3777 3665 optare

2189 3677 2442 3732 debemus.
2488 3678 2653 3733 Multo
2681 3682 2868 3751 quippe
2916 3682 3095 3737 melius
3145 3699 3318 3739 omnes
3341 3700 3513 3740 sumus
3536 3686 3781 3743 docibiles

2188 3765 2316 3821 Deo.
2346 3768 2524 3839 Pergit
2551 3770 2743 3825 deinde
2764 3772 3132 3829 demonstrare
3160 3775 3453 3844 periculum
3473 3820 3489 3844 ,
3526 3779 3669 3849 quod
3718 3781 3781 3837 in

2189 3858 2306 3913 aliis
2334 3859 2638 3916 erudiendis
2661 3864 2919 3931 comperit
2944 3880 2956 3915 :
2985 3864 3277 3935 cujusillud
3290 3876 3372 3922 est
3389 3867 3490 3924 sibi
3505 3869 3783 3941 singulare

2187 3950 2455 4019 solatium,
2479 3953 2523 4007 si
2550 3955 2739 4009 animae
2761 3955 2815 4008 in
2834 3956 3028 4024 pietate
3052 3958 3122 4011 ita
3158 3960 3455 4028 proﬁciant,
3472 3970 3529 4017 ut
3553 3978 3619 4018 eo
3640 3979 3782 4033 per-

2187 4043 2423 4111 veniant,
2450 4044 2537 4099 ubi
2566 4044 2798 4100 hominis
2834 4045 3067 4102 doctoris
3092 4062 3197 4103 non
3247 4051 3473 4120 amplius
3499 4052 3784 4124 indigeant

2187 4132 2480 4189 ministerio
2502 4134 2688 4207 (Epist.
2718 4136 2871 4208 266).

2255 4227 2309 4281 8.
2350 4226 2478 4282 Cum
2505 4228 2671 4282 altera
2696 4228 2892 4299 puella,
2920 4230 3135 4286 nomine
3154 4230 3368 4288 Fabiola
3388 4274 3404 4301 ,
3430 4234 3499 4289 ad
3521 4250 3651 4291 eum
3677 4253 3783 4294 re-

2183 4318 2454 4387 scribens,
2496 4320 2659 4373 animi
2687 4320 2768 4375 sui
2795 4336 3084 4378 maerorem
3124 4323 3172 4378 ei
3212 4324 3592 4395 signiﬁcasset,
3620 4330 3783 4399 quod

2185 4412 2360 4468 adhuc
2383 4413 2436 4467 in
2466 4413 2566 4469 liae
2595 4422 2805 4470 terrena
2833 4416 3262 4487 peregrinatione
3294 4430 3623 4488 moraretur,
3670 4437 3787 4480 nec

2183 4519 2395 4574 semper
2421 4505 2505 4559 hic
2531 4516 2834 4561 sanctorum
2867 4507 3136 4563 consortio
3161 4507 3265 4563 frui
3292 4508 3499 4579 posset;
3527 4513 3675 4582 quod
3705 4516 3787 4571 ad

2182 4594 2355 4663 ipsum
2376 4596 2748 4666 Augustinum,
2772 4607 2829 4652 ut
2849 4599 3076 4665 videtur,
3099 4598 3365 4656 referebat
3391 4619 3405 4655 :
3432 4602 3479 4656 is
3499 4602 3667 4659 ofﬁcii
3689 4607 3790 4662 sui

2180 4703 2299 4742 esse
2323 4688 2551 4757 putavit,
2580 4690 2629 4743 ei
2654 4690 2947 4746 rescribere
2966 4733 2981 4758 ,
3014 4701 3071 4746 ut
3091 4706 3327 4748 amorem
3346 4734 3360 4759 ,
3394 4709 3500 4764 quo
3523 4695 3612 4749 illa
3640 4712 3789 4768 erga

2179 4796 2267 4835 res
2295 4781 2538 4836 caelestes
2566 4782 2850 4847 ferebatur,
2883 4784 3309 4850 commendaret;
3342 4786 3605 4857 simulque
3645 4804 3788 4845 eam

2181 4869 2425 4936 doceret,
2451 4885 2735 4941 corporum
2766 4874 3102 4943 prmsentiam
3139 4874 3437 4932 animOrum
3463 4881 3793 4947 praesentiae

2181 4976 2301 5017 esse
2326 4963 2742 5032 postponcndam
2774 4962 2963 5037 (Epist.
2991 4965 3138 5036 267).
3168 4966 3294 5023 Haec
3312 4968 3525 5025 Fabiola
3550 4971 3794 5028 videtur

2178 5054 2365 5109 eadem
2395 5069 2513 5109 esse
2533 5096 2547 5121 ,
2577 5070 2735 5125 quam
2764 5056 3120 5128 Hieronymus
3147 5070 3382 5117 sanctam
3418 5062 3579 5117 ﬁliam
3607 5079 3791 5120 suam

2178 5145 2429 5213 appellat,
2452 5145 2577 5199 dum
2599 5145 2666 5200 ad
2686 5146 3042 5202 Marcellinum
3066 5149 3116 5204 in
3140 5150 3315 5206 Africa
3336 5152 3613 5224 degentem
3638 5158 3795 5213 scri-

2176 5231 2255 5287 bit
2281 5249 2420 5287 anno
2447 5230 3269 5306 quadringentesimoundecimo
3291 5251 3382 5296 aut
3403 5244 3794 5315 quadringen-

2175 5324 2368 5378 tesimo
2391 5323 2736 5393 duodecimo,
2766 5342 2922 5396 posse
2947 5329 3094 5383 illum
3122 5330 3190 5386 ab
3225 5331 3339 5400 ipsa
3367 5335 3597 5390 mutuari
3624 5336 3793 5393 duos

2175 5418 2381 5487 priores
2407 5418 2571 5474 libros
2597 5419 2649 5473 in
2676 5420 3043 5489 Ezechielem,
3084 5437 3217 5492 quos
3258 5424 3325 5479 ad
3362 5439 3481 5481 eam
3518 5428 3796 5484 misisset

2174 5507 2764 5580 (Hieron.,Epist.82).
2850 5546 2853 5549 -
3250 5552 3254 5557 .
3376 5558 3381 5567 .

2243 5601 2297 5656 9.
2337 5600 2465 5656 Erat
2489 5601 2934 5674 Hippone-Regio
2960 5604 3131 5674 puella
3160 5605 3422 5675 quaedam,
3452 5617 3601 5677 patre
3632 5624 3793 5679 suo,
3866 5630 3871 5637 ·

2172 5700 2230 5748 ut
2248 5692 2477 5762 videtur,
2507 5696 2723 5758 orbata;
2753 5697 2907 5767 cujus
2932 5697 3091 5751 etiam
3117 5707 3287 5754 mater
3310 5715 3414 5755 non
3440 5702 3791 5772 apparebat.

2170 5784 2423 5849 Ecclesiae
2448 5786 2657 5855 tutelae,
2700 5797 2758 5842 ut
2795 5787 2909 5857 ejus
2946 5788 3198 5846 adversus
3239 5791 3603 5862 improborum
3644 5791 3796 5853 vim
