3990 6360
250 368 361 426 ssa
711 346 751 381 i“

248 478 507 553 prasidio
526 483 783 543 uteretur,
812 472 1179 529 commendata
1204 471 1372 526 fuerat
1394 485 1425 527 a
1447 468 1722 541 spectabili
1746 469 1828 524 vi-

246 586 319 627 ro
339 612 355 637 ,
384 569 538 639 cujus
556 580 749 623 nomen
775 565 844 620 ab
867 562 1159 634 Augustino
1179 562 1428 618 reticetur
1452 578 1466 615 :
1492 560 1766 618 non'enim
1787 561 1833 615 is

248 661 403 725 idem
440 658 684 722 videtur,
711 670 775 710 ac
798 654 1096 709 Benenatus
1122 653 1401 723 episcopus
1419 693 1435 719 ,
1478 652 1567 721 qui
1598 666 1697 706 nec
1734 650 1831 705 viri

245 751 563 824 spectabilis
587 749 801 806 nomine
827 745 1088 801 notandus
1114 754 1290 810 esset,
1321 753 1373 799 et
1400 757 1580 798 curam
1607 742 1752 813 ejus,
1784 743 1831 796 si

246 847 307 901 in
332 846 502 916 ipsius
522 843 710 898 fuisset
729 849 1016 911 potestate,
1048 838 1317 907 suscipere
1345 836 1627 891 debuisset.
1657 835 1832 901 Quan-

146 934 159 977 ἵ
243 953 418 1007 quam
443 950 550 990 non
576 931 944 1003 negaverimus
961 931 1284 985 Benenatum
1306 928 1463 983 istum
1485 927 1623 983 illius
1643 925 1831 996 puella:

245 1026 711 1097 consanguineum
757 1021 919 1077 fuisse
962 1039 976 1075 :
1019 1021 1105 1091 qui
1150 1035 1278 1075 sane
1316 1018 1670 1075 conditionem
1711 1016 1833 1072 huic

244 1120 453 1192 puellae
479 1118 843 1188 propositurus
866 1114 933 1169 ad
956 1113 1303 1184 Augustinum
1325 1112 1551 1181 scripsit.
1580 1109 1830 1180 Augusti-

244 1228 358 1268 nus
382 1226 485 1280 pro
507 1224 634 1265 cura
664 1208 931 1278 prazcipue
957 1204 1167 1275 pupillis
1195 1202 1403 1258 tuendis
1432 1202 1607 1257 debita
1635 1201 1691 1255 in
1717 1200 1831 1268 ejus

248 1303 480 1358 tutelam
505 1300 691 1356 sedulo
719 1297 1027 1354 incumbens
1047 1337 1060 1361 ,
1082 1294 1314 1349 oblatam
1341 1292 1695 1348 conditionem
1732 1290 1833 1345 sibi

248 1408 363 1449 non
398 1392 681 1462 diSplicere
703 1387 1009 1459 respondit;
1041 1385 1132 1442 sed
1158 1384 1387 1456 puellam
1411 1382 1582 1437 adhuc
1607 1396 1726 1436 esse
1751 1390 1833 1434 te-

247 1486 466 1542 neriori
486 1492 661 1550 aetate,
691 1496 848 1552 quam
874 1488 932 1534 ut
954 1480 1196 1549 cuiquam
1221 1484 1401 1547 posset
1425 1465 1673 1545 promitti,
1706 1472 1831 1527 dum

248 1576 624 1638 adolesceret;
651 1573 791 1628 illius
809 1571 1019 1626 interim
1039 1578 1283 1635 matrem,
1304 1566 1454 1636 cujus
1473 1564 1758 1621 auctoritas
1778 1563 1831 1617 in

248 1666 518 1721 tradenda
543 1665 647 1719 ﬁlia
674 1663 879 1719 caeteris
904 1661 1146 1717 omnibus
1170 1667 1310 1714 esset
1332 1655 1701 1726 praeponenda,
1728 1656 1833 1709 for-

248 1772 354 1811 san
385 1756 770 1827 apparituram;
798 1752 1072 1807 meliorem
1102 1749 1236 1803 forte
1258 1747 1614 1803 conditionem
1647 1759 1832 1800 occur-

246 1862 465 1910 suram,
492 1861 645 1916 quam
673 1846 786 1913 ipse
815 1852 1031 1913 propter
1056 1842 1220 1895 Deum
1254 1838 1484 1908 judicent
1524 1837 1599 1891 illi
1637 1850 1829 1906 procu-

246 1954 381 1994 rare
400 1946 700 2002 teneretur;
731 1935 959 2004 denique
981 1934 1237 1987 incertum
1261 1945 1403 1996 esse,
1430 1938 1605 1983 utrum
1630 1928 1830 1983 nubere

244 2032 461 2096 vellet;
490 2030 658 2085 dicere
687 2027 898 2082 solitam
919 2067 933 2091 ,
963 2025 1097 2081 velle
1121 2040 1178 2079 se
1203 2038 1321 2078 esse
1347 2023 1826 2087 sanctimonialem;

244 2132 317 2179 et
344 2121 578 2191 quamvis
604 2119 669 2175 ob
694 2126 904 2173 aetatem
929 2117 992 2171 iis
1014 2132 1120 2171 non
1143 2114 1279 2171 foret
1301 2112 1833 2177 sermonibusadhte-

244 2212 514 2277 rendam,
542 2226 599 2264 se
625 2220 799 2263 tamen
830 2206 1125 2277 praestolari
1152 2205 1376 2272 debere,
1408 2204 1531 2259 dum
1563 2205 1672 2274 ipsa
1709 2205 1831 2259 vita:

246 2304 560 2359 institutum
586 2315 679 2355 sua
704 2308 892 2370 sponte
921 2298 1151 2369 deligere
1176 2298 1364 2353 valeat.
1392 2296 1551 2351 Addit
1576 2295 1826 2362 Felicem,

245 2397 347 2467 qui
373 2395 564 2466 puellze
591 2394 743 2463 hujus
771 2400 1114 2447 materteram
1152 2391 1202 2444 in
1238 2388 1634 2444 matrimonium
1666 2388 1831 2443 duxe-

243 2497 356 2553 rat,
379 2488 595 2558 quicum
615 2501 674 2541 ea
695 2485 760 2540 de
779 2500 836 2539 re
858 2484 1160 2539 necessario
1179 2497 1478 2538 sermonem
1499 2482 1825 2546 contulisset,

243 2580 488 2635 oblatam
528 2577 881 2633 conditionem
907 2575 1314 2646 comprobasse,
1340 2574 1459 2643 jure
1489 2583 1662 2628 tamen
1692 2572 1824 2626 ami-

241 2673 391 2726 citiae
406 2670 573 2725 fuisse
585 2676 950 2738 conquestum,
975 2666 1115 2737 quod
1138 2666 1211 2720 nil
1235 2665 1333 2720 hac
1351 2663 1416 2719 de
1434 2679 1493 2719 re
1514 2679 1606 2733 per
1625 2664 1827 2718 litteras

244 2761 551 2831 accepisset
577 2758 765 2829 (Epist.
787 2758 939 2828 254).
967 2758 1209 2827 Paganus
1231 2754 1441 2825 quidam
1468 2753 1707 2825 (Rustico
1728 2768 1826 2807 no-

243 2866 379 2906 men
404 2848 542 2920 erat)
572 2849 705 2902 hanc
734 2847 964 2917 puellam
992 2846 1140 2917 petiit
1166 2844 1219 2899 in
1245 2844 1565 2899 connubium
1600 2842 1707 2896 lilio
1731 2857 1827 2897 suo

242 2944 458 3014 pariter
480 2956 698 3012 pagano,
727 2941 817 3011 qui
852 2954 952 2995 nec
980 2953 1039 2994 sc
1067 2937 1408 2994 christianam
1439 2935 1595 2989 ﬁdem
1622 2934 1825 3003 ample-

248 3048 456 3088 xurum
481 3047 590 3088 esse
615 3030 979 3102 pollicebatur.
1008 3030 1202 3083 Verum
1228 3026 1549 3096 Augustinus
1572 3025 1639 3078 ab
1664 3039 1726 3079 ea
1751 3024 1825 3077 illi

247 3126 510 3182 tradenda
549 3126 833 3195 plurimum
870 3120 1221 3186 abhorrebat,
1254 3128 1312 3173 ut
1348 3119 1459 3189 ipse
1484 3117 1699 3172 Rustico
1732 3132 1827 3186 per

242 3219 456 3273 litteras
500 3214 809 3286 signiﬁcavit
855 3210 1044 3284 (Epist.
1087 3208 1248 3281 255),
1293 3217 1485 3279 praeter
1519 3221 1580 3261 ea
1619 3222 1737 3276 quae
1770 3206 1826 3261 in

240 3309 475 3379 epistola
504 3306 571 3360 ad
600 3307 923 3360 Benenatum
949 3303 1258 3372 episcopum
1292 3300 1554 3354 indicasse
1594 3313 1652 3353 se
1675 3298 1822 3364 dicit,

242 3399 440 3470 quibus
467 3397 533 3451 de
556 3396 704 3450 illius
735 3393 922 3464 puellae
947 3391 1208 3447 connubio
1240 3398 1363 3445 tunc
1387 3389 1641 3458 temporis
1670 3387 1823 3457 quid-

242 3505 404 3561 quam
428 3486 698 3558 Spondere
723 3482 1120 3555 prohibebatur.
1147 3481 1245 3534 Vix
1270 3478 1600 3545 adducimur,
1630 3487 1685 3533 ut
1709 3492 1826 3533 cre-

242 3583 436 3637 damus
466 3579 608 3633 hanc
632 3578 799 3646 ipsam
828 3574 1183 3630 conditionem
1212 3585 1360 3634 esse,
1393 3586 1549 3641 quam
1575 3569 1823 3640 Augusti-

240 3688 346 3728 nus
372 3672 425 3726 in
451 3668 677 3740 epistola
716 3665 781 3720 ad
806 3666 1166 3727 Benenatum,
1195 3671 1253 3716 ut
1289 3660 1545 3725 diximus,
1585 3659 1824 3715 absolute

239 3762 345 3818 sibi
372 3759 637 3830 placuisse
665 3763 906 3811 testatur.
939 3752 1008 3814 Ut
1039 3752 1180 3806 enim
1207 3750 1505 3805 Benenatus
1540 3748 1684 3802 illam
1710 3749 1822 3803 Au-

240 3850 454 3922 gustino
474 3846 879 3918 proposuisset,
907 3858 969 3898 ea
990 3850 1193 3897 tantum
1218 3841 1356 3911 lege,
1387 3847 1444 3893 ut
1466 3838 1665 3894 Rustici
1684 3838 1824 3893 filius

242 3943 592 3998 christianam
622 3938 783 3993 ﬁdem
812 3937 1105 4007 susciperet
1132 3952 1143 3987 :
1174 3943 1348 4017 tamen
1374 3933 1697 4003 Augustinus
1722 3931 1825 3986 cir-

242 4032 625 4090 cumstantiam
661 4029 795 4084 adeo
829 4041 1040 4098 gravem
1075 4026 1291 4081 minimc
1318 4025 1583 4079 tacuisset.
1627 4023 1703 4078 De
1729 4038 1821 4079 ea-

240 4126 399 4190 dem,
436 4135 499 4179 ut
523 4122 758 4188 videtur,
790 4120 962 4191 puella
986 4118 1177 4174 Felicis
1206 4127 1364 4187 nepte
1398 4115 1538 4171 idem
1572 4115 1720 4170 Felix
1755 4115 1823 4170 ad

240 4216 599 4285 Augustinum
625 4213 936 4281 scripserat,
968 4218 1021 4265 et
1046 4207 1350 4280 spectabilis
1375 4206 1507 4273 viri,
1539 4221 1568 4260 a
1594 4220 1697 4276 quo
1714 4205 1821 4261 Ec-

242 4310 418 4366 clesia:
445 4310 621 4363 fuerat
647 4305 947 4369 commissa,
980 4302 1183 4357 litteras
1205 4300 1273 4355 ad
1298 4314 1417 4355 eum
1444 4299 1680 4354 miserat.
1712 4297 1821 4352 Re-

249 4401 431 4457 scribit
459 4396 789 4467 Augustinus
815 4410 873 4451 se
895 4436 912 4463 ,
957 4407 1078 4448 cum
1118 4391 1256 4446 hanc
1297 4391 1547 4461 pupillam
1576 4390 1821 4460 cuiquam

247 4490 442 4562 passim
471 4486 806 4542 committere
834 4498 940 4538 non
966 4481 1177 4546 audeat,
1208 4480 1490 4536 adventum
1513 4481 1647 4551 ejus,
1672 4482 1823 4553 cujus

249 4585 448 4641 litteras
477 4581 547 4635 ad
573 4594 632 4634 se
656 4578 920 4644 misisset,
953 4581 1414 4646 exspectaturum;
1441 4573 1566 4644 quid
1591 4574 1729 4629 facto
1754 4575 1822 4631 sit

250 4690 376 4745 opus
390 4688 578 4730 coram
600 4672 690 4726 illo
706 4670 1115 4725 deliberaturum
1135 4682 1149 4733 ;
1172 4666 1537 4736 facturamque
1560 4667 1699 4735 quod
1718 4667 1823 4722 Do-

248 4768 421 4824 minus
452 4763 751 4820 faeiendum
773 4776 892 4817 esse
917 4759 1249 4831 inspiraverit
1278 4757 1470 4829 (Epist.
1493 4756 1642 4828 252).
1671 4758 1819 4813 Hand

249 4862 445 4916 scimus
466 4898 483 4924 ,
507 4872 576 4912 an
596 4856 664 4911 de
686 4854 870 4910 eadem
895 4852 1067 4908 adhuc
1090 4852 1263 4922 puella
1286 4851 1481 4907 scribat
1498 4851 1823 4921 Augustinus

247 4952 309 5007 ad
331 4952 667 5005 Benenatum
688 4986 705 5014 ,
733 4945 998 5001 audivisse
1028 4958 1121 5007 se.
1150 4942 1290 5013 quod
1318 4943 1387 4998 de
1414 4943 1624 5012 negotio
1650 4953 1822 4997 trans-

244 5044 436 5116 igendo
462 5041 738 5111 cogitaret.
770 5037 1017 5094 Testatur
1043 5035 1229 5090 adduci
1258 5048 1315 5089 se
1342 5049 1449 5089 non
1474 5048 1651 5105 posse,
1683 5040 1743 5088 ut
1768 5032 1821 5088 id

243 5136 341 5191 sibi
383 5129 736 5204 persuadeat;
780 5128 825 5182 si
866 5136 1044 5183 tamen
1086 5140 1269 5180 verum
1307 5125 1407 5191 sit,
1453 5139 1608 5178 nosse
1646 5123 1818 5192 ipsum

241 5222 693 5297 quemadmodum
721 5219 973 5274 Ecclesiae
1011 5217 1287 5273 consulere
1305 5256 1319 5280 ,
1356 5229 1418 5269 ac
1457 5223 1659 5269 tantum
1697 5227 1821 5267 cum

239 5315 508 5372 catholica
530 5313 691 5369 domo
710 5352 726 5379 ,
752 5326 869 5381 qua:
893 5324 999 5366 non
1025 5307 1232 5373 obesse,
1262 5306 1357 5362 scd
1384 5305 1632 5373 prodesse
1656 5305 1823 5375 possit

242 5409 521 5475 Ecclesia,
554 5404 847 5475 transigere
874 5402 1063 5458 debeat
1092 5400 1280 5473 (Epist.
1308 5398 1454 5469 255).

883 5494 1106 5551 CAPUT
1146 5493 1234 5548 IX.

248 5597 271 5652 l
315 5594 685 5649 Madaurenses
710 5590 776 5644 ad
795 5588 1117 5657 christianam
1134 5585 1422 5655 religionem
1443 5583 1698 5637 traducere
1717 5591 1819 5635 stu-

312 5689 415 5741 det.
459 5686 496 5739 2
518 5684 645 5740 Cum
667 5682 982 5753 Longiniano
1009 5694 1201 5749 quoque
1226 5692 1421 5747 pagano
1446 5673 1700 5728 sacerdote
1734 5689 1821 5743 per

311 5782 507 5835 litteras
529 5779 653 5849 agit,
684 5785 739 5831 ut
768 5791 873 5831 eam
894 5774 1239 5842 amplectatur.
1278 5770 1311 5825 ὅ
1338 5768 1615 5824 Maximam
1636 5768 1821 5825 exortis

1619 356 1819 414 LIBER
1854 352 2190 427 QUARTUS.

2007 469 2060 524 in
2085 470 2339 541 prouincia
2363 486 2457 526 sua
2482 471 2731 529 erroribus
2754 475 3089 546 perturbatam
3122 480 3314 538 solatur
3343 491 3391 539 et
3411 502 3500 541 ro-

2010 564 2169 617 borat.
2214 564 2249 619 4
2283 564 2410 621 Cum
2446 566 2650 623 diversis
2683 570 2925 625 htereticis
2960 572 3014 625 in
3053 582 3301 630 certamen
3334 579 3463 633 venit
3480 596 3502 635 :

2005 665 2180 709 contra
2218 661 2481 727 quemdam
2517 675 2548 714 e
2584 657 2885 716 Novatianis
2924 662 3095 719 scribit
3135 666 3203 719 ad
3241 667 3501 724 Seleucia-

2005 762 2141 799 nam.
2178 747 2213 802 5
2239 746 2722 804 Tutuliianistm
2752 751 2954 808 hteresis
2977 770 3033 808 eo
3061 766 3299 823 prasente
3317 757 3501 814 deleta.

2006 836 2039 891 6
2064 836 2292 891 Abelonii
2328 855 2519 909 quoque
2545 856 2632 899 seu
2652 841 2889 895 Abeloita:
2913 842 2966 897 in
3000 843 3315 915 Hipponensi
3342 856 3504 903 tractu

2005 928 2277 983 ministerio
2305 938 2352 983 et
2377 929 2545 985 labore
2570 931 2727 1001 ipsius
2750 932 2953 986 sublati.

2007 1018 2059 1072 1.
2102 1019 2179 1073 Ex
2207 1020 2318 1075 suis
2346 1021 2679 1089 potissimum
2719 1023 3094 1080 certaminibus
3120 1040 3240 1081 cum
3265 1028 3502 1086 hostibus

1935 1108 2186 1165 Ecclesia:
2212 1111 2404 1167 nobilis
2428 1122 2482 1167 et
2500 1113 2672 1169 clarus
2698 1114 2862 1168 evasit
2881 1116 3223 1185 Augustinus.
3249 1116 3502 1174 Ethnicos

1934 1215 2054 1256 cum
2084 1202 2201 1256 aliis
2228 1202 2672 1261 lucubrationibus
2692 1247 2706 1271 ,
2740 1214 2849 1261 tum
2876 1208 3105 1263 maxime
3134 1224 3294 1278 Opere
3323 1210 3390 1265 de
3417 1210 3502 1265 Ci-

1935 1292 2094 1348 vitate
2121 1293 2215 1349 Dei
2242 1292 2445 1349 fortiter
2469 1294 2810 1366 impugnavit.
2846 1296 2979 1351 Cum
3004 1298 3209 1354 cuidam
3235 1298 3500 1355 Florenti-

1935 1397 2038 1449 no,
2076 1384 2165 1452 qui
2204 1398 2337 1437 unus
2365 1399 2395 1438 e
2423 1383 2685 1439 Madaurte
2725 1387 3028 1455 proceribus
3070 1388 3230 1443 fuisse
3272 1389 3497 1456 videtur,

1935 1472 2172 1543 Hippone
2197 1474 2462 1543 quidpiam
2489 1476 2681 1545 negotii
2708 1486 2879 1545 esset,
2910 1492 3096 1533 omnes
3120 1479 3264 1534 urbis
3289 1480 3501 1537 ordines

1932 1578 2029 1634 per
2053 1580 2173 1619 eum
2198 1567 2519 1635 scripserunt
2540 1568 2851 1637 Augustino,
2885 1579 2943 1623 ut
2967 1570 3065 1639 ipsi
3090 1571 3143 1625 in
3168 1572 3379 1642 negotio
3403 1573 3501 1627 ad-

1934 1669 2052 1710 esse
2071 1656 2390 1724 dignaretur.
2424 1656 2547 1711 Htcc
2569 1668 2682 1711 erat
2706 1659 2999 1713 litterarum
3027 1660 3327 1730 inscriptio,
3356 1660 3503 1718 Patri

1932 1748 2226 1817 Augustino,
2249 1749 2303 1801 in
2319 1748 2534 1803 Domino
2553 1758 2789 1803 wternam
2807 1751 3050 1817 salutem;
3073 1754 3387 1824 subscriptio
3407 1770 3502 1810 au-

1935 1845 2040 1893 tem
2062 1878 2076 1901 ,
2111 1837 2353 1907 Optamus
2380 1848 2424 1892 te
2442 1880 2456 1904 ,
2489 1839 2687 1894 domine
2707 1879 2720 1903 ,
2754 1841 2806 1893 in
2829 1839 2937 1894 Deo
2961 1850 3006 1894 et
3028 1841 3223 1897 Christo
3245 1845 3378 1913 ejus,
3412 1863 3501 1915 per

1931 1930 2115 1982 multos
2147 1946 2304 1984 annos
2332 1947 2522 2000 semper
2546 1933 2600 1984 in
2627 1930 2761 1985 clero
2786 1941 2871 1985 tuo
2899 1933 3134 2001 gaudere.
3161 1934 3275 1989 Jam
3297 1936 3497 2004 pridem

1933 2018 2141 2073 dolebat
2160 2020 2479 2087 Augustinus
2506 2021 2641 2074 idola
2670 2036 2776 2075 non
2802 2022 2966 2091 magis
2995 2023 3049 2076 in
3076 2023 3497 2082 Madaurensium

1934 2110 2164 2178 templis,
2187 2125 2341 2179 quam
2372 2111 2424 2164 in
2448 2126 2631 2165 eorum
2653 2112 2900 2167 cordibus
2924 2113 3140 2168 includi.
3170 2116 3500 2187 Quapropter

1932 2200 2168 2269 epistola:
2200 2201 2406 2256 titulum
2437 2202 2654 2257 miratus
2680 2210 2778 2257 est.
2825 2204 2986 2258 Tanta
3010 2222 3097 2276 spe
3127 2208 3289 2261 subito
3312 2219 3502 2266 erectus

1929 2307 2061 2355 sum,
2090 2291 2276 2361 inquit,
2308 2300 2359 2344 ut
2378 2292 2625 2347 crederent
2649 2310 2734 2347 vos
2756 2294 2824 2346 ad
2847 2294 3013 2363 ipsum
3038 2295 3332 2366 Dominum,
3363 2307 3409 2353 et
3432 2300 3501 2353 ad

1930 2381 2093 2451 ipsam
2117 2390 2354 2435 (eternam
2377 2383 2607 2448 salutent,
2632 2393 2717 2436 aut
2733 2385 2847 2452 jam
2873 2400 2977 2439 esse
3001 2402 3279 2453 conversos,
3304 2398 3391 2442 aut
3410 2406 3500 2459 per

1931 2482 2153 2528 nostrum
2192 2474 2517 2527 ministerium
2557 2475 2839 2530 desiderare
2866 2480 3098 2531 converti.
3144 2480 3250 2534 Sed
3285 2481 3371 2535 ubi
3403 2483 3503 2554 legi

1930 2576 2128 2630 caetera,
2167 2564 2394 2634 refriguit
2434 2565 2627 2619 animus
2666 2582 2821 2619 meus.
2857 2566 3071 2632 Quasivi
3110 2577 3273 2624 tamen
3305 2572 3368 2625 ab
3397 2573 3501 2643 epi-

1930 2656 2072 2709 stolae
2096 2656 2361 2725 perlatore,
2392 2664 2557 2709 utrum
2569 2657 2682 2726 jam
2708 2657 2783 2710 vel
2807 2659 2973 2713 essetis
2994 2658 3272 2727 christiani,
3303 2661 3380 2716 vel
3398 2678 3503 2718 esse

1929 2746 2190 2815 cuperetis.
2234 2744 2391 2814 Cujus
2422 2746 2743 2815 responsione
2773 2756 3091 2817 posteaquam
3123 2750 3373 2821 comperi,
3413 2768 3502 2806 ne-

1929 2851 2178 2905 quaquam
2204 2851 2287 2889 vos
2313 2851 2416 2889 esse
2442 2844 2659 2890 mutatos
2672 2851 2694 2900 ;
2722 2838 2921 2907 gravius
2958 2839 3124 2905 dolui,
3160 2841 3293 2909 quod
3318 2841 3502 2899 Christi

1929 2943 2130 2991 nomen,
2160 2928 2240 2980 cui
2255 2928 2369 2996 jant
2398 2936 2553 2981 totum
2578 2928 2745 2981 orbem
2772 2928 3046 2999 subjectum
3073 2948 3178 2985 esse
3195 2933 3499 3004 conspicitis,

1931 3035 2031 3073 non
2055 3022 2217 3075 solum
2244 3040 2276 3076 a
2302 3025 2434 3081 vobis
2463 3025 2825 3095 repellendum,
2855 3028 2943 3081 sed
2969 3030 3115 3082 etiam
3140 3029 3191 3082 in
3216 3029 3356 3083 nobis
3378 3031 3498 3085 irri-

1929 3109 2148 3164 dendum
2197 3130 2300 3168 esse
2344 3115 2621 3169 credidistis
2643 3157 2658 3183 ,
2701 3116 2820 3170 dum
2867 3118 2990 3171 mihi
3036 3117 3269 3189 (negotia
3304 3120 3500 3193 vestra)

1929 3203 2156 3256 curanda
2182 3204 2455 3274 imponitis.
2500 3206 2808 3261 Florentino
2846 3208 3183 3265 nihilominus
3224 3210 3370 3265 omni
3399 3225 3502 3281 ope

1927 3292 2122 3358 adfuit;
2166 3293 2260 3349 sed
2309 3294 2412 3349 tale
2454 3297 2721 3366 negotium
2759 3307 2904 3363 erat,
2948 3297 3088 3367 quod
3135 3298 3290 3355 facile
3323 3299 3501 3373 peragi

1926 3393 2126 3454 posset.
2165 3384 2519 3452 Quamobrem
2560 3388 2850 3442 immissam
2884 3389 3046 3444 fuisse
3083 3405 3115 3443 a
3144 3390 3254 3445 Deo
3281 3390 3499 3447 Madau-

1924 3475 2170 3530 rensibus
2192 3475 2259 3529 ad
2285 3491 2342 3531 se
2362 3477 2623 3532 scribendi
2646 3486 2879 3533 mentem
2900 3478 3154 3548 credidit,
3186 3489 3242 3535 ut
3260 3482 3499 3537 veritatis

1924 3565 2031 3621 illis
2057 3567 2434 3622 annuntianda:
2464 3567 2564 3622 sibi
2592 3569 3038 3638 opportunitatem
3077 3570 3311 3626 oﬂ'errct.
3344 3570 3502 3627 Obla-

1928 3667 2032 3712 tam
2055 3659 2213 3728 igitur
2232 3660 2485 3728 arripuit;
2508 3670 2564 3715 et
2582 3660 2667 3714 ubi
2691 3660 2921 3716 ostendit
2940 3661 3183 3717 illusores
3199 3676 3291 3717 eos
3312 3662 3498 3732 fuisse,

1925 3762 2045 3803 cum
2065 3747 2263 3803 Christi
2285 3751 2499 3805 nomine
2520 3751 2619 3805 sibi
2642 3751 2898 3806 honorem
2924 3760 2977 3805 et
2998 3751 3385 3807 observantiam
3408 3768 3499 3807 cx-

1924 3841 2110 3897 hibere
2127 3842 2466 3908 simularunt,
2498 3844 2542 3897 si
2566 3842 2757 3899 Christi
2783 3845 2964 3899 hostes
2984 3844 3153 3899 adhuc
3175 3845 3496 3912 existerent;

1924 3931 2123 4003 aliquot
2150 3933 2474 4003 argumentis
2499 3933 2839 3988 christianam
2862 3934 3169 4004 religionem
3193 3935 3402 4003 asserit,
3431 3935 3499 3990 ad

1924 4039 2080 4094 quam
2107 4025 2526 4094 amplectendam
2557 4040 2649 4081 eos
2678 4025 3019 4092 adhortatur;
3056 4026 3196 4095 quod
3234 4035 3411 4081 tamen
3438 4040 3499 4081 se

1924 4128 2045 4169 cum
2077 4124 2306 4169 tremore
2346 4115 2522 4170 cordis
2559 4131 2657 4186 pro
2696 4116 2775 4171 eis
2815 4114 2989 4171 facere
3026 4117 3319 4186 proﬁtetur.
3366 4114 3499 4170 Novi

1925 4206 2085 4272 enim,
2114 4206 2306 4277 inquit,
2337 4217 2523 4275 quanto
2548 4208 2824 4277 graviorem
2861 4217 2907 4262 et
2933 4208 3335 4278 perniciosiorem
3372 4222 3497 4260 cau-

1923 4316 2033 4355 sam
2056 4300 2165 4354 sitis
2192 4301 2406 4354 Itabituri
2435 4302 2571 4371 apud
2596 4300 2793 4368 Deum,
2823 4301 2867 4355 si
2900 4305 3090 4371 frustra
3124 4300 3259 4355 vobis
3284 4300 3390 4355 haec
3414 4301 3496 4354 di-

1922 4408 2063 4447 xero.
2086 4392 2199 4445 Erit
2214 4394 2344 4446 enim
2361 4394 2496 4447 testis
2516 4393 2726 4460 aﬂ'ectus
2744 4394 2797 4447 in
2816 4409 2900 4447 vos
2918 4393 3082 4447 cordis
3098 4393 3213 4462 mei,
3236 4409 3326 4464 per
3342 4393 3496 4462 hanc,

1923 4491 2166 4551 quantum
2194 4482 2359 4552 potui,
2394 4483 2630 4554 paginam
2653 4498 2914 4553 expressus
2944 4498 2961 4536 :
2991 4483 3081 4536 erit
3113 4483 3249 4536 testis
3280 4482 3415 4537 vobis
3440 4484 3497 4537 in

1914 4572 2112 4643 judicio
2131 4573 2241 4643 ejus
2260 4614 2274 4640 ,
2307 4573 2391 4642 qui
2418 4572 2669 4626 credentes
2695 4574 2788 4627 sibi
2816 4573 3201 4642 conﬁrmaturus
3237 4584 3308 4629 est
3344 4581 3391 4628 et
3417 4575 3499 4628 in—

1923 4662 2151 4717 credulos
2180 4665 2499 4735 confusurus.
2534 4663 2637 4717 Eos
2676 4671 2729 4717 ct
2765 4662 2956 4717 fratres
2996 4677 3121 4718 suos
3160 4670 3214 4718 et
3248 4671 3497 4734 parentes

1923 4764 2222 4823 nuncupat,
2251 4753 2320 4809 ob
2345 4756 2479 4808 hanc
2506 4752 2730 4809 fortasse
2756 4768 2968 4808 causam
2988 4795 3003 4821 ,
3030 4753 3171 4823 quod
3198 4769 3331 4824 puer
3358 4753 3497 4809 litte-

1924 4861 2013 4901 ras
2040 4844 2177 4914 apud
2213 4845 2489 4901 Madauras
2527 4845 2816 4900 didicisset.
2861 4845 3211 4916 Imperatores
3247 4847 3392 4915 ipsos
3427 4844 3496 4900 ad

1925 4936 2199 5007 piscatoris
2226 4936 2369 4991 Petri
2411 4936 2714 5005 sepulcrum
2743 4935 3006 4991 submisso
3042 4935 3337 4990 diademate
3368 4949 3492 5004 sup-

1922 5031 2119 5101 plicare
2140 5037 2399 5085 memorat
2421 5029 2476 5084 in
2499 5029 2564 5084 iis
2587 5028 2805 5095 litteris;
2833 5027 3125 5096 eodemque
3148 5026 3265 5080 loco
3289 5038 3347 5079 se
3371 5033 3493 5095 post

1924 5123 2067 5194 leges
2082 5123 2138 5177 in
2160 5122 2295 5177 idola
2313 5136 2452 5176 anno
2468 5120 2838 5176 trecentesimo
2851 5117 3190 5187 nonagesimo
3210 5130 3351 5170 nono
3365 5129 3493 5171 con-

1924 5213 2132 5269 stitutas
2166 5212 2429 5278 scribere,
2458 5224 2562 5265 non
2588 5210 2810 5265 obscure
2838 5207 3097 5277 signiﬁcat
3126 5204 3314 5278 (Epist.
3337 5204 3489 5277 252).

1994 5303 2049 5357 2.
2088 5304 2220 5357 Cum
2247 5302 2573 5371 Longiniano
2592 5341 2606 5366 ,
2635 5313 2835 5368 pagano
2872 5297 3121 5363 homine,
3152 5305 3207 5351 et
3231 5297 3491 5354 idolorum

1924 5398 2005 5467 (ut
2026 5396 2267 5465 apparet)
2293 5392 2539 5463 pontiﬁce
2572 5404 2885 5459 congressus
2908 5387 3220 5459 aliquando,
3253 5388 3305 5443 in
3337 5388 3495 5458 hujus

1924 5488 2173 5557 colloquii
2194 5487 2337 5541 velut
2355 5484 2573 5555 speculo
2595 5483 2851 5553 inspexit,
2878 5496 2997 5537 eum
3022 5496 3308 5552 agnoscere
3328 5480 3494 5535 Deum

1923 5595 2042 5637 esse
2065 5578 2341 5653 colendum
2363 5619 2378 5644 ,
2407 5577 2541 5632 bene
2571 5574 2767 5629 sentire
2792 5573 2856 5628 de
2880 5572 3091 5628 Christo
3108 5614 3123 5639 ,
3153 5569 3219 5625 ad
3245 5571 3492 5626 virtutem

1923 5674 2085 5731 etiam
2110 5688 2175 5728 ex
2200 5672 2377 5731 animo
2405 5668 2695 5738 adSpirare.
2732 5665 2941 5736 Optima
2977 5679 3105 5720 sane
3143 5663 3257 5717 haec
3280 5672 3397 5717 erat
3424 5661 3492 5716 ad

1924 5767 2070 5825 illam
2110 5765 2284 5837 reipsa
2324 5758 2748 5833 consequendam
2784 5758 2945 5825 animi
2980 5754 3307 5816 constitutio.
3352 5751 3493 5818 Qua-
