  <div class='ocr_page' id='page_1' title='image "/cluster/home/n/w/nwhite01/storage/ocr_20150623/32/hvd.32044015706328/131.png"; bbox 0 0 3990 6360; ppageno 0'>
   <div class='ocr_carea' id='block_1_1' title="bbox 500 445 2076 525">
    <p class='ocr_par' dir='ltr' id='par_1_1' title="bbox 500 445 2076 525">
     <span class='ocr_line' id='line_1_1' title="bbox 500 445 2076 525; baseline -0.011 -9"><span class='ocrx_word' id='word_1_1' title='bbox 500 447 1699 525; x_wconf 55' lang='grc' dir='ltr'><strong>ωωωωμκῳωε,</strong></span> <span class='ocrx_word' id='word_1_2' title='bbox 1724 447 1927 517; x_wconf 58' lang='grc' dir='ltr'>ωιῴθε</span> <span class='ocrx_word' id='word_1_3' title='bbox 1950 445 2076 500; x_wconf 81' lang='lat' dir='ltr'><strong>ned-</strong></span> 
     </span>
    </p>
   </div>
   <div class='ocr_carea' id='block_1_2' title="bbox 494 540 2077 617">
    <p class='ocr_par' dir='ltr' id='par_1_2' title="bbox 494 540 2077 617">
     <span class='ocr_line' id='line_1_2' title="bbox 494 540 2077 617; baseline -0.006 -13"><span class='ocrx_word' id='word_1_4' title='bbox 494 546 1099 617; x_wconf 58' lang='lat' dir='ltr'><strong>mnbatmiun.</strong></span> <span class='ocrx_word' id='word_1_5' title='bbox 1113 542 1405 599; x_wconf 62' lang='lat' dir='ltr'><strong>{licentem</strong></span> <span class='ocrx_word' id='word_1_6' title='bbox 1418 550 1567 597; x_wconf 76' lang='lat' dir='ltr'><strong>ratus</strong></span> <span class='ocrx_word' id='word_1_7' title='bbox 1581 540 1780 596; x_wconf 76' lang='lat' dir='ltr'><strong>amicos</strong></span> <span class='ocrx_word' id='word_1_8' title='bbox 1799 554 1903 594; x_wconf 81' lang='lat' dir='ltr'><strong>non</strong></span> <span class='ocrx_word' id='word_1_9' title='bbox 1925 554 2077 608; x_wconf 85' lang='lat' dir='ltr'><strong>posse</strong></span> 
     </span>
    </p>
   </div>
   <div class='ocr_carea' id='block_1_3' title="bbox 494 632 2076 704">
    <p class='ocr_par' dir='ltr' id='par_1_3' title="bbox 494 632 2076 704">
     <span class='ocr_line' id='line_1_3' title="bbox 494 632 2076 704; baseline -0.008 -9"><span class='ocrx_word' id='word_1_10' title='bbox 494 640 822 703; x_wconf 61' lang='lat' dir='ltr'><strong>[amussim</strong></span> <span class='ocrx_word' id='word_1_11' title='bbox 839 638 949 693; x_wconf 70' lang='lat' dir='ltr'><strong>ulla</strong></span> <span class='ocrx_word' id='word_1_12' title='bbox 970 636 1044 693; x_wconf 74' lang='lat' dir='ltr'><strong>de</strong></span> <span class='ocrx_word' id='word_1_13' title='bbox 1064 651 1130 691; x_wconf 84' lang='lat' dir='ltr'><em>re</em></span> <span class='ocrx_word' id='word_1_14' title='bbox 1156 634 1383 704; x_wconf 62' lang='lat' dir='ltr'><strong>colloqui</strong></span> <span class='ocrx_word' id='word_1_15' title='bbox 1403 676 1418 701; x_wconf 93' lang='lat'><strong>,</strong></span> <span class='ocrx_word' id='word_1_16' title='bbox 1446 648 1601 703; x_wconf 73' lang='lat' dir='ltr'><strong>quam</strong></span> <span class='ocrx_word' id='word_1_17' title='bbox 1634 632 1706 686; x_wconf 73' lang='lat' dir='ltr'><strong>de</strong></span> <span class='ocrx_word' id='word_1_18' title='bbox 1740 632 1933 689; x_wconf 74' lang='lat' dir='ltr'><strong>uiodiis</strong></span> <span class='ocrx_word' id='word_1_19' title='bbox 1952 632 2076 699; x_wconf 67' lang='lat' dir='ltr'><strong>qui-</strong></span> 
     </span>
    </p>
   </div>
   <div class='ocr_carea' id='block_1_4' title="bbox 498 725 2076 797">
    <p class='ocr_par' dir='ltr' id='par_1_4' title="bbox 498 725 2076 797">
     <span class='ocr_line' id='line_1_4' title="bbox 498 725 2076 797; baseline -0.011 -6"><span class='ocrx_word' id='word_1_20' title='bbox 498 731 602 795; x_wconf 65' lang='lat' dir='ltr'><strong>bus</strong></span> <span class='ocrx_word' id='word_1_21' title='bbox 622 730 751 789; x_wconf 63' lang='lat' dir='ltr'><strong>bimi</strong></span> <span class='ocrx_word' id='word_1_22' title='bbox 770 728 1020 797; x_wconf 69' lang='lat' dir='ltr'><strong>beatique</strong></span> <span class='ocrx_word' id='word_1_23' title='bbox 1040 727 1230 791; x_wconf 61' lang='lat' dir='ltr'><strong>simius,</strong></span> <span class='ocrx_word' id='word_1_24' title='bbox 1259 725 1549 779; x_wconf 62' lang='lat' dir='ltr'><strong>litteraturam</strong></span> <span class='ocrx_word' id='word_1_25' title='bbox 1577 739 1738 793; x_wconf 83' lang='lat' dir='ltr'><strong>super</strong></span> <span class='ocrx_word' id='word_1_26' title='bbox 1762 737 1821 777; x_wconf 82' lang='lat' dir='ltr'><strong>ea</strong></span> <span class='ocrx_word' id='word_1_27' title='bbox 1848 738 1906 775; x_wconf 88' lang='lat' dir='ltr'><strong>re</strong></span> <span class='ocrx_word' id='word_1_28' title='bbox 1924 737 2076 775; x_wconf 84' lang='lat' dir='ltr'><strong>com-</strong></span> 
     </span>
    </p>
   </div>
   <div class='ocr_carea' id='block_1_5' title="bbox 496 815 2077 889">
    <p class='ocr_par' dir='ltr' id='par_1_5' title="bbox 496 815 2077 889">
     <span class='ocr_line' id='line_1_5' title="bbox 496 815 2077 889; baseline -0.008 -7"><span class='ocrx_word' id='word_1_29' title='bbox 496 824 755 883; x_wconf 68' lang='lat' dir='ltr'><strong>mercium</strong></span> <span class='ocrx_word' id='word_1_30' title='bbox 780 836 910 879; x_wconf 64' lang='lat' dir='ltr'><strong>eum</strong></span> <span class='ocrx_word' id='word_1_31' title='bbox 930 818 1266 889; x_wconf 51' lang='lat' dir='ltr'><strong>Longinum</strong></span> <span class='ocrx_word' id='word_1_32' title='bbox 1296 816 1524 872; x_wconf 74' lang='lat' dir='ltr'><strong>libenter</strong></span> <span class='ocrx_word' id='word_1_33' title='bbox 1560 816 1698 870; x_wconf 74' lang='lat' dir='ltr'><strong>iniit.</strong></span> <span class='ocrx_word' id='word_1_34' title='bbox 1738 815 1944 870; x_wconf 57' lang='lat' dir='ltr'><strong>{denseo</strong></span> <span class='ocrx_word' id='word_1_35' title='bbox 1976 830 2077 884; x_wconf 84' lang='lat' dir='ltr'><strong>per</strong></span> 
     </span>
    </p>
   </div>
   <div class='ocr_carea' id='block_1_6' title="bbox 503 906 2075 983">
    <p class='ocr_par' dir='ltr' id='par_1_6' title="bbox 503 906 2075 983">
     <span class='ocr_line' id='line_1_6' title="bbox 503 906 2075 983; baseline -0.007 -12"><span class='ocrx_word' id='word_1_36' title='bbox 503 916 704 971; x_wconf 78' lang='lat' dir='ltr'><strong>litteras</strong></span> <span class='ocrx_word' id='word_1_37' title='bbox 724 915 790 968; x_wconf 90' lang='lat' dir='ltr'><strong>ab</strong></span> <span class='ocrx_word' id='word_1_38' title='bbox 810 928 873 968; x_wconf 89' lang='lat' dir='ltr'><strong>co</strong></span> <span class='ocrx_word' id='word_1_39' title='bbox 896 911 1079 983; x_wconf 84' lang='lat' dir='ltr'><strong>petiit,</strong></span> <span class='ocrx_word' id='word_1_40' title='bbox 1104 909 1283 964; x_wconf 53' lang='grc' dir='ltr'><strong>ποιμεΗὴ</strong></span> <span class='ocrx_word' id='word_1_41' title='bbox 1298 910 1640 975; x_wconf 76' lang='lat' dir='ltr'><strong>rescriberet,</strong></span> <span class='ocrx_word' id='word_1_42' title='bbox 1662 922 1893 978; x_wconf 7' lang='lat' dir='ltr'><strong>(quonam</strong></span> <span class='ocrx_word' id='word_1_43' title='bbox 1909 906 2075 960; x_wconf 69' lang='lat' dir='ltr'><strong>modo</strong></span> 
     </span>
    </p>
   </div>
   <div class='ocr_carea' id='block_1_7' title="bbox 496 997 2076 1070">
    <p class='ocr_par' dir='ltr' id='par_1_7' title="bbox 496 997 2076 1070">
     <span class='ocr_line' id='line_1_7' title="bbox 496 997 2076 1070; baseline -0.006 -8"><span class='ocrx_word' id='word_1_44' title='bbox 496 1006 742 1062; x_wconf 58' lang='grc' dir='ltr'><strong>«θυώδεα</strong></span> <span class='ocrx_word' id='word_1_45' title='bbox 772 1006 943 1060; x_wconf 72' lang='lat' dir='ltr'><strong>Betim</strong></span> <span class='ocrx_word' id='word_1_46' title='bbox 984 1000 1299 1067; x_wconf 76' lang='lat' dir='ltr'><strong>colendum;</strong></span> <span class='ocrx_word' id='word_1_47' title='bbox 1336 999 1464 1070; x_wconf 70' lang='lat' dir='ltr'><strong>quid</strong></span> <span class='ocrx_word' id='word_1_48' title='bbox 1498 1000 1723 1059; x_wconf 56' lang='lat' dir='ltr'><strong>sentiret</strong></span> <span class='ocrx_word' id='word_1_49' title='bbox 1754 1000 1826 1053; x_wconf 77' lang='lat' dir='ltr'><strong>de</strong></span> <span class='ocrx_word' id='word_1_50' title='bbox 1858 997 2076 1053; x_wconf 73' lang='lat' dir='ltr'><strong>Christo</strong></span> 
     </span>
    </p>
   </div>
   <div class='ocr_carea' id='block_1_8' title="bbox 500 1082 2071 1163">
    <p class='ocr_par' dir='ltr' id='par_1_8' title="bbox 500 1082 2071 1163">
     <span class='ocr_line' id='line_1_8' title="bbox 500 1082 2071 1163; baseline -0.006 -10"><span class='ocrx_word' id='word_1_51' title='bbox 500 1098 755 1159; x_wconf 77' lang='lat' dir='ltr'><strong>Domino;</strong></span> <span class='ocrx_word' id='word_1_52' title='bbox 786 1112 851 1151; x_wconf 82' lang='lat' dir='ltr'><strong>an</strong></span> <span class='ocrx_word' id='word_1_53' title='bbox 878 1096 980 1151; x_wconf 76' lang='lat' dir='ltr'><strong>alia</strong></span> <span class='ocrx_word' id='word_1_54' title='bbox 1003 1094 1118 1160; x_wconf 66' lang='lat' dir='ltr'><strong>aia,</strong></span> <span class='ocrx_word' id='word_1_55' title='bbox 1144 1107 1305 1163; x_wconf 65' lang='lat' dir='ltr'><strong>quam</strong></span> <span class='ocrx_word' id='word_1_56' title='bbox 1325 1092 1445 1160; x_wconf 79' lang='lat' dir='ltr'><strong>ipse</strong></span> <span class='ocrx_word' id='word_1_57' title='bbox 1467 1082 2071 1157; x_wconf 74' lang='lat' dir='ltr'><strong>nobisdemonStrasset,</strong></span> 
     </span>
    </p>
   </div>
   <div class='ocr_carea' id='block_1_9' title="bbox 503 1184 2074 1258">
    <p class='ocr_par' dir='ltr' id='par_1_9' title="bbox 503 1184 2074 1258">
     <span class='ocr_line' id='line_1_9' title="bbox 503 1184 2074 1258; baseline -0.004 -16"><span class='ocrx_word' id='word_1_58' title='bbox 503 1189 568 1244; x_wconf 89' lang='lat' dir='ltr'><strong>ad</strong></span> <span class='ocrx_word' id='word_1_59' title='bbox 596 1190 802 1244; x_wconf 74' lang='lat' dir='ltr'><strong>beatam</strong></span> <span class='ocrx_word' id='word_1_60' title='bbox 828 1189 992 1243; x_wconf 70' lang='lat' dir='ltr'><strong>vitam</strong></span> <span class='ocrx_word' id='word_1_61' title='bbox 1012 1184 1289 1258; x_wconf 72' lang='lat' dir='ltr'><strong>perveniri</strong></span> <span class='ocrx_word' id='word_1_62' title='bbox 1323 1192 1484 1254; x_wconf 84' lang='lat' dir='ltr'><strong>posse</strong></span> <span class='ocrx_word' id='word_1_63' title='bbox 1514 1191 1790 1247; x_wconf 79' lang='lat' dir='ltr'><strong>censeret;</strong></span> <span class='ocrx_word' id='word_1_64' title='bbox 1820 1197 1890 1235; x_wconf 66' lang='lat' dir='ltr'><strong>an</strong></span> <span class='ocrx_word' id='word_1_65' title='bbox 1918 1197 2074 1236; x_wconf 65' lang='lat' dir='ltr'><strong>[nam</strong></span> 
     </span>
    </p>
   </div>
   <div class='ocr_carea' id='block_1_10' title="bbox 500 1279 2071 1349">
    <p class='ocr_par' dir='ltr' id='par_1_10' title="bbox 500 1279 2071 1349">
     <span class='ocr_line' id='line_1_10' title="bbox 500 1279 2071 1349; baseline -0.004 -13"><span class='ocrx_word' id='word_1_66' title='bbox 500 1281 642 1337; x_wconf 75' lang='lat' dir='ltr'><strong>hanc</strong></span> <span class='ocrx_word' id='word_1_67' title='bbox 666 1282 803 1334; x_wconf 79' lang='lat' dir='ltr'><strong>viam</strong></span> <span class='ocrx_word' id='word_1_68' title='bbox 832 1282 1132 1347; x_wconf 74' lang='lat' dir='ltr'><strong>arbitratus,</strong></span> <span class='ocrx_word' id='word_1_69' title='bbox 1167 1295 1266 1349; x_wconf 84' lang='lat' dir='ltr'><strong>qua</strong></span> <span class='ocrx_word' id='word_1_70' title='bbox 1286 1279 1427 1349; x_wconf 85' lang='lat' dir='ltr'><strong>piam</strong></span> <span class='ocrx_word' id='word_1_71' title='bbox 1444 1286 1654 1337; x_wconf 61' lang='lat' dir='ltr'><strong>tantum</strong></span> <span class='ocrx_word' id='word_1_72' title='bbox 1681 1293 1745 1331; x_wconf 83' lang='lat' dir='ltr'><em>ex</em></span> <span class='ocrx_word' id='word_1_73' title='bbox 1773 1290 1928 1330; x_wconf 78' lang='lat' dir='ltr'><strong>causa</strong></span> <span class='ocrx_word' id='word_1_74' title='bbox 1948 1290 2071 1330; x_wconf 25' lang='lat' dir='ltr'><strong>{eam</strong></span> 
     </span>
    </p>
   </div>
   <div class='ocr_carea' id='block_1_11' title="bbox 502 1367 2073 1445">
    <p class='ocr_par' dir='ltr' id='par_1_11' title="bbox 502 1367 2073 1445">
     <span class='ocr_line' id='line_1_11' title="bbox 502 1367 2073 1445; baseline -0.005 -17"><span class='ocrx_word' id='word_1_75' title='bbox 502 1374 636 1428; x_wconf 85' lang='lat' dir='ltr'><strong>inire</strong></span> <span class='ocrx_word' id='word_1_76' title='bbox 661 1374 895 1428; x_wconf 69' lang='lat' dir='ltr'><strong>dillermt</strong></span> <span class='ocrx_word' id='word_1_77' title='bbox 912 1373 1107 1445; x_wconf 73' lang='lat' dir='ltr'><strong>(Epist.</strong></span> <span class='ocrx_word' id='word_1_78' title='bbox 1124 1371 1281 1441; x_wconf 70' lang='grc'><strong>255).</strong></span> <span class='ocrx_word' id='word_1_79' title='bbox 1307 1368 1597 1438; x_wconf 72' lang='lat' dir='ltr'><strong>Respondit</strong></span> <span class='ocrx_word' id='word_1_80' title='bbox 1618 1368 1973 1437; x_wconf 68' lang='lat' dir='ltr'><strong>Longinimus</strong></span> <span class='ocrx_word' id='word_1_81' title='bbox 1996 1367 2073 1420; x_wconf 77' lang='lat' dir='ltr'><strong>in-</strong></span> 
     </span>
    </p>
   </div>
   <div class='ocr_carea' id='block_1_12' title="bbox 505 1461 2074 1537">
    <p class='ocr_par' dir='ltr' id='par_1_12' title="bbox 505 1461 2074 1537">
     <span class='ocr_line' id='line_1_12' title="bbox 505 1461 2074 1537; baseline -0.004 -16"><span class='ocrx_word' id='word_1_82' title='bbox 505 1468 638 1537; x_wconf 73' lang='lat' dir='ltr'><strong>signi</strong></span> <span class='ocrx_word' id='word_1_83' title='bbox 664 1467 943 1535; x_wconf 65' lang='lat' dir='ltr'><strong>veracique</strong></span> <span class='ocrx_word' id='word_1_84' title='bbox 966 1464 1160 1534; x_wconf 82' lang='lat' dir='ltr'><strong>elogio.</strong></span> <span class='ocrx_word' id='word_1_85' title='bbox 1188 1463 1323 1516; x_wconf 83' lang='lat' dir='ltr'><strong>Eum</strong></span> <span class='ocrx_word' id='word_1_86' title='bbox 1344 1462 1488 1517; x_wconf 81' lang='lat' dir='ltr'><strong>enim</strong></span> <span class='ocrx_word' id='word_1_87' title='bbox 1516 1463 1873 1516; x_wconf 69' lang='lat' dir='ltr'><strong>Romanorum</strong></span> <span class='ocrx_word' id='word_1_88' title='bbox 1896 1461 2074 1515; x_wconf 57' lang='lat' dir='ltr'><strong>vinum</strong></span> 
     </span>
    </p>
   </div>
   <div class='ocr_carea' id='block_1_13' title="bbox 506 1553 2071 1628">
    <p class='ocr_par' dir='ltr' id='par_1_13' title="bbox 506 1553 2071 1628">
     <span class='ocr_line' id='line_1_13' title="bbox 506 1553 2071 1628; baseline -0.005 -14"><span class='ocrx_word' id='word_1_89' title='bbox 506 1577 631 1614; x_wconf 75' lang='lat' dir='ltr'><strong>vere</strong></span> <span class='ocrx_word' id='word_1_90' title='bbox 653 1561 926 1628; x_wconf 59' lang='lat' dir='ltr'><strong>ominum],</strong></span> <span class='ocrx_word' id='word_1_91' title='bbox 954 1558 1126 1612; x_wconf 60' lang='lat' dir='ltr'><strong>«virum</strong></span> <span class='ocrx_word' id='word_1_92' title='bbox 1149 1557 1344 1611; x_wconf 77' lang='lat' dir='ltr'><strong>bonum</strong></span> <span class='ocrx_word' id='word_1_93' title='bbox 1366 1598 1379 1623; x_wconf 94' lang='lat'><strong>,</strong></span> <span class='ocrx_word' id='word_1_94' title='bbox 1401 1556 1455 1610; x_wconf 70' lang='lat' dir='ltr'><strong>si</strong></span> <span class='ocrx_word' id='word_1_95' title='bbox 1478 1555 1595 1624; x_wconf 80' lang='lat' dir='ltr'><strong>quis</strong></span> <span class='ocrx_word' id='word_1_96' title='bbox 1623 1555 1749 1608; x_wconf 80' lang='lat' dir='ltr'><strong>alias</strong></span> <span class='ocrx_word' id='word_1_97' title='bbox 1766 1553 1929 1607; x_wconf 62' lang='lat' dir='ltr'><strong>fuerit</strong></span> <span class='ocrx_word' id='word_1_98' title='bbox 1947 1596 1960 1619; x_wconf 95' lang='lat'><strong>,</strong></span> <span class='ocrx_word' id='word_1_99' title='bbox 1982 1554 2071 1607; x_wconf 78' lang='lat' dir='ltr'><strong>in—</strong></span> 
     </span>
    </p>
   </div>
   <div class='ocr_carea' id='block_1_14' title="bbox 500 1645 2073 1721">
    <p class='ocr_par' dir='ltr' id='par_1_14' title="bbox 500 1645 2073 1721">
     <span class='ocr_line' id='line_1_14' title="bbox 500 1645 2073 1721; baseline -0.005 -15"><span class='ocrx_word' id='word_1_100' title='bbox 500 1652 706 1721; x_wconf 81' lang='lat' dir='ltr'><strong>digitat.</strong></span> <span class='ocrx_word' id='word_1_101' title='bbox 744 1650 1038 1720; x_wconf 74' lang='lat' dir='ltr'><strong>Siquidmn,</strong></span> <span class='ocrx_word' id='word_1_102' title='bbox 1070 1649 1262 1718; x_wconf 77' lang='lat' dir='ltr'><strong>inquit,</strong></span> <span class='ocrx_word' id='word_1_103' title='bbox 1292 1648 1457 1701; x_wconf 80' lang='lat' dir='ltr'><strong>adhuc</strong></span> <span class='ocrx_word' id='word_1_104' title='bbox 1478 1655 1587 1716; x_wconf 83' lang='lat' dir='ltr'><strong>post</strong></span> <span class='ocrx_word' id='word_1_105' title='bbox 1609 1645 1861 1699; x_wconf 76' lang='lat' dir='ltr'><strong>hominum</strong></span> <span class='ocrx_word' id='word_1_106' title='bbox 1878 1660 2073 1698; x_wconf 80' lang='lat' dir='ltr'><strong>memo-</strong></span> 
     </span>
    </p>
   </div>
   <div class='ocr_carea' id='block_1_15' title="bbox 502 1736 2076 1813">
    <p class='ocr_par' dir='ltr' id='par_1_15' title="bbox 502 1736 2076 1813">
     <span class='ocr_line' id='line_1_15' title="bbox 502 1736 2076 1813; baseline -0.005 -16"><span class='ocrx_word' id='word_1_107' title='bbox 502 1746 631 1797; x_wconf 65' lang='lat' dir='ltr'><strong>tiam</strong></span> <span class='ocrx_word' id='word_1_108' title='bbox 652 1744 750 1798; x_wconf 77' lang='lat' dir='ltr'><strong>nisi</strong></span> <span class='ocrx_word' id='word_1_109' title='bbox 769 1742 1115 1813; x_wconf 62' lang='lat' dir='ltr'><strong>Xemtphmnis</strong></span> <span class='ocrx_word' id='word_1_110' title='bbox 1136 1740 1384 1810; x_wconf 79' lang='lat' dir='ltr'><strong>ﬁgmentis</strong></span> <span class='ocrx_word' id='word_1_111' title='bbox 1413 1739 1699 1809; x_wconf 73' lang='lat' dir='ltr'><strong>compositae</strong></span> <span class='ocrx_word' id='word_1_112' title='bbox 1730 1736 1915 1807; x_wconf 48' lang='lat' dir='ltr'><strong>{alente</strong></span> <span class='ocrx_word' id='word_1_113' title='bbox 1937 1737 2076 1789; x_wconf 77' lang='lat' dir='ltr'><strong>sche-</strong></span> 
     </span>
    </p>
   </div>
   <div class='ocr_carea' id='block_1_16' title="bbox 503 1830 2074 1901">
    <p class='ocr_par' dir='ltr' id='par_1_16' title="bbox 503 1830 2074 1901">
     <span class='ocr_line' id='line_1_16' title="bbox 503 1830 2074 1901; baseline -0.005 -11"><span class='ocrx_word' id='word_1_114' title='bbox 503 1853 586 1890; x_wconf 74' lang='lat' dir='ltr'><strong>ma</strong></span> <span class='ocrx_word' id='word_1_115' title='bbox 611 1835 882 1900; x_wconf 76' lang='lat' dir='ltr'><strong>concedas,</strong></span> <span class='ocrx_word' id='word_1_116' title='bbox 915 1835 1080 1887; x_wconf 75' lang='lat' dir='ltr'><strong>adhuc</strong></span> <span class='ocrx_word' id='word_1_117' title='bbox 1107 1834 1351 1885; x_wconf 81' lang='lat' dir='ltr'><strong>audierim</strong></span> <span class='ocrx_word' id='word_1_118' title='bbox 1373 1873 1387 1896; x_wconf 94' lang='lat'><strong>,</strong></span> <span class='ocrx_word' id='word_1_119' title='bbox 1420 1832 1653 1901; x_wconf 81' lang='lat' dir='ltr'><strong>legerim,</strong></span> <span class='ocrx_word' id='word_1_120' title='bbox 1682 1830 1893 1883; x_wconf 65' lang='lat' dir='ltr'><strong>viderim</strong></span> <span class='ocrx_word' id='word_1_121' title='bbox 1920 1830 2074 1882; x_wconf 81' lang='lat' dir='ltr'><strong>nemi-</strong></span> 
     </span>
    </p>
   </div>
   <div class='ocr_carea' id='block_1_17' title="bbox 503 1920 2076 1993">
    <p class='ocr_par' dir='ltr' id='par_1_17' title="bbox 503 1920 2076 1993">
     <span class='ocr_line' id='line_1_17' title="bbox 503 1920 2076 1993; baseline -0.006 -12"><span class='ocrx_word' id='word_1_122' title='bbox 503 1944 635 1991; x_wconf 85' lang='lat' dir='ltr'><strong>nem,</strong></span> <span class='ocrx_word' id='word_1_123' title='bbox 656 1937 746 1980; x_wconf 83' lang='lat' dir='ltr'><strong>aut</strong></span> <span class='ocrx_word' id='word_1_124' title='bbox 766 1934 893 1979; x_wconf 83' lang='lat' dir='ltr'><strong>certe</strong></span> <span class='ocrx_word' id='word_1_125' title='bbox 916 1934 1023 1993; x_wconf 81' lang='lat' dir='ltr'><strong>post</strong></span> <span class='ocrx_word' id='word_1_126' title='bbox 1044 1941 1200 1979; x_wconf 77' lang='lat' dir='ltr'><strong>unum</strong></span> <span class='ocrx_word' id='word_1_127' title='bbox 1222 1923 1431 1993; x_wconf 76' lang='lat' dir='ltr'><strong>(Cyrum</strong></span> <span class='ocrx_word' id='word_1_128' title='bbox 1449 1921 1681 1992; x_wconf 79' lang='lat' dir='ltr'><strong>fortasse)</strong></span> <span class='ocrx_word' id='word_1_129' title='bbox 1704 1922 1918 1985; x_wconf 76' lang='lat' dir='ltr'><strong>nullam,</strong></span> <span class='ocrx_word' id='word_1_130' title='bbox 1942 1920 2076 1988; x_wconf 78' lang='lat' dir='ltr'><strong>quod</strong></span> 
     </span>
    </p>
   </div>
   <div class='ocr_carea' id='block_1_18' title="bbox 504 2009 2075 2086">
    <p class='ocr_par' dir='ltr' id='par_1_18' title="bbox 504 2009 2075 2086">
     <span class='ocr_line' id='line_1_18' title="bbox 504 2009 2075 2086; baseline -0.007 -12"><span class='ocrx_word' id='word_1_131' title='bbox 504 2020 609 2074; x_wconf 74' lang='lat' dir='ltr'><strong>Deo</strong></span> <span class='ocrx_word' id='word_1_132' title='bbox 628 2028 770 2085; x_wconf 72' lang='lat' dir='ltr'><strong>teste,</strong></span> <span class='ocrx_word' id='word_1_133' title='bbox 798 2020 925 2071; x_wconf 82' lang='lat' dir='ltr'><strong>bono</strong></span> <span class='ocrx_word' id='word_1_134' title='bbox 948 2015 1166 2086; x_wconf 75' lang='lat' dir='ltr'><strong>periculo</strong></span> <span class='ocrx_word' id='word_1_135' title='bbox 1193 2025 1419 2083; x_wconf 80' lang='lat' dir='ltr'><strong>certoque</strong></span> <span class='ocrx_word' id='word_1_136' title='bbox 1442 2014 1669 2077; x_wconf 65' lang='lat' dir='ltr'><strong>dixerim,</strong></span> <span class='ocrx_word' id='word_1_137' title='bbox 1698 2012 1794 2064; x_wconf 82' lang='lat' dir='ltr'><strong>nisi</strong></span> <span class='ocrx_word' id='word_1_138' title='bbox 1819 2022 1881 2073; x_wconf 88' lang='lat' dir='ltr'><strong>te,</strong></span> <span class='ocrx_word' id='word_1_139' title='bbox 1915 2009 2075 2063; x_wconf 79' lang='lat' dir='ltr'><strong>Deum</strong></span> 
     </span>
    </p>
   </div>
   <div class='ocr_carea' id='block_1_19' title="bbox 503 2100 2077 2176">
    <p class='ocr_par' dir='ltr' id='par_1_19' title="bbox 503 2100 2077 2176">
     <span class='ocr_line' id='line_1_19' title="bbox 503 2100 2077 2176; baseline -0.008 -13"><span class='ocrx_word' id='word_1_140' title='bbox 503 2119 548 2163; x_wconf 88' lang='lat' dir='ltr'><strong>et</strong></span> <span class='ocrx_word' id='word_1_141' title='bbox 567 2109 755 2165; x_wconf 71' lang='grc' dir='ltr'><strong>σοηηὶιί</strong></span> <span class='ocrx_word' id='word_1_142' title='bbox 780 2124 972 2174; x_wconf 81' lang='lat' dir='ltr'><strong>semper</strong></span> <span class='ocrx_word' id='word_1_143' title='bbox 997 2121 1281 2176; x_wconf 74' lang='lat' dir='ltr'><strong>agnoscere,</strong></span> <span class='ocrx_word' id='word_1_144' title='bbox 1314 2113 1359 2156; x_wconf 89' lang='lat' dir='ltr'><strong>et</strong></span> <span class='ocrx_word' id='word_1_145' title='bbox 1384 2119 1529 2174; x_wconf 81' lang='lat' dir='ltr'><strong>posse</strong></span> <span class='ocrx_word' id='word_1_146' title='bbox 1555 2103 1768 2171; x_wconf 80' lang='lat' dir='ltr'><strong>puritate</strong></span> <span class='ocrx_word' id='word_1_147' title='bbox 1786 2100 1941 2153; x_wconf 78' lang='lat' dir='ltr'><strong>aninn&#39;</strong></span> <span class='ocrx_word' id='word_1_148' title='bbox 1965 2115 2077 2153; x_wconf 74' lang='lat' dir='ltr'><strong>ror-</strong></span> 
     </span>
    </p>
   </div>
   <div class='ocr_carea' id='block_1_20' title="bbox 502 2194 2073 2271">
    <p class='ocr_par' dir='ltr' id='par_1_20' title="bbox 502 2194 2073 2271">
     <span class='ocr_line' id='line_1_20' title="bbox 502 2194 2073 2271; baseline -0.008 -16"><span class='ocrx_word' id='word_1_149' title='bbox 502 2201 734 2271; x_wconf 78' lang='lat' dir='ltr'><strong>porisque</strong></span> <span class='ocrx_word' id='word_1_150' title='bbox 752 2199 977 2269; x_wconf 82' lang='lat' dir='ltr'><strong>projeota</strong></span> <span class='ocrx_word' id='word_1_151' title='bbox 1002 2197 1269 2267; x_wconf 73' lang='lat' dir='ltr'><strong>gravedine</strong></span> <span class='ocrx_word' id='word_1_152' title='bbox 1292 2195 1469 2248; x_wconf 79' lang='lat' dir='ltr'><strong>sectari</strong></span> <span class='ocrx_word' id='word_1_153' title='bbox 1499 2194 1752 2263; x_wconf 75' lang='lat' dir='ltr'><strong>facillime,</strong></span> <span class='ocrx_word' id='word_1_154' title='bbox 1781 2201 1825 2244; x_wconf 84' lang='lat' dir='ltr'><strong>et</strong></span> <span class='ocrx_word' id='word_1_155' title='bbox 1850 2208 1937 2261; x_wconf 85' lang='lat' dir='ltr'><strong>spe</strong></span> <span class='ocrx_word' id='word_1_156' title='bbox 1958 2208 2073 2261; x_wconf 79' lang='lat' dir='ltr'><strong>per-</strong></span> 
     </span>
    </p>
   </div>
   <div class='ocr_carea' id='block_1_21' title="bbox 501 2284 2073 2363">
    <p class='ocr_par' dir='ltr' id='par_1_21' title="bbox 501 2284 2073 2363">
     <span class='ocr_line' id='line_1_21' title="bbox 501 2284 2073 2363; baseline -0.006 -18"><span class='ocrx_word' id='word_1_157' title='bbox 501 2298 644 2363; x_wconf 74' lang='lat' dir='ltr'><strong>fecta:</strong></span> <span class='ocrx_word' id='word_1_158' title='bbox 671 2291 985 2344; x_wconf 75' lang='lat' dir='ltr'><strong>conseientite</strong></span> <span class='ocrx_word' id='word_1_159' title='bbox 1012 2305 1111 2342; x_wconf 88' lang='lat' dir='ltr'><strong>non</strong></span> <span class='ocrx_word' id='word_1_160' title='bbox 1140 2288 1290 2340; x_wconf 81' lang='lat' dir='ltr'><strong>dubia</strong></span> <span class='ocrx_word' id='word_1_161' title='bbox 1320 2285 1611 2339; x_wconf 76' lang='lat' dir='ltr'><strong>credulitate</strong></span> <span class='ocrx_word' id='word_1_162' title='bbox 1643 2294 1823 2338; x_wconf 84' lang='lat' dir='ltr'><strong>tenere.</strong></span> <span class='ocrx_word' id='word_1_163' title='bbox 1854 2284 1935 2337; x_wconf 85' lang='lat' dir='ltr'><strong>Ad</strong></span> <span class='ocrx_word' id='word_1_164' title='bbox 1963 2285 2073 2338; x_wconf 85' lang='lat' dir='ltr'><strong>An-</strong></span> 
     </span>
    </p>
   </div>
   <div class='ocr_carea' id='block_1_22' title="bbox 499 2374 2073 2452">
    <p class='ocr_par' dir='ltr' id='par_1_22' title="bbox 499 2374 2073 2452">
     <span class='ocr_line' id='line_1_22' title="bbox 499 2374 2073 2452; baseline -0.006 -15"><span class='ocrx_word' id='word_1_165' title='bbox 499 2382 692 2452; x_wconf 75' lang='lat' dir='ltr'><strong>gustini</strong></span> <span class='ocrx_word' id='word_1_166' title='bbox 720 2381 942 2450; x_wconf 72' lang='lat' dir='ltr'><strong>quaesita</strong></span> <span class='ocrx_word' id='word_1_167' title='bbox 977 2377 1294 2446; x_wconf 85' lang='lat' dir='ltr'><strong>respondet,</strong></span> <span class='ocrx_word' id='word_1_168' title='bbox 1322 2376 1501 2431; x_wconf 82' lang='lat' dir='ltr'><strong>dicens</strong></span> <span class='ocrx_word' id='word_1_169' title='bbox 1527 2374 1591 2428; x_wconf 88' lang='lat' dir='ltr'><strong>ad</strong></span> <span class='ocrx_word' id='word_1_170' title='bbox 1622 2391 1783 2428; x_wconf 86' lang='lat' dir='ltr'><strong>unum</strong></span> <span class='ocrx_word' id='word_1_171' title='bbox 1812 2383 1865 2429; x_wconf 87' lang='lat' dir='ltr'><strong>et</strong></span> <span class='ocrx_word' id='word_1_172' title='bbox 1888 2389 2073 2428; x_wconf 89' lang='lat' dir='ltr'><strong>verum</strong></span> 
     </span>
    </p>
   </div>
   <div class='ocr_carea' id='block_1_23' title="bbox 498 2468 2069 2543">
    <p class='ocr_par' dir='ltr' id='par_1_23' title="bbox 498 2468 2069 2543">
     <span class='ocr_line' id='line_1_23' title="bbox 498 2468 2069 2543; baseline -0.008 -12"><span class='ocrx_word' id='word_1_173' title='bbox 498 2476 665 2531; x_wconf 64' lang='lat' dir='ltr'><strong>“eum</strong></span> <span class='ocrx_word' id='word_1_174' title='bbox 687 2516 701 2540; x_wconf 95' lang='lat'><strong>,</strong></span> <span class='ocrx_word' id='word_1_175' title='bbox 735 2471 1321 2543; x_wconf 80' lang='lat' dir='ltr'><strong>incomprehensibilcm</strong></span> <span class='ocrx_word' id='word_1_176' title='bbox 1347 2484 1523 2523; x_wconf 67' lang='lat' dir='ltr'><strong>rerum</strong></span> <span class='ocrx_word' id='word_1_177' title='bbox 1546 2468 1779 2521; x_wconf 84' lang='lat' dir='ltr'><strong>omnium</strong></span> <span class='ocrx_word' id='word_1_178' title='bbox 1808 2468 2069 2536; x_wconf 87' lang='lat' dir='ltr'><strong>opiﬁcem,</strong></span> 
     </span>
    </p>
   </div>
   <div class='ocr_carea' id='block_1_24' title="bbox 501 2556 2073 2634">
    <p class='ocr_par' dir='ltr' id='par_1_24' title="bbox 501 2556 2073 2634">
     <span class='ocr_line' id='line_1_24' title="bbox 501 2556 2073 2634; baseline -0.009 -12"><span class='ocrx_word' id='word_1_179' title='bbox 501 2567 619 2622; x_wconf 56' lang='lat' dir='ltr'><strong>vita</strong></span> <span class='ocrx_word' id='word_1_180' title='bbox 648 2565 955 2634; x_wconf 78' lang='lat' dir='ltr'><strong>integritate</strong></span> <span class='ocrx_word' id='word_1_181' title='bbox 975 2602 990 2628; x_wconf 93' lang='lat'><strong>,</strong></span> <span class='ocrx_word' id='word_1_182' title='bbox 1028 2562 1248 2616; x_wconf 81' lang='lat' dir='ltr'><strong>deorum</strong></span> <span class='ocrx_word' id='word_1_183' title='bbox 1286 2561 1399 2615; x_wconf 88' lang='lat' dir='ltr'><strong>sive</strong></span> <span class='ocrx_word' id='word_1_184' title='bbox 1436 2560 1520 2626; x_wconf 85' lang='lat' dir='ltr'><strong>(ut</strong></span> <span class='ocrx_word' id='word_1_185' title='bbox 1542 2556 1831 2612; x_wconf 72' lang='lat' dir='ltr'><strong>Christiani</strong></span> <span class='ocrx_word' id='word_1_186' title='bbox 1860 2557 2073 2627; x_wconf 81' lang='lat' dir='ltr'><strong>vocant)</strong></span> 
     </span>
    </p>
   </div>
   <div class='ocr_carea' id='block_1_25' title="bbox 497 2649 2074 2728">
    <p class='ocr_par' dir='ltr' id='par_1_25' title="bbox 497 2649 2074 2728">
     <span class='ocr_line' id='line_1_25' title="bbox 497 2649 2074 2728; baseline -0.008 -15"><span class='ocrx_word' id='word_1_187' title='bbox 497 2657 817 2728; x_wconf 74' lang='lat' dir='ltr'><strong>Angelorum</strong></span> <span class='ocrx_word' id='word_1_188' title='bbox 846 2654 1121 2717; x_wconf 72' lang='lat' dir='ltr'><strong>societate,</strong></span> <span class='ocrx_word' id='word_1_189' title='bbox 1150 2659 1207 2706; x_wconf 87' lang='lat' dir='ltr'><strong>ct</strong></span> <span class='ocrx_word' id='word_1_190' title='bbox 1229 2652 1561 2719; x_wconf 85' lang='lat' dir='ltr'><strong>antiquorum</strong></span> <span class='ocrx_word' id='word_1_191' title='bbox 1590 2662 1860 2702; x_wconf 87' lang='lat' dir='ltr'><strong>sacrorum</strong></span> <span class='ocrx_word' id='word_1_192' title='bbox 1890 2649 2074 2717; x_wconf 81' lang='lat' dir='ltr'><strong>expia-</strong></span> 
     </span>
    </p>
   </div>
   <div class='ocr_carea' id='block_1_26' title="bbox 500 2739 2073 2813">
    <p class='ocr_par' dir='ltr' id='par_1_26' title="bbox 500 2739 2073 2813">
     <span class='ocr_line' id='line_1_26' title="bbox 500 2739 2073 2813; baseline -0.006 -12"><span class='ocrx_word' id='word_1_193' title='bbox 500 2747 729 2802; x_wconf 88' lang='lat' dir='ltr'><strong>tionibus</strong></span> <span class='ocrx_word' id='word_1_194' title='bbox 753 2759 871 2799; x_wconf 82' lang='lat' dir='ltr'><strong>esse</strong></span> <span class='ocrx_word' id='word_1_195' title='bbox 897 2741 1331 2813; x_wconf 73' lang='lat' dir='ltr'><strong>perveniendum.</strong></span> <span class='ocrx_word' id='word_1_196' title='bbox 1362 2741 1434 2794; x_wconf 80' lang='lat' dir='ltr'><strong>De</strong></span> <span class='ocrx_word' id='word_1_197' title='bbox 1452 2739 1663 2795; x_wconf 79' lang='lat' dir='ltr'><strong>Christo</strong></span> <span class='ocrx_word' id='word_1_198' title='bbox 1687 2748 1862 2793; x_wconf 87' lang='lat' dir='ltr'><strong>autem</strong></span> <span class='ocrx_word' id='word_1_199' title='bbox 1883 2746 1935 2794; x_wconf 86' lang='lat' dir='ltr'><strong>et</strong></span> <span class='ocrx_word' id='word_1_200' title='bbox 1952 2740 2073 2807; x_wconf 80' lang='lat' dir='ltr'><strong>Spi-</strong></span> 
     </span>
    </p>
   </div>
   <div class='ocr_carea' id='block_1_27' title="bbox 497 2830 2068 2901">
    <p class='ocr_par' dir='ltr' id='par_1_27' title="bbox 497 2830 2068 2901">
     <span class='ocr_line' id='line_1_27' title="bbox 497 2830 2068 2901; baseline -0.008 -6"><span class='ocrx_word' id='word_1_201' title='bbox 497 2840 632 2895; x_wconf 78' lang='lat' dir='ltr'><strong>ritus</strong></span> <span class='ocrx_word' id='word_1_202' title='bbox 656 2838 799 2892; x_wconf 86' lang='lat' dir='ltr'><strong>dono</strong></span> <span class='ocrx_word' id='word_1_203' title='bbox 834 2851 941 2889; x_wconf 90' lang='lat' dir='ltr'><strong>non</strong></span> <span class='ocrx_word' id='word_1_204' title='bbox 977 2834 1170 2889; x_wconf 84' lang='lat' dir='ltr'><strong>audere</strong></span> <span class='ocrx_word' id='word_1_205' title='bbox 1200 2847 1293 2897; x_wconf 90' lang='lat' dir='ltr'><strong>se,</strong></span> <span class='ocrx_word' id='word_1_206' title='bbox 1320 2846 1425 2886; x_wconf 87' lang='lat' dir='ltr'><strong>nec</strong></span> <span class='ocrx_word' id='word_1_207' title='bbox 1460 2844 1616 2901; x_wconf 83' lang='lat' dir='ltr'><strong>posse</strong></span> <span class='ocrx_word' id='word_1_208' title='bbox 1637 2871 1650 2894; x_wconf 95' lang='lat'><strong>,</strong></span> <span class='ocrx_word' id='word_1_209' title='bbox 1695 2830 1819 2899; x_wconf 89' lang='lat' dir='ltr'><strong>quid</strong></span> <span class='ocrx_word' id='word_1_210' title='bbox 1857 2830 2068 2898; x_wconf 79' lang='lat' dir='ltr'><strong>sentiat,</strong></span> 
     </span>
    </p>
   </div>
   <div class='ocr_carea' id='block_1_28' title="bbox 499 2922 2075 3001">
    <p class='ocr_par' dir='ltr' id='par_1_28' title="bbox 499 2922 2075 3001">
     <span class='ocr_line' id='line_1_28' title="bbox 499 2922 2075 3001; baseline -0.006 -15"><span class='ocrx_word' id='word_1_211' title='bbox 499 2930 825 3001; x_wconf 71' lang='lat' dir='ltr'><strong>exprimere;</strong></span> <span class='ocrx_word' id='word_1_212' title='bbox 849 2942 969 2983; x_wconf 82' lang='lat' dir='ltr'><strong>cum</strong></span> <span class='ocrx_word' id='word_1_213' title='bbox 994 2926 1188 2981; x_wconf 67' lang='lat' dir='ltr'><strong>auitam</strong></span> <span class='ocrx_word' id='word_1_214' title='bbox 1208 2940 1389 2980; x_wconf 88' lang='lat' dir='ltr'><strong>eorum</strong></span> <span class='ocrx_word' id='word_1_215' title='bbox 1408 2924 1651 2978; x_wconf 77' lang='lat' dir='ltr'><strong>notitiam</strong></span> <span class='ocrx_word' id='word_1_216' title='bbox 1670 2922 1879 2977; x_wconf 83' lang='lat' dir='ltr'><strong>habeat.</strong></span> <span class='ocrx_word' id='word_1_217' title='bbox 1902 2923 2075 2992; x_wconf 79' lang='lat' dir='ltr'><strong>Rogat</strong></span> 
     </span>
    </p>
   </div>
   <div class='ocr_carea' id='block_1_29' title="bbox 498 3014 2071 3094">
    <p class='ocr_par' dir='ltr' id='par_1_29' title="bbox 498 3014 2071 3094">
     <span class='ocr_line' id='line_1_29' title="bbox 498 3014 2071 3094; baseline -0.006 -16"><span class='ocrx_word' id='word_1_218' title='bbox 498 3023 656 3094; x_wconf 78' lang='lat' dir='ltr'><strong>igitur</strong></span> <span class='ocrx_word' id='word_1_219' title='bbox 680 3020 1025 3091; x_wconf 72' lang='lat' dir='ltr'><strong>Augustinum</strong></span> <span class='ocrx_word' id='word_1_220' title='bbox 1048 3060 1062 3085; x_wconf 93' lang='lat'><strong>,</strong></span> <span class='ocrx_word' id='word_1_221' title='bbox 1095 3024 1153 3071; x_wconf 86' lang='lat' dir='ltr'><strong>ut</strong></span> <span class='ocrx_word' id='word_1_222' title='bbox 1175 3016 1275 3071; x_wconf 83' lang='lat' dir='ltr'><strong>sibi</strong></span> <span class='ocrx_word' id='word_1_223' title='bbox 1302 3014 1427 3085; x_wconf 87' lang='lat' dir='ltr'><strong>quid</strong></span> <span class='ocrx_word' id='word_1_224' title='bbox 1454 3014 1519 3069; x_wconf 84' lang='lat' dir='ltr'><strong>de</strong></span> <span class='ocrx_word' id='word_1_225' title='bbox 1547 3015 1627 3068; x_wconf 86' lang='lat' dir='ltr'><strong>bis</strong></span> <span class='ocrx_word' id='word_1_226' title='bbox 1652 3014 1918 3068; x_wconf 72' lang='lat' dir='ltr'><strong>existimet</strong></span> <span class='ocrx_word' id='word_1_227' title='bbox 1936 3055 1950 3079; x_wconf 95' lang='lat'><strong>,</strong></span> <span class='ocrx_word' id='word_1_228' title='bbox 1982 3029 2071 3069; x_wconf 86' lang='lat' dir='ltr'><strong>re-</strong></span> 
     </span>
    </p>
   </div>
   <div class='ocr_carea' id='block_1_30' title="bbox 498 3104 2073 3183">
    <p class='ocr_par' dir='ltr' id='par_1_30' title="bbox 498 3104 2073 3183">
     <span class='ocr_line' id='line_1_30' title="bbox 498 3104 2073 3183; baseline -0.008 -11"><span class='ocrx_word' id='word_1_229' title='bbox 498 3116 733 3172; x_wconf 77' lang='lat' dir='ltr'><strong>scribere</strong></span> <span class='ocrx_word' id='word_1_230' title='bbox 762 3114 1008 3183; x_wconf 72' lang='lat' dir='ltr'><strong>dignetur</strong></span> <span class='ocrx_word' id='word_1_231' title='bbox 1026 3110 1218 3180; x_wconf 79' lang='lat' dir='ltr'><strong>(Epist.</strong></span> <span class='ocrx_word' id='word_1_232' title='bbox 1244 3108 1370 3173; x_wconf 62' lang='lat' dir='ltr'><strong>251i,</strong></span> <span class='ocrx_word' id='word_1_233' title='bbox 1402 3124 1453 3160; x_wconf 84' lang='lat' dir='ltr'><strong>n.</strong></span> <span class='ocrx_word' id='word_1_234' title='bbox 1484 3104 1560 3177; x_wconf 76' lang='grc'><strong>1).</strong></span> <span class='ocrx_word' id='word_1_235' title='bbox 1580 3107 1663 3159; x_wconf 80' lang='lat' dir='ltr'><strong>&#39;Ex</strong></span> <span class='ocrx_word' id='word_1_236' title='bbox 1699 3114 1807 3159; x_wconf 89' lang='lat' dir='ltr'><strong>tam</strong></span> <span class='ocrx_word' id='word_1_237' title='bbox 1835 3105 2073 3160; x_wconf 78' lang='lat' dir='ltr'><strong>felicibus</strong></span> 
     </span>
    </p>
   </div>
   <div class='ocr_carea' id='block_1_31' title="bbox 502 3197 2068 3277">
    <p class='ocr_par' dir='ltr' id='par_1_31' title="bbox 502 3197 2068 3277">
     <span class='ocr_line' id='line_1_31' title="bbox 502 3197 2068 3277; baseline -0.007 -16"><span class='ocrx_word' id='word_1_238' title='bbox 502 3204 804 3277; x_wconf 68' lang='lat' dir='ltr'><strong>primordiis</strong></span> <span class='ocrx_word' id='word_1_239' title='bbox 832 3201 1195 3257; x_wconf 78' lang='lat' dir='ltr'><strong>incredibilem</strong></span> <span class='ocrx_word' id='word_1_240' title='bbox 1213 3199 1530 3268; x_wconf 75' lang='lat' dir='ltr'><strong>voluptatem</strong></span> <span class='ocrx_word' id='word_1_241' title='bbox 1568 3198 1706 3266; x_wconf 84' lang='lat' dir='ltr'><strong>cepit</strong></span> <span class='ocrx_word' id='word_1_242' title='bbox 1726 3197 2068 3267; x_wconf 78' lang='lat' dir='ltr'><strong>Augustinus,</strong></span> 
     </span>
    </p>
   </div>
   <div class='ocr_carea' id='block_1_32' title="bbox 502 3286 2073 3366">
    <p class='ocr_par' dir='ltr' id='par_1_32' title="bbox 502 3286 2073 3366">
     <span class='ocr_line' id='line_1_32' title="bbox 502 3286 2073 3366; baseline -0.01 -13"><span class='ocrx_word' id='word_1_243' title='bbox 502 3298 771 3366; x_wconf 79' lang='lat' dir='ltr'><strong>Deumque</strong></span> <span class='ocrx_word' id='word_1_244' title='bbox 803 3302 1047 3363; x_wconf 77' lang='lat' dir='ltr'><strong>precatus</strong></span> <span class='ocrx_word' id='word_1_245' title='bbox 1078 3300 1186 3356; x_wconf 86' lang='lat' dir='ltr'><strong>est,</strong></span> <span class='ocrx_word' id='word_1_246' title='bbox 1220 3298 1278 3344; x_wconf 90' lang='lat' dir='ltr'><strong>ut</strong></span> <span class='ocrx_word' id='word_1_247' title='bbox 1310 3289 1493 3358; x_wconf 79' lang='lat' dir='ltr'><strong>primis</strong></span> <span class='ocrx_word' id='word_1_248' title='bbox 1518 3297 1758 3343; x_wconf 80' lang='lat' dir='ltr'><strong>extrema</strong></span> <span class='ocrx_word' id='word_1_249' title='bbox 1784 3286 2073 3356; x_wconf 84' lang='lat' dir='ltr'><strong>responde-</strong></span> 
     </span>
    </p>
   </div>
   <div class='ocr_carea' id='block_1_33' title="bbox 499 3374 2072 3455">
    <p class='ocr_par' dir='ltr' id='par_1_33' title="bbox 499 3374 2072 3455">
     <span class='ocr_line' id='line_1_33' title="bbox 499 3374 2072 3455; baseline -0.009 -8"><span class='ocrx_word' id='word_1_250' title='bbox 499 3399 637 3447; x_wconf 83' lang='lat' dir='ltr'><strong>rent.</strong></span> <span class='ocrx_word' id='word_1_251' title='bbox 664 3374 745 3443; x_wconf 71' lang='lat' dir='ltr'><strong>Ne</strong></span> <span class='ocrx_word' id='word_1_252' title='bbox 762 3402 889 3441; x_wconf 92' lang='lat' dir='ltr'><strong>vero</strong></span> <span class='ocrx_word' id='word_1_253' title='bbox 914 3386 1028 3455; x_wconf 90' lang='lat' dir='ltr'><strong>ipse</strong></span> <span class='ocrx_word' id='word_1_254' title='bbox 1047 3384 1277 3447; x_wconf 83' lang='lat' dir='ltr'><strong>deesset,</strong></span> <span class='ocrx_word' id='word_1_255' title='bbox 1300 3381 1626 3451; x_wconf 84' lang='lat' dir='ltr'><strong>Longiniano</strong></span> <span class='ocrx_word' id='word_1_256' title='bbox 1652 3380 1938 3449; x_wconf 78' lang='lat' dir='ltr'><strong>rescripsit,</strong></span> <span class='ocrx_word' id='word_1_257' title='bbox 1969 3395 2072 3433; x_wconf 86' lang='lat' dir='ltr'><strong>non</strong></span> 
     </span>
    </p>
   </div>
   <div class='ocr_carea' id='block_1_34' title="bbox 499 3471 2073 3549">
    <p class='ocr_par' dir='ltr' id='par_1_34' title="bbox 499 3471 2073 3549">
     <span class='ocr_line' id='line_1_34' title="bbox 499 3471 2073 3549; baseline -0.006 -14"><span class='ocrx_word' id='word_1_258' title='bbox 499 3480 798 3549; x_wconf 80' lang='lat' dir='ltr'><strong>improbare</strong></span> <span class='ocrx_word' id='word_1_259' title='bbox 825 3492 883 3531; x_wconf 84' lang='lat' dir='ltr'><em>se</em></span> <span class='ocrx_word' id='word_1_260' title='bbox 904 3519 916 3540; x_wconf 92' lang='lat'><strong>,</strong></span> <span class='ocrx_word' id='word_1_261' title='bbox 945 3474 1085 3544; x_wconf 81' lang='lat' dir='ltr'><strong>quod</strong></span> <span class='ocrx_word' id='word_1_262' title='bbox 1113 3474 1180 3529; x_wconf 89' lang='lat' dir='ltr'><strong>de</strong></span> <span class='ocrx_word' id='word_1_263' title='bbox 1201 3472 1414 3527; x_wconf 87' lang='lat' dir='ltr'><strong>Christo</strong></span> <span class='ocrx_word' id='word_1_264' title='bbox 1450 3472 1578 3526; x_wconf 84' lang='lat' dir='ltr'><strong>nihil</strong></span> <span class='ocrx_word' id='word_1_265' title='bbox 1615 3482 1813 3527; x_wconf 84' lang='lat' dir='ltr'><strong>temere</strong></span> <span class='ocrx_word' id='word_1_266' title='bbox 1849 3471 1947 3525; x_wconf 85' lang='lat' dir='ltr'><strong>sibi</strong></span> <span class='ocrx_word' id='word_1_267' title='bbox 1976 3486 2073 3526; x_wconf 82' lang='lat' dir='ltr'><strong>ne-</strong></span> 
     </span>
    </p>
   </div>
   <div class='ocr_carea' id='block_1_35' title="bbox 497 3563 2071 3642">
    <p class='ocr_par' dir='ltr' id='par_1_35' title="bbox 497 3563 2071 3642">
     <span class='ocr_line' id='line_1_35' title="bbox 497 3563 2071 3642; baseline -0.005 -17"><span class='ocrx_word' id='word_1_268' title='bbox 497 3570 727 3642; x_wconf 84' lang='lat' dir='ltr'><strong>gandum</strong></span> <span class='ocrx_word' id='word_1_269' title='bbox 751 3569 834 3624; x_wconf 90' lang='lat' dir='ltr'><strong>vel</strong></span> <span class='ocrx_word' id='word_1_270' title='bbox 856 3565 1223 3621; x_wconf 82' lang='lat' dir='ltr'><strong>alﬁrmandum</strong></span> <span class='ocrx_word' id='word_1_271' title='bbox 1244 3572 1504 3633; x_wconf 79' lang='lat' dir='ltr'><strong>putasset;</strong></span> <span class='ocrx_word' id='word_1_272' title='bbox 1530 3563 1580 3617; x_wconf 88' lang='lat' dir='ltr'><strong>id</strong></span> <span class='ocrx_word' id='word_1_273' title='bbox 1603 3579 1763 3617; x_wconf 90' lang='lat' dir='ltr'><strong>unum</strong></span> <span class='ocrx_word' id='word_1_274' title='bbox 1785 3577 1970 3629; x_wconf 81' lang='lat' dir='ltr'><strong>rogare</strong></span> <span class='ocrx_word' id='word_1_275' title='bbox 1990 3578 2071 3628; x_wconf 89' lang='lat' dir='ltr'><strong>se,</strong></span> 
     </span>
    </p>
   </div>
   <div class='ocr_carea' id='block_1_36' title="bbox 498 3655 2070 3729">
    <p class='ocr_par' dir='ltr' id='par_1_36' title="bbox 498 3655 2070 3729">
     <span class='ocr_line' id='line_1_36' title="bbox 498 3655 2070 3729; baseline -0.008 -8"><span class='ocrx_word' id='word_1_276' title='bbox 498 3674 556 3721; x_wconf 85' lang='lat' dir='ltr'><strong>ut</strong></span> <span class='ocrx_word' id='word_1_277' title='bbox 575 3664 851 3729; x_wconf 77' lang='lat' dir='ltr'><strong>rescribat,</strong></span> <span class='ocrx_word' id='word_1_278' title='bbox 870 3677 939 3715; x_wconf 90' lang='lat' dir='ltr'><strong>an</strong></span> <span class='ocrx_word' id='word_1_279' title='bbox 962 3661 1061 3715; x_wconf 76' lang='lat' dir='ltr'><strong>illa:</strong></span> <span class='ocrx_word' id='word_1_280' title='bbox 1080 3660 1417 3728; x_wconf 88' lang='lat' dir='ltr'><strong>antiquorum</strong></span> <span class='ocrx_word' id='word_1_281' title='bbox 1433 3671 1701 3711; x_wconf 87' lang='lat' dir='ltr'><strong>sacrorum</strong></span> <span class='ocrx_word' id='word_1_282' title='bbox 1724 3655 2070 3726; x_wconf 82' lang='lat' dir='ltr'><strong>expiationes,</strong></span> 
     </span>
    </p>
   </div>
   <div class='ocr_carea' id='block_1_37' title="bbox 496 3745 2074 3827">
    <p class='ocr_par' dir='ltr' id='par_1_37' title="bbox 496 3745 2074 3827">
     <span class='ocr_line' id='line_1_37' title="bbox 496 3745 2074 3827; baseline -0.01 -14"><span class='ocrx_word' id='word_1_283' title='bbox 496 3757 564 3812; x_wconf 87' lang='lat' dir='ltr'><strong>de</strong></span> <span class='ocrx_word' id='word_1_284' title='bbox 588 3756 777 3827; x_wconf 86' lang='lat' dir='ltr'><strong>quibus</strong></span> <span class='ocrx_word' id='word_1_285' title='bbox 805 3751 1148 3822; x_wconf 83' lang='lat' dir='ltr'><strong>loquebatur,</strong></span> <span class='ocrx_word' id='word_1_286' title='bbox 1181 3748 1247 3802; x_wconf 86' lang='lat' dir='ltr'><strong>ad</strong></span> <span class='ocrx_word' id='word_1_287' title='bbox 1284 3748 1543 3817; x_wconf 80' lang='lat' dir='ltr'><strong>integram</strong></span> <span class='ocrx_word' id='word_1_288' title='bbox 1583 3746 1745 3799; x_wconf 89' lang='lat' dir='ltr'><strong>vitam</strong></span> <span class='ocrx_word' id='word_1_289' title='bbox 1774 3745 2074 3799; x_wconf 87' lang='lat' dir='ltr'><strong>necessario</strong></span> 
     </span>
    </p>
   </div>
   <div class='ocr_carea' id='block_1_38' title="bbox 497 3837 2070 3909">
    <p class='ocr_par' dir='ltr' id='par_1_38' title="bbox 497 3837 2070 3909">
     <span class='ocr_line' id='line_1_38' title="bbox 497 3837 2070 3909; baseline -0.006 -6"><span class='ocrx_word' id='word_1_290' title='bbox 497 3848 725 3904; x_wconf 82' lang='lat' dir='ltr'><strong>debeant</strong></span> <span class='ocrx_word' id='word_1_291' title='bbox 750 3844 1029 3909; x_wconf 87' lang='lat' dir='ltr'><strong>accedere,</strong></span> <span class='ocrx_word' id='word_1_292' title='bbox 1066 3858 1131 3896; x_wconf 88' lang='lat' dir='ltr'><strong>an</strong></span> <span class='ocrx_word' id='word_1_293' title='bbox 1166 3841 1305 3894; x_wconf 88' lang='lat' dir='ltr'><strong>illius</strong></span> <span class='ocrx_word' id='word_1_294' title='bbox 1342 3852 1515 3894; x_wconf 68' lang='lat' dir='ltr'><strong>causa:</strong></span> <span class='ocrx_word' id='word_1_295' title='bbox 1548 3838 1683 3905; x_wconf 82' lang='lat' dir='ltr'><strong>sint,</strong></span> <span class='ocrx_word' id='word_1_296' title='bbox 1714 3846 1802 3892; x_wconf 88' lang='lat' dir='ltr'><strong>aut</strong></span> <span class='ocrx_word' id='word_1_297' title='bbox 1831 3837 2070 3903; x_wconf 73' lang='lat' dir='ltr'><strong>eliectus,</strong></span> 
     </span>
    </p>
   </div>
   <div class='ocr_carea' id='block_1_39' title="bbox 498 3930 2076 4009">
    <p class='ocr_par' dir='ltr' id='par_1_39' title="bbox 498 3930 2076 4009">
     <span class='ocr_line' id='line_1_39' title="bbox 498 3930 2076 4009; baseline -0.008 -15"><span class='ocrx_word' id='word_1_298' title='bbox 498 3948 588 3994; x_wconf 86' lang='lat' dir='ltr'><strong>aut</strong></span> <span class='ocrx_word' id='word_1_299' title='bbox 607 3938 846 4009; x_wconf 67' lang='lat' dir='ltr'><strong>quardam</strong></span> <span class='ocrx_word' id='word_1_300' title='bbox 871 3934 1029 3989; x_wconf 86' lang='lat' dir='ltr'><strong>veluti</strong></span> <span class='ocrx_word' id='word_1_301' title='bbox 1052 3932 1222 4002; x_wconf 89' lang='lat' dir='ltr'><strong>portio</strong></span> <span class='ocrx_word' id='word_1_302' title='bbox 1247 3949 1259 3984; x_wconf 92' lang='lat'><strong>:</strong></span> <span class='ocrx_word' id='word_1_303' title='bbox 1286 3930 1484 3985; x_wconf 89' lang='lat' dir='ltr'><strong>nodum</strong></span> <span class='ocrx_word' id='word_1_304' title='bbox 1508 3931 1647 3985; x_wconf 91' lang='lat' dir='ltr'><strong>hunc</strong></span> <span class='ocrx_word' id='word_1_305' title='bbox 1666 3930 1809 3999; x_wconf 89' lang='lat' dir='ltr'><strong>prius</strong></span> <span class='ocrx_word' id='word_1_306' title='bbox 1831 3944 1950 3984; x_wconf 86' lang='lat' dir='ltr'><strong>esse</strong></span> <span class='ocrx_word' id='word_1_307' title='bbox 1970 3930 2076 3983; x_wconf 82' lang='lat' dir='ltr'><strong>sol-</strong></span> 
     </span>
    </p>
   </div>
   <div class='ocr_carea' id='block_1_40' title="bbox 497 4019 2075 4096">
    <p class='ocr_par' dir='ltr' id='par_1_40' title="bbox 497 4019 2075 4096">
     <span class='ocr_line' id='line_1_40' title="bbox 497 4019 2075 4096; baseline -0.007 -11"><span class='ocrx_word' id='word_1_308' title='bbox 497 4029 748 4093; x_wconf 85' lang='lat' dir='ltr'><strong>vendum,</strong></span> <span class='ocrx_word' id='word_1_309' title='bbox 768 4041 923 4096; x_wconf 89' lang='lat' dir='ltr'><strong>quam</strong></span> <span class='ocrx_word' id='word_1_310' title='bbox 940 4025 1005 4080; x_wconf 89' lang='lat' dir='ltr'><strong>ad</strong></span> <span class='ocrx_word' id='word_1_311' title='bbox 1022 4033 1211 4078; x_wconf 77' lang='lat' dir='ltr'><strong>caetera</strong></span> <span class='ocrx_word' id='word_1_312' title='bbox 1229 4021 1543 4091; x_wconf 89' lang='lat' dir='ltr'><strong>procedatur</strong></span> <span class='ocrx_word' id='word_1_313' title='bbox 1558 4021 1750 4090; x_wconf 83' lang='lat' dir='ltr'><strong>(Epist.</strong></span> <span class='ocrx_word' id='word_1_314' title='bbox 1763 4020 1910 4090; x_wconf 75' lang='lat'><strong>255).</strong></span> <span class='ocrx_word' id='word_1_315' title='bbox 1928 4019 2075 4085; x_wconf 80' lang='lat' dir='ltr'><strong>Quac-</strong></span> 
     </span>
    </p>
   </div>
   <div class='ocr_carea' id='block_1_41' title="bbox 502 4112 2074 4190">
    <p class='ocr_par' dir='ltr' id='par_1_41' title="bbox 502 4112 2074 4190">
     <span class='ocr_line' id='line_1_41' title="bbox 502 4112 2074 4190; baseline -0.008 -11"><span class='ocrx_word' id='word_1_316' title='bbox 502 4139 625 4179; x_wconf 88' lang='lat' dir='ltr'><strong>nam</strong></span> <span class='ocrx_word' id='word_1_317' title='bbox 653 4121 807 4190; x_wconf 87' lang='lat' dir='ltr'><strong>hujus</strong></span> <span class='ocrx_word' id='word_1_318' title='bbox 832 4117 1077 4187; x_wconf 85' lang='lat' dir='ltr'><strong>colloquii</strong></span> <span class='ocrx_word' id='word_1_319' title='bbox 1111 4116 1276 4171; x_wconf 90' lang='lat' dir='ltr'><strong>series</strong></span> <span class='ocrx_word' id='word_1_320' title='bbox 1298 4155 1310 4178; x_wconf 94' lang='lat'><strong>,</strong></span> <span class='ocrx_word' id='word_1_321' title='bbox 1339 4114 1523 4184; x_wconf 87' lang='lat' dir='ltr'><strong>quisve</strong></span> <span class='ocrx_word' id='word_1_322' title='bbox 1551 4114 1721 4168; x_wconf 85' lang='lat' dir='ltr'><strong>exitus</strong></span> <span class='ocrx_word' id='word_1_323' title='bbox 1753 4112 1946 4180; x_wconf 83' lang='lat' dir='ltr'><strong>fuerit,</strong></span> <span class='ocrx_word' id='word_1_324' title='bbox 1976 4128 2074 4167; x_wconf 92' lang='lat' dir='ltr'><strong>nos</strong></span> 
     </span>
    </p>
   </div>
   <div class='ocr_carea' id='block_1_42' title="bbox 500 4204 2076 4274">
    <p class='ocr_par' dir='ltr' id='par_1_42' title="bbox 500 4204 2076 4274">
     <span class='ocr_line' id='line_1_42' title="bbox 500 4204 2076 4274; baseline -0.006 -6"><span class='ocrx_word' id='word_1_325' title='bbox 500 4216 646 4269; x_wconf 84' lang='lat' dir='ltr'><strong>latet.</strong></span> <span class='ocrx_word' id='word_1_326' title='bbox 679 4212 929 4265; x_wconf 85' lang='lat' dir='ltr'><strong>Libenter</strong></span> <span class='ocrx_word' id='word_1_327' title='bbox 955 4207 1081 4261; x_wconf 84' lang='lat' dir='ltr'><strong>illud</strong></span> <span class='ocrx_word' id='word_1_328' title='bbox 1110 4207 1176 4261; x_wconf 91' lang='lat' dir='ltr'><strong>ad</strong></span> <span class='ocrx_word' id='word_1_329' title='bbox 1204 4214 1431 4274; x_wconf 89' lang='lat' dir='ltr'><strong>tempus,</strong></span> <span class='ocrx_word' id='word_1_330' title='bbox 1461 4218 1565 4274; x_wconf 89' lang='lat' dir='ltr'><strong>quo</strong></span> <span class='ocrx_word' id='word_1_331' title='bbox 1586 4204 1758 4259; x_wconf 89' lang='lat' dir='ltr'><strong>adhuc</strong></span> <span class='ocrx_word' id='word_1_332' title='bbox 1777 4205 1941 4258; x_wconf 85' lang='lat' dir='ltr'><strong>laicus</strong></span> <span class='ocrx_word' id='word_1_333' title='bbox 1960 4214 2076 4259; x_wconf 87' lang='lat' dir='ltr'><strong>erat</strong></span> 
     </span>
    </p>
   </div>
   <div class='ocr_carea' id='block_1_43' title="bbox 494 4296 2073 4375">
    <p class='ocr_par' dir='ltr' id='par_1_43' title="bbox 494 4296 2073 4375">
     <span class='ocr_line' id='line_1_43' title="bbox 494 4296 2073 4375; baseline -0.006 -14"><span class='ocrx_word' id='word_1_334' title='bbox 494 4305 855 4375; x_wconf 82' lang='lat' dir='ltr'><strong>Augustinus,</strong></span> <span class='ocrx_word' id='word_1_335' title='bbox 888 4299 1237 4362; x_wconf 81' lang='lat' dir='ltr'><strong>referremus,</strong></span> <span class='ocrx_word' id='word_1_336' title='bbox 1280 4297 1382 4351; x_wconf 87' lang='lat' dir='ltr'><strong>nisi</strong></span> <span class='ocrx_word' id='word_1_337' title='bbox 1412 4296 1769 4367; x_wconf 77' lang='lat' dir='ltr'><strong>Longinianus</strong></span> <span class='ocrx_word' id='word_1_338' title='bbox 1807 4312 1928 4351; x_wconf 90' lang='lat' dir='ltr'><strong>cum</strong></span> <span class='ocrx_word' id='word_1_339' title='bbox 1965 4296 2073 4351; x_wconf 78' lang='lat' dir='ltr'><strong>fre-</strong></span> 
     </span>
    </p>
   </div>
   <div class='ocr_carea' id='block_1_44' title="bbox 498 4386 2070 4466">
    <p class='ocr_par' dir='ltr' id='par_1_44' title="bbox 498 4386 2070 4466">
     <span class='ocr_line' id='line_1_44' title="bbox 498 4386 2070 4466; baseline -0.006 -16"><span class='ocrx_word' id='word_1_340' title='bbox 498 4404 721 4466; x_wconf 86' lang='lat' dir='ltr'><strong>quenter</strong></span> <span class='ocrx_word' id='word_1_341' title='bbox 745 4401 945 4463; x_wconf 83' lang='lat' dir='ltr'><strong>patrem</strong></span> <span class='ocrx_word' id='word_1_342' title='bbox 976 4398 1328 4459; x_wconf 83' lang='lat' dir='ltr'><strong>nuncuparet;</strong></span> <span class='ocrx_word' id='word_1_343' title='bbox 1357 4387 1498 4457; x_wconf 87' lang='lat' dir='ltr'><strong>quod</strong></span> <span class='ocrx_word' id='word_1_344' title='bbox 1527 4402 1631 4441; x_wconf 87' lang='lat' dir='ltr'><strong>non</strong></span> <span class='ocrx_word' id='word_1_345' title='bbox 1664 4386 1765 4441; x_wconf 87' lang='lat' dir='ltr'><strong>nisi</strong></span> <span class='ocrx_word' id='word_1_346' title='bbox 1803 4387 2070 4456; x_wconf 87' lang='lat' dir='ltr'><strong>episcopo,</strong></span> 
     </span>
    </p>
   </div>
   <div class='ocr_carea' id='block_1_45' title="bbox 500 4479 1907 4551">
    <p class='ocr_par' dir='ltr' id='par_1_45' title="bbox 500 4479 1907 4551">
     <span class='ocr_line' id='line_1_45' title="bbox 500 4479 1907 4551; baseline -0.009 -8"><span class='ocrx_word' id='word_1_347' title='bbox 500 4489 585 4543; x_wconf 85' lang='lat' dir='ltr'><strong>vel</strong></span> <span class='ocrx_word' id='word_1_348' title='bbox 610 4486 811 4541; x_wconf 85' lang='lat' dir='ltr'><strong>homini</strong></span> <span class='ocrx_word' id='word_1_349' title='bbox 840 4492 994 4538; x_wconf 83' lang='lat' dir='ltr'><strong>actate</strong></span> <span class='ocrx_word' id='word_1_350' title='bbox 1023 4482 1131 4551; x_wconf 90' lang='lat' dir='ltr'><strong>jam</strong></span> <span class='ocrx_word' id='word_1_351' title='bbox 1159 4480 1345 4533; x_wconf 74' lang='lat' dir='ltr'><strong>affecta</strong></span> <span class='ocrx_word' id='word_1_352' title='bbox 1374 4479 1580 4533; x_wconf 85' lang='lat' dir='ltr'><strong>videtur</strong></span> <span class='ocrx_word' id='word_1_353' title='bbox 1603 4479 1907 4533; x_wconf 89' lang='lat' dir='ltr'><strong>convenire.</strong></span> 
     </span>
    </p>
   </div>
   <div class='ocr_carea' id='block_1_46' title="bbox 572 4569 2073 4640">
    <p class='ocr_par' dir='ltr' id='par_1_46' title="bbox 572 4569 2073 4640">
     <span class='ocr_line' id='line_1_46' title="bbox 572 4569 2073 4640; baseline -0.007 -6"><span class='ocrx_word' id='word_1_354' title='bbox 572 4581 625 4634; x_wconf 73' lang='grc'><strong>5.</strong></span> <span class='ocrx_word' id='word_1_355' title='bbox 669 4577 848 4633; x_wconf 87' lang='lat' dir='ltr'><strong>Sancti</strong></span> <span class='ocrx_word' id='word_1_356' title='bbox 880 4573 1120 4629; x_wconf 84' lang='lat' dir='ltr'><strong>Doctoris</strong></span> <span class='ocrx_word' id='word_1_357' title='bbox 1149 4572 1374 4636; x_wconf 86' lang='lat' dir='ltr'><strong>labores,</strong></span> <span class='ocrx_word' id='word_1_358' title='bbox 1404 4584 1538 4640; x_wconf 84' lang='lat' dir='ltr'><strong>quos</strong></span> <span class='ocrx_word' id='word_1_359' title='bbox 1567 4578 1675 4624; x_wconf 90' lang='lat' dir='ltr'><strong>tota</strong></span> <span class='ocrx_word' id='word_1_360' title='bbox 1701 4569 1950 4638; x_wconf 88' lang='lat' dir='ltr'><strong>deinceps</strong></span> <span class='ocrx_word' id='word_1_361' title='bbox 1969 4570 2073 4624; x_wconf 89' lang='lat' dir='ltr'><strong>vita</strong></span> 
     </span>
    </p>
   </div>
   <div class='ocr_carea' id='block_1_47' title="bbox 497 4650 2070 4733">
    <p class='ocr_par' dir='ltr' id='par_1_47' title="bbox 497 4650 2070 4733">
     <span class='ocr_line' id='line_1_47' title="bbox 497 4650 2070 4733; baseline -0.009 -6"><span class='ocrx_word' id='word_1_362' title='bbox 497 4677 682 4727; x_wconf 88' lang='lat' dir='ltr'><strong>contra</strong></span> <span class='ocrx_word' id='word_1_363' title='bbox 706 4666 985 4722; x_wconf 60' lang='lat' dir='ltr'><strong>haereticos</strong></span> <span class='ocrx_word' id='word_1_364' title='bbox 1014 4650 1334 4733; x_wconf 32' lang='lat' dir='ltr'><strong>pro&#39;tuenda</strong></span> <span class='ocrx_word' id='word_1_365' title='bbox 1369 4659 1627 4715; x_wconf 85' lang='lat' dir='ltr'><strong>catholica</strong></span> <span class='ocrx_word' id='word_1_366' title='bbox 1667 4658 1767 4713; x_wconf 88' lang='lat' dir='ltr'><strong>ﬁde</strong></span> <span class='ocrx_word' id='word_1_367' title='bbox 1806 4660 2070 4728; x_wconf 88' lang='lat' dir='ltr'><strong>suscepit,</strong></span> 
     </span>
    </p>
   </div>
   <div class='ocr_carea' id='block_1_48' title="bbox 497 4750 2070 4827">
    <p class='ocr_par' dir='ltr' id='par_1_48' title="bbox 497 4750 2070 4827">
     <span class='ocr_line' id='line_1_48' title="bbox 497 4750 2070 4827; baseline -0.008 -10"><span class='ocrx_word' id='word_1_368' title='bbox 497 4775 656 4817; x_wconf 92' lang='lat' dir='ltr'><strong>nemo</strong></span> <span class='ocrx_word' id='word_1_369' title='bbox 684 4767 766 4815; x_wconf 88' lang='lat' dir='ltr'><strong>est</strong></span> <span class='ocrx_word' id='word_1_370' title='bbox 791 4757 883 4827; x_wconf 86' lang='lat' dir='ltr'><strong>qui</strong></span> <span class='ocrx_word' id='word_1_371' title='bbox 911 4754 1227 4824; x_wconf 82' lang='lat' dir='ltr'><strong>cogitatione</strong></span> <span class='ocrx_word' id='word_1_372' title='bbox 1245 4793 1260 4816; x_wconf 94' lang='lat'><strong>,</strong></span> <span class='ocrx_word' id='word_1_373' title='bbox 1286 4750 1480 4805; x_wconf 83' lang='lat' dir='ltr'><strong>nedum</strong></span> <span class='ocrx_word' id='word_1_374' title='bbox 1507 4751 1746 4805; x_wconf 87' lang='lat' dir='ltr'><strong>oratione</strong></span> <span class='ocrx_word' id='word_1_375' title='bbox 1770 4765 1833 4805; x_wconf 90' lang='lat' dir='ltr'><strong>ac</strong></span> <span class='ocrx_word' id='word_1_376' title='bbox 1862 4750 2041 4805; x_wconf 79' lang='lat' dir='ltr'><strong>verbis</strong></span> <span class='ocrx_word' id='word_1_377' title='bbox 2058 4793 2070 4815; x_wconf 95' lang='lat'><strong>,</strong></span> 
     </span>
    </p>
   </div>
   <div class='ocr_carea' id='block_1_49' title="bbox 496 4840 2075 4921">
    <p class='ocr_par' dir='ltr' id='par_1_49' title="bbox 496 4840 2075 4921">
     <span class='ocr_line' id='line_1_49' title="bbox 496 4840 2075 4921; baseline -0.006 -14"><span class='ocrx_word' id='word_1_378' title='bbox 496 4851 704 4921; x_wconf 89' lang='lat' dir='ltr'><strong>assequi</strong></span> <span class='ocrx_word' id='word_1_379' title='bbox 730 4848 923 4903; x_wconf 78' lang='lat' dir='ltr'><strong>valeat.</strong></span> <span class='ocrx_word' id='word_1_380' title='bbox 955 4843 1209 4913; x_wconf 81' lang='lat' dir='ltr'><strong>Quaedam</strong></span> <span class='ocrx_word' id='word_1_381' title='bbox 1238 4842 1330 4895; x_wconf 85' lang='lat' dir='ltr'><strong>Dei</strong></span> <span class='ocrx_word' id='word_1_382' title='bbox 1360 4840 1555 4895; x_wconf 81' lang='lat' dir='ltr'><strong>famula</strong></span> <span class='ocrx_word' id='word_1_383' title='bbox 1579 4840 1856 4911; x_wconf 74' lang='lat' dir='ltr'><strong>(Maxima:</strong></span> <span class='ocrx_word' id='word_1_384' title='bbox 1880 4856 2075 4897; x_wconf 87' lang='lat' dir='ltr'><strong>nomen</strong></span> 
     </span>
    </p>
   </div>
   <div class='ocr_carea' id='block_1_50' title="bbox 499 4932 2076 5015">
    <p class='ocr_par' dir='ltr' id='par_1_50' title="bbox 499 4932 2076 5015">
     <span class='ocr_line' id='line_1_50' title="bbox 499 4932 2076 5015; baseline -0.008 -16"><span class='ocrx_word' id='word_1_385' title='bbox 499 4939 653 5015; x_wconf 89' lang='lat' dir='ltr'><strong>erat)</strong></span> <span class='ocrx_word' id='word_1_386' title='bbox 696 4941 763 4995; x_wconf 88' lang='lat' dir='ltr'><strong>ad</strong></span> <span class='ocrx_word' id='word_1_387' title='bbox 806 4954 927 4993; x_wconf 88' lang='lat' dir='ltr'><strong>cum</strong></span> <span class='ocrx_word' id='word_1_388' title='bbox 970 4953 1037 4991; x_wconf 77' lang='lat' dir='ltr'><strong>ex</strong></span> <span class='ocrx_word' id='word_1_389' title='bbox 1074 4934 1325 5005; x_wconf 79' lang='lat' dir='ltr'><strong>Hispania</strong></span> <span class='ocrx_word' id='word_1_390' title='bbox 1355 4932 1580 4988; x_wconf 80' lang='lat' dir='ltr'><strong>fortasse</strong></span> <span class='ocrx_word' id='word_1_391' title='bbox 1606 4933 1836 5002; x_wconf 88' lang='lat' dir='ltr'><strong>scripsit,</strong></span> <span class='ocrx_word' id='word_1_392' title='bbox 1866 4935 2076 5003; x_wconf 86' lang='lat' dir='ltr'><strong>provin-</strong></span> 
     </span>
    </p>
   </div>
   <div class='ocr_carea' id='block_1_51' title="bbox 495 5024 2076 5102">
    <p class='ocr_par' dir='ltr' id='par_1_51' title="bbox 495 5024 2076 5102">
     <span class='ocr_line' id='line_1_51' title="bbox 495 5024 2076 5102; baseline -0.004 -12"><span class='ocrx_word' id='word_1_393' title='bbox 495 5036 631 5091; x_wconf 84' lang='lat' dir='ltr'><strong>ciam</strong></span> <span class='ocrx_word' id='word_1_394' title='bbox 659 5035 713 5088; x_wconf 89' lang='lat' dir='ltr'><strong>in</strong></span> <span class='ocrx_word' id='word_1_395' title='bbox 738 5047 840 5102; x_wconf 90' lang='lat' dir='ltr'><strong>qua</strong></span> <span class='ocrx_word' id='word_1_396' title='bbox 869 5029 1114 5099; x_wconf 83' lang='lat' dir='ltr'><strong>degebat,</strong></span> <span class='ocrx_word' id='word_1_397' title='bbox 1138 5042 1233 5097; x_wconf 89' lang='lat' dir='ltr'><strong>per</strong></span> <span class='ocrx_word' id='word_1_398' title='bbox 1254 5025 1443 5081; x_wconf 82' lang='lat' dir='ltr'><strong>noxios</strong></span> <span class='ocrx_word' id='word_1_399' title='bbox 1463 5039 1671 5080; x_wconf 87' lang='lat' dir='ltr'><strong>errores</strong></span> <span class='ocrx_word' id='word_1_400' title='bbox 1691 5024 1847 5095; x_wconf 84' lang='lat' dir='ltr'><strong>longe</strong></span> <span class='ocrx_word' id='word_1_401' title='bbox 1866 5025 2076 5095; x_wconf 86' lang='lat' dir='ltr'><strong>lateque</strong></span> 
     </span>
    </p>
   </div>
   <div class='ocr_carea' id='block_1_52' title="bbox 498 5117 2073 5196">
    <p class='ocr_par' dir='ltr' id='par_1_52' title="bbox 498 5117 2073 5196">
     <span class='ocr_line' id='line_1_52' title="bbox 498 5117 2073 5196; baseline -0.006 -14"><span class='ocrx_word' id='word_1_402' title='bbox 498 5126 718 5182; x_wconf 69' lang='lat' dir='ltr'><strong>diﬂusos</strong></span> <span class='ocrx_word' id='word_1_403' title='bbox 744 5124 973 5196; x_wconf 71' lang='lat' dir='ltr'><strong>graviter</strong></span> <span class='ocrx_word' id='word_1_404' title='bbox 997 5119 1300 5191; x_wconf 86' lang='lat' dir='ltr'><strong>periclitari.</strong></span> <span class='ocrx_word' id='word_1_405' title='bbox 1324 5119 1483 5174; x_wconf 88' lang='lat' dir='ltr'><strong>Suam</strong></span> <span class='ocrx_word' id='word_1_406' title='bbox 1510 5117 1709 5188; x_wconf 87' lang='lat' dir='ltr'><strong>pariter</strong></span> <span class='ocrx_word' id='word_1_407' title='bbox 1731 5118 1798 5173; x_wconf 90' lang='lat' dir='ltr'><strong>de</strong></span> <span class='ocrx_word' id='word_1_408' title='bbox 1824 5119 2073 5174; x_wconf 80' lang='lat' dir='ltr'><strong>lncarna-</strong></span> 
     </span>
    </p>
   </div>
   <div class='ocr_carea' id='block_1_53' title="bbox 496 5208 2074 5287">
    <p class='ocr_par' dir='ltr' id='par_1_53' title="bbox 496 5208 2074 5287">
     <span class='ocr_line' id='line_1_53' title="bbox 496 5208 2074 5287; baseline -0.006 -14"><span class='ocrx_word' id='word_1_409' title='bbox 496 5217 660 5274; x_wconf 86' lang='lat' dir='ltr'><strong>tionis</strong></span> <span class='ocrx_word' id='word_1_410' title='bbox 681 5214 934 5287; x_wconf 80' lang='lat' dir='ltr'><strong>mysterio</strong></span> <span class='ocrx_word' id='word_1_411' title='bbox 960 5212 1138 5277; x_wconf 90' lang='lat' dir='ltr'><strong>ﬁdem,</strong></span> <span class='ocrx_word' id='word_1_412' title='bbox 1172 5224 1328 5279; x_wconf 91' lang='lat' dir='ltr'><strong>quam</strong></span> <span class='ocrx_word' id='word_1_413' title='bbox 1356 5208 1469 5278; x_wconf 89' lang='lat' dir='ltr'><strong>ejus</strong></span> <span class='ocrx_word' id='word_1_414' title='bbox 1493 5208 1691 5277; x_wconf 89' lang='lat' dir='ltr'><strong>judicio</strong></span> <span class='ocrx_word' id='word_1_415' title='bbox 1719 5209 2074 5279; x_wconf 88' lang='lat' dir='ltr'><strong>submitteret,</strong></span> 
     </span>
    </p>
   </div>
   <div class='ocr_carea' id='block_1_54' title="bbox 496 5297 2075 5377">
    <p class='ocr_par' dir='ltr' id='par_1_54' title="bbox 496 5297 2075 5377">
     <span class='ocr_line' id='line_1_54' title="bbox 496 5297 2075 5377; baseline -0.005 -13"><span class='ocrx_word' id='word_1_416' title='bbox 496 5306 770 5377; x_wconf 81' lang='lat' dir='ltr'><strong>exposuit;</strong></span> <span class='ocrx_word' id='word_1_417' title='bbox 799 5311 852 5358; x_wconf 88' lang='lat' dir='ltr'><strong>ct</strong></span> <span class='ocrx_word' id='word_1_418' title='bbox 878 5301 1270 5357; x_wconf 86' lang='lat' dir='ltr'><strong>lucubrationes</strong></span> <span class='ocrx_word' id='word_1_419' title='bbox 1291 5298 1544 5353; x_wconf 77' lang='lat' dir='ltr'><strong>adversus</strong></span> <span class='ocrx_word' id='word_1_420' title='bbox 1568 5297 1846 5355; x_wconf 86' lang='lat' dir='ltr'><strong>haereticos</strong></span> <span class='ocrx_word' id='word_1_421' title='bbox 1881 5301 1949 5356; x_wconf 88' lang='lat' dir='ltr'><strong>ab</strong></span> <span class='ocrx_word' id='word_1_422' title='bbox 1980 5316 2075 5357; x_wconf 92' lang='lat' dir='ltr'><strong>eo-</strong></span> 
     </span>
    </p>
   </div>
   <div class='ocr_carea' id='block_1_55' title="bbox 497 5390 2080 5466">
    <p class='ocr_par' dir='ltr' id='par_1_55' title="bbox 497 5390 2080 5466">
     <span class='ocr_line' id='line_1_55' title="bbox 497 5390 2080 5466; baseline -0.005 -10"><span class='ocrx_word' id='word_1_423' title='bbox 497 5398 620 5456; x_wconf 87' lang='lat' dir='ltr'><strong>dem</strong></span> <span class='ocrx_word' id='word_1_424' title='bbox 645 5396 973 5465; x_wconf 88' lang='lat' dir='ltr'><strong>conscriptas</strong></span> <span class='ocrx_word' id='word_1_425' title='bbox 1002 5392 1295 5463; x_wconf 86' lang='lat' dir='ltr'><strong>postulasse</strong></span> <span class='ocrx_word' id='word_1_426' title='bbox 1318 5390 1546 5459; x_wconf 80' lang='lat' dir='ltr'><strong>videtur.</strong></span> <span class='ocrx_word' id='word_1_427' title='bbox 1571 5392 1876 5462; x_wconf 82' lang='lat' dir='ltr'><strong>Respondet</strong></span> <span class='ocrx_word' id='word_1_428' title='bbox 1900 5394 2080 5466; x_wconf 85' lang='lat' dir='ltr'><strong>Augu-</strong></span> 
     </span>
    </p>
   </div>
   <div class='ocr_carea' id='block_1_56' title="bbox 500 5485 2075 5560">
    <p class='ocr_par' dir='ltr' id='par_1_56' title="bbox 500 5485 2075 5560">
     <span class='ocr_line' id='line_1_56' title="bbox 500 5485 2075 5560; baseline -0.003 -12"><span class='ocrx_word' id='word_1_429' title='bbox 500 5493 690 5556; x_wconf 88' lang='lat' dir='ltr'><strong>stinus,</strong></span> <span class='ocrx_word' id='word_1_430' title='bbox 714 5506 831 5546; x_wconf 87' lang='lat' dir='ltr'><strong>eam</strong></span> <span class='ocrx_word' id='word_1_431' title='bbox 855 5502 1032 5560; x_wconf 88' lang='lat' dir='ltr'><strong>posse,</strong></span> <span class='ocrx_word' id='word_1_432' title='bbox 1061 5500 1180 5541; x_wconf 90' lang='lat' dir='ltr'><strong>cum</strong></span> <span class='ocrx_word' id='word_1_433' title='bbox 1202 5485 1434 5552; x_wconf 86' lang='lat' dir='ltr'><strong>libuerit,</strong></span> <span class='ocrx_word' id='word_1_434' title='bbox 1457 5486 1665 5541; x_wconf 82' lang='lat' dir='ltr'><strong>mittere</strong></span> <span class='ocrx_word' id='word_1_435' title='bbox 1690 5487 1815 5557; x_wconf 89' lang='lat' dir='ltr'><strong>quid</strong></span> <span class='ocrx_word' id='word_1_436' title='bbox 1837 5487 2075 5543; x_wconf 89' lang='lat' dir='ltr'><strong>laborum</strong></span> 
     </span>
    </p>
   </div>
   <div class='ocr_carea' id='block_1_57' title="bbox 498 5577 2077 5654">
    <p class='ocr_par' dir='ltr' id='par_1_57' title="bbox 498 5577 2077 5654">
     <span class='ocr_line' id='line_1_57' title="bbox 498 5577 2077 5654; baseline -0.003 -13"><span class='ocrx_word' id='word_1_437' title='bbox 498 5600 717 5642; x_wconf 84' lang='lat' dir='ltr'><strong>suorum</strong></span> <span class='ocrx_word' id='word_1_438' title='bbox 741 5582 994 5654; x_wconf 89' lang='lat' dir='ltr'><strong>opuscula</strong></span> <span class='ocrx_word' id='word_1_439' title='bbox 1019 5577 1320 5634; x_wconf 85' lang='lat' dir='ltr'><strong>describant</strong></span> <span class='ocrx_word' id='word_1_440' title='bbox 1344 5578 1603 5650; x_wconf 89' lang='lat' dir='ltr'><strong>(locuples</strong></span> <span class='ocrx_word' id='word_1_441' title='bbox 1631 5579 1773 5634; x_wconf 89' lang='lat' dir='ltr'><strong>enim</strong></span> <span class='ocrx_word' id='word_1_442' title='bbox 1802 5579 1963 5636; x_wconf 74' lang='lat' dir='ltr'><strong>fuisse</strong></span> <span class='ocrx_word' id='word_1_443' title='bbox 1992 5581 2077 5637; x_wconf 86' lang='lat' dir='ltr'><strong>illa</strong></span> 
     </span>
    </p>
   </div>
   <div class='ocr_carea' id='block_1_58' title="bbox 499 5670 2076 5749">
    <p class='ocr_par' dir='ltr' id='par_1_58' title="bbox 499 5670 2076 5749">
     <span class='ocr_line' id='line_1_58' title="bbox 499 5670 2076 5749; baseline -0.004 -14"><span class='ocrx_word' id='word_1_444' title='bbox 499 5678 749 5749; x_wconf 85' lang='lat' dir='ltr'><strong>videtur)</strong></span> <span class='ocrx_word' id='word_1_445' title='bbox 773 5693 787 5744; x_wconf 89' lang='lat'><strong>;</strong></span> <span class='ocrx_word' id='word_1_446' title='bbox 822 5674 938 5747; x_wconf 84' lang='lat' dir='ltr'><strong>ejus</strong></span> <span class='ocrx_word' id='word_1_447' title='bbox 964 5672 1031 5728; x_wconf 91' lang='lat' dir='ltr'><strong>de</strong></span> <span class='ocrx_word' id='word_1_448' title='bbox 1051 5670 1184 5727; x_wconf 85' lang='lat' dir='ltr'><strong>Filio</strong></span> <span class='ocrx_word' id='word_1_449' title='bbox 1203 5670 1297 5725; x_wconf 88' lang='lat' dir='ltr'><strong>Dei</strong></span> <span class='ocrx_word' id='word_1_450' title='bbox 1322 5671 1593 5727; x_wconf 88' lang='lat' dir='ltr'><strong>incarnato</strong></span> <span class='ocrx_word' id='word_1_451' title='bbox 1615 5672 1769 5727; x_wconf 90' lang='lat' dir='ltr'><strong>ﬁdem</strong></span> <span class='ocrx_word' id='word_1_452' title='bbox 1791 5674 2076 5745; x_wconf 87' lang='lat' dir='ltr'><strong>approbat:</strong></span> 
     </span>
    </p>
   </div>
   <div class='ocr_carea' id='block_1_59' title="bbox 496 5763 2077 5843">
    <p class='ocr_par' dir='ltr' id='par_1_59' title="bbox 496 5763 2077 5843">
     <span class='ocr_line' id='line_1_59' title="bbox 496 5763 2077 5843; baseline -0.003 -16"><span class='ocrx_word' id='word_1_453' title='bbox 496 5778 655 5843; x_wconf 77' lang='lat' dir='ltr'><strong>rogat</strong></span> <span class='ocrx_word' id='word_1_454' title='bbox 693 5779 785 5841; x_wconf 87' lang='lat' dir='ltr'><strong>ut,</strong></span> <span class='ocrx_word' id='word_1_455' title='bbox 830 5769 875 5825; x_wconf 87' lang='lat' dir='ltr'><strong>si</strong></span> <span class='ocrx_word' id='word_1_456' title='bbox 917 5767 1121 5839; x_wconf 86' lang='lat' dir='ltr'><strong>possit,</strong></span> <span class='ocrx_word' id='word_1_457' title='bbox 1164 5764 1369 5837; x_wconf 79' lang='lat' dir='ltr'><strong>aliquot</strong></span> <span class='ocrx_word' id='word_1_458' title='bbox 1407 5763 1661 5820; x_wconf 89' lang='lat' dir='ltr'><strong>horumce</strong></span> <span class='ocrx_word' id='word_1_459' title='bbox 1710 5765 2077 5825; x_wconf 70' lang='lat' dir='ltr'><strong>haereticorum</strong></span> 
     </span>
    </p>
   </div>
   <div class='ocr_carea' id='block_1_60' title="bbox 1650 327 2661 395">
    <p class='ocr_par' dir='ltr' id='par_1_60' title="bbox 1650 327 2661 395">
     <span class='ocr_line' id='line_1_60' title="bbox 1650 327 2661 395; baseline 0.002 -8"><span class='ocrx_word' id='word_1_460' title='bbox 1650 331 1804 387; x_wconf 85' lang='lat' dir='ltr'><strong>VlTA</strong></span> <span class='ocrx_word' id='word_1_461' title='bbox 1834 328 1901 389; x_wconf 62' lang='lat' dir='ltr'><strong>ﬁ.</strong></span> <span class='ocrx_word' id='word_1_462' title='bbox 1942 327 2308 395; x_wconf 59' lang='lat' dir='ltr'><strong>AUGUSTI)?!</strong></span> <span class='ocrx_word' id='word_1_463' title='bbox 2340 330 2661 388; x_wconf 78' lang='lat' dir='ltr'><strong>EPISCOPI.</strong></span> 
     </span>
    </p>
   </div>
   <div class='ocr_carea' id='block_1_61' title="bbox 2178 444 3748 526">
    <p class='ocr_par' dir='ltr' id='par_1_61' title="bbox 2178 444 3748 526">
     <span class='ocr_line' id='line_1_61' title="bbox 2178 444 3748 526; baseline 0.004 -27"><span class='ocrx_word' id='word_1_464' title='bbox 2178 444 2345 501; x_wconf 72' lang='lat' dir='ltr'><strong>lilmos</strong></span> <span class='ocrx_word' id='word_1_465' title='bbox 2368 448 2525 507; x_wconf 71' lang='lat' dir='ltr'><strong>adeo</strong></span> <span class='ocrx_word' id='word_1_466' title='bbox 2551 451 2761 507; x_wconf 67' lang='lat' dir='ltr'><strong>mittere</strong></span> <span class='ocrx_word' id='word_1_467' title='bbox 2788 452 3055 523; x_wconf 69' lang='lat' dir='ltr'><strong>dignetur,</strong></span> <span class='ocrx_word' id='word_1_468' title='bbox 3088 470 3200 526; x_wconf 73' lang='lat' dir='ltr'><strong>quo</strong></span> <span class='ocrx_word' id='word_1_469' title='bbox 3236 472 3421 513; x_wconf 70' lang='lat' dir='ltr'><strong>mn</strong></span> <span class='ocrx_word' id='word_1_470' title='bbox 3456 459 3748 522; x_wconf 60' lang='lat' dir='ltr'><strong>dmum</strong></span> 
     </span>
    </p>
   </div>
   <div class='ocr_carea' id='block_1_62' title="bbox 2178 538 3749 617">
    <p class='ocr_par' dir='ltr' id='par_1_62' title="bbox 2178 538 3749 617">
     <span class='ocr_line' id='line_1_62' title="bbox 2178 538 3749 617; baseline 0.013 -28"><span class='ocrx_word' id='word_1_471' title='bbox 2178 546 2237 590; x_wconf 86' lang='lat' dir='ltr'><strong>et</strong></span> <span class='ocrx_word' id='word_1_472' title='bbox 2265 538 2490 605; x_wconf 76' lang='lat' dir='ltr'><strong>pwitius</strong></span> <span class='ocrx_word' id='word_1_473' title='bbox 2519 555 2697 607; x_wconf 84' lang='lat' dir='ltr'><strong>nosse,</strong></span> <span class='ocrx_word' id='word_1_474' title='bbox 2720 552 2783 597; x_wconf 78' lang='lat' dir='ltr'><strong>et</strong></span> <span class='ocrx_word' id='word_1_475' title='bbox 2802 544 3079 601; x_wconf 63' lang='lat' dir='ltr'><strong>efﬁcacius</strong></span> <span class='ocrx_word' id='word_1_476' title='bbox 3106 549 3269 617; x_wconf 82' lang='lat' dir='ltr'><strong>possit</strong></span> <span class='ocrx_word' id='word_1_477' title='bbox 3294 549 3559 607; x_wconf 66' lang='lat' dir='ltr'><strong>rchere.</strong></span> <span class='ocrx_word' id='word_1_478' title='bbox 3594 555 3749 610; x_wconf 78' lang='lat' dir='ltr'><strong>Acer-</strong></span> 
     </span>
    </p>
   </div>
   <div class='ocr_carea' id='block_1_63' title="bbox 2178 628 3750 704">
    <p class='ocr_par' dir='ltr' id='par_1_63' title="bbox 2178 628 3750 704">
     <span class='ocr_line' id='line_1_63' title="bbox 2178 628 3750 704; baseline 0.012 -22"><span class='ocrx_word' id='word_1_479' title='bbox 2178 628 2456 685; x_wconf 73' lang='lat' dir='ltr'><strong>bissimlm</strong></span> <span class='ocrx_word' id='word_1_480' title='bbox 2490 632 2731 689; x_wconf 67' lang='lat' dir='ltr'><strong>duim</strong></span> <span class='ocrx_word' id='word_1_481' title='bbox 2768 650 2883 704; x_wconf 69' lang='lat' dir='ltr'><strong>pra:</strong></span> <span class='ocrx_word' id='word_1_482' title='bbox 2914 652 2979 692; x_wconf 86' lang='lat' dir='ltr'><strong>se</strong></span> <span class='ocrx_word' id='word_1_483' title='bbox 3010 638 3116 694; x_wconf 70' lang='lat' dir='ltr'><strong>ient</strong></span> <span class='ocrx_word' id='word_1_484' title='bbox 3154 640 3222 694; x_wconf 84' lang='lat' dir='ltr'><strong>ob</strong></span> <span class='ocrx_word' id='word_1_485' title='bbox 3260 640 3541 698; x_wconf 54' lang='grc' dir='ltr'><strong>ἠλευθέρου</strong></span> <span class='ocrx_word' id='word_1_486' title='bbox 3583 647 3750 701; x_wconf 66' lang='lat' dir='ltr'><strong>incre-</strong></span> 
     </span>
    </p>
   </div>
   <div class='ocr_carea' id='block_1_64' title="bbox 2174 724 3750 801">
    <p class='ocr_par' dir='ltr' id='par_1_64' title="bbox 2174 724 3750 801">
     <span class='ocr_line' id='line_1_64' title="bbox 2174 724 3750 801; baseline 0.015 -30"><span class='ocrx_word' id='word_1_487' title='bbox 2174 728 2359 775; x_wconf 74' lang='lat' dir='ltr'><strong>menta</strong></span> <span class='ocrx_word' id='word_1_488' title='bbox 2388 737 2494 775; x_wconf 76' lang='lat' dir='ltr'><strong>:ex</strong></span> <span class='ocrx_word' id='word_1_489' title='bbox 2518 724 2625 778; x_wconf 72' lang='grc' dir='ltr'><strong>ὼοο</strong></span> <span class='ocrx_word' id='word_1_490' title='bbox 2648 733 2831 780; x_wconf 83' lang='lat' dir='ltr'><strong>tamen</strong></span> <span class='ocrx_word' id='word_1_491' title='bbox 2857 741 2915 780; x_wconf 83' lang='lat' dir='ltr'><strong>se</strong></span> <span class='ocrx_word' id='word_1_492' title='bbox 2938 728 3050 797; x_wconf 78' lang='lat' dir='ltr'><strong>ipse</strong></span> <span class='ocrx_word' id='word_1_493' title='bbox 3067 731 3293 798; x_wconf 74' lang='lat' dir='ltr'><strong>solatur,</strong></span> <span class='ocrx_word' id='word_1_494' title='bbox 3310 734 3455 801; x_wconf 61' lang='lat' dir='ltr'><strong>mod</strong></span> <span class='ocrx_word' id='word_1_495' title='bbox 3472 735 3593 792; x_wconf 60' lang='lat' dir='ltr'><strong>haec</strong></span> <span class='ocrx_word' id='word_1_496' title='bbox 3612 739 3750 795; x_wconf 77' lang='lat' dir='ltr'><strong>Dem</strong></span> 
     </span>
    </p>
   </div>
   <div class='ocr_carea' id='block_1_65' title="bbox 2176 813 3747 890">
    <p class='ocr_par' dir='ltr' id='par_1_65' title="bbox 2176 813 3747 890">
     <span class='ocr_line' id='line_1_65' title="bbox 2176 813 3747 890; baseline 0.011 -24"><span class='ocrx_word' id='word_1_497' title='bbox 2176 813 2399 869; x_wconf 68' lang='lat' dir='ltr'><strong>minime</strong></span> <span class='ocrx_word' id='word_1_498' title='bbox 2438 817 2803 883; x_wconf 73' lang='lat' dir='ltr'><strong>permitteret,</strong></span> <span class='ocrx_word' id='word_1_499' title='bbox 2844 820 2949 875; x_wconf 82' lang='lat' dir='ltr'><strong>nisi</strong></span> <span class='ocrx_word' id='word_1_500' title='bbox 2998 822 3165 890; x_wconf 68' lang='lat' dir='ltr'><strong>majus</strong></span> <span class='ocrx_word' id='word_1_501' title='bbox 3202 824 3498 879; x_wconf 48' lang='grc' dir='ltr'><strong>δίδωθι-ειη</strong></span> <span class='ocrx_word' id='word_1_502' title='bbox 3530 843 3747 884; x_wconf 81' lang='lat' dir='ltr'><strong>suorum</strong></span> 
     </span>
    </p>
   </div>
   <div class='ocr_carea' id='block_1_66' title="bbox 2178 906 3751 991">
    <p class='ocr_par' dir='ltr' id='par_1_66' title="bbox 2178 906 3751 991">
     <span class='ocr_line' id='line_1_66' title="bbox 2178 906 3751 991; baseline 0.01 -30"><span class='ocrx_word' id='word_1_503' title='bbox 2178 906 2377 963; x_wconf 60' lang='lat' dir='ltr'><strong>bonum</strong></span> <span class='ocrx_word' id='word_1_504' title='bbox 2402 922 2470 963; x_wconf 72' lang='lat' dir='ltr'><strong>ex</strong></span> <span class='ocrx_word' id='word_1_505' title='bbox 2494 909 2565 964; x_wconf 79' lang='lat' dir='ltr'><strong>iis</strong></span> <span class='ocrx_word' id='word_1_506' title='bbox 2590 911 2753 965; x_wconf 68' lang='lat' dir='ltr'><strong>vellet</strong></span> <span class='ocrx_word' id='word_1_507' title='bbox 2772 912 2989 969; x_wconf 73' lang='lat' dir='ltr'><strong>elicere.</strong></span> <span class='ocrx_word' id='word_1_508' title='bbox 3016 913 3267 979; x_wconf 73' lang='lat' dir='ltr'><strong>Tantum,</strong></span> <span class='ocrx_word' id='word_1_509' title='bbox 3294 918 3467 987; x_wconf 79' lang='lat' dir='ltr'><strong>inquit</strong></span> <span class='ocrx_word' id='word_1_510' title='bbox 3486 961 3500 985; x_wconf 96' lang='lat'><strong>,</strong></span> <span class='ocrx_word' id='word_1_511' title='bbox 3528 938 3611 975; x_wconf 80' lang='lat' dir='ltr'><strong>eos</strong></span> <span class='ocrx_word' id='word_1_512' title='bbox 3638 940 3751 991; x_wconf 71' lang='lat' dir='ltr'><strong>per-</strong></span> 
     </span>
    </p>
   </div>
   <div class='ocr_carea' id='block_1_67' title="bbox 2180 998 3751 1081">
    <p class='ocr_par' dir='ltr' id='par_1_67' title="bbox 2180 998 3751 1081">
     <span class='ocr_line' id='line_1_67' title="bbox 2180 998 3751 1081; baseline 0.01 -30"><span class='ocrx_word' id='word_1_513' title='bbox 2180 998 2333 1052; x_wconf 65' lang='lat' dir='ltr'><strong>mittit</strong></span> <span class='ocrx_word' id='word_1_514' title='bbox 2370 1016 2514 1066; x_wconf 74' lang='lat' dir='ltr'><strong>esse,</strong></span> <span class='ocrx_word' id='word_1_515' title='bbox 2558 1011 2799 1069; x_wconf 7' lang='lat' dir='ltr'><strong>montum</strong></span> <span class='ocrx_word' id='word_1_516' title='bbox 2842 1005 2975 1058; x_wconf 72' lang='lat' dir='ltr'><strong>novit</strong></span> <span class='ocrx_word' id='word_1_517' title='bbox 3026 1008 3261 1075; x_wconf 73' lang='lat' dir='ltr'><strong>ea:ch</strong></span> <span class='ocrx_word' id='word_1_518' title='bbox 3282 1049 3295 1073; x_wconf 91' lang='lat'><strong>,</strong></span> <span class='ocrx_word' id='word_1_519' title='bbox 3342 1019 3489 1079; x_wconf 74' lang='lat' dir='ltr'><strong>atque</strong></span> <span class='ocrx_word' id='word_1_520' title='bbox 3535 1014 3751 1081; x_wconf 61' lang='lat' dir='ltr'><strong>sufﬁcere</strong></span> 
     </span>
    </p>
   </div>
   <div class='ocr_carea' id='block_1_68' title="bbox 2182 1092 3751 1165">
    <p class='ocr_par' dir='ltr' id='par_1_68' title="bbox 2182 1092 3751 1165">
     <span class='ocr_line' id='line_1_68' title="bbox 2182 1092 3751 1165; baseline 0.009 -20"><span class='ocrx_word' id='word_1_521' title='bbox 2182 1092 2515 1147; x_wconf 61' lang='lat' dir='ltr'><strong>adinonaidre</strong></span> <span class='ocrx_word' id='word_1_522' title='bbox 2538 1104 2689 1165; x_wconf 70' lang='lat' dir='ltr'><strong>atque</strong></span> <span class='ocrx_word' id='word_1_523' title='bbox 2726 1098 3013 1153; x_wconf 66' lang='lat' dir='ltr'><strong>exercendte</strong></span> <span class='ocrx_word' id='word_1_524' title='bbox 3045 1109 3235 1153; x_wconf 71' lang='lat' dir='ltr'><strong>sanctw</strong></span> <span class='ocrx_word' id='word_1_525' title='bbox 3266 1102 3439 1155; x_wconf 80' lang='lat' dir='ltr'><strong>domui</strong></span> <span class='ocrx_word' id='word_1_526' title='bbox 3472 1120 3595 1157; x_wconf 67' lang='lat' dir='ltr'><strong>sane</strong></span> <span class='ocrx_word' id='word_1_527' title='bbox 3630 1104 3751 1159; x_wconf 67' lang='lat' dir='ltr'><strong>Idm</strong></span> 
     </span>
    </p>
   </div>
   <div class='ocr_carea' id='block_1_69' title="bbox 2176 1187 3750 1265">
    <p class='ocr_par' dir='ltr' id='par_1_69' title="bbox 2176 1187 3750 1265">
     <span class='ocr_line' id='line_1_69' title="bbox 2176 1187 3750 1265; baseline 0.005 -24"><span class='ocrx_word' id='word_1_528' title='bbox 2176 1197 2403 1241; x_wconf 68' lang='lat' dir='ltr'><strong>nostram</strong></span> <span class='ocrx_word' id='word_1_529' title='bbox 2426 1188 2487 1241; x_wconf 79' lang='lat' dir='ltr'><strong>de</strong></span> <span class='ocrx_word' id='word_1_530' title='bbox 2504 1187 2608 1241; x_wconf 70' lang='lat' dir='ltr'><strong>illis</strong></span> <span class='ocrx_word' id='word_1_531' title='bbox 2630 1191 2887 1243; x_wconf 54' lang='lat' dir='ltr'><strong>tristitiam</strong></span> <span class='ocrx_word' id='word_1_532' title='bbox 2915 1193 3206 1246; x_wconf 65' lang='lat' dir='ltr'><strong>consolatur</strong></span> <span class='ocrx_word' id='word_1_533' title='bbox 3232 1210 3248 1246; x_wconf 91' lang='lat'><em>:</em></span> <span class='ocrx_word' id='word_1_534' title='bbox 3267 1197 3383 1265; x_wconf 80' lang='lat' dir='ltr'><strong>quia</strong></span> <span class='ocrx_word' id='word_1_535' title='bbox 3402 1206 3445 1248; x_wconf 77' lang='lat' dir='ltr'><strong>et</strong></span> <span class='ocrx_word' id='word_1_536' title='bbox 3464 1197 3574 1265; x_wconf 84' lang='lat' dir='ltr'><strong>ipsa</strong></span> <span class='ocrx_word' id='word_1_537' title='bbox 3594 1198 3750 1251; x_wconf 74' lang='lat' dir='ltr'><strong>tristi-</strong></span> 
     </span>
    </p>
   </div>
   <div class='ocr_carea' id='block_1_70' title="bbox 2181 1278 3747 1351">
    <p class='ocr_par' dir='ltr' id='par_1_70' title="bbox 2181 1278 3747 1351">
     <span class='ocr_line' id='line_1_70' title="bbox 2181 1278 3747 1351; baseline 0.007 -20"><span class='ocrx_word' id='word_1_538' title='bbox 2181 1278 2271 1347; x_wconf 80' lang='lat' dir='ltr'><strong>tia,</strong></span> <span class='ocrx_word' id='word_1_539' title='bbox 2299 1296 2444 1348; x_wconf 74' lang='grc' dir='ltr'><strong>ᾳααηι</strong></span> <span class='ocrx_word' id='word_1_540' title='bbox 2468 1297 2566 1350; x_wconf 81' lang='lat' dir='ltr'><strong>pro</strong></span> <span class='ocrx_word' id='word_1_541' title='bbox 2591 1282 2695 1335; x_wconf 69' lang='lat' dir='ltr'><strong>illis</strong></span> <span class='ocrx_word' id='word_1_542' title='bbox 2722 1283 2979 1351; x_wconf 64' lang='lat' dir='ltr'><strong>habemus,</strong></span> <span class='ocrx_word' id='word_1_543' title='bbox 3005 1301 3095 1337; x_wconf 85' lang='lat' dir='ltr'><strong>nos</strong></span> <span class='ocrx_word' id='word_1_544' title='bbox 3124 1286 3340 1351; x_wconf 75' lang='lat' dir='ltr'><strong>relevat;</strong></span> <span class='ocrx_word' id='word_1_545' title='bbox 3364 1288 3478 1341; x_wconf 77' lang='lat' dir='ltr'><strong>illos</strong></span> <span class='ocrx_word' id='word_1_546' title='bbox 3503 1298 3667 1342; x_wconf 75' lang='lat' dir='ltr'><strong>autem</strong></span> <span class='ocrx_word' id='word_1_547' title='bbox 3696 1292 3747 1343; x_wconf 86' lang='lat' dir='ltr'><strong>in</strong></span> 
     </span>
    </p>
   </div>
   <div class='ocr_carea' id='block_1_71' title="bbox 2180 1372 3746 1447">
    <p class='ocr_par' dir='ltr' id='par_1_71' title="bbox 2180 1372 3746 1447">
     <span class='ocr_line' id='line_1_71' title="bbox 2180 1372 3746 1447; baseline 0.007 -24"><span class='ocrx_word' id='word_1_548' title='bbox 2180 1386 2273 1423; x_wconf 82' lang='lat' dir='ltr'><strong>sua</strong></span> <span class='ocrx_word' id='word_1_549' title='bbox 2308 1372 2625 1440; x_wconf 76' lang='lat' dir='ltr'><strong>perversitate</strong></span> <span class='ocrx_word' id='word_1_550' title='bbox 2670 1384 3034 1441; x_wconf 73' lang='lat' dir='ltr'><strong>perseverantes</strong></span> <span class='ocrx_word' id='word_1_551' title='bbox 3072 1386 3263 1445; x_wconf 76' lang='lat' dir='ltr'><strong>gravat.</strong></span> <span class='ocrx_word' id='word_1_552' title='bbox 3312 1378 3565 1431; x_wconf 72' lang='lat' dir='ltr'><strong>Gaudium</strong></span> <span class='ocrx_word' id='word_1_553' title='bbox 3615 1396 3746 1447; x_wconf 83' lang='lat' dir='ltr'><strong>vero,</strong></span> 
     </span>
    </p>
   </div>
   <div class='ocr_carea' id='block_1_72' title="bbox 2174 1461 3746 1536">
    <p class='ocr_par' dir='ltr' id='par_1_72' title="bbox 2174 1461 3746 1536">
     <span class='ocr_line' id='line_1_72' title="bbox 2174 1461 3746 1536; baseline 0.008 -24"><span class='ocrx_word' id='word_1_554' title='bbox 2174 1461 2313 1531; x_wconf 72' lang='lat' dir='ltr'><strong>quod</strong></span> <span class='ocrx_word' id='word_1_555' title='bbox 2342 1464 2659 1532; x_wconf 79' lang='lat' dir='ltr'><strong>percipimus,</strong></span> <span class='ocrx_word' id='word_1_556' title='bbox 2684 1466 2883 1534; x_wconf 70' lang='lat' dir='ltr'><strong>quairdo</strong></span> <span class='ocrx_word' id='word_1_557' title='bbox 2902 1466 3059 1536; x_wconf 85' lang='lat' dir='ltr'><strong>aliqui</strong></span> <span class='ocrx_word' id='word_1_558' title='bbox 3079 1484 3141 1520; x_wconf 80' lang='lat' dir='ltr'><strong>ea:</strong></span> <span class='ocrx_word' id='word_1_559' title='bbox 3166 1469 3236 1521; x_wconf 81' lang='lat' dir='ltr'><strong>eis</strong></span> <span class='ocrx_word' id='word_1_560' title='bbox 3262 1472 3468 1522; x_wconf 75' lang='lat' dir='ltr'><strong>correcti</strong></span> <span class='ocrx_word' id='word_1_561' title='bbox 3488 1472 3539 1524; x_wconf 84' lang='lat' dir='ltr'><strong>in</strong></span> <span class='ocrx_word' id='word_1_562' title='bbox 3572 1474 3746 1525; x_wconf 76' lang='lat' dir='ltr'><strong>melius</strong></span> 
     </span>
    </p>
   </div>
   <div class='ocr_carea' id='block_1_73' title="bbox 2179 1559 3752 1628">
    <p class='ocr_par' dir='ltr' id='par_1_73' title="bbox 2179 1559 3752 1628">
     <span class='ocr_line' id='line_1_73' title="bbox 2179 1559 3752 1628; baseline 0.007 -25"><span class='ocrx_word' id='word_1_563' title='bbox 2179 1562 2565 1619; x_wconf 55' lang='lat' dir='ltr'><strong>comminantem,</strong></span> <span class='ocrx_word' id='word_1_564' title='bbox 2606 1564 2652 1607; x_wconf 83' lang='lat' dir='ltr'><strong>ct</strong></span> <span class='ocrx_word' id='word_1_565' title='bbox 2692 1565 2978 1610; x_wconf 76' lang='lat' dir='ltr'><strong>sanctorum</strong></span> <span class='ocrx_word' id='word_1_566' title='bbox 3020 1559 3244 1611; x_wconf 75' lang='lat' dir='ltr'><strong>societati</strong></span> <span class='ocrx_word' id='word_1_567' title='bbox 3276 1562 3598 1628; x_wconf 75' lang='lat' dir='ltr'><strong>capulantur,</strong></span> <span class='ocrx_word' id='word_1_568' title='bbox 3627 1561 3752 1615; x_wconf 63' lang='lat' dir='ltr'><strong>melli</strong></span> 
     </span>
    </p>
   </div>
   <div class='ocr_carea' id='block_1_74' title="bbox 2180 1644 3752 1717">
    <p class='ocr_par' dir='ltr' id='par_1_74' title="bbox 2180 1644 3752 1717">
     <span class='ocr_line' id='line_1_74' title="bbox 2180 1644 3752 1717; baseline 0.006 -21"><span class='ocrx_word' id='word_1_569' title='bbox 2180 1644 2364 1713; x_wconf 79' lang='lat' dir='ltr'><strong>gaudio</strong></span> <span class='ocrx_word' id='word_1_570' title='bbox 2388 1646 2438 1697; x_wconf 81' lang='lat' dir='ltr'><strong>in</strong></span> <span class='ocrx_word' id='word_1_571' title='bbox 2466 1645 2561 1697; x_wconf 78' lang='lat' dir='ltr'><strong>hac</strong></span> <span class='ocrx_word' id='word_1_572' title='bbox 2582 1646 2686 1698; x_wconf 75' lang='lat' dir='ltr'><strong>vita</strong></span> <span class='ocrx_word' id='word_1_573' title='bbox 2713 1649 2995 1717; x_wconf 81' lang='lat' dir='ltr'><strong>comparari</strong></span> <span class='ocrx_word' id='word_1_574' title='bbox 3014 1658 3194 1716; x_wconf 76' lang='lat' dir='ltr'><strong>potest.</strong></span> <span class='ocrx_word' id='word_1_575' title='bbox 3227 1650 3374 1704; x_wconf 84' lang='lat' dir='ltr'><strong>Unde</strong></span> <span class='ocrx_word' id='word_1_576' title='bbox 3395 1662 3439 1705; x_wconf 84' lang='lat' dir='ltr'><strong>et</strong></span> <span class='ocrx_word' id='word_1_577' title='bbox 3470 1653 3752 1706; x_wconf 57' lang='lat' dir='ltr'><strong>&quot;crastinam</strong></span> 
     </span>
    </p>
   </div>
   <div class='ocr_carea' id='block_1_75' title="bbox 2180 1734 3752 1811">
    <p class='ocr_par' dir='ltr' id='par_1_75' title="bbox 2180 1734 3752 1811">
     <span class='ocr_line' id='line_1_75' title="bbox 2180 1734 3752 1811; baseline 0.008 -26"><span class='ocrx_word' id='word_1_578' title='bbox 2180 1742 2318 1786; x_wconf 82' lang='lat' dir='ltr'><strong>tuam</strong></span> <span class='ocrx_word' id='word_1_579' title='bbox 2348 1734 2408 1788; x_wconf 88' lang='lat' dir='ltr'><strong>de</strong></span> <span class='ocrx_word' id='word_1_580' title='bbox 2443 1735 2624 1788; x_wconf 75' lang='lat' dir='ltr'><strong>talibus</strong></span> <span class='ocrx_word' id='word_1_581' title='bbox 2644 1777 2658 1802; x_wconf 91' lang='lat'><strong>,</strong></span> <span class='ocrx_word' id='word_1_582' title='bbox 2692 1746 2736 1789; x_wconf 86' lang='lat' dir='ltr'><strong>et</strong></span> <span class='ocrx_word' id='word_1_583' title='bbox 2775 1737 3085 1807; x_wconf 76' lang='lat' dir='ltr'><strong>vigilantiam</strong></span> <span class='ocrx_word' id='word_1_584' title='bbox 3122 1752 3271 1811; x_wconf 71' lang='lat' dir='ltr'><strong>atque</strong></span> <span class='ocrx_word' id='word_1_585' title='bbox 3306 1743 3552 1796; x_wconf 76' lang='lat' dir='ltr'><strong>cautelam</strong></span> <span class='ocrx_word' id='word_1_586' title='bbox 3578 1755 3752 1797; x_wconf 86' lang='lat' dir='ltr'><strong>contra</strong></span> 
     </span>
    </p>
   </div>
   <div class='ocr_carea' id='block_1_76' title="bbox 2181 1825 3751 1906">
    <p class='ocr_par' dir='ltr' id='par_1_76' title="bbox 2181 1825 3751 1906">
     <span class='ocr_line' id='line_1_76' title="bbox 2181 1825 3751 1906; baseline 0.009 -30"><span class='ocrx_word' id='word_1_587' title='bbox 2181 1825 2321 1889; x_wconf 81' lang='lat' dir='ltr'><strong>tales,</strong></span> <span class='ocrx_word' id='word_1_588' title='bbox 2350 1842 2500 1893; x_wconf 84' lang='lat' dir='ltr'><strong>quam</strong></span> <span class='ocrx_word' id='word_1_589' title='bbox 2522 1826 2815 1883; x_wconf 74' lang='lat' dir='ltr'><strong>tnis&#39;litteris</strong></span> <span class='ocrx_word' id='word_1_590' title='bbox 2842 1833 3130 1901; x_wconf 73' lang='lat' dir='ltr'><strong>expressisti</strong></span> <span class='ocrx_word' id='word_1_591' title='bbox 3152 1876 3163 1898; x_wconf 89' lang='lat'><strong>,</strong></span> <span class='ocrx_word' id='word_1_592' title='bbox 3200 1834 3413 1887; x_wconf 82' lang='lat' dir='ltr'><strong>multum</strong></span> <span class='ocrx_word' id='word_1_593' title='bbox 3451 1837 3672 1906; x_wconf 79' lang='lat' dir='ltr'><strong>approbo</strong></span> <span class='ocrx_word' id='word_1_594' title='bbox 3707 1845 3751 1890; x_wconf 79' lang='lat' dir='ltr'><strong>et</strong></span> 
     </span>
    </p>
   </div>
   <div class='ocr_carea' id='block_1_77' title="bbox 2180 1917 3753 1999">
    <p class='ocr_par' dir='ltr' id='par_1_77' title="bbox 2180 1917 3753 1999">
     <span class='ocr_line' id='line_1_77' title="bbox 2180 1917 3753 1999; baseline 0.01 -31"><span class='ocrx_word' id='word_1_595' title='bbox 2180 1917 2331 1969; x_wconf 78' lang='lat' dir='ltr'><strong>laudo</strong></span> <span class='ocrx_word' id='word_1_596' title='bbox 2356 1928 2541 1987; x_wconf 76' lang='lat' dir='ltr'><strong>:alque</strong></span> <span class='ocrx_word' id='word_1_597' title='bbox 2576 1928 2630 1972; x_wconf 82' lang='lat' dir='ltr'><strong>ut</strong></span> <span class='ocrx_word' id='word_1_598' title='bbox 2656 1921 2709 1973; x_wconf 84' lang='lat' dir='ltr'><strong>in</strong></span> <span class='ocrx_word' id='word_1_599' title='bbox 2736 1922 2829 1974; x_wconf 77' lang='lat' dir='ltr'><strong>[me</strong></span> <span class='ocrx_word' id='word_1_600' title='bbox 2854 1924 2935 1976; x_wconf 82' lang='lat' dir='ltr'><strong>via</strong></span> <span class='ocrx_word' id='word_1_601' title='bbox 2962 1936 3347 1992; x_wconf 71' lang='lat' dir='ltr'><strong>perseveranter</strong></span> <span class='ocrx_word' id='word_1_602' title='bbox 3366 1928 3589 1981; x_wconf 76' lang='lat' dir='ltr'><strong>ambules</strong></span> <span class='ocrx_word' id='word_1_603' title='bbox 3609 1969 3623 1993; x_wconf 94' lang='lat'><strong>,</strong></span> <span class='ocrx_word' id='word_1_604' title='bbox 3660 1944 3753 1999; x_wconf 76' lang='lat' dir='ltr'><strong>pro</strong></span> 
     </span>
    </p>
   </div>
   <div class='ocr_carea' id='block_1_78' title="bbox 2174 2010 3751 2084">
    <p class='ocr_par' dir='ltr' id='par_1_78' title="bbox 2174 2010 3751 2084">
     <span class='ocr_line' id='line_1_78' title="bbox 2174 2010 3751 2084; baseline 0.008 -24"><span class='ocrx_word' id='word_1_605' title='bbox 2174 2010 2302 2061; x_wconf 80' lang='lat' dir='ltr'><strong>meis</strong></span> <span class='ocrx_word' id='word_1_606' title='bbox 2320 2010 2527 2073; x_wconf 69' lang='lat' dir='ltr'><strong>vitibus,</strong></span> <span class='ocrx_word' id='word_1_607' title='bbox 2554 2012 2671 2081; x_wconf 74' lang='lat' dir='ltr'><strong>quia</strong></span> <span class='ocrx_word' id='word_1_608' title='bbox 2693 2013 2785 2065; x_wconf 77' lang='lat' dir='ltr'><strong>hoc</strong></span> <span class='ocrx_word' id='word_1_609' title='bbox 2814 2015 2970 2084; x_wconf 68' lang='lat' dir='ltr'><strong>exigis</strong></span> <span class='ocrx_word' id='word_1_610' title='bbox 2992 2057 3004 2079; x_wconf 93' lang='lat'><strong>,</strong></span> <span class='ocrx_word' id='word_1_611' title='bbox 3029 2025 3073 2067; x_wconf 80' lang='lat' dir='ltr'><strong>et</strong></span> <span class='ocrx_word' id='word_1_612' title='bbox 3102 2016 3273 2070; x_wconf 81' lang='lat' dir='ltr'><strong>hortor</strong></span> <span class='ocrx_word' id='word_1_613' title='bbox 3301 2027 3350 2071; x_wconf 90' lang='lat' dir='ltr'><strong>et</strong></span> <span class='ocrx_word' id='word_1_614' title='bbox 3377 2036 3553 2073; x_wconf 85' lang='lat' dir='ltr'><strong>moneo</strong></span> <span class='ocrx_word' id='word_1_615' title='bbox 3574 2030 3629 2073; x_wconf 84' lang='lat' dir='ltr'><strong>ut</strong></span> <span class='ocrx_word' id='word_1_616' title='bbox 3646 2021 3751 2073; x_wconf 83' lang='lat' dir='ltr'><strong>mi-</strong></span> 
     </span>
    </p>
   </div>
   <div class='ocr_carea' id='block_1_79' title="bbox 2178 2100 3752 2175">
    <p class='ocr_par' dir='ltr' id='par_1_79' title="bbox 2178 2100 3752 2175">
     <span class='ocr_line' id='line_1_79' title="bbox 2178 2100 3752 2175; baseline 0.009 -24"><span class='ocrx_word' id='word_1_617' title='bbox 2178 2100 2388 2153; x_wconf 78' lang='lat' dir='ltr'><strong>serearis</strong></span> <span class='ocrx_word' id='word_1_618' title='bbox 2426 2117 2597 2154; x_wconf 78' lang='lat' dir='ltr'><strong>eorum</strong></span> <span class='ocrx_word' id='word_1_619' title='bbox 2644 2112 2879 2173; x_wconf 75' lang='lat' dir='ltr'><strong>tanquam</strong></span> <span class='ocrx_word' id='word_1_620' title='bbox 2922 2108 3138 2174; x_wconf 70' lang='lat' dir='ltr'><strong>simplex</strong></span> <span class='ocrx_word' id='word_1_621' title='bbox 3176 2117 3231 2160; x_wconf 85' lang='lat' dir='ltr'><strong>nt</strong></span> <span class='ocrx_word' id='word_1_622' title='bbox 3278 2110 3539 2175; x_wconf 82' lang='lat' dir='ltr'><strong>columba;</strong></span> <span class='ocrx_word' id='word_1_623' title='bbox 3579 2127 3752 2165; x_wconf 68' lang='lat' dir='ltr'><strong>caveas</strong></span> 
     </span>
    </p>
   </div>
   <div class='ocr_carea' id='block_1_80' title="bbox 2178 2193 3752 2274">
    <p class='ocr_par' dir='ltr' id='par_1_80' title="bbox 2178 2193 3752 2274">
     <span class='ocr_line' id='line_1_80' title="bbox 2178 2193 3752 2274; baseline 0.01 -31"><span class='ocrx_word' id='word_1_624' title='bbox 2178 2200 2343 2244; x_wconf 80' lang='lat' dir='ltr'><strong>autem</strong></span> <span class='ocrx_word' id='word_1_625' title='bbox 2364 2193 2481 2245; x_wconf 82' lang='lat' dir='ltr'><strong>illos</strong></span> <span class='ocrx_word' id='word_1_626' title='bbox 2504 2202 2744 2263; x_wconf 77' lang='lat' dir='ltr'><strong>tanquam</strong></span> <span class='ocrx_word' id='word_1_627' title='bbox 2778 2206 2945 2250; x_wconf 79' lang='lat' dir='ltr'><strong>astuta</strong></span> <span class='ocrx_word' id='word_1_628' title='bbox 2981 2200 3104 2252; x_wconf 77' lang='lat' dir='ltr'><strong>sicut</strong></span> <span class='ocrx_word' id='word_1_629' title='bbox 3138 2216 3379 2269; x_wconf 83' lang='lat' dir='ltr'><strong>serpens;</strong></span> <span class='ocrx_word' id='word_1_630' title='bbox 3415 2203 3596 2271; x_wconf 79' lang='lat' dir='ltr'><strong>desque</strong></span> <span class='ocrx_word' id='word_1_631' title='bbox 3632 2221 3752 2274; x_wconf 86' lang='lat' dir='ltr'><strong>ope-</strong></span> 
     </span>
    </p>
   </div>
   <div class='ocr_carea' id='block_1_81' title="bbox 2176 2289 3753 2358">
    <p class='ocr_par' dir='ltr' id='par_1_81' title="bbox 2176 2289 3753 2358">
     <span class='ocr_line' id='line_1_81' title="bbox 2176 2289 3753 2358; baseline 0.01 -25"><span class='ocrx_word' id='word_1_632' title='bbox 2176 2297 2288 2334; x_wconf 67' lang='lat' dir='ltr'><strong>ram</strong></span> <span class='ocrx_word' id='word_1_633' title='bbox 2308 2324 2321 2349; x_wconf 94' lang='lat'><strong>,</strong></span> <span class='ocrx_word' id='word_1_634' title='bbox 2362 2296 2605 2352; x_wconf 74' lang='lat' dir='ltr'><strong>quantum</strong></span> <span class='ocrx_word' id='word_1_635' title='bbox 2636 2295 2773 2354; x_wconf 84' lang='lat' dir='ltr'><strong>potes</strong></span> <span class='ocrx_word' id='word_1_636' title='bbox 2793 2330 2805 2350; x_wconf 95' lang='lat'><strong>,</strong></span> <span class='ocrx_word' id='word_1_637' title='bbox 2846 2298 2900 2340; x_wconf 85' lang='lat' dir='ltr'><strong>ut</strong></span> <span class='ocrx_word' id='word_1_638' title='bbox 2937 2290 3019 2358; x_wconf 70' lang='lat' dir='ltr'><strong>qui</strong></span> <span class='ocrx_word' id='word_1_639' title='bbox 3060 2289 3147 2341; x_wconf 82' lang='lat' dir='ltr'><strong>tibi</strong></span> <span class='ocrx_word' id='word_1_640' title='bbox 3175 2290 3433 2345; x_wconf 55' lang='lat' dir='ltr'><strong>adolerent</strong></span> <span class='ocrx_word' id='word_1_641' title='bbox 3454 2334 3468 2356; x_wconf 92' lang='lat'><strong>,</strong></span> <span class='ocrx_word' id='word_1_642' title='bbox 3508 2302 3669 2347; x_wconf 76' lang='lat' dir='ltr'><strong>tecum</strong></span> <span class='ocrx_word' id='word_1_643' title='bbox 3694 2294 3753 2349; x_wconf 73' lang='lat' dir='ltr'><strong>in</strong></span> 
     </span>
    </p>
   </div>
   <div class='ocr_carea' id='block_1_82' title="bbox 2176 2377 3749 2457">
    <p class='ocr_par' dir='ltr' id='par_1_82' title="bbox 2176 2377 3749 2457">
     <span class='ocr_line' id='line_1_82' title="bbox 2176 2377 3749 2457; baseline 0.009 -30"><span class='ocrx_word' id='word_1_644' title='bbox 2176 2385 2312 2428; x_wconf 81' lang='lat' dir='ltr'><strong>recta</strong></span> <span class='ocrx_word' id='word_1_645' title='bbox 2342 2377 2437 2445; x_wconf 74' lang='lat' dir='ltr'><strong>ﬁde</strong></span> <span class='ocrx_word' id='word_1_646' title='bbox 2466 2390 2805 2445; x_wconf 82' lang='lat' dir='ltr'><strong>permaneant,</strong></span> <span class='ocrx_word' id='word_1_647' title='bbox 2835 2390 2921 2433; x_wconf 82' lang='lat' dir='ltr'><strong>aut</strong></span> <span class='ocrx_word' id='word_1_648' title='bbox 2957 2381 3024 2434; x_wconf 83' lang='lat' dir='ltr'><strong>ad</strong></span> <span class='ocrx_word' id='word_1_649' title='bbox 3050 2382 3200 2451; x_wconf 76' lang='lat' dir='ltr'><strong>[idem</strong></span> <span class='ocrx_word' id='word_1_650' title='bbox 3234 2393 3442 2450; x_wconf 87' lang='lat' dir='ltr'><strong>rectam,</strong></span> <span class='ocrx_word' id='word_1_651' title='bbox 3471 2386 3514 2439; x_wconf 85' lang='lat' dir='ltr'><strong>si</strong></span> <span class='ocrx_word' id='word_1_652' title='bbox 3538 2390 3665 2457; x_wconf 79' lang='lat' dir='ltr'><strong>forte</strong></span> <span class='ocrx_word' id='word_1_653' title='bbox 3695 2388 3749 2441; x_wconf 78' lang='lat' dir='ltr'><strong>in</strong></span> 
     </span>
    </p>
   </div>
   <div class='ocr_carea' id='block_1_83' title="bbox 2177 2466 3676 2547">
    <p class='ocr_par' dir='ltr' id='par_1_83' title="bbox 2177 2466 3676 2547">
     <span class='ocr_line' id='line_1_83' title="bbox 2177 2466 3676 2547; baseline 0.009 -28"><span class='ocrx_word' id='word_1_654' title='bbox 2177 2466 2343 2536; x_wconf 72' lang='lat' dir='ltr'><strong>aliqua</strong></span> <span class='ocrx_word' id='word_1_655' title='bbox 2363 2470 2517 2538; x_wconf 62' lang='lat' dir='ltr'><strong>reliqui</strong></span> <span class='ocrx_word' id='word_1_656' title='bbox 2544 2470 2797 2539; x_wconf 79' lang='lat' dir='ltr'><strong>depravati</strong></span> <span class='ocrx_word' id='word_1_657' title='bbox 2826 2480 2957 2535; x_wconf 78' lang='lat' dir='ltr'><strong>sunt,</strong></span> <span class='ocrx_word' id='word_1_658' title='bbox 2987 2474 3301 2542; x_wconf 81' lang='lat' dir='ltr'><strong>corrigantur</strong></span> <span class='ocrx_word' id='word_1_659' title='bbox 3325 2474 3676 2547; x_wconf 70' lang='lat' dir='ltr'><strong>(Episl.264).</strong></span> 
     </span>
    </p>
   </div>
   <div class='ocr_carea' id='block_1_84' title="bbox 2248 2562 3753 2639">
    <p class='ocr_par' dir='ltr' id='par_1_84' title="bbox 2248 2562 3753 2639">
     <span class='ocr_line' id='line_1_84' title="bbox 2248 2562 3753 2639; baseline 0.005 -23"><span class='ocrx_word' id='word_1_660' title='bbox 2248 2563 2301 2617; x_wconf 80' lang='grc'><strong>4.</strong></span> <span class='ocrx_word' id='word_1_661' title='bbox 2341 2562 2594 2617; x_wconf 82' lang='lat' dir='ltr'><strong>Geminos</strong></span> <span class='ocrx_word' id='word_1_662' title='bbox 2643 2564 2806 2618; x_wconf 82' lang='lat' dir='ltr'><strong>libros</strong></span> <span class='ocrx_word' id='word_1_663' title='bbox 2856 2575 3041 2620; x_wconf 79' lang='lat' dir='ltr'><strong>contra</strong></span> <span class='ocrx_word' id='word_1_664' title='bbox 3092 2566 3450 2621; x_wconf 81' lang='lat' dir='ltr'><strong>adversarium</strong></span> <span class='ocrx_word' id='word_1_665' title='bbox 3498 2569 3652 2639; x_wconf 87' lang='lat' dir='ltr'><strong>Legis</strong></span> <span class='ocrx_word' id='word_1_666' title='bbox 3696 2578 3753 2626; x_wconf 89' lang='lat' dir='ltr'><strong>et</strong></span> 
     </span>
    </p>
   </div>
   <div class='ocr_carea' id='block_1_85' title="bbox 2178 2653 3751 2722">
    <p class='ocr_par' dir='ltr' id='par_1_85' title="bbox 2178 2653 3751 2722">
     <span class='ocr_line' id='line_1_85' title="bbox 2178 2653 3751 2722; baseline 0.007 -14"><span class='ocrx_word' id='word_1_667' title='bbox 2178 2653 2559 2722; x_wconf 62' lang='lat' dir='ltr'><strong>Prometarum</strong></span> <span class='ocrx_word' id='word_1_668' title='bbox 2584 2655 2783 2711; x_wconf 84' lang='lat' dir='ltr'><strong>directe</strong></span> <span class='ocrx_word' id='word_1_669' title='bbox 2798 2657 3054 2712; x_wconf 82' lang='lat' dir='ltr'><strong>adversus</strong></span> <span class='ocrx_word' id='word_1_670' title='bbox 3080 2658 3444 2714; x_wconf 84' lang='lat' dir='ltr'><strong>Marcionistas</strong></span> <span class='ocrx_word' id='word_1_671' title='bbox 3464 2670 3517 2714; x_wconf 89' lang='lat' dir='ltr'><strong>et</strong></span> <span class='ocrx_word' id='word_1_672' title='bbox 3544 2663 3675 2717; x_wconf 91' lang='lat' dir='ltr'><strong>alios</strong></span> <span class='ocrx_word' id='word_1_673' title='bbox 3696 2663 3751 2719; x_wconf 87' lang='lat' dir='ltr'><strong>id</strong></span> 
     </span>
    </p>
   </div>
   <div class='ocr_carea' id='block_1_86' title="bbox 2176 2747 3753 2819">
    <p class='ocr_par' dir='ltr' id='par_1_86' title="bbox 2176 2747 3753 2819">
     <span class='ocr_line' id='line_1_86' title="bbox 2176 2747 3753 2819; baseline 0.004 -18"><span class='ocrx_word' id='word_1_674' title='bbox 2176 2762 2343 2817; x_wconf 81' lang='lat' dir='ltr'><strong>genus</strong></span> <span class='ocrx_word' id='word_1_675' title='bbox 2372 2747 2649 2802; x_wconf 78' lang='lat' dir='ltr'><strong>haereticos</strong></span> <span class='ocrx_word' id='word_1_676' title='bbox 2677 2749 3009 2819; x_wconf 84' lang='lat' dir='ltr'><strong>conscripsit.</strong></span> <span class='ocrx_word' id='word_1_677' title='bbox 3043 2750 3174 2803; x_wconf 87' lang='lat' dir='ltr'><strong>Eum</strong></span> <span class='ocrx_word' id='word_1_678' title='bbox 3199 2758 3379 2804; x_wconf 76' lang='lat' dir='ltr'><strong>contra</strong></span> <span class='ocrx_word' id='word_1_679' title='bbox 3410 2751 3753 2807; x_wconf 77' lang='lat' dir='ltr'><strong>Prisc‘illiani-</strong></span> 
     </span>
    </p>
   </div>
   <div class='ocr_carea' id='block_1_87' title="bbox 2178 2837 3751 2907">
    <p class='ocr_par' dir='ltr' id='par_1_87' title="bbox 2178 2837 3751 2907">
     <span class='ocr_line' id='line_1_87' title="bbox 2178 2837 3751 2907; baseline 0.003 -16"><span class='ocrx_word' id='word_1_680' title='bbox 2178 2846 2287 2892; x_wconf 88' lang='lat' dir='ltr'><strong>stas</strong></span> <span class='ocrx_word' id='word_1_681' title='bbox 2302 2838 2563 2907; x_wconf 79' lang='lat' dir='ltr'><strong>Hispanos</strong></span> <span class='ocrx_word' id='word_1_682' title='bbox 2583 2837 2647 2891; x_wconf 87' lang='lat' dir='ltr'><strong>ad</strong></span> <span class='ocrx_word' id='word_1_683' title='bbox 2662 2838 2932 2902; x_wconf 84' lang='lat' dir='ltr'><strong>Orosinm,</strong></span> <span class='ocrx_word' id='word_1_684' title='bbox 2960 2838 3027 2893; x_wconf 88' lang='lat' dir='ltr'><strong>ad</strong></span> <span class='ocrx_word' id='word_1_685' title='bbox 3042 2839 3381 2894; x_wconf 88' lang='lat' dir='ltr'><strong>Consentium</strong></span> <span class='ocrx_word' id='word_1_686' title='bbox 3409 2850 3461 2894; x_wconf 86' lang='lat' dir='ltr'><strong>et</strong></span> <span class='ocrx_word' id='word_1_687' title='bbox 3482 2840 3751 2896; x_wconf 89' lang='lat' dir='ltr'><strong>Ccretium</strong></span> 
     </span>
    </p>
   </div>
   <div class='ocr_carea' id='block_1_88' title="bbox 2179 2930 3752 2999">
    <p class='ocr_par' dir='ltr' id='par_1_88' title="bbox 2179 2930 3752 2999">
     <span class='ocr_line' id='line_1_88' title="bbox 2179 2930 3752 2999; baseline 0.003 -14"><span class='ocrx_word' id='word_1_688' title='bbox 2179 2931 2455 2999; x_wconf 88' lang='lat' dir='ltr'><strong>scripsisse</strong></span> <span class='ocrx_word' id='word_1_689' title='bbox 2482 2930 2777 2985; x_wconf 78' lang='lat' dir='ltr'><strong>videbimus</strong></span> <span class='ocrx_word' id='word_1_690' title='bbox 2798 2930 3043 2986; x_wconf 82' lang='lat' dir='ltr'><strong>inferius.</strong></span> <span class='ocrx_word' id='word_1_691' title='bbox 3084 2932 3140 2986; x_wconf 81' lang='lat' dir='ltr'><strong>in</strong></span> <span class='ocrx_word' id='word_1_692' title='bbox 3181 2932 3370 2988; x_wconf 90' lang='lat' dir='ltr'><strong>eodem</strong></span> <span class='ocrx_word' id='word_1_693' title='bbox 3415 2933 3481 2987; x_wconf 91' lang='lat' dir='ltr'><strong>ad</strong></span> <span class='ocrx_word' id='word_1_694' title='bbox 3502 2932 3752 2990; x_wconf 88' lang='lat' dir='ltr'><strong>Orosium</strong></span> 
     </span>
    </p>
   </div>
   <div class='ocr_carea' id='block_1_89' title="bbox 2179 3023 3755 3097">
    <p class='ocr_par' dir='ltr' id='par_1_89' title="bbox 2179 3023 3755 3097">
     <span class='ocr_line' id='line_1_89' title="bbox 2179 3023 3755 3097; baseline 0.004 -20"><span class='ocrx_word' id='word_1_695' title='bbox 2179 3023 2316 3077; x_wconf 88' lang='lat' dir='ltr'><strong>libro</strong></span> <span class='ocrx_word' id='word_1_696' title='bbox 2340 3028 2514 3079; x_wconf 89' lang='lat' dir='ltr'><strong>varios</strong></span> <span class='ocrx_word' id='word_1_697' title='bbox 2539 3040 2749 3079; x_wconf 88' lang='lat' dir='ltr'><strong>errores</strong></span> <span class='ocrx_word' id='word_1_698' title='bbox 2768 3025 2990 3095; x_wconf 82' lang='lat' dir='ltr'><strong>Origcni</strong></span> <span class='ocrx_word' id='word_1_699' title='bbox 3019 3026 3307 3081; x_wconf 83' lang='lat' dir='ltr'><strong>attributus</strong></span> <span class='ocrx_word' id='word_1_700' title='bbox 3330 3028 3620 3097; x_wconf 84' lang='lat' dir='ltr'><strong>impugnat.</strong></span> <span class='ocrx_word' id='word_1_701' title='bbox 3646 3026 3755 3083; x_wconf 84' lang='lat' dir='ltr'><strong>No-</strong></span> 
     </span>
    </p>
   </div>
   <div class='ocr_carea' id='block_1_90' title="bbox 2179 3116 3758 3186">
    <p class='ocr_par' dir='ltr' id='par_1_90' title="bbox 2179 3116 3758 3186">
     <span class='ocr_line' id='line_1_90' title="bbox 2179 3116 3758 3186; baseline 0.003 -19"><span class='ocrx_word' id='word_1_702' title='bbox 2179 3117 2509 3169; x_wconf 86' lang='lat' dir='ltr'><strong>vatianorum</strong></span> <span class='ocrx_word' id='word_1_703' title='bbox 2538 3116 2757 3170; x_wconf 64' lang='lat' dir='ltr'><strong>haeresis</strong></span> <span class='ocrx_word' id='word_1_704' title='bbox 2792 3126 2908 3170; x_wconf 87' lang='lat' dir='ltr'><strong>erat</strong></span> <span class='ocrx_word' id='word_1_705' title='bbox 2932 3126 3058 3170; x_wconf 90' lang='lat' dir='ltr'><strong>tunc</strong></span> <span class='ocrx_word' id='word_1_706' title='bbox 3094 3118 3345 3186; x_wconf 86' lang='lat' dir='ltr'><strong>temporis</strong></span> <span class='ocrx_word' id='word_1_707' title='bbox 3381 3118 3432 3171; x_wconf 90' lang='lat' dir='ltr'><strong>in</strong></span> <span class='ocrx_word' id='word_1_708' title='bbox 3470 3118 3758 3173; x_wconf 87' lang='lat' dir='ltr'><strong>Occidente</strong></span> 
     </span>
    </p>
   </div>
   <div class='ocr_carea' id='block_1_91' title="bbox 2179 3206 3756 3276">
    <p class='ocr_par' dir='ltr' id='par_1_91' title="bbox 2179 3206 3756 3276">
     <span class='ocr_line' id='line_1_91' title="bbox 2179 3206 3756 3276; baseline 0.004 -17"><span class='ocrx_word' id='word_1_709' title='bbox 2179 3206 2475 3259; x_wconf 81' lang='lat' dir='ltr'><strong>communis</strong></span> <span class='ocrx_word' id='word_1_710' title='bbox 2523 3214 2576 3259; x_wconf 86' lang='lat' dir='ltr'><strong>et</strong></span> <span class='ocrx_word' id='word_1_711' title='bbox 2630 3216 2933 3276; x_wconf 84' lang='lat' dir='ltr'><strong>pervagata.</strong></span> <span class='ocrx_word' id='word_1_712' title='bbox 2975 3207 3107 3261; x_wconf 85' lang='lat' dir='ltr'><strong>Cum</strong></span> <span class='ocrx_word' id='word_1_713' title='bbox 3157 3207 3463 3263; x_wconf 76' lang='lat' dir='ltr'><strong>Seleuciam</strong></span> <span class='ocrx_word' id='word_1_714' title='bbox 3515 3218 3756 3265; x_wconf 84' lang='lat' dir='ltr'><strong>matrona</strong></span> 
     </span>
    </p>
   </div>
   <div class='ocr_carea' id='block_1_92' title="bbox 2179 3296 3755 3368">
    <p class='ocr_par' dir='ltr' id='par_1_92' title="bbox 2179 3296 3755 3368">
     <span class='ocr_line' id='line_1_92' title="bbox 2179 3296 3755 3368; baseline 0.003 -18"><span class='ocrx_word' id='word_1_715' title='bbox 2179 3311 2450 3350; x_wconf 87' lang='lat' dir='ltr'><strong>sermones</strong></span> <span class='ocrx_word' id='word_1_716' title='bbox 2479 3311 2600 3351; x_wconf 92' lang='lat' dir='ltr'><strong>cum</strong></span> <span class='ocrx_word' id='word_1_717' title='bbox 2630 3296 2807 3366; x_wconf 82' lang='lat' dir='ltr'><strong>aliquo</strong></span> <span class='ocrx_word' id='word_1_718' title='bbox 2832 3340 2844 3362; x_wconf 91' lang='lat'><strong>,</strong></span> <span class='ocrx_word' id='word_1_719' title='bbox 2880 3298 2966 3366; x_wconf 88' lang='lat' dir='ltr'><strong>qui</strong></span> <span class='ocrx_word' id='word_1_720' title='bbox 2993 3312 3051 3352; x_wconf 89' lang='lat' dir='ltr'><strong>se</strong></span> <span class='ocrx_word' id='word_1_721' title='bbox 3079 3298 3234 3368; x_wconf 87' lang='lat' dir='ltr'><strong>hujus</strong></span> <span class='ocrx_word' id='word_1_722' title='bbox 3262 3314 3381 3353; x_wconf 81' lang='lat' dir='ltr'><strong>csse</strong></span> <span class='ocrx_word' id='word_1_723' title='bbox 3410 3310 3566 3354; x_wconf 69' lang='lat' dir='ltr'><strong>sectae</strong></span> <span class='ocrx_word' id='word_1_724' title='bbox 3608 3299 3755 3354; x_wconf 87' lang='lat' dir='ltr'><strong>dice-</strong></span> 
     </span>
    </p>
   </div>
   <div class='ocr_carea' id='block_1_93' title="bbox 2179 3389 3755 3460">
    <p class='ocr_par' dir='ltr' id='par_1_93' title="bbox 2179 3389 3755 3460">
     <span class='ocr_line' id='line_1_93' title="bbox 2179 3389 3755 3460; baseline 0.002 -17"><span class='ocrx_word' id='word_1_725' title='bbox 2179 3389 2298 3455; x_wconf 88' lang='lat' dir='ltr'><strong>bat,</strong></span> <span class='ocrx_word' id='word_1_726' title='bbox 2337 3390 2676 3456; x_wconf 82' lang='lat' dir='ltr'><strong>contulisset,</strong></span> <span class='ocrx_word' id='word_1_727' title='bbox 2712 3392 2936 3459; x_wconf 86' lang='lat' dir='ltr'><strong>eumquc</strong></span> <span class='ocrx_word' id='word_1_728' title='bbox 2961 3390 3173 3445; x_wconf 87' lang='lat' dir='ltr'><strong>Christo</strong></span> <span class='ocrx_word' id='word_1_729' title='bbox 3216 3391 3406 3445; x_wconf 85' lang='lat' dir='ltr'><strong>lucrari</strong></span> <span class='ocrx_word' id='word_1_730' title='bbox 3449 3399 3755 3460; x_wconf 77' lang='lat' dir='ltr'><strong>expeteret,</strong></span> 
     </span>
    </p>
   </div>
   <div class='ocr_carea' id='block_1_94' title="bbox 2179 3480 3757 3549">
    <p class='ocr_par' dir='ltr' id='par_1_94' title="bbox 2179 3480 3757 3549">
     <span class='ocr_line' id='line_1_94' title="bbox 2179 3480 3757 3549; baseline 0.001 -16"><span class='ocrx_word' id='word_1_731' title='bbox 2179 3480 2532 3549; x_wconf 78' lang='lat' dir='ltr'><strong>Augustinum</strong></span> <span class='ocrx_word' id='word_1_732' title='bbox 2573 3480 2810 3549; x_wconf 80' lang='lat' dir='ltr'><strong>rogavit,</strong></span> <span class='ocrx_word' id='word_1_733' title='bbox 2841 3488 2895 3533; x_wconf 91' lang='lat' dir='ltr'><strong>ut</strong></span> <span class='ocrx_word' id='word_1_734' title='bbox 2923 3481 3161 3548; x_wconf 76' lang='lat' dir='ltr'><strong>quaedam</strong></span> <span class='ocrx_word' id='word_1_735' title='bbox 3194 3480 3268 3533; x_wconf 87' lang='lat' dir='ltr'><strong>illi</strong></span> <span class='ocrx_word' id='word_1_736' title='bbox 3307 3480 3619 3535; x_wconf 81' lang='lat' dir='ltr'><strong>documenta</strong></span> <span class='ocrx_word' id='word_1_737' title='bbox 3647 3491 3757 3535; x_wconf 88' lang='lat' dir='ltr'><strong>tra-</strong></span> 
     </span>
    </p>
   </div>
   <div class='ocr_carea' id='block_1_95' title="bbox 2180 3570 3762 3642">
    <p class='ocr_par' dir='ltr' id='par_1_95' title="bbox 2180 3570 3762 3642">
     <span class='ocr_line' id='line_1_95' title="bbox 2180 3570 3762 3642; baseline -0.001 -17"><span class='ocrx_word' id='word_1_738' title='bbox 2180 3572 2308 3627; x_wconf 88' lang='lat' dir='ltr'><strong>dere</strong></span> <span class='ocrx_word' id='word_1_739' title='bbox 2331 3571 2655 3641; x_wconf 84' lang='lat' dir='ltr'><strong>dignaretur.</strong></span> <span class='ocrx_word' id='word_1_740' title='bbox 2678 3570 2850 3625; x_wconf 80' lang='lat' dir='ltr'><strong>Simul</strong></span> <span class='ocrx_word' id='word_1_741' title='bbox 2882 3570 2946 3625; x_wconf 86' lang='lat' dir='ltr'><strong>ad</strong></span> <span class='ocrx_word' id='word_1_742' title='bbox 2975 3586 3095 3625; x_wconf 87' lang='lat' dir='ltr'><strong>eum</strong></span> <span class='ocrx_word' id='word_1_743' title='bbox 3125 3572 3365 3642; x_wconf 86' lang='lat' dir='ltr'><strong>scripsit,</strong></span> <span class='ocrx_word' id='word_1_744' title='bbox 3409 3571 3547 3625; x_wconf 89' lang='lat' dir='ltr'><strong>hunc</strong></span> <span class='ocrx_word' id='word_1_745' title='bbox 3589 3571 3762 3625; x_wconf 84' lang='lat' dir='ltr'><strong>Nova-</strong></span> 
     </span>
    </p>
   </div>
   <div class='ocr_carea' id='block_1_96' title="bbox 2182 3661 3763 3730">
    <p class='ocr_par' dir='ltr' id='par_1_96' title="bbox 2182 3661 3763 3730">
     <span class='ocr_line' id='line_1_96' title="bbox 2182 3661 3763 3730; baseline 0 -13"><span class='ocrx_word' id='word_1_746' title='bbox 2182 3664 2379 3717; x_wconf 89' lang='lat' dir='ltr'><strong>tianum</strong></span> <span class='ocrx_word' id='word_1_747' title='bbox 2435 3662 2633 3715; x_wconf 83' lang='lat' dir='ltr'><strong>nullam</strong></span> <span class='ocrx_word' id='word_1_748' title='bbox 2687 3662 2786 3715; x_wconf 88' lang='lat' dir='ltr'><strong>nisi</strong></span> <span class='ocrx_word' id='word_1_749' title='bbox 2841 3670 2962 3716; x_wconf 88' lang='lat' dir='ltr'><strong>ante</strong></span> <span class='ocrx_word' id='word_1_750' title='bbox 3010 3662 3340 3730; x_wconf 82' lang='lat' dir='ltr'><strong>Baptismum</strong></span> <span class='ocrx_word' id='word_1_751' title='bbox 3393 3661 3763 3730; x_wconf 73' lang='lat' dir='ltr'><strong>pteuitentiam</strong></span> 
     </span>
    </p>
   </div>
   <div class='ocr_carea' id='block_1_97' title="bbox 2180 3752 3763 3824">
    <p class='ocr_par' dir='ltr' id='par_1_97' title="bbox 2180 3752 3763 3824">
     <span class='ocr_line' id='line_1_97' title="bbox 2180 3752 3763 3824; baseline 0.001 -16"><span class='ocrx_word' id='word_1_752' title='bbox 2180 3767 2493 3824; x_wconf 80' lang='lat' dir='ltr'><strong>agnoscere;</strong></span> <span class='ocrx_word' id='word_1_753' title='bbox 2518 3764 2674 3822; x_wconf 89' lang='lat' dir='ltr'><strong>atque</strong></span> <span class='ocrx_word' id='word_1_754' title='bbox 2694 3754 2852 3807; x_wconf 88' lang='lat' dir='ltr'><strong>etiam</strong></span> <span class='ocrx_word' id='word_1_755' title='bbox 2870 3752 3209 3816; x_wconf 85' lang='lat' dir='ltr'><strong>contendere,</strong></span> <span class='ocrx_word' id='word_1_756' title='bbox 3235 3754 3447 3807; x_wconf 84' lang='lat' dir='ltr'><strong>Petrum</strong></span> <span class='ocrx_word' id='word_1_757' title='bbox 3469 3768 3573 3807; x_wconf 89' lang='lat' dir='ltr'><strong>non</strong></span> <span class='ocrx_word' id='word_1_758' title='bbox 3593 3753 3763 3809; x_wconf 77' lang='lat' dir='ltr'><strong>fuisse</strong></span> 
     </span>
    </p>
   </div>
   <div class='ocr_carea' id='block_1_98' title="bbox 2183 3842 3763 3915">
    <p class='ocr_par' dir='ltr' id='par_1_98' title="bbox 2183 3842 3763 3915">
     <span class='ocr_line' id='line_1_98' title="bbox 2183 3842 3763 3915; baseline 0.001 -18"><span class='ocrx_word' id='word_1_759' title='bbox 2183 3844 2522 3915; x_wconf 85' lang='lat' dir='ltr'><strong>baptizatum.</strong></span> <span class='ocrx_word' id='word_1_760' title='bbox 2556 3843 2783 3898; x_wconf 86' lang='lat' dir='ltr'><strong>Credere</strong></span> <span class='ocrx_word' id='word_1_761' title='bbox 2816 3843 3014 3912; x_wconf 75' lang='lat' dir='ltr'><strong>pariter</strong></span> <span class='ocrx_word' id='word_1_762' title='bbox 3044 3842 3340 3907; x_wconf 85' lang='lat' dir='ltr'><strong>videbatur,</strong></span> <span class='ocrx_word' id='word_1_763' title='bbox 3374 3843 3655 3913; x_wconf 79' lang='lat' dir='ltr'><strong>neophytis</strong></span> <span class='ocrx_word' id='word_1_764' title='bbox 3676 3845 3763 3899; x_wconf 87' lang='lat' dir='ltr'><strong>in—</strong></span> 
     </span>
    </p>
   </div>
   <div class='ocr_carea' id='block_1_99' title="bbox 2184 3932 3762 4004">
    <p class='ocr_par' dir='ltr' id='par_1_99' title="bbox 2184 3932 3762 4004">
     <span class='ocr_line' id='line_1_99' title="bbox 2184 3932 3762 4004; baseline 0.002 -17"><span class='ocrx_word' id='word_1_765' title='bbox 2184 3934 2387 3987; x_wconf 81' lang='lat' dir='ltr'><strong>terdum</strong></span> <span class='ocrx_word' id='word_1_766' title='bbox 2417 3933 2714 4003; x_wconf 83' lang='lat' dir='ltr'><strong>impositam</strong></span> <span class='ocrx_word' id='word_1_767' title='bbox 2746 3932 2908 3988; x_wconf 78' lang='lat' dir='ltr'><strong>fuisse</strong></span> <span class='ocrx_word' id='word_1_768' title='bbox 2932 3933 3000 3987; x_wconf 88' lang='lat' dir='ltr'><strong>ab</strong></span> <span class='ocrx_word' id='word_1_769' title='bbox 3020 3933 3308 4002; x_wconf 87' lang='lat' dir='ltr'><strong>Apostolis,</strong></span> <span class='ocrx_word' id='word_1_770' title='bbox 3337 3934 3588 4003; x_wconf 86' lang='lat' dir='ltr'><strong>Baptismi</strong></span> <span class='ocrx_word' id='word_1_771' title='bbox 3618 3934 3762 4004; x_wconf 91' lang='lat' dir='ltr'><strong>loco,</strong></span> 
     </span>
    </p>
   </div>
   <div class='ocr_carea' id='block_1_100' title="bbox 2182 4024 3767 4094">
    <p class='ocr_par' dir='ltr' id='par_1_100' title="bbox 2182 4024 3767 4094">
     <span class='ocr_line' id='line_1_100' title="bbox 2182 4024 3767 4094; baseline 0.007 -21"><span class='ocrx_word' id='word_1_772' title='bbox 2182 4024 2569 4094; x_wconf 73' lang='lat' dir='ltr'><strong>pmziitcntiam.</strong></span> <span class='ocrx_word' id='word_1_773' title='bbox 2596 4026 2725 4090; x_wconf 62' lang='lat' dir='ltr'><strong>Quae</strong></span> <span class='ocrx_word' id='word_1_774' title='bbox 2748 4033 2920 4079; x_wconf 86' lang='lat' dir='ltr'><strong>tamen</strong></span> <span class='ocrx_word' id='word_1_775' title='bbox 2947 4041 3051 4080; x_wconf 90' lang='lat' dir='ltr'><strong>non</strong></span> <span class='ocrx_word' id='word_1_776' title='bbox 3073 4033 3190 4080; x_wconf 85' lang='lat' dir='ltr'><strong>erat</strong></span> <span class='ocrx_word' id='word_1_777' title='bbox 3210 4024 3617 4081; x_wconf 79' lang='lat' dir='ltr'><strong>Novatianorum</strong></span> <span class='ocrx_word' id='word_1_778' title='bbox 3639 4043 3767 4084; x_wconf 87' lang='lat' dir='ltr'><strong>scn-</strong></span> 
     </span>
    </p>
   </div>
   <div class='ocr_carea' id='block_1_101' title="bbox 2184 4115 3766 4187">
    <p class='ocr_par' dir='ltr' id='par_1_101' title="bbox 2184 4115 3766 4187">
     <span class='ocr_line' id='line_1_101' title="bbox 2184 4115 3766 4187; baseline 0.003 -18"><span class='ocrx_word' id='word_1_779' title='bbox 2184 4116 2365 4169; x_wconf 85' lang='lat' dir='ltr'><strong>tentia.</strong></span> <span class='ocrx_word' id='word_1_780' title='bbox 2396 4115 2689 4185; x_wconf 78' lang='lat' dir='ltr'><strong>Rescripsit</strong></span> <span class='ocrx_word' id='word_1_781' title='bbox 2718 4116 2876 4185; x_wconf 84' lang='lat' dir='ltr'><strong>igitur</strong></span> <span class='ocrx_word' id='word_1_782' title='bbox 2911 4115 2979 4169; x_wconf 85' lang='lat' dir='ltr'><strong>ad</strong></span> <span class='ocrx_word' id='word_1_783' title='bbox 3003 4116 3371 4171; x_wconf 83' lang='lat' dir='ltr'><strong>Seleucianam</strong></span> <span class='ocrx_word' id='word_1_784' title='bbox 3397 4119 3724 4187; x_wconf 82' lang='lat' dir='ltr'><strong>Augustinus</strong></span> <span class='ocrx_word' id='word_1_785' title='bbox 3748 4135 3766 4174; x_wconf 88' lang='lat'><strong>:</strong></span> 
     </span>
    </p>
   </div>
   <div class='ocr_carea' id='block_1_102' title="bbox 2181 4206 3770 4280">
    <p class='ocr_par' dir='ltr' id='par_1_102' title="bbox 2181 4206 3770 4280">
     <span class='ocr_line' id='line_1_102' title="bbox 2181 4206 3770 4280; baseline 0.004 -20"><span class='ocrx_word' id='word_1_786' title='bbox 2181 4214 2235 4260; x_wconf 90' lang='lat' dir='ltr'><strong>et</strong></span> <span class='ocrx_word' id='word_1_787' title='bbox 2263 4206 2351 4260; x_wconf 88' lang='lat' dir='ltr'><strong>ubi</strong></span> <span class='ocrx_word' id='word_1_788' title='bbox 2368 4206 2650 4274; x_wconf 87' lang='lat' dir='ltr'><strong>triplicem,</strong></span> <span class='ocrx_word' id='word_1_789' title='bbox 2671 4221 2829 4276; x_wconf 88' lang='lat' dir='ltr'><strong>quam</strong></span> <span class='ocrx_word' id='word_1_790' title='bbox 2853 4208 3093 4277; x_wconf 82' lang='lat' dir='ltr'><strong>agnoscit</strong></span> <span class='ocrx_word' id='word_1_791' title='bbox 3110 4207 3370 4277; x_wconf 81' lang='lat' dir='ltr'><strong>Ecclesia,</strong></span> <span class='ocrx_word' id='word_1_792' title='bbox 3398 4210 3770 4280; x_wconf 62' lang='lat' dir='ltr'><strong>paenitentiam</strong></span> 
     </span>
    </p>
   </div>
   <div class='ocr_carea' id='block_1_103' title="bbox 2184 4297 3767 4368">
    <p class='ocr_par' dir='ltr' id='par_1_103' title="bbox 2184 4297 3767 4368">
     <span class='ocr_line' id='line_1_103' title="bbox 2184 4297 3767 4368; baseline 0.003 -16"><span class='ocrx_word' id='word_1_793' title='bbox 2184 4299 2365 4368; x_wconf 90' lang='lat' dir='ltr'><strong>paucis</strong></span> <span class='ocrx_word' id='word_1_794' title='bbox 2412 4297 2655 4367; x_wconf 84' lang='lat' dir='ltr'><strong>probavit</strong></span> <span class='ocrx_word' id='word_1_795' title='bbox 2675 4340 2688 4365; x_wconf 96' lang='lat'><strong>,</strong></span> <span class='ocrx_word' id='word_1_796' title='bbox 2731 4299 2947 4355; x_wconf 87' lang='lat' dir='ltr'><strong>uberius</strong></span> <span class='ocrx_word' id='word_1_797' title='bbox 2973 4300 3199 4355; x_wconf 84' lang='lat' dir='ltr'><strong>ostendit</strong></span> <span class='ocrx_word' id='word_1_798' title='bbox 3228 4301 3431 4354; x_wconf 86' lang='lat' dir='ltr'><strong>nullum</strong></span> <span class='ocrx_word' id='word_1_799' title='bbox 3460 4316 3578 4356; x_wconf 89' lang='lat' dir='ltr'><strong>esse</strong></span> <span class='ocrx_word' id='word_1_800' title='bbox 3603 4300 3767 4357; x_wconf 84' lang='lat' dir='ltr'><strong>dubi-</strong></span> 
     </span>
    </p>
   </div>
   <div class='ocr_carea' id='block_1_104' title="bbox 2184 4389 3771 4461">
    <p class='ocr_par' dir='ltr' id='par_1_104' title="bbox 2184 4389 3771 4461">
     <span class='ocr_line' id='line_1_104' title="bbox 2184 4389 3771 4461; baseline 0.003 -18"><span class='ocrx_word' id='word_1_801' title='bbox 2184 4389 2326 4444; x_wconf 88' lang='lat' dir='ltr'><strong>tandi</strong></span> <span class='ocrx_word' id='word_1_802' title='bbox 2356 4390 2553 4454; x_wconf 88' lang='lat' dir='ltr'><strong>locum,</strong></span> <span class='ocrx_word' id='word_1_803' title='bbox 2585 4390 2709 4460; x_wconf 90' lang='lat' dir='ltr'><strong>quin</strong></span> <span class='ocrx_word' id='word_1_804' title='bbox 2737 4391 2926 4445; x_wconf 86' lang='lat' dir='ltr'><strong>Petrus</strong></span> <span class='ocrx_word' id='word_1_805' title='bbox 2950 4390 3249 4461; x_wconf 81' lang='lat' dir='ltr'><strong>baptizatus</strong></span> <span class='ocrx_word' id='word_1_806' title='bbox 3270 4392 3447 4446; x_wconf 74' lang='lat' dir='ltr'><strong>fuerit.</strong></span> <span class='ocrx_word' id='word_1_807' title='bbox 3480 4392 3644 4461; x_wconf 85' lang='lat' dir='ltr'><strong>Hujus</strong></span> <span class='ocrx_word' id='word_1_808' title='bbox 3662 4407 3771 4448; x_wconf 86' lang='lat' dir='ltr'><strong>au-</strong></span> 
     </span>
    </p>
   </div>
   <div class='ocr_carea' id='block_1_105' title="bbox 2182 4482 3770 4554">
    <p class='ocr_par' dir='ltr' id='par_1_105' title="bbox 2182 4482 3770 4554">
     <span class='ocr_line' id='line_1_105' title="bbox 2182 4482 3770 4554; baseline 0.003 -18"><span class='ocrx_word' id='word_1_809' title='bbox 2182 4490 2291 4537; x_wconf 89' lang='lat' dir='ltr'><strong>tem</strong></span> <span class='ocrx_word' id='word_1_810' title='bbox 2340 4482 2564 4552; x_wconf 87' lang='lat' dir='ltr'><strong>apostoli</strong></span> <span class='ocrx_word' id='word_1_811' title='bbox 2609 4484 2909 4552; x_wconf 83' lang='lat' dir='ltr'><strong>exemplum</strong></span> <span class='ocrx_word' id='word_1_812' title='bbox 2959 4482 3025 4537; x_wconf 87' lang='lat' dir='ltr'><strong>ad</strong></span> <span class='ocrx_word' id='word_1_813' title='bbox 3078 4483 3400 4554; x_wconf 89' lang='lat' dir='ltr'><strong>probandam</strong></span> <span class='ocrx_word' id='word_1_814' title='bbox 3452 4485 3770 4541; x_wconf 86' lang='lat' dir='ltr'><strong>canonicam</strong></span> 
     </span>
    </p>
   </div>
   <div class='ocr_carea' id='block_1_106' title="bbox 2181 4573 3769 4643">
    <p class='ocr_par' dir='ltr' id='par_1_106' title="bbox 2181 4573 3769 4643">
     <span class='ocr_line' id='line_1_106' title="bbox 2181 4573 3769 4643; baseline 0.002 -16"><span class='ocrx_word' id='word_1_815' title='bbox 2181 4582 2303 4643; x_wconf 89' lang='lat' dir='ltr'><strong>post</strong></span> <span class='ocrx_word' id='word_1_816' title='bbox 2328 4582 2629 4642; x_wconf 88' lang='lat' dir='ltr'><strong>susceptum</strong></span> <span class='ocrx_word' id='word_1_817' title='bbox 2660 4573 2926 4643; x_wconf 84' lang='lat' dir='ltr'><strong>Baptisma</strong></span> <span class='ocrx_word' id='word_1_818' title='bbox 2949 4575 3312 4643; x_wconf 63' lang='lat' dir='ltr'><strong>paenitentiam</strong></span> <span class='ocrx_word' id='word_1_819' title='bbox 3339 4589 3445 4631; x_wconf 92' lang='lat' dir='ltr'><strong>non</strong></span> <span class='ocrx_word' id='word_1_820' title='bbox 3470 4575 3583 4630; x_wconf 87' lang='lat' dir='ltr'><strong>vult</strong></span> <span class='ocrx_word' id='word_1_821' title='bbox 3606 4575 3769 4630; x_wconf 83' lang='lat' dir='ltr'><strong>adhi-</strong></span> 
     </span>
    </p>
   </div>
   <div class='ocr_carea' id='block_1_107' title="bbox 2180 4663 2703 4738">
    <p class='ocr_par' dir='ltr' id='par_1_107' title="bbox 2180 4663 2703 4738">
     <span class='ocr_line' id='line_1_107' title="bbox 2180 4663 2703 4738; baseline -0.004 -18"><span class='ocrx_word' id='word_1_822' title='bbox 2180 4665 2293 4720; x_wconf 83' lang='lat' dir='ltr'><strong>beri</strong></span> <span class='ocrx_word' id='word_1_823' title='bbox 2328 4665 2346 4737; x_wconf 97' lang='lat'><strong>(</strong></span> <span class='ocrx_word' id='word_1_824' title='bbox 2367 4665 2530 4735; x_wconf 81' lang='lat' dir='ltr'><strong>Epist.</strong></span> <span class='ocrx_word' id='word_1_825' title='bbox 2554 4663 2703 4738; x_wconf 70' lang='grc'><strong>265).</strong></span> 
     </span>
    </p>
   </div>
   <div class='ocr_carea' id='block_1_108' title="bbox 2255 4755 3769 4827">
    <p class='ocr_par' dir='ltr' id='par_1_108' title="bbox 2255 4755 3769 4827">
     <span class='ocr_line' id='line_1_108' title="bbox 2255 4755 3769 4827; baseline 0.002 -16"><span class='ocrx_word' id='word_1_826' title='bbox 2255 4756 2307 4811; x_wconf 82' lang='grc'><strong>5.</strong></span> <span class='ocrx_word' id='word_1_827' title='bbox 2349 4757 2577 4811; x_wconf 67' lang='grc' dir='ltr'><strong>Ηωτθεῑς</strong></span> <span class='ocrx_word' id='word_1_828' title='bbox 2599 4798 2613 4823; x_wconf 91' lang='grc'><em>,</em></span> <span class='ocrx_word' id='word_1_829' title='bbox 2646 4755 2799 4825; x_wconf 85' lang='lat' dir='ltr'><strong>cujus</strong></span> <span class='ocrx_word' id='word_1_830' title='bbox 2828 4755 3038 4811; x_wconf 84' lang='lat' dir='ltr'><strong>celeber</strong></span> <span class='ocrx_word' id='word_1_831' title='bbox 3062 4756 3155 4812; x_wconf 87' lang='lat' dir='ltr'><strong>ille</strong></span> <span class='ocrx_word' id='word_1_832' title='bbox 3182 4757 3535 4813; x_wconf 78' lang='lat' dir='ltr'><strong>Tertullianus</strong></span> <span class='ocrx_word' id='word_1_833' title='bbox 3564 4771 3769 4827; x_wconf 68' lang='lat' dir='ltr'><strong>parem</strong></span> 
     </span>
    </p>
   </div>
   <div class='ocr_carea' id='block_1_109' title="bbox 2180 4846 3770 4916">
    <p class='ocr_par' dir='ltr' id='par_1_109' title="bbox 2180 4846 3770 4916">
     <span class='ocr_line' id='line_1_109' title="bbox 2180 4846 3770 4916; baseline -0.001 -13"><span class='ocrx_word' id='word_1_834' title='bbox 2180 4847 2382 4914; x_wconf 81' lang='lat' dir='ltr'><strong>fuerat,</strong></span> <span class='ocrx_word' id='word_1_835' title='bbox 2432 4856 2486 4901; x_wconf 90' lang='lat' dir='ltr'><strong>et</strong></span> <span class='ocrx_word' id='word_1_836' title='bbox 2526 4862 2643 4916; x_wconf 85' lang='lat' dir='ltr'><strong>quae</strong></span> <span class='ocrx_word' id='word_1_837' title='bbox 2685 4847 2859 4916; x_wconf 85' lang='lat' dir='ltr'><strong>reipsa</strong></span> <span class='ocrx_word' id='word_1_838' title='bbox 2906 4846 3421 4904; x_wconf 83' lang='lat' dir='ltr'><strong>Tertullianistarum</strong></span> <span class='ocrx_word' id='word_1_839' title='bbox 3464 4847 3770 4916; x_wconf 82' lang='lat' dir='ltr'><strong>dicebatur,</strong></span> 
     </span>
    </p>
   </div>
   <div class='ocr_carea' id='block_1_110' title="bbox 2181 4936 3773 5010">
    <p class='ocr_par' dir='ltr' id='par_1_110' title="bbox 2181 4936 3773 5010">
     <span class='ocr_line' id='line_1_110' title="bbox 2181 4936 3773 5010; baseline 0.001 -15"><span class='ocrx_word' id='word_1_840' title='bbox 2181 4940 2352 4995; x_wconf 87' lang='lat' dir='ltr'><strong>adhuc</strong></span> <span class='ocrx_word' id='word_1_841' title='bbox 2376 4955 2490 4995; x_wconf 61' lang='lat' dir='ltr'><strong>aevo</strong></span> <span class='ocrx_word' id='word_1_842' title='bbox 2518 4938 2795 5008; x_wconf 85' lang='lat' dir='ltr'><strong>Augustini</strong></span> <span class='ocrx_word' id='word_1_843' title='bbox 2811 4936 3135 5009; x_wconf 86' lang='lat' dir='ltr'><strong>Carthagine</strong></span> <span class='ocrx_word' id='word_1_844' title='bbox 3163 4940 3407 5010; x_wconf 78' lang='lat' dir='ltr'><strong>vigebat:</strong></span> <span class='ocrx_word' id='word_1_845' title='bbox 3435 4955 3618 4994; x_wconf 84' lang='lat' dir='ltr'><strong>verum</strong></span> <span class='ocrx_word' id='word_1_846' title='bbox 3639 4955 3773 4996; x_wconf 88' lang='lat' dir='ltr'><strong>cum</strong></span> 
     </span>
    </p>
   </div>
   <div class='ocr_carea' id='block_1_111' title="bbox 2182 5029 3777 5102">
    <p class='ocr_par' dir='ltr' id='par_1_111' title="bbox 2182 5029 3777 5102">
     <span class='ocr_line' id='line_1_111' title="bbox 2182 5029 3777 5102; baseline 0.002 -17"><span class='ocrx_word' id='word_1_847' title='bbox 2182 5032 2433 5102; x_wconf 88' lang='lat' dir='ltr'><strong>paulatim</strong></span> <span class='ocrx_word' id='word_1_848' title='bbox 2454 5031 2639 5085; x_wconf 83' lang='lat' dir='ltr'><strong>fuisset</strong></span> <span class='ocrx_word' id='word_1_849' title='bbox 2659 5029 2954 5097; x_wconf 85' lang='lat' dir='ltr'><strong>debilitata,</strong></span> <span class='ocrx_word' id='word_1_850' title='bbox 2988 5030 3199 5085; x_wconf 87' lang='lat' dir='ltr'><strong>tandem</strong></span> <span class='ocrx_word' id='word_1_851' title='bbox 3226 5031 3426 5100; x_wconf 85' lang='lat' dir='ltr'><strong>aliquot</strong></span> <span class='ocrx_word' id='word_1_852' title='bbox 3451 5032 3607 5086; x_wconf 76' lang='lat' dir='ltr'><strong>annis</strong></span> <span class='ocrx_word' id='word_1_853' title='bbox 3636 5042 3777 5089; x_wconf 78' lang='lat' dir='ltr'><strong>ante</strong></span> 
     </span>
    </p>
   </div>
   <div class='ocr_carea' id='block_1_112' title="bbox 2181 5122 3775 5193">
    <p class='ocr_par' dir='ltr' id='par_1_112' title="bbox 2181 5122 3775 5193">
     <span class='ocr_line' id='line_1_112' title="bbox 2181 5122 3775 5193; baseline -0.001 -14"><span class='ocrx_word' id='word_1_854' title='bbox 2181 5125 2381 5180; x_wconf 88' lang='lat' dir='ltr'><strong>obitum</strong></span> <span class='ocrx_word' id='word_1_855' title='bbox 2408 5122 2644 5193; x_wconf 87' lang='lat' dir='ltr'><strong>ejusdem</strong></span> <span class='ocrx_word' id='word_1_856' title='bbox 2668 5122 2839 5176; x_wconf 85' lang='lat' dir='ltr'><strong>sancti</strong></span> <span class='ocrx_word' id='word_1_857' title='bbox 2865 5122 3111 5177; x_wconf 66' lang='lat' dir='ltr'><strong>Praesulis</strong></span> <span class='ocrx_word' id='word_1_858' title='bbox 3138 5124 3348 5192; x_wconf 88' lang='lat' dir='ltr'><strong>penitus</strong></span> <span class='ocrx_word' id='word_1_859' title='bbox 3372 5124 3629 5179; x_wconf 74' lang='lat' dir='ltr'><strong>exstincta</strong></span> <span class='ocrx_word' id='word_1_860' title='bbox 3658 5134 3775 5180; x_wconf 77' lang='lat' dir='ltr'><strong>est.</strong></span> 
     </span>
    </p>
   </div>
   <div class='ocr_carea' id='block_1_113' title="bbox 2182 5212 3778 5283">
    <p class='ocr_par' dir='ltr' id='par_1_113' title="bbox 2182 5212 3778 5283">
     <span class='ocr_line' id='line_1_113' title="bbox 2182 5212 3778 5283; baseline 0 -15"><span class='ocrx_word' id='word_1_861' title='bbox 2182 5212 2313 5269; x_wconf 90' lang='lat' dir='ltr'><strong>Cum</strong></span> <span class='ocrx_word' id='word_1_862' title='bbox 2340 5213 2481 5268; x_wconf 89' lang='lat' dir='ltr'><strong>enim</strong></span> <span class='ocrx_word' id='word_1_863' title='bbox 2501 5213 2827 5283; x_wconf 85' lang='lat' dir='ltr'><strong>Augustinus</strong></span> <span class='ocrx_word' id='word_1_864' title='bbox 2857 5221 2998 5267; x_wconf 90' lang='lat' dir='ltr'><strong>esset</strong></span> <span class='ocrx_word' id='word_1_865' title='bbox 3025 5212 3365 5283; x_wconf 84' lang='lat' dir='ltr'><strong>Carthagine,</strong></span> <span class='ocrx_word' id='word_1_866' title='bbox 3394 5212 3547 5282; x_wconf 88' lang='lat' dir='ltr'><strong>pauci</strong></span> <span class='ocrx_word' id='word_1_867' title='bbox 3572 5214 3778 5269; x_wconf 85' lang='lat' dir='ltr'><strong>admo-</strong></span> 
     </span>
    </p>
   </div>
   <div class='ocr_carea' id='block_1_114' title="bbox 2183 5302 3782 5374">
    <p class='ocr_par' dir='ltr' id='par_1_114' title="bbox 2183 5302 3782 5374">
     <span class='ocr_line' id='line_1_114' title="bbox 2183 5302 3782 5374; baseline -0.001 -14"><span class='ocrx_word' id='word_1_868' title='bbox 2183 5305 2307 5361; x_wconf 90' lang='lat' dir='ltr'><strong>dum</strong></span> <span class='ocrx_word' id='word_1_869' title='bbox 2325 5304 2415 5374; x_wconf 87' lang='lat' dir='ltr'><strong>qui</strong></span> <span class='ocrx_word' id='word_1_870' title='bbox 2441 5312 2753 5374; x_wconf 88' lang='lat' dir='ltr'><strong>supererant</strong></span> <span class='ocrx_word' id='word_1_871' title='bbox 2773 5302 3201 5369; x_wconf 68' lang='lat' dir='ltr'><strong>Tertullianistaz,</strong></span> <span class='ocrx_word' id='word_1_872' title='bbox 3222 5304 3362 5357; x_wconf 84' lang='lat' dir='ltr'><strong>illius</strong></span> <span class='ocrx_word' id='word_1_873' title='bbox 3389 5304 3572 5372; x_wconf 86' lang='lat' dir='ltr'><strong>procul</strong></span> <span class='ocrx_word' id='word_1_874' title='bbox 3601 5302 3782 5359; x_wconf 84' lang='lat' dir='ltr'><strong>dubio</strong></span> 
     </span>
    </p>
   </div>
   <div class='ocr_carea' id='block_1_115' title="bbox 2183 5394 3773 5461">
    <p class='ocr_par' dir='ltr' id='par_1_115' title="bbox 2183 5394 3773 5461">
     <span class='ocr_line' id='line_1_115' title="bbox 2183 5394 3773 5461; baseline -0.003 -8"><span class='ocrx_word' id='word_1_875' title='bbox 2183 5395 2479 5453; x_wconf 88' lang='lat' dir='ltr'><strong>hortatibus</strong></span> <span class='ocrx_word' id='word_1_876' title='bbox 2500 5437 2513 5461; x_wconf 92' lang='lat'><strong>,</strong></span> <span class='ocrx_word' id='word_1_877' title='bbox 2556 5394 2623 5449; x_wconf 89' lang='lat' dir='ltr'><strong>ad</strong></span> <span class='ocrx_word' id='word_1_878' title='bbox 2659 5394 2913 5450; x_wconf 77' lang='lat' dir='ltr'><strong>Ecclesiae</strong></span> <span class='ocrx_word' id='word_1_879' title='bbox 2940 5394 3215 5450; x_wconf 79' lang='lat' dir='ltr'><strong>catholica:</strong></span> <span class='ocrx_word' id='word_1_880' title='bbox 3243 5394 3495 5449; x_wconf 86' lang='lat' dir='ltr'><strong>unitatem</strong></span> <span class='ocrx_word' id='word_1_881' title='bbox 3524 5394 3773 5459; x_wconf 85' lang='lat' dir='ltr'><strong>reducti,</strong></span> 
     </span>
    </p>
   </div>
   <div class='ocr_carea' id='block_1_116' title="bbox 2184 5483 3785 5555">
    <p class='ocr_par' dir='ltr' id='par_1_116' title="bbox 2184 5483 3785 5555">
     <span class='ocr_line' id='line_1_116' title="bbox 2184 5483 3785 5555; baseline -0.001 -12"><span class='ocrx_word' id='word_1_882' title='bbox 2184 5486 2491 5550; x_wconf 89' lang='lat' dir='ltr'><strong>basilicam,</strong></span> <span class='ocrx_word' id='word_1_883' title='bbox 2521 5500 2680 5555; x_wconf 88' lang='lat' dir='ltr'><strong>quam</strong></span> <span class='ocrx_word' id='word_1_884' title='bbox 2711 5485 2965 5540; x_wconf 87' lang='lat' dir='ltr'><strong>hactenus</strong></span> <span class='ocrx_word' id='word_1_885' title='bbox 2990 5492 3303 5550; x_wconf 85' lang='lat' dir='ltr'><strong>tenuerant,</strong></span> <span class='ocrx_word' id='word_1_886' title='bbox 3336 5484 3389 5537; x_wconf 91' lang='lat' dir='ltr'><strong>in</strong></span> <span class='ocrx_word' id='word_1_887' title='bbox 3428 5483 3685 5539; x_wconf 83' lang='lat' dir='ltr'><strong>Ecclesiae</strong></span> <span class='ocrx_word' id='word_1_888' title='bbox 3715 5495 3785 5541; x_wconf 88' lang='lat' dir='ltr'><strong>et</strong></span> 
     </span>
    </p>
   </div>
   <div class='ocr_carea' id='block_1_117' title="bbox 2186 5572 3779 5649">
    <p class='ocr_par' dir='ltr' id='par_1_117' title="bbox 2186 5572 3779 5649">
     <span class='ocr_line' id='line_1_117' title="bbox 2186 5572 3779 5649; baseline -0.003 -15"><span class='ocrx_word' id='word_1_889' title='bbox 2186 5578 2387 5635; x_wconf 91' lang='lat' dir='ltr'><strong>Aurelii</strong></span> <span class='ocrx_word' id='word_1_890' title='bbox 2429 5577 2660 5647; x_wconf 84' lang='lat' dir='ltr'><strong>episcopi</strong></span> <span class='ocrx_word' id='word_1_891' title='bbox 2705 5590 2892 5649; x_wconf 79' lang='lat' dir='ltr'><strong>manus</strong></span> <span class='ocrx_word' id='word_1_892' title='bbox 2933 5574 3260 5630; x_wconf 84' lang='lat' dir='ltr'><strong>tradiderunt</strong></span> <span class='ocrx_word' id='word_1_893' title='bbox 3302 5572 3415 5647; x_wconf 87' lang='lat' dir='ltr'><strong>(De</strong></span> <span class='ocrx_word' id='word_1_894' title='bbox 3450 5573 3779 5641; x_wconf 63' lang='lat' dir='ltr'><strong>Heresibus,</strong></span> 
     </span>
    </p>
   </div>
   <div class='ocr_carea' id='block_1_118' title="bbox 2183 5672 2465 5742">
    <p class='ocr_par' dir='ltr' id='par_1_118' title="bbox 2183 5672 2465 5742">
     <span class='ocr_line' id='line_1_118' title="bbox 2183 5672 2465 5742; baseline -0.007 -15"><span class='ocrx_word' id='word_1_895' title='bbox 2183 5674 2309 5729; x_wconf 75' lang='lat' dir='ltr'><strong>htL’l&#39;.</strong></span> <span class='ocrx_word' id='word_1_896' title='bbox 2340 5672 2465 5742; x_wconf 90' lang='lat'><strong>87).</strong></span> 
     </span>
    </p>
   </div>
   <div class='ocr_carea' id='block_1_119' title="bbox 2257 5755 3787 5835">
    <p class='ocr_par' dir='ltr' id='par_1_119' title="bbox 2257 5755 3787 5835">
     <span class='ocr_line' id='line_1_119' title="bbox 2257 5755 3787 5835; baseline -0.004 -14"><span class='ocrx_word' id='word_1_897' title='bbox 2257 5765 2308 5821; x_wconf 87' lang='lat'><strong>6.</strong></span> <span class='ocrx_word' id='word_1_898' title='bbox 2350 5763 2521 5820; x_wconf 83' lang='lat' dir='ltr'><strong>Aliam</strong></span> <span class='ocrx_word' id='word_1_899' title='bbox 2552 5761 2796 5835; x_wconf 62' lang='lat' dir='ltr'><strong>haeresim</strong></span> <span class='ocrx_word' id='word_1_900' title='bbox 2830 5760 2883 5817; x_wconf 80' lang='lat' dir='ltr'><strong>in</strong></span> <span class='ocrx_word' id='word_1_901' title='bbox 2907 5758 3230 5829; x_wconf 73' lang='lat' dir='ltr'><strong>Hipponensi</strong></span> <span class='ocrx_word' id='word_1_902' title='bbox 3260 5766 3430 5817; x_wconf 85' lang='lat' dir='ltr'><strong>tractu</strong></span> <span class='ocrx_word' id='word_1_903' title='bbox 3462 5764 3620 5815; x_wconf 66' lang='lat' dir='ltr'><strong>aetate</strong></span> <span class='ocrx_word' id='word_1_904' title='bbox 3647 5755 3787 5815; x_wconf 83' lang='lat' dir='ltr'><strong>Au-</strong></span> 
     </span>
    </p>
   </div>
  </div>
