3990 6360
256 461 368 522 ΞΒ

258 571 484 653 gustini,
505 575 561 627 et
583 566 760 637 ipsam
787 568 1001 631 quoque
1026 551 1142 623 ejus
1161 545 1307 604 haud
1335 542 1494 600 dubie
1519 536 1844 602 ministerio,

215 686 218 688 ·
259 633 481 729 :avmetsi'
517 663 572 720 id
609 633 825 717 sanctus
848 651 1144 722 Episcopus
1189 657 1300 714 prae
1335 636 1593 695 modestia
1637 633 1848 688 silentio

261 725 584 834 prmtereat,
611 753 752 808 Deus
781 741 1065 805 exstinxit;
1096 737 1162 793 de
1198 749 1304 806 qua
1345 732 1435 786 ille
1472 729 1587 784 haec
1633 726 1687 781 in
1714 725 1849 780 libro

260 816 326 909 de
350 816 666 911 Hmresibus
690 839 890 896 refert:
917 833 1009 888 Est
1033 828 1264 900 quadam
1288 823 1491 879 htsresis
1516 820 1772 876 rusticana
1794 816 1849 870 in

257 956 443 1010 campo
469 945 668 1000 nostro,
699 930 754 985 id
783 935 853 983 est
886 919 1219 994 Hipponensi,
1247 915 1326 972 vel
1355 914 1522 986 potius
1553 911 1690 984 fuit:
1721 925 1848 980 pau-

256 1034 406 1090 latim
433 1029 567 1086 enim
593 1023 860 1086 diminuta,
886 1017 940 1071 in
968 1029 1069 1068 una
1098 1011 1277 1082 exigua
1305 1004 1426 1060 uilla
1447 1007 1774 1067 remanserat,
1794 1000 1849 1054 in

255 1142 368 1198 qua
401 1121 605 1192 quidem
647 1110 971 1188 paucissimi,
1010 1105 1097 1162 sed
1145 1118 1316 1158 omnes
1359 1100 1450 1154 hoc
1490 1099 1723 1169 fuerunt;
1761 1093 1849 1166 qui

254 1187 432 1272 omnes
464 1211 615 1267 modo
642 1205 848 1263 correcti
879 1211 924 1256 et
949 1196 1194 1256 Catholici
1222 1192 1345 1266 facti
1367 1199 1517 1255 sunt,
1548 1205 1637 1243 nec
1669 1187 1849 1256 aliquis

255 1311 406 1366 illius
449 1300 733 1376 supersedit
774 1296 978 1351 erroris.
1024 1288 1249 1345 Abelonii
1287 1285 1611 1348 vocabantur,
1650 1278 1850 1333 Punica

255 1369 599 1454 declinatione
633 1389 869 1445 nominis.
906 1383 1012 1439 Hos
1051 1378 1282 1435 nonnulli
1309 1377 1478 1429 dicunt
1503 1389 1564 1428 eo:
1594 1372 1700 1440 filio
1726 1369 1850 1423 Adae

254 1492 420 1565 fuisse
445 1487 728 1542 nominatos
746 1523 762 1550 ,
791 1479 877 1552 qui
905 1485 976 1533 est
1005 1482 1205 1530 vocatus
1235 1467 1360 1524 Abel
1383 1485 1399 1522 :
1421 1466 1555 1521 unde
1585 1463 1850 1518 Abelianos

254 1557 340 1639 rel
371 1581 625 1636 Abeloitas
650 1593 732 1631 eos
759 1590 852 1628 nos
875 1585 1136 1642 possumus
1158 1565 1342 1619 dicere.
1375 1560 1493 1614 Non
1518 1557 1851 1612 miscebantur

253 1673 506 1730 uxoribus
530 1688 546 1726 :
566 1680 614 1725 et
635 1669 703 1724 eis
725 1676 891 1721 tamen
918 1663 1024 1717 sine
1049 1657 1288 1713 uxoribus
1316 1654 1496 1717 vivere,
1522 1657 1667 1704 secta:
1690 1647 1850 1716 ipsius

251 1770 501 1838 dagmate
526 1780 626 1818 non
651 1759 846 1815 licebat.
875 1755 928 1809 Μ
933 1770 988 1808 as
1009 1767 1124 1822 ergo
1146 1759 1189 1802 et
1213 1747 1400 1819 femina
1425 1743 1513 1798 sub
1535 1739 1851 1794 continentia»:

255 1831 582 1932 professione
622 1852 772 1910 simul
815 1850 1128 1909 habitantes,
1170 1858 1377 1913 puerum
1417 1847 1464 1892 et
1506 1837 1726 1908 puellam
1757 1831 1850 1888 sibi

254 1949 577 2021 adoptabant
606 1948 657 1999 in
688 1941 914 2014 ejusdem
942 1933 1312 2009 conjunctionis
1354 1937 1499 2001 pacto
1543 1943 1851 1982 successores

252 2060 389 2098 suos
427 2047 634 2114 futuros.
680 2019 846 2089 Morte
888 2027 1149 2100 prtevcntis
1188 2023 1491 2095 quibusque,
1524 2019 1734 2100 singulis
1763 2018 1852 2070 alii

251 2111 702 2202 subropabantur;
731 2126 854 2179 tlum
883 2133 1048 2177 tamen
1089 2119 1187 2172 duo
1227 2115 1418 2170 duobus
1457 2111 1674 2182 disparis
1703 2126 1852 2164 sexus

253 2228 313 2279 in
361 2225 504 2280 illius
544 2223 718 2275 dooms
746 2217 980 2277 societate
1018 2210 1354 2265 succederent.
1389 2203 1633 2260 Utrolibet
1669 2203 1854 2274 quippe

257 2324 479 2388 parente
503 2315 754 2383 defuncto,
789 2325 889 2363 uno
915 2303 1191 2360 remanenti
1210 2344 1222 2367 ,
1257 2315 1411 2371 usque
1437 2297 1505 2351 atl
1529 2297 1636 2367 ejus
1661 2311 1855 2366 quoque

257 2410 458 2464 obitum
497 2407 593 2476 ﬁlii
630 2402 924 2459 serviebant.
971 2397 1093 2456 Post
1136 2395 1283 2464 cujus
1326 2399 1536 2446 mortem
1575 2389 1724 2443 etiam
1755 2388 1854 2458 ipsi

260 2517 486 2570 puerum
525 2506 571 2551 et
598 2495 819 2576 puellam
848 2490 1077 2547 similiter
1119 2485 1427 2555 adoptabant
1455 2498 1472 2536 :
1503 2497 1591 2535 nec
1634 2494 1855 2548 unquam

259 2593 336 2645 eis
363 2590 529 2660 defuit
561 2572 691 2641 unde
723 2584 1027 2655 ,atloptarent
1048 2622 1062 2646 ,
1098 2574 1446 2652 generantibus
1473 2572 1856 2640 circumquaque

257 2683 468 2744 vicinis,
497 2690 542 2733 et
565 2680 702 2751 ﬁlios
730 2693 846 2730 suos
873 2676 1045 2742 inapes
1074 2671 1139 2723 ad
1173 2683 1312 2739 spem
1342 2661 1643 2719 lueretlitatis
1677 2660 1856 2714 alicnte

260 2776 485 2828 libenter
517 2771 750 2826 dantibus
772 2767 982 2838 (Ibid).
1011 2764 1138 2832 Quae
1159 2775 1286 2815 vero
1307 2764 1487 2813 contra
1513 2753 1853 2816 Manichazos,

259 2865 578 2921 Donatistas
608 2871 659 2916 ot
688 2859 998 2929 Pelagianos
1027 2851 1329 2930 scripserit,
1360 2847 1577 2917 reliqua:
1619 2844 1858 2898 historizn

263 2956 448 3013 series
474 2953 727 3009 cdoccbit.
762 2935 888 3016 Qum
921 2946 1119 3022 pariter
1143 2942 1397 2997 adversus
1437 2937 1660 2992 Arianos
1701 2934 1858 2986 variis

271 3048 602 3120 temporibus
631 3041 968 3112 elucubrarit,
993 3037 1092 3094 sub
1119 3044 1413 3092 extremum
1441 3030 1560 3089 vitte
1583 3027 1720 3083 illius
1747 3042 1860 3081 cur-

262 3139 502 3196 riculum
527 3136 857 3212 colligemus.

946 3217 1170 3276 CAPUT
1211 3215 1277 3270 Χ.

265 3325 297 3380 1
334 3321 464 3379 Cum
493 3317 830 3374 Proculeiano
858 3314 1091 3383 episcopo
1123 3306 1442 3380 Hipponensi
1463 3303 1729 3358 Donatista
1755 3300 1861 3355 col-

337 3413 483 3482 loqui
514 3418 687 3468 tentat.
709 3407 745 3461 ‘2
767 3405 818 3458 II
823 3422 880 3458 ac
906 3403 967 3457 de
987 3419 1040 3456 re
1059 3399 1228 3455 scribit
1257 3397 1324 3451 ad
1353 3394 1639 3450 Eusebium.
1659 3393 1692 3447 5
1712 3391 1864 3462 Apud

348 3502 581 3557 euntdem
611 3497 946 3567 conqueritur,
976 3494 1213 3563 juvenem
1251 3489 1424 3542 matris
1460 3501 1566 3540 sua:
1601 3500 1865 3556 percusso-

343 3610 456 3648 rem
481 3609 512 3644 a
541 3587 876 3644 Proculeiano
905 3592 1158 3654 receptum
1180 3624 1191 3646 ,
1224 3588 1268 3634 et
1295 3579 1346 3633 in
1370 3577 1510 3632 illius
1544 3585 1686 3647 parte
1720 3576 1864 3629 reba-

345 3685 619 3757 ptizatum.
648 3681 683 3735 4
711 3679 788 3735 De
813 3676 986 3730 Primo
1014 3689 1211 3744 quoque
1239 3669 1545 3726 subdiacono
1574 3665 1864 3735 Spaniensi,

349 3775 555 3828 homine
595 3771 886 3842 ﬂagitiosa,
920 3763 1257 3828 aDonatistt's
1298 3759 1602 3829 rebaptizato
1630 3766 1868 3832 expostu-

353 3868 446 3920 lat.
474 3863 710 3920 5Valerii
727 3859 946 3931 episcopi
973 3857 1154 3912 obitus.
1185 3854 1217 3908 6
1238 3852 1316 3906 Ad
1333 3849 1640 3906 Casulanum
1667 3847 1870 3919 presby-

352 3968 516 4011 terum
544 3955 607 4007 (ιε
626 3953 826 4026 jejunio
854 3948 1075 4007 rescribit
1103 3944 1428 4016 Augustinus.

352 4052 404 4104 l.
437 4049 560 4104 lam
592 4044 924 4106 notavimus,
966 4038 1262 4094 Ecclesium
1302 4034 1694 4106 llipponensem
1733 4029 1872 4085 schi-

280 4150 455 4198 smate
484 4137 881 4192 Donatistarum
910 4132 1072 4185 fuisse
1099 4128 1343 4183 divisam.
1371 4125 1462 4178 llis
1491 4123 1628 4193 apud
1669 4121 1870 4190 [lippo-

283 4248 405 4289 ncm
436 4231 721 4306 episcopus
747 4233 861 4281 erat
887 4220 1267 4277 Proculeianus
1287 4260 1300 4285 ,
1332 4231 1487 4286 quem
1515 4214 1644 4268 satis
1668 4213 1876 4272 colebat

283 4303 651 4394 Augustinus,
685 4332 804 4372 cum
849 4322 1066 4392 propter
1111 4311 1277 4381 ipsius
1321 4307 1566 4362 humana:
1605 4303 1874 4358 societatis

284 4415 563 4470 vinculum
585 4453 600 4475 ,
647 4408 789 4481 quod
829 4407 1014 4461 ambos
1057 4401 1336 4473 copulabat
1358 4442 1371 4467 ,
1406 4405 1515 4452 tum
1556 4396 1697 4466 quod
1727 4395 1779 4448 in
1810 4409 1875 4448 eo

287 4505 551 4564 nonnulla
577 4501 799 4574 placidae
830 4497 1020 4553 mentis
1046 4495 1235 4549 indicia
1267 4491 1563 4547 reluccrent
1581 4529 1596 4553 ,
1624 4497 1677 4542 et
1705 4486 1819 4556 ejus
1845 4501 1875 4540 a

285 4602 565 4673 plerisque
599 4595 976 4668 praedicaretur
1003 4588 1322 4648 humanitas.
1350 4584 1453 4639 Diu
1490 4591 1666 4637 tamen
1693 4581 1875 4650 Augu-

287 4695 484 4758 stinus,
510 4673 709 4760 exque
730 4693 939 4742 creatus
959 4691 1040 4736 est
1059 4681 1358 4750 episcopus,
1383 4674 1520 4745 apud
1545 4688 1663 4728 eum
1693 4671 1874 4741 tacuit,

287 4796 436 4840 ratus
466 4793 816 4852 congressum
844 4790 997 4830 suum
1025 4779 1078 4828 et
1102 4768 1416 4838 colloquium
1443 4765 1509 4819 ab
1529 4779 1593 4819 eo
1617 4763 1878 4817 detrecta-

287 4877 356 4932 ri.
383 4876 586 4930 Verum
608 4885 729 4926 cum
757 4882 885 4922 casu
913 4872 1092 4940 postea
1123 4859 1448 4928 contigisset,
1477 4863 1536 4909 ut
1566 4853 1796 4908 Evodius
1825 4857 1880 4906 et

289 4967 676 5028 Proculeianus
700 4962 754 5016 in
779 4957 1022 5017 eamdem
1046 4955 1263 5008 domum
1289 4947 1679 5013 convenissent,
1702 4957 1877 5000 sermo

290 5063 433 5118 inter
460 5074 558 5114 eos
587 5055 656 5112 de
685 5060 780 5123 spe
819 5049 1084 5113 ﬁdelium,
1115 5045 1216 5100 hoc
1245 5049 1358 5109 est,
1391 5039 1456 5093 de
1482 5037 1789 5091 haereditate
1826 5041 1880 5088 et

293 5150 538 5209 Ecclesia
567 5143 766 5201 Christi
791 5149 941 5197 ortus
970 5145 1070 5194 est.
1099 5135 1236 5189 Tum
1269 5130 1498 5186 Evodius
1521 5171 1536 5196 ,
1569 5127 1656 5198 qui
1685 5141 1742 5181 se
1772 5141 1878 5179 non

291 5243 627 5298 adulatorem
644 5279 660 5305 ,
685 5234 780 5290 sed
805 5229 1042 5287 veritatis
1063 5269 1078 5295 ,
1105 5225 1255 5296 cujus
1284 5219 1702 5278 studiosissimus
1730 5226 1841 5270 erat
1859 5257 1876 5284 ,

293 5339 752 5405 propugnatorem
791 5337 909 5378 esse
953 5317 1234 5389 cupiebat,
1283 5313 1334 5367 id
1376 5310 1512 5364 forte
1556 5306 1878 5374 ferventius,

296 5399 459 5498 quam
475 5399 870 5478 l’roculeianus
909 5413 1103 5476 vellet,
1138 5409 1233 5463 fuit
1276 5410 1558 5461 exsecutus
1583 5419 1594 5455 :
1618 5399 1879 5455 Evodium

295 5522 440 5578 enim
482 5518 583 5573 sibi
624 5511 1007 5571 contumeliose
1049 5502 1389 5575 respondisse
1430 5499 1520 5554 ille
1561 5501 1880 5566 conquestus

293 5622 400 5670 est.
432 5608 789 5667 Nihilominus
810 5599 1143 5676 signiﬁcavit,
1169 5595 1302 5651 velle
1327 5607 1406 5659 se,
1434 5604 1610 5646 coram
1633 5586 1882 5658 gravibus

296 5712 355 5761 et
381 5701 622 5759 honestis
651 5697 778 5754 .viris
799 5737 814 5766 ,
851 5709 971 5750 cum
996 5688 1292 5762 Augustino
1317 5683 1559 5741 conferre
1585 5691 1876 5735 sermones.

296 5795 470 5863 Quam
497 5791 641 5854 illius
668 5786 986 5846 sententiam
1025 5798 1087 5839 ac
1131 5779 1454 5836 voluntatem
1483 5771 1716 5830 Evodius
1754 5785 1881 5842 gau-

301 5889 432 5948 dens
460 5885 755 5959 Augustino
794 5879 1044 5943 iudicavit
1073 5895 1086 5933 :
1117 5876 1206 5946 qui
1237 5887 1359 5932 cum
1397 5884 1515 5930 eam
1558 5882 1666 5926 non
1706 5865 1883 5923 minus
1936 5940 1944 5946 _

1559 417 1768 478 LIBER
1803 408 2144 487 QUARTUS.

3423 392 3536 462 ω

1957 526 2184 582 libenter
2212 522 2534 593 accepisset,
2559 517 2797 576 oblatam
2816 513 2923 574 sibi
2945 527 2981 570 α
3010 511 3357 572 Proculeius
3387 511 3532 572 arri-

1957 620 2069 688 puit
2092 614 2422 672 occasionem
2448 607 2764 668 discutiendi
2783 621 3000 663 causam
3025 612 3084 660 et
3107 602 3367 674 originali
3387 601 3533 661 illius

1954 711 2182 768 luctuosi
2205 707 2526 771 sdnsmatis,
2549 702 2691 775 quod
2713 710 2772 758 et
2793 699 3024 756 familias
3049 706 3107 753 et
3133 709 3390 768 personas
3413 710 3534 752 con-

1951 803 2314 875 iunctissimos
2341 799 2639 856 miserrima
2663 795 2984 852 discissione
3007 791 3272 848 turbabat.
3301 789 3531 846 [litteras

1955 899 2115 970 igitur
2151 894 2446 952 honestatis
2488 900 2543 947 et
2581 887 2965 945 benevolentia:
3005 887 3192 954 plenas
3231 882 3443 951 scripsit
3467 880 3534 935 ad

1957 988 2384 1052 Proculeianum,
2409 985 2467 1039 in
2485 983 2678 1054 quibus
2701 980 2790 1036 uti
2807 977 2996 1035 Euodii
3025 975 3288 1032 fervorem
3315 988 3537 1030 excusa-

1953 1082 2050 1148 vit,
2072 1080 2404 1150 asscruitque
2433 1090 2625 1134 cavere
2646 1089 2707 1130 se
2725 1089 2796 1128 ne
2819 1072 2983 1128 verbo
3007 1069 3313 1140 quempiam
3337 1066 3500 1122 laedat
3515 1105 3533 1132 ,

1955 1173 2219 1244 promittit
2257 1186 2316 1228 se
2351 1178 2636 1226 venturum
2662 1166 2729 1222 ad
2751 1164 3072 1234 colloqui-um
3103 1175 3282 1217 coram
3313 1160 3378 1215 iis
3402 1173 3536 1229 quos

1956 1264 2333 1320 Proculeianus
2375 1263 2492 1332 ipse
2517 1249 2818 1329 delegerit,
2862 1254 3022 1311 modo
3061 1253 3333 1321 utriusque
3373 1249 3536 1305 verba

1953 1356 2076 1411 stilo
2093 1355 2427 1426 excipiantur
2457 1371 2468 1407 :
2498 1350 2608 1419 aut,
2637 1352 2682 1406 si
2710 1338 2905 1420 placet,
2929 1347 3074 1418 prius
3100 1361 3195 1416 per
3213 1343 3534 1413 singularem

1955 1465 2297 1521 congressum
2319 1489 2332 1514 ,
2362 1456 2453 1502 aut
2477 1446 2640 1502 etiam
2672 1459 2764 1513 per
2791 1440 3077 1512 epistolas;
3119 1435 3409 1493 dummodo
3451 1434 3536 1490 vel

1954 1542 2201 1612 colloquii
2231 1549 2342 1594 acta
2362 1582 2377 1607 ,
2407 1539 2490 1593 vel
2513 1544 2710 1594 mutua:
2735 1535 2930 1588 littera:
2958 1531 3198 1602 plebibus
3222 1529 3532 1593 recitantur,

1955 1643 2013 1689 ut
2037 1630 2320 1703 aliqua-udo
2346 1645 2450 1684 non
2471 1627 2674 1698 plebes,
2702 1624 2796 1680 sed
2822 1623 2970 1693 plebs
2990 1636 3093 1675 una
3119 1629 3173 1674 et
3190 1619 3429 1674 Ecclesia
3451 1617 3534 1672 di-

1955 1737 2123 1782 catur.
2155 1727 2207 1780 ld
2233 1725 2378 1781 enim
2407 1721 2618 1777 Valerio
2643 1727 2753 1774 tum
2779 1717 2985 1772 absenti
3009 1722 3216 1785 gratum
3243 1712 3355 1766 fore
3381 1710 3536 1780 polli—

1956 1831 2119 1876 cetur.
2143 1821 2366 1888 Beliqua
2384 1815 2608 1886 epistola
2635 1811 3037 1868 Proculeianum
3064 1815 3180 1861 orat
3198 1813 3357 1874 atque
3381 1804 3539 1858 obse-

1957 1923 2090 1977 crat,
2115 1921 2170 1966 ut
2191 1911 2418 1966 studium
2436 1907 2591 1978 pacis
2615 1904 2834 1960 caducis
2861 1899 3151 1955 honoribus
3165 1904 3226 1951 et
3242 1893 3538 1951 commodis

1959 2010 2261 2072 anteponat.
2292 2000 2442 2068 Quod
2470 1998 2609 2053 forte
2635 1993 2847 2057 dixerit,
2881 1991 3003 2060 quia
3031 1987 3264 2042 nondum
3289 1985 3540 2040 Africana

1958 2094 2195 2150 Ecclesia
2223 2093 2538 2147 decreverat
2560 2129 2574 2154 ,
2603 2087 2886 2156 episcopos
2911 2080 3214 2136 Donatistae
3239 2079 3290 2132 in
3317 2076 3542 2148 gradum

1958 2200 2109 2240 suum
2137 2184 2435 2239 admlWE-I‘e.
2463 2178 2836 2249 Presbyterne,
2863 2189 2936 2228 an
2963 2172 3244 2241 cpiscopus
3269 2178 3412 2225 esset
3431 2170 3541 2224 Au-

1959 2278 2234 2348 gustinus,
2265 2289 2382 2329 cum
2422 2273 2564 2326 hanc
2589 2269 2868 2340 epistolam
2909 2264 3161 2334 scripsit,
3209 2278 3314 2318 non
3357 2263 3542 2332 liquet.

1965 2369 2100 2424 Vero
2140 2367 2368 2423 similius
2409 2373 2587 2417 tamen
2625 2360 2944 2415 arbitramur
2971 2356 3076 2425 iam
3101 2365 3212 2409 tum
3235 2353 3548 2422 episcopum

1963 2461 2146 2526 fuisse,
2178 2460 2247 2514 ob
2275 2458 2326 2512 id
2349 2457 2585 2510 maxime
2610 2453 2752 2523 quod
2782 2451 2849 2506 de
2875 2449 3166 2504 honoribus
3189 2444 3385 2501 ibidem
3411 2446 3546 2500 scri-

1962 2553 2057 2618 bit,
2087 2551 2279 2622 quibus
2307 2563 2428 2603 eum
2457 2542 2917 2616 prosequebantur
2936 2538 3204 2603 homines,
3232 2551 3412 2590 causas
3429 2552 3549 2592 suas

1962 2645 2248 2706 stemlares,
2275 2639 2466 2709 inquit,
2500 2636 2640 2707 apud
2669 2649 2760 2688 nos
2787 2631 2933 2702 fin-ire
2957 2628 3232 2700 cupientes,
3261 2625 3461 2697 quando
3480 2626 3552 2681 eis

1965 2735 2230 2790 necessarii
2259 2733 2500 2804 fuerimus
2528 2745 2544 2782 :
2572 2744 2663 2798 pro
2689 2724 2868 2796 quibus
2896 2723 3042 2776 rebus
3069 2718 3290 2791 quotidie
3306 2718 3552 2772 submisso

1965 2829 2128 2896 capite
2157 2825 2433 2878 salutamur
2461 2819 2661 2893 (Epist.
2686 2818 2756 2873 55
2772 2817 2811 2888 ).
2837 2815 2934 2868 Vix
2955 2813 3096 2868 enim
3120 2809 3418 2880 com-perite
3445 2815 3549 2876 est,

1967 2922 2031 2974 iis
2055 2919 2143 2990 qui
2171 2926 2372 2972 tantum
2399 2912 2697 2984 presbyteri
2723 2917 2925 2974 essent,
2948 2907 3035 2978 jus
3063 2906 3223 2961 fuisse
3252 2903 3464 2974 negotia
3497 2909 3554 2957 ct

1967 3011 2359 3070 controversias
2385 3005 2686 3062 dirimendi.
2711 3003 2871 3060 Certe
2895 3001 3109 3072 quidem
3133 3015 3255 3055 cum
3281 2996 3407 3052 illud
3431 3004 3555 3050 ante

1967 3103 2268 3172 contigerit,
2297 3115 2456 3171 quam
2485 3097 2766 3166 epistolam
2788 3094 2853 3148 ad
2884 3091 3172 3147 Eusebium
3203 3089 3426 3158 primam
3450 3127 3464 3152 ,
3498 3086 3555 3140 in

1969 3212 2074 3265 qua
2098 3211 2155 3249 se
2177 3195 2349 3248 adhuc
2369 3193 2594 3246 tironem
2615 3189 2920 3258 episcOpum
2942 3184 3224 3239 conﬁtetur
3247 3181 3435 3252 (Epist.
3459 3179 3548 3246 54,

1971 3305 2025 3342 n.
2053 3288 2150 3357 6),
2177 3286 2454 3351 scriberet,
2489 3283 2721 3350 dumque
2749 3280 2921 3333 adhuc
2949 3278 3002 3332 in
3030 3277 3163 3331 vivis
3189 3282 3366 3346 ageret
3393 3272 3557 3327 Vale-

1971 3382 2103 3446 rius,
2131 3381 2286 3448 longe
2309 3385 2427 3447 post
2452 3376 2789 3446 episcopatus
2822 3371 2963 3424 illius
3001 3369 3148 3423 initia
3190 3367 3408 3422 minime
3435 3365 3561 3420 licet

1973 3472 2205 3526 differre.
2233 3467 2370 3535 Quid
2397 3483 2460 3522 ex
2493 3465 2592 3520 hac
2617 3465 2682 3517 ad
2706 3461 3120 3517 Proculeianum
3147 3458 3370 3528 cpistola
3404 3471 3559 3511 secu—

1974 3570 2086 3615 tum
2109 3533 2285 3623 fuerit,
2307 3571 2405 3612 nos
2437 3557 2584 3611 latet.
2611 3554 2742 3608 illud
2773 3561 2949 3606 tamen
2978 3556 3212 3614 constat,
3260 3533 3578 3603 Donatistas'

1974 3651 2266 3722 generatim
2292 3646 2568 3717 Augustini
2596 3645 2917 3714 colloquium
2946 3639 3222 3710 refugisse.
3568 3668 3573 3694 ε

2043 3743 2099 3796 2.
2138 3741 2291 3809 Quod
2316 3739 2381 3794 ad
2410 3740 2612 3793 litteras
2641 3735 2844 3798 attinet,
2879 3735 3010 3788 alias
3037 3733 3198 3788 etiam
3223 3731 3316 3786 ille
3343 3725 3574 3800 scripsit

1974 3834 2042 3890 ad
2069 3831 2348 3904 primarios
2371 3829 2760 3884 Donatistarum
2791 3827 3070 3895 episcopos
3091 3823 3278 3895 (Epist.
3309 3821 3420 3894 45),
3452 3836 3558 3874 non

1976 3927 2189 3999 quidem
2217 3921 2736 3984 communicatorias,
2766 3919 2955 3988 quibus
2971 3931 3029 3970 se
3059 3915 3301 3984 indignos
3323 3928 3351 3965 a
3381 3912 3566 3967 catho-

1978 4020 2079 4073 lica
2109 4017 2348 4072 Ecclesia
2376 4010 2742 4069 dissentiendo
2769 4009 3036 4071 fecerant;
3056 4005 3150 4061 sed
3172 4005 3304 4059 tales
3331 4003 3565 4072 privatas

1979 4125 2110 4180 quas
2139 4109 2296 4163 etiam
2350 4104 2418 4159 ad
2443 4105 2684 4172 Paganos
2712 4100 2946 4155 scribere
2974 4097 3151 4162 liceat,
3185 4094 3453 4150 ofﬁciosas
3484 4101 3548 4148 ta-

1979 4215 2102 4255 men
2133 4207 2186 4253 et
2232 4197 2297 4250 ad
2321 4211 2506 4266 pacem
2559 4189 2944 4248 conciliandam
2981 4188 3226 4252 idoneas,
3255 4194 3313 4240 ut
3362 4198 3455 4240 eos
3499 4183 3566 4239 ad

1980 4304 2262 4346 commune
2314 4286 2633 4355 colloquium
2679 4282 2963 4347 invitaret,
3013 4279 3069 4333 in
3111 4292 3216 4348 quo
3264 4274 3566 4331 schismatis

1981 4396 2159 4447 causa,
2183 4386 2236 4434 et
2261 4378 2361 4432 alia
2391 4377 2444 4431 id
2471 4389 2639 4446 genus
2659 4371 2850 4428 discuti
2877 4376 3113 4440 possent.
3134 4367 3331 4421 Verum
3357 4366 3470 4434 ipse
3491 4373 3569 4419 te-

1983 4483 2171 4539 statur,
2206 4471 2408 4524 litteras
2435 4482 2558 4521 suas
2587 4464 2850 4519 interdum
2877 4461 3144 4533 periectas
3182 4458 3248 4513 ab
3283 4458 3386 4512 illis
3406 4457 3568 4513 fuisse

1985 4567 2231 4637 rejectas,
2263 4576 2363 4617 nec
2404 4575 2496 4616 eos
2520 4573 2753 4628 unquam
2801 4556 2914 4611 sive
2935 4568 3030 4624 per
3049 4559 3434 4621 contemptum,
3457 4549 3568 4602 sive

1984 4659 2159 4730 potius
2186 4651 2558 4725 porinscitiam
2576 4658 2629 4704 et
2657 4646 3004 4702 difﬁdentiam
3047 4640 3392 4712 respondisse
3412 4637 3569 4706 (Con-

1987 4761 2065 4806 tra
2086 4750 2208 4803 Litt.
2243 4745 2422 4811 Petil.,
2449 4743 2535 4798 tib.
2565 4743 2620 4810 1,
2643 4759 2696 4795 n.
2722 4741 2796 4810 l).
2817 4740 2893 4793 De
2916 4738 3033 4808 ipso
3061 4733 3416 4791 Proculeiano
3443 4730 3568 4784 scri-

1984 4844 2082 4909 bit,
2114 4848 2390 4911 expertum
2427 4851 2485 4890 se
2515 4826 2680 4889 fuisse
2710 4832 2914 4886 litteras
2959 4841 3083 4883 suas
3135 4827 3202 4880 ab
3246 4838 3311 4879 eo
3337 4820 3569 4877 recusari

1986 4936 2177 5007 (Epist.
2202 4933 2290 4997 '55,
2323 4948 2376 4985 n.
2403 4927 2476 5000 l).
2491 4927 2622 4982 Nam
2645 4934 2929 4996 quaternas
2959 4921 3146 4975 saltem
3168 4918 3235 4973 ad
3250 4931 3371 4972 eum
3391 4913 3564 4979 dedit;

1985 5005 2110 5084 licet
2132 5025 2290 5081 hodie
2315 5023 2426 5078 sola
2457 5027 2629 5076 exstet
2665 5015 2908 5088 cpistola,
2934 5013 3004 5068 de
3043 5026 3146 5082 qua
3189 5023 3314 5063 mox
3341 5005 3566 5076 egimus.

1985 5121 2068 5177 Ad
2095 5119 2145 5174 id
2164 5119 2207 5174 si
2234 5116 2422 5173 referri
2453 5115 2664 5177 debeat,
2698 5109 2840 5180 quod
2869 5109 2925 5161 in
2963 5106 3154 5160 litteris
3181 5103 3248 5157 ad
3276 5099 3566 5156 Eusebium

1985 5209 2230 5275 habetur,
2276 5204 2622 5276 respondisse
2651 5198 3057 5256 Proculeianum
3085 5209 3181 5264 per
3203 5206 3366 5247 unum
3389 5205 3422 5246 e
3449 5205 3569 5261 pre-
3629 5191 3640 5200 "

1985 5303 2213 5374 sbyteris
2233 5300 2364 5368 suis,
2389 5298 2654 5351 Victorem
2695 5290 2929 5353 nomine,
2968 5286 3057 5356 qui
3085 5283 3283 5355 publici
3331 5280 3568 5337 muneris
3624 5318 3628 5320 -

1986 5393 2347 5456 administros,
2372 5389 2438 5443 ad
2462 5382 2832 5456 excipiendum
2875 5377 3209 5435 Proculeiani
3252 5388 3571 5446 responsum

1987 5487 2201 5548 missos,
2229 5483 2490 5538 allocutus
2515 5486 2595 5534 est
2614 5494 2629 5544 ;
2650 5475 2755 5531 hoc
2782 5485 3121 5543 responsum,
3145 5468 3286 5540 quod
3307 5467 3467 5522 iidem
3487 5465 3573 5520 ad-
3628 5486 3644 5541 χ

1987 5578 2213 5633 ministri
2242 5576 2372 5631 actis
2408 5571 2630 5644 publicis
2675 5569 3072 5638 consignarunt,
3107 5564 3170 5618 iis
3217 5576 3335 5633 qua:
3373 5560 3571 5616 Procu-
3628 5587 3642 5638 ς,

1989 5671 2196 5728 leianus
2222 5667 2424 5726 Evodio
2469 5667 2702 5732 dixerat,”
2741 5662 2870 5720 satis
2900 5668 3316 5718 consentaneum
3341 5661 3474 5721 erat,
3516 5661 3572 5708 et
3628 5633 3643 5671 ’³

1987 5779 2131 5832 eum,
2154 5771 2213 5819 ut
2237 5761 2468 5830 videtur,
2497 5757 2762 5829 colloquio
2787 5753 3056 5811 communi
3079 5748 3362 5818 obligabat.
3392 5745 3569 5812 Quan-
3632 5734 3649 5744 ”

1987 5876 2149 5933 quam
2171 5859 2273 5917 hoc
2292 5858 2427 5946 forte
2451 5855 2607 5915 aliam
2631 5849 2914 5925 quamdam
2948 5845 3163 5918 respicit
3191 5838 3567 5912 expostulatio-
