3990 6360
463 390 571 450 255

462 520 608 572 nem,
626 505 693 561 ad
719 519 876 577 quam
916 505 969 561 id
992 505 1234 576 responsi
1275 503 1389 560 dari
1414 503 1642 575 iusserat
1669 521 1681 556 :
1714 502 1772 557 Si
1793 501 2028 555 christia-

462 613 559 651 ηαδ
579 613 649 661 es,
668 613 812 652 serva
829 598 922 651 hoc
940 597 1134 667 judicio
1151 595 1244 649 Dei
1269 594 1456 667 (Epist.
1485 595 1574 659 55,
1594 611 1647 646 η.
1677 593 1754 662 4).
1779 591 1905 646 Utut
1926 599 2027 652 est,

463 702 561 758 per
600 687 780 743 urbem
809 688 1202 758 l-lipponensem
1239 687 1461 741 subinde
1511 683 1806 755 pervulgari
1847 682 2027 752 empit,

462 792 568 832 non
593 778 694 833 hoc
727 778 1128 834 Proculeianum
1159 779 1456 842 mandasse,
1479 777 1617 847 quod
1646 776 1910 847 publicum
1942 790 2030 829 re-

462 877 761 932 nuntiasset
780 875 1021 930 Officium
1043 873 1229 945 (Epist.
1260 874 1348 939 54,
1381 890 1433 926 η.
1469 873 1546 942 5).
1570 871 1858 927 Ferebatur
1883 879 1937 925 et
1963 870 2030 924 il-

461 973 552 1027 lud
572 972 788 1035 dixisse,
813 969 855 1023 si
875 975 1024 1026 tanta
1042 965 1390 1036 Augustinum
1416 963 1716 1032 diSputandi
1741 961 1933 1032 cupido
1958 963 2030 1016 in-

405 1117 407 1120 .
462 1072 715 1129 cesseret,
743 1059 1139 1116 Constantinam
1165 1058 1240 1112 ire
1256 1057 1520 1122 debuisse,
1542 1071 1646 1125 quo
1663 1055 1761 1125 ipsi
1781 1056 2029 1124 frequen-

466 1165 545 1210 tes
575 1158 950 1218 convenerant,
995 1149 1077 1204 vel
1108 1149 1178 1202 illi
1198 1147 1428 1202 eundum
1453 1146 1698 1211 Milevim,
1724 1145 1812 1199 ubi
1849 1144 2028 1199 conci-

466 1246 595 1299 lium
624 1244 773 1298 brevi
797 1250 976 1298 essent
998 1237 1516 1294 liabituri.Erattum
1551 1236 1687 1306 apud
1716 1236 2030 1305 Hipponem-

461 1337 685 1407 Regium
717 1334 974 1390 Eusebius
992 1333 1073 1387 vir
1087 1332 1388 1401 primarius,
1416 1329 1800 1385 Donatistarum
1817 1328 2028 1398 quidem

460 1436 690 1482 sectator
717 1434 772 1480 et
799 1422 1126 1479 Proculeiani
1171 1423 1390 1488 amicus,
1438 1436 1618 1475 verum
1662 1419 2028 1490 siugularisa-

462 1518 677 1588 pientia,
709 1517 963 1587 gravitate
987 1523 1041 1570 et
1081 1512 1442 1568 moderatione
1469 1512 1741 1581 praeditus.
1771 1509 1901 1564 Cum
1929 1509 2028 1580 igi-

463 1617 549 1663 tur
575 1608 740 1662 nollet
762 1607 1085 1675 Augustinus
1116 1604 1182 1658 ad
1206 1603 1606 1658 Proculeianum
1654 1601 1858 1656 litteras
1897 1601 2030 1656 scri-

461 1699 609 1765 bere,
635 1696 776 1767 quod
813 1711 902 1751 eas
931 1697 1019 1751 ille
1055 1703 1349 1764 respueret,
1375 1694 1515 1749 hunc
1539 1693 1828 1748 Eusebium
1868 1694 2030 1748 inter-

459 1787 694 1859 pellavit,
727 1797 914 1857 petens
941 1788 1007 1842 ab
1033 1802 1096 1842 eo
1127 1802 1221 1855 per
1240 1787 1406 1841 bonos
1431 1795 1486 1841 et
1510 1785 1760 1843 honestos
1789 1785 1952 1857 viros,
1972 1795 2030 1842 ut

461 1893 492 1933 a
524 1879 870 1933 Proculeiano
895 1887 1173 1947 quaereret,
1206 1893 1331 1930 num
1375 1877 1475 1931 hoc
1497 1877 1799 1932 mandatum
1833 1877 2030 1932 Victori

461 1969 688 2035 dederit,
719 1969 860 2039 quod
903 1968 1083 2024 Victor
1121 1968 1286 2038 ipsius
1306 1968 1481 2022 verbis
1509 1967 1693 2022 Officio
1712 1968 1923 2037 publico
1944 1983 2029 2023 re-

460 2059 791 2124 nuntiasset;
813 2075 880 2113 an
907 2059 978 2112 illi
1007 2058 1214 2127 publico
1233 2057 1437 2112 muneri
1455 2055 1688 2128 praefecti
1714 2072 1779 2112 ex
1801 2057 2030 2113 Victoris

464 2151 640 2206 verbis
669 2151 825 2205 falsas
847 2150 1049 2204 tabulas
1073 2147 1445 2203 confecissent.
1469 2147 1550 2202 Ad
1574 2148 1819 2204 eumdem
1846 2158 2026 2218 postea

463 2244 531 2299 de
557 2243 659 2298 hoc
692 2249 1000 2312 argumento
1029 2240 1256 2309 scripsit,
1289 2254 1482 2309 rogans
1523 2246 1581 2293 ut
1605 2239 1894 2309 generatim
1910 2255 2031 2309 per-

461 2342 814 2398 cunctaretur,
859 2347 1099 2400 quaenam
1127 2330 1456 2386 Proculeiani
1484 2345 1635 2385 mens
1663 2338 1805 2385 esset
1828 2330 1893 2385 de
1920 2340 2029 2385 tota

459 2424 760 2481 schismatis
788 2423 1079 2493 quaestione
1101 2421 1449 2477 discutienda.
1471 2419 1774 2486 Profitetur,
1798 2421 1865 2476 ad
1893 2421 2031 2476 hanc

459 2513 662 2586 placide
688 2529 808 2568 cum
832 2513 920 2567 illo
950 2511 1377 2582 pertractandam
1399 2526 1458 2567 se
1487 2511 1713 2567 libenter
1737 2511 2028 2567 descensu-

457 2619 595 2672 rum,
626 2605 672 2659 si
709 2603 1086 2659 Proculeianus
1113 2611 1400 2667 annuerat;
1437 2601 1578 2671 quod
1607 2616 1673 2655 ex
1697 2601 2030 2656 sermonibus

458 2697 528 2752 ad
555 2713 614 2752 se
637 2696 818 2752 relatis
861 2695 1092 2750 futurum
1117 2695 1381 2765 sperabat.
1405 2695 1698 2764 Acceperat
1743 2696 1884 2751 enim
1908 2711 2029 2750 eum

461 2787 676 2854 dixisse,
695 2787 846 2842 denis
873 2786 1134 2856 utrimque
1160 2786 1406 2856 gravibus
1426 2793 1482 2840 et
1508 2785 1746 2841 honestis
1782 2786 1934 2853 viris,
1950 2786 2028 2840 ci-

460 2885 542 2932 tra
563 2877 867 2947 p0pularem
901 2876 1180 2931 tumultum
1216 2876 1486 2943 adhibitis,
1512 2876 1612 2930 sibi
1639 2876 1898 2931 ambobus
1935 2891 2029 2931 ve-

461 2968 671 3023 ritatem
701 2983 765 3023 ex
790 2968 1074 3038 Scriptum
1104 2969 1417 3024 auctoritate
1458 2983 1578 3022 esse
1606 2967 2024 3038 disquirendam.

461 3057 738 3129 Subjuugit
785 3068 996 3114 sanctus
1023 3060 1234 3124 Doctor,
1265 3059 1310 3112 si
1339 3057 1717 3113 Proculeianus
1755 3073 1936 3112 secum
1963 3058 2030 3113 ad

460 3148 780 3218 colloquium
800 3163 940 3219 aegre
969 3148 1322 3204 descensurus
1347 3157 1509 3214 esset,
1541 3147 1682 3218 quod
1706 3147 2032 3202 humaniori-

461 3241 562 3296 bus
581 3243 888 3311 disciplinis,
909 3253 966 3297 ut
993 3243 1276 3310 ferebatur,
1308 3245 1483 3299 minus
1503 3243 1640 3300 foret
1664 3244 1952 3314 expolitus;
1977 3244 2031 3298 li-

459 3333 715 3388 beralium
735 3333 1026 3389 litterarum
1053 3335 1347 3390 doctrinam
1377 3336 1511 3390 nihil
1533 3335 1599 3390 ad
1629 3337 1766 3392 hanc
1785 3338 2032 3407 quaestio-

459 3439 580 3478 nem
607 3425 890 3493 pertinere,
920 3443 1039 3496 quae
1053 3427 1137 3482 vel
1166 3426 1232 3482 de
1256 3428 1453 3481 sanctis
1471 3427 1777 3498 Scripturis,
1819 3429 1900 3483 vel
1930 3429 2028 3483 do-

459 3514 722 3568 cumentis
741 3517 1110 3572 ecclesiasticis
1137 3526 1226 3571 aut
1255 3517 1477 3586 publicis
1495 3528 1636 3573 esset
1655 3517 1984 3574 discutienda
2014 3537 2028 3574 :

465 3617 622 3673 posse
648 3612 821 3660 tamen
843 3621 988 3672 eum,
1019 3623 1176 3677 quem
1215 3623 1246 3661 e
1272 3608 1380 3662 suis
1401 3609 1624 3664 voluerit
1651 3609 1906 3679 collegam
1932 3610 2028 3665 ad-

459 3696 686 3751 sciscere
701 3714 714 3763 ;
729 3707 818 3752 aut
843 3715 899 3753 se
913 3699 1187 3754 Samsucio
1210 3699 1461 3753 Ecclesiae
1480 3700 1758 3756 Turrensis
1781 3702 2031 3774 episcopo

459 3789 742 3856 catholico,
773 3789 861 3859 qui
893 3799 1000 3843 tum
1033 3791 1273 3859 Hippone
1299 3791 1626 3857 versabatur,
1658 3792 1800 3847 vices
1828 3807 1950 3847 suas
1976 3794 2030 3848 in

459 3879 552 3934 illo
580 3878 842 3948 colloquio
876 3879 1314 3933 demandaturum
1340 3877 1532 3950 (Epist.
1563 3882 1652 3948 55,
1682 3898 1735 3934 η.
1765 3881 1843 3954 6).
1873 3865 2028 3938 Sam-

461 3970 640 4024 sucius
671 3970 768 4024 iste
796 3969 950 4024 simul
992 3984 1111 4023 cum
1144 3969 1336 4040 Alypio
1365 3971 1728 4041 etAugustino
1753 3965 1831 4028 ad
1864 3972 2031 4028 Seve-

462 4073 578 4112 rum
626 4058 837 4128 scripsit
887 4056 1077 4129 (Epist.
1108 4057 1221 4128 62),
1276 4059 1432 4114 tertio
1461 4060 1580 4114 loco
1610 4062 1664 4116 in
1690 4061 1802 4132 ipsa
1839 4063 2028 4118 inscri-

459 4152 642 4222 ptione
671 4151 990 4205 nominatus.
1013 4151 1162 4206 Hunc
1189 4151 1299 4207 suis
1320 4152 1373 4207 in
1397 4152 1571 4208 dubiis
1595 4153 1921 4224 Augustinus
1943 4157 2033 4212 ali-

461 4241 676 4312 quando
704 4241 1034 4307 consulebat,
1059 4257 1284 4312 eumque
1299 4243 1366 4298 de
1393 4258 1453 4298 re
1491 4244 1683 4314 aliqua,
1715 4245 1769 4300 in
1805 4262 1905 4315 qua
1929 4247 2029 4302 du-

461 4333 580 4389 bius
611 4335 723 4402 ipse
774 4343 828 4388 et
868 4348 1064 4404 anceps
1094 4335 1339 4400 haeserat,
1367 4344 1512 4390 recte
1547 4338 1743 4392 sentire
1771 4340 2032 4408 comperit

462 4423 654 4496 (Epist.
681 4424 772 4490 85,
803 4440 856 4477 n.
885 4425 965 4494 4).
996 4425 1246 4490 Quamvis
1262 4426 1402 4480 enim
1435 4441 1680 4482 sermone
1701 4429 1835 4484 foret
1863 4430 2031 4500 impo-

463 4515 608 4578 litus,
641 4529 763 4569 vcra
795 4523 967 4570 tamen
1007 4516 1110 4572 fide
1159 4517 1396 4586 apprime
1424 4527 1539 4572 erat
1568 4519 1809 4574 eruditus
1839 4520 2026 4591 (Epist.

462 4605 551 4670 54,
577 4604 721 4674 η.6).
751 4604 1082 4674 Quapropter
1106 4622 1226 4661 eum
1260 4621 1378 4661 cum
1409 4607 1754 4663 Proculeiano
1788 4611 2029 4664 commit-

462 4701 580 4748 tere
617 4709 722 4748 non
765 4696 1049 4750 verebatur
1087 4697 1433 4767 Augustinus,
1465 4698 1737 4754 confidens
1777 4717 1898 4754 eum
1932 4716 2028 4770 pro

463 4785 683 4839 veritate
717 4795 1012 4840 certantem
1041 4785 1292 4842 divinitus
1316 4787 1687 4858 adjuvandum.
1719 4789 1796 4844 De
1832 4789 2030 4845 Milevi-

463 4885 582 4930 tana
612 4891 740 4931 vero
788 4877 925 4932 urbe
964 4877 1189 4946 petenda
1239 4879 1522 4947 respondet
1559 4880 1898 4949 Augustinus,
1929 4881 2028 4936 sibi

463 4976 626 5022 totam
654 4968 963 5039 quaestionis
990 4968 1146 5038 hujus
1178 4970 1436 5025 rationem
1465 4971 1692 5025 maxime
1739 4985 1860 5025 cum
1897 4972 2029 5028 Pro-

461 5060 702 5115 culeiano
725 5074 864 5126 esse,
912 5059 1115 5130 sibique
1170 5060 1224 5115 in
1244 5060 1361 5115 aliis
1403 5061 1700 5116 civitatibus
1723 5076 1830 5116 non
1871 5063 2029 5120 licere

461 5151 747 5221 quidquam
778 5168 955 5221 agere,
988 5169 1109 5208 cum
1137 5154 1347 5222 pr0pria
1384 5167 1512 5208 cura
1541 5154 1694 5210 unius
1718 5155 2026 5227 Hipponen-

459 5244 532 5300 sis
560 5244 809 5300 Ecclesia:
834 5246 900 5300 ad
929 5261 987 5301 se
1005 5247 1285 5315 pertineat.

533 5335 586 5390 5.
627 5336 741 5390 Alia
767 5337 924 5390 simul
954 5352 1041 5392 res
1065 5337 1410 5406 Augustinum
1442 5336 1510 5392 ad
1538 5337 1767 5394 Eusebio
1793 5339 2029 5396 scriben-

463 5425 590 5480 dum
617 5427 960 5496 compulerat.
991 5427 1208 5482 Juvenis
1252 5428 1462 5496 quidam
1507 5430 1798 5486 catholicus
1824 5431 2025 5503 Hippo-

462 5518 642 5572 nensis
687 5518 874 5574 solitus
911 5527 1026 5572 erat
1062 5527 1283 5573 matrem
1335 5536 1484 5575 suam
1510 5520 1739 5589 viduam,
1790 5525 2024 5595 inopem,

469 5609 698 5663 vetulam
728 5619 781 5663 et
825 5610 968 5663 omni
1013 5610 1204 5663 auxilio
1241 5610 1541 5667 destitutam
1571 5613 1807 5680 caedere;
1857 5630 2028 5685 eoque

461 5700 656 5754 furoris
689 5716 996 5770 progressus
1023 5699 1210 5764 fuerat,
1249 5711 1306 5755 ut
1342 5717 1441 5757 nec
1480 5704 1583 5758 illis
1610 5703 1815 5770 diebus,
1837 5706 2026 5775 quibus

467 5790 644 5866 legum
685 5792 937 5850 sevcritas
987 5793 1407 5856 sceleratissimus
1435 5795 1620 5866 parcit,
1672 5795 1854 5867 quales
1904 5805 2026 5856 sunt

1587 386 1745 444 VlTA
1782 384 1840 442 S.
1882 379 2250 439 AUGUSTINI
2292 381 2608 440 EPISCOPI.

3591 392 3701 454 256

2136 495 2441 566 Dominicm,
2472 510 2526 556 et
2569 509 2694 557 octo
2715 501 2932 559 Paschae
2959 503 3093 573 dies,
3125 504 3311 576 impias
3339 507 3407 564 ab
3431 522 3496 564 ea
3514 523 3705 569 manus

2134 591 2447 647 contineret.
2465 592 2556 647 Sui
2584 610 2705 648 eum
2743 595 2978 652 criminis
3015 597 3188 668 arguit
3229 599 3572 670 Augustinus.
3600 602 3706 659 Ve-

2134 697 2250 737 rum
2277 700 2396 739 cum
2426 685 2515 741 ille
2539 687 2711 742 scelus
2735 703 2887 743 suum
2912 689 2979 743 ab
3007 689 3241 744 Ecclesia
3265 690 3536 760 prohiberi
3559 693 3705 750 vide-

2134 781 2233 838 ret,
2264 772 2443 828 furore
2467 784 2745 845 correptus
2770 779 2925 832 matri
2949 791 3058 831 suae
3087 779 3159 833 ita
3193 781 3543 836 comminatus
3565 791 3646 837 est
3683 801 3698 838 :

2135 862 2459 934 Transferam
2485 883 2564 921 me
2596 869 2648 922 in
2682 877 2874 939 partem
2896 869 3103 937 Donati,
3143 880 3189 925 et
3224 869 3387 925 bibam
3406 874 3704 944 sanguinem

2136 965 2296 1010 tuum.
2324 957 2582 1015 Videntur
2605 961 2864 1032 ipsissima
2891 961 3053 1018 fuisse
3078 963 3218 1019 illius
3245 965 3425 1019 verba.
3458 965 3699 1022 Priorem

2133 1050 2396 1105 minarum
2417 1067 2629 1108 suarum
2660 1064 2860 1124 partem
2884 1055 3139 1126 perlicere
3160 1071 3263 1110 nou
3286 1056 3508 1112 distulit.
3530 1059 3573 1112 A
3593 1059 3705 1112 Do-

2133 1145 2342 1204 natistis
2366 1148 2636 1226 recipitur,
2658 1147 3009 1226 rebaptizatur
3033 1146 3234 1215 furens,
3261 1157 3315 1204 et
3343 1149 3567 1204 materni
3583 1164 3710 1205 san-

2132 1241 2304 1310 guinis
2331 1221 2516 1294 avidus
2543 1239 2674 1294 albis
2702 1221 2937 1295 vestibus
2965 1239 3296 1295 candidatur.
3329 1241 3471 1296 Intra
3500 1243 3709 1298 cancel-

2133 1331 2214 1387 los
2242 1331 2592 1386 eminentiore
2630 1331 2747 1385 loco
2774 1332 3112 1386 constituitur
3139 1331 3458 1401 spectandus
3483 1333 3550 1388 ab
3581 1348 3707 1388 om-

2133 1422 2310 1488 nibus,
2339 1421 2480 1476 velut
2517 1421 2657 1476 dono
2682 1420 2910 1491 Spiritus
2936 1422 3106 1476 sancti
3137 1422 3368 1492 perfecte
3391 1431 3702 1492 renovatus,

2133 1515 2223 1585 qui
2241 1513 2382 1569 aliud
2409 1514 2541 1568 nihil
2567 1529 2724 1584 quam
2758 1513 3111 1568 matricidium
3138 1514 3414 1586 cogitaret.
3440 1513 3498 1570 Id
3533 1531 3700 1570 unum

2131 1613 2424 1676 supererat,
2457 1613 2516 1660 ut
2541 1605 2630 1676 qui
2658 1619 2777 1660 eum
2797 1605 2874 1660 sic
2898 1604 3144 1659 affectum
3171 1603 3584 1674 baptizaverant,
3606 1621 3704 1660 ur-

2131 1709 2318 1767 gerent
2341 1697 2408 1752 ad
2431 1698 2711 1767 reliquum,
2738 1695 2878 1766 quod
2903 1704 3141 1762 noverat,
3159 1696 3294 1750 intra
3320 1711 3443 1751 suas
3467 1704 3704 1764 octavas,

2134 1789 2533 1844 exsolvendum.
2565 1788 2648 1842 Ad
2677 1788 2778 1843 hoc
2803 1787 3180 1856 spectaculum,
3205 1787 3286 1842 vel
3316 1787 3454 1842 inter
3479 1787 3705 1842 Donati-

2133 1890 2263 1946 stas,
2286 1895 2442 1936 nemo
2469 1894 2572 1935 non
2601 1879 2830 1950 gemuit,
2860 1888 2917 1934 ut
2959 1880 3179 1934 innuere
3220 1878 3428 1934 videtur
3457 1880 3712 1950 Augusti-

2133 1987 2253 2036 nus,
2271 1971 2360 2041 qui
2392 1979 2498 2024 tam
2527 1969 2850 2025 exsecraudo
2877 1969 3106 2026 facinore
3135 1969 3476 2025 vehementer
3501 1970 3708 2041 percul-

2133 2077 2224 2118 sus
2250 2071 2348 2117 est.
2372 2062 2522 2127 Hinc,
2553 2069 3004 2131 quantuscumque
3029 2059 3165 2116 foret
3201 2060 3590 2116 Donatistarum
3618 2061 3705 2116 fu-

2133 2169 2243 2217 ror,
2274 2169 2334 2209 se
2370 2153 2556 2208 saltem
2584 2152 2650 2207 ad
2669 2152 2988 2223 loquendum
3018 2153 3134 2222 cogi
3160 2152 3444 2208 arbitratus
3461 2162 3562 2209 est.
3593 2153 3709 2208 Pu-

2133 2241 2286 2298 blicis
2305 2243 2480 2312 itaque
2515 2241 2704 2296 tabulis
2730 2241 3028 2311 consignari
3066 2240 3231 2297 voluit
3257 2249 3366 2296 tam
3390 2243 3706 2313 sacrilegum

2133 2332 2300 2398 nefas,
2333 2341 2411 2400 ut,
2440 2333 2756 2402 ubicumque
2799 2342 3154 2402 opportunum
3182 2341 3427 2388 censeret
3461 2332 3526 2388 de
3555 2341 3708 2389 tanto

2133 2425 2332 2495 flagitio
2358 2411 2629 2494 conqueri,
2673 2424 2787 2480 sive
2819 2425 2953 2478 intra
2982 2424 3375 2495 Hipponensem
3401 2425 3698 2492 civitatem,

2133 2515 2246 2570 sive
2273 2522 2441 2581 extra,
2471 2514 2523 2569 id
2547 2514 2678 2569 citra
2702 2514 2962 2569 mendacii
2991 2515 3346 2583 suspicionem
3374 2523 3570 2585 posset.
3602 2515 3707 2570 Eo-

2133 2603 2255 2660 dem
2273 2603 2525 2672 temporis
2554 2603 2793 2674 vestigio,
2817 2605 3120 2674 priusquam
3140 2603 3365 2660 infelicis
3390 2603 3545 2675 hujus
3573 2618 3708 2658 neo-

2133 2694 2283 2765 phyti
2310 2702 2508 2748 octavae
2533 2694 2944 2764 complerentur,
2971 2695 3038 2748 ad
3054 2694 3341 2750 Eusebium
3353 2694 3565 2764 scripsit
3581 2708 3708 2763 spc-

2133 2802 2258 2842 rans
2282 2785 2414 2854 fore,
2446 2795 2504 2841 ut
2529 2787 2642 2857 ipse
2668 2785 2870 2842 facinus
2896 2786 3024 2841 illud
3055 2769 3412 2856 improbaret:
3441 2787 3708 2858 simulque

2134 2875 2185 2931 ei
2212 2876 2376 2931 Deum
2393 2884 2715 2930 contestatus
2735 2875 3062 2930 denuntiavit
3083 2891 3160 2942 se,
3179 2885 3430 2946 quantum
3455 2878 3707 2932 christia-

2135 2978 2257 3018 nam
2285 2979 2465 3033 pacem
2491 2964 2752 3034 diligeret,
2781 2973 2980 3018 tantum
3009 2964 3278 3035 sacrilegis
3300 2965 3401 3020 illis
3421 2965 3572 3020 factis
3583 2983 3707 3036 qua:

2135 3055 2459 3111 schismatici
2480 3057 2532 3109 in
2548 3070 2640 3110 sua
2665 3055 2996 3110 dissensione
3016 3055 3318 3124 patrabant‘,
3341 3057 3663 3111 commoveri
3686 3073 3705 3122 ;

2133 3157 2385 3203 cancrum
2407 3147 2546 3202 hunc
2563 3147 2725 3202 animi
2737 3147 2819 3202 sui
2845 3157 3046 3202 motum
3065 3162 3184 3203 esse
3197 3148 3471 3218 pacificum
3493 3166 3507 3214 ;
3530 3163 3708 3219 neque

2135 3253 2253 3294 sese
2284 3238 2335 3292 id
2360 3253 2539 3309 agere,
2568 3247 2625 3292 ut
2651 3237 2718 3292 ad
2761 3237 3187 3292 communionem
3211 3238 3526 3294 catholicam
3555 3239 3707 3309 quis-

2133 3343 2290 3400 quam
2307 3337 2521 3400 cogatur
2537 3329 2750 3397 invitus,
2767 3329 2860 3384 sed
2883 3337 2939 3384 ut
2959 3331 3205 3385 omnibus
3232 3331 3530 3387 errantibus
3557 3346 3710 3401 aper-

2133 3425 2188 3472 ta
2211 3418 2406 3473 veritas
2443 3418 2764 3486 declaretur,
2801 3433 2864 3472 ac
2891 3419 2967 3474 sic
3009 3433 3071 3474 se
3107 3420 3526 3498 amplectendam
3572 3421 3708 3478 satis

2135 3506 2253 3582 ipsa
2267 3511 2580 3582 persuadeat
2598 3511 2787 3582 (Epist.
2816 3512 2927 3582 54).

2205 3604 2258 3657 4.
2300 3603 2592 3673 Augustino
2632 3602 2908 3672 rescripsit
2955 3602 3253 3670 Eusebius,
3290 3603 3551 3660 confitens
3601 3605 3706 3661 sibi

2134 3710 2238 3750 non
2257 3695 2484 3764 probari,
2502 3695 2642 3764 quod
2670 3695 2804 3749 filius
2821 3709 3102 3764 percussor
3123 3696 3305 3751 matris
3326 3697 3656 3767 reciperetur
3690 3717 3705 3754 :

2134 3783 2553 3849 Proculeianum,
2599 3783 2644 3838 si
2694 3785 2876 3851 sciret,
2923 3784 3315 3855 prohibiturum
3351 3787 3512 3842 fuisse
3543 3803 3575 3842 a
3608 3804 3707 3844 sua

2134 3875 2523 3940 communione,
2553 3885 2659 3929 tam
2697 3875 2954 3929 nefarium
2990 3875 3418 3945 adolescentem;
3450 3886 3707 3934 caeterum

2133 3966 2314 4020 mirari
2339 3980 2416 4032 se,
2444 3966 2583 4036 quod
2612 3966 2772 4035 judex
2803 3975 2858 4021 et
2881 3966 3082 4022 arbiter
3101 3967 3242 4023 inter
3280 3969 3555 4040 episcopos
3575 3970 3707 4026 fuis-

2133 4067 2215 4113 set
2238 4059 2304 4113 ab
2332 4058 2446 4128 ipso
2465 4058 2800 4114 constitutus.
2842 4059 3166 4130 Augustinus
3191 4060 3327 4116 datis
3351 4061 3418 4116 ad
3447 4077 3568 4118 eum
3595 4062 3703 4118 de-

2133 4164 2242 4206 nuo
2264 4149 2449 4203 litteris
2489 4150 2779 4219 rescripsit,
2808 4165 3022 4220 rogasse
3069 4166 3128 4207 se
3169 4153 3534 4208 tantummodo
3557 4153 3707 4209 illius

2133 4241 2532 4311 benignitatem,
2557 4241 2795 4296 ctadhuc
2822 4256 3028 4312 rogare,
3061 4251 3168 4297 uta
3194 4243 3539 4299 Proculeiano
3563 4259 3704 4316 qum-

2133 4344 2299 4396 reret.
2327 4343 2501 4388 utrum
2523 4333 2624 4388 hoc
2643 4334 2760 4404 ipse
2791 4333 3092 4389 mandasset
3116 4333 3337 4401 Victori,
3361 4335 3499 4406 quod
3535 4335 3602 4390 ab
3632 4351 3704 4391 eo

2133 4427 2234 4483 sibi
2251 4427 2447 4482 dictum
2471 4426 2736 4498 publicum
2753 4425 2992 4481 Officium
3006 4427 3398 4482 renuntiaverat
3412 4447 3426 4494 ;
3439 4428 3706 4497 simulque

2133 4526 2582 4589 percunctaretur,
2601 4517 2726 4587 quid
2740 4517 2827 4572 ille
2846 4516 2912 4572 de
2923 4517 3184 4587 colloquio
3200 4518 3421 4572 sentiret
3448 4536 3461 4572 :
3483 4518 3620 4588 quod
3632 4519 3706 4574 ad

2129 4610 2377 4679 juvenem
2406 4608 2552 4661 illum
2583 4616 2887 4678 spectaret;
2918 4607 3342 4672 Proculeianum,
3389 4608 3436 4663 si
3485 4617 3704 4679 paratus

2132 4709 2273 4756 esset
2299 4715 2421 4754 eum
2446 4715 2475 4753 a
2513 4714 2606 4755 sua
2644 4699 3012 4754 communione
3042 4698 3320 4769 prohibere
3347 4715 3470 4755 cum
3499 4701 3707 4757 facinus

2131 4793 2233 4862 ipsi
2252 4792 2388 4847 foret
2413 4793 2764 4862 exploratum,
2796 4806 2906 4846 rem
2949 4800 3147 4861 gestam
3175 4791 3332 4848 modo
3357 4807 3702 4863 cognoscere,

2132 4883 2291 4937 modo
2318 4881 2626 4952 prohibendi
2679 4897 2883 4935 moram
2909 4897 3163 4938 excusare
3193 4883 3490 4939 nullatenus
3517 4898 3700 4953 posse.

2132 4973 2269 5028 Eum
2293 4973 2489 5042 pariter
2503 4972 2570 5026 de
2588 4972 2693 5026 alio
2709 4972 2930 5037 monuit,
2953 4987 3110 5042 quem
3135 4972 3507 5029 Proculeianus
3527 4974 3708 5032 adhuc

2131 5078 2163 5118 a
2188 5077 2282 5116 sua
2306 5061 2679 5116 communione
2706 5069 2972 5116 teneretur
2991 5063 3292 5118 excludere.
3315 5063 3524 5120 Primus
3545 5067 3589 5120 is
3606 5080 3706 5135 ap-

2132 5153 2446 5225 pellabatur,
2488 5153 2797 5223 Spaniensis
2824 5153 3076 5208 Ecclesiae
3105 5154 3158 5207 in
3187 5155 3426 5224 dioecesi,
3457 5166 3512 5211 ut
3538 5171 3706 5227 appa—

2131 5254 2232 5312 ret,
2261 5244 2586 5315 Hipponensi
2629 5245 2893 5315 quondam
2937 5245 3288 5302 subdiaconus
3317 5264 3331 5300 :
3362 5250 3595 5318 quicum
3630 5250 3704 5306 ab

2131 5328 2348 5392 accessu
2382 5335 2768 5406 indisciplinato
2802 5337 3276 5392 sanctimonialium
3308 5339 3701 5410 prohiberetur,
3781 5383 3786 5385 -

2131 5438 2288 5497 atque
2313 5426 2549 5480 ordinata
2577 5435 2631 5480 et
2666 5442 2792 5480 sana
2831 5436 3093 5497 praecepta
3119 5437 3498 5498 contemneret,
3528 5445 3558 5484 a
3586 5431 3701 5486 cle-

2131 5522 2296 5577 ricatu
2320 5531 2553 5576 remotus
2572 5533 2669 5574 est.
2699 5521 2850 5587 Quod
2879 5521 2967 5575 ille
3009 5521 3219 5591 indigne
3256 5521 3453 5590 ferens,
3475 5521 3539 5576 ad
3569 5537 3702 5591 par-

2132 5624 2210 5669 tes
2236 5614 2622 5668 Donatistarum
2653 5613 2878 5682 transiit,
2905 5629 2935 5666 a
2977 5614 3167 5682 quibus
3203 5630 3306 5668 una
3331 5629 3451 5668 cum
3492 5613 3706 5670 duabus

2129 5703 2613 5761 sanctimonialibus
2646 5719 2712 5759 ex
2753 5704 2938 5759 eodem
2969 5720 3122 5776 pago,
3166 5721 3282 5775 qum
3308 5705 3456 5759 illum
3501 5714 3705 5763 secuta)

2132 5795 2359 5864 fuerant,
2384 5795 2733 5867 rebaptizatus
2755 5803 2853 5851 est.
2883 5796 2958 5852 Ex
2989 5811 3054 5854 co
3081 5805 3318 5866 tempore
3345 5795 3486 5852 inter
3509 5792 3694 5866 perdi-
