3990 6360
252 408 370 467 257

255 533 352 580 tos
395 517 822 579 muliercularum
868 531 1077 589 greges,
1137 524 1191 572 et
1228 514 1577 572 exsecrandas
1604 515 1837 570 Circum-

247 592 551 671 cellionum
587 610 998 668 comessationes
1036 606 1196 663 vitam
1223 622 1373 663 suam
1399 607 1545 662 omni
1570 605 1833 675 intempe-

250 705 455 760 rantiae
474 702 692 758 addixit.
714 697 1260 769 SubditAugustinus,
1283 696 1519 764 modum,
1546 711 1703 766 quem
1725 695 1837 765 ipse

252 805 495 863 teneret,
534 811 564 850 a
587 794 932 850 Proculeiano
951 791 1149 862 pariter
1177 805 1297 846 esse
1324 789 1659 855 servandum,
1683 789 1839 842 nimi-

251 904 391 943 rum
428 897 488 943 ut
528 888 615 958 qui
648 885 716 940 ab
758 883 1013 948 Ecclesia,
1041 883 1331 952 disciplina:
1371 881 1628 952 fugiendae
1655 895 1833 948 causa,

250 978 589 1042 desciscunt,
623 976 750 1030 citra
772 972 1089 1043 tmnitentitc
1120 972 1531 1025 humiliatiouem
1570 985 1673 1024 non
1702 970 1838 1025 reci-

252 1067 507 1137 piantur.
539 1066 707 1135 Rogat
743 1064 900 1134 igitur
925 1062 1237 1129 Eusebium,
1266 1074 1325 1115 ut
1350 1061 1417 1115 de
1466 1062 1546 1115 his
1592 1061 1836 1116 omnibus

247 1159 549 1212 certiorem
567 1155 969 1211 Proeuleianum
990 1152 1173 1217 faciat;
1202 1161 1365 1207 autse
1382 1152 1480 1207 ista
1511 1168 1603 1221 per
1628 1152 1836 1206 codices

253 1250 511 1319 publicos
533 1248 704 1305 eidem
730 1247 1073 1304 Proculeiano
1100 1245 1527 1301 denuntiaturum
1553 1242 1837 1299 commina-

253 1340 567 1396 tur:silere
599 1354 658 1395 se
705 1354 810 1394 non
853 1353 1026 1408 posse,
1073 1338 1161 1393 ubi
1191 1338 1330 1392 Deus
1358 1336 1501 1406 loqui
1526 1336 1742 1405 jubeat:
1790 1336 1835 1392 si

251 1446 359 1500 per
387 1431 498 1485 vim
527 1430 601 1485 illi
628 1444 784 1500 agere
798 1427 1136 1491 contendant,
1157 1426 1432 1482 Dominum
1458 1426 1705 1481 Ecclesia:
1726 1440 1836 1480 suae

250 1538 373 1577 non
401 1522 725 1577 defuturum.
764 1521 936 1576 Aliam
962 1533 1170 1590 quoque
1212 1517 1577 1587 expostulandi
1621 1530 1835 1571 causam

250 1612 337 1666 illi
366 1613 601 1683 exponit.
644 1611 774 1666 Erat
801 1610 1009 1665 cuidam
1037 1608 1288 1663 Ecclesia:
1333 1608 1524 1662 colono
1555 1606 1660 1661 tilia
1688 1614 1833 1660 cate-

248 1705 561 1769 chumena,
599 1719 717 1773 qua:
760 1718 792 1758 a
844 1702 1129 1757 Donatistis
1181 1700 1394 1755 seducta
1432 1700 1754 1769 Baptismum
1783 1706 1835 1754 et

248 1795 680 1852 sanctimonialis
711 1796 870 1851 etiam
913 1793 1136 1848 formam
1182 1794 1249 1848 ab
1285 1792 1470 1847 iisdem
1511 1798 1831 1861 susceperat.

251 1887 579 1942 Voluiteam
609 1895 756 1956 pater
782 1886 850 1939 ad
876 1884 1301 1940 communionem
1326 1882 1636 1937 catholicam
1665 1880 1835 1951 patrio

246 1981 386 2047 jure
411 1995 476 2033 ae
506 1978 665 2048 plagis
696 1976 911 2032 inﬂictis
948 1990 1197 2031 revocare
1227 1993 1238 2028 :
1265 1973 1359 2030 sed
1384 1973 1702 2043 Augustinus
1728 1973 1834 2027 vim

254 2068 349 2122 illi
384 2084 415 2122 a
438 2078 577 2138 patre
596 2069 759 2122 vetuit
791 2067 1051 2134 adhiberi,
1080 2067 1269 2120 nolens
1293 2081 1409 2119 eam
1446 2066 1545 2118 nisi
1571 2065 1835 2119 volentem

250 2167 318 2213 et
364 2169 546 2228 sponte
564 2176 657 2213 sua
684 2159 992 2213 redeuntem
1044 2158 1258 2226 suscipi.
1294 2157 1440 2211 Licet
1469 2155 1605 2211 hanc
1647 2155 1834 2226 agendi

253 2251 531 2303 rationem
553 2249 618 2303 ab
646 2249 789 2303 omni
817 2249 866 2303 vi
912 2248 1043 2303 adeo
1065 2249 1288 2301 alienam
1333 2246 1608 2313 tenuisset,
1640 2246 1833 2299 nihilo-

254 2340 444 2393 minus
464 2355 583 2393 cum
601 2355 696 2409 per
710 2339 1032 2407 Spanianum
1054 2351 1243 2407 pagum
1264 2337 1543 2407 aliquando
1565 2336 1830 2401 transiret,

257 2432 604 2487 Proculeiani
630 2431 922 2502 presbyter,
952 2431 1040 2500 qui
1062 2431 1110 2485 ei
1146 2430 1198 2484 in
1228 2429 1388 2484 fundo
1414 2428 1686 2484 catholicae
1705 2429 1832 2498 piis-

253 2524 519 2592 simarque
540 2522 747 2577 feminae
771 2522 1020 2587 occurrit,
1048 2522 1103 2576 in
1131 2537 1251 2576 cum
1287 2532 1340 2575 et
1369 2522 1419 2574 in
1444 2522 1609 2589 ipsam
1639 2528 1836 2574 matro-

256 2627 386 2665 nam
410 2612 607 2667 acriter
646 2612 881 2666 invectus
905 2619 1006 2678 est,
1034 2624 1231 2680 eosque
1261 2610 1543 2664 traditores
1571 2624 1632 2663 ac
1649 2623 1833 2679 perse-

254 2712 483 2758 cutores
499 2703 794 2772 appellavit.
826 2703 941 2757 Non
972 2702 1129 2757 modo
1150 2703 1337 2772 seipse
1366 2718 1412 2756 a-
1434 2703 1525 2756 lite
1550 2700 1836 2756 refrenavit

256 2796 611 2865 Augustinus,
639 2795 732 2851 sed
760 2804 813 2850 et
840 2794 1248 2859 multitudinem,
1272 2810 1387 2865 quae
1416 2811 1473 2849 se
1489 2793 1835 2849 comitabatur

255 2886 614 2955 compescuit.
646 2884 752 2940 Sed
781 2885 864 2939 his
888 2885 1107 2954 aliisque
1146 2895 1320 2939 motus
1344 2884 1629 2939 Eusebium
1660 2893 1832 2955 rogat,

268 2985 336 3031 ut
363 2977 760 3039 Proeuleianum
790 2977 856 3032 de
876 2977 1169 3032 coercenda
1195 2977 1505 3031 clericorum
1534 2992 1748 3032 suorum
1774 2976 1837 3030 li-

260 3070 443 3123 centia
467 3077 822 3135 commoneat;
843 3084 941 3124 nec
955 3069 1063 3138 jam
1081 3069 1206 3123 velit
1222 3084 1253 3122 a
1274 3069 1430 3127 bonis
1450 3068 1747 3138 pastoribus
1766 3077 1836 3122 ta-

256 3161 393 3226 ceri,
420 3161 545 3213 dum
575 3161 644 3214 illi
672 3175 857 3226 eorum
880 3173 1005 3214 oves
1022 3158 1387 3213 insidiantibus
1403 3159 1665 3213 morsibus
1681 3158 1835 3226 lupo-

258 3266 381 3303 rum
428 3247 580 3305 more
624 3248 917 3319 depraedari
971 3257 1227 3303 conantur
1281 3248 1467 3317 (Epist.
1518 3248 1628 3317 55).
1679 3248 1836 3302 Binas

259 3342 389 3394 istas
425 3342 627 3403 litteras
654 3341 881 3396 Eusebio
931 3341 1141 3410 scripsit
1166 3340 1485 3410 Augustinus
1524 3355 1711 3395 recens
1739 3340 1834 3395 ad-

261 3429 366 3484 hue
384 3432 704 3501 cpiscolius;
741 3441 1065 3501 quapropter
1091 3430 1158 3486 ad
1182 3430 1283 3485 hoc
1305 3439 1510 3501 tempus
1528 3445 1619 3485 eas
1648 3430 1834 3485 retuli-

260 3538 398 3575 mus.

332 3614 386 3666 5.
430 3612 677 3667 Valerius
719 3613 1015 3682 episcopus,
1053 3613 1142 3683 qui
1185 3612 1354 3667 adhuc
1383 3613 1434 3666 in
1464 3613 1597 3668 vivis
1626 3614 1832 3683 agebat,

262 3720 379 3758 cum
405 3706 443 3758 A
456 3704 731 3773 ugustinus
754 3705 1153 3759 Proculcianum
1169 3704 1234 3758 ad
1251 3714 1484 3759 mutuam
1502 3706 1833 3759 collationem

264 3798 458 3864 scripta
487 3796 588 3864 ipsi
613 3795 832 3864 epistola
854 3795 1095 3849 invitaret
1123 3795 1312 3864 (Epist.
1343 3796 1428 3859 55,
1460 3812 1513 3848 η.
1532 3796 1611 3865 4),
1632 3795 1837 3849 videtur

266 3886 417 3952 paulo
449 3893 572 3953 post
599 3900 665 3937 ex
691 3884 788 3938 hac
812 3885 917 3938 vita
946 3885 1201 3954 migrasse
1222 3903 1235 3938 :
1259 3886 1442 3953 saltem
1466 3885 1591 3939 nihil
1612 3886 1836 3954 amplius

266 3978 327 4031 de
354 3980 445 4031 illo
473 3978 849 4046 comperimus.
892 3978 1241 4047 Hieronymus
1267 3976 1564 4046 Vignierius
1592 3977 1644 4031 in
1683 3993 1833 4031 suum

264 4069 701 4139 Supplemcntum
718 4070 896 4124 retulit
918 4084 1217 4124 sermonem
1241 4067 1542 4138 quemdam,
1576 4069 1831 4131 habitum,

265 4172 317 4215 ut
347 4171 517 4231 putat,
550 4162 619 4215 ab
646 4162 939 4231 Augustino
962 4176 1079 4215 cmn
1104 4160 1332 4229 primum
1365 4170 1483 4230 post
1508 4160 1704 4213 obitum
1736 4159 1834 4214 Va-

265 4254 375 4307 lerii
403 4254 566 4307 verba
588 4252 710 4306 fecit
733 4252 797 4305 ad
821 4252 1089 4320 populum,
1113 4259 1391 4320 postquam
1416 4259 1520 4305 tres
1542 4259 1834 4306 conventus

263 4343 395 4406 dies,
424 4344 491 4397 ob
508 4343 616 4396 vim
643 4343 994 4412 lacrymarum
1020 4357 1232 4396 suarum
1258 4342 1521 4410 totiusque
1540 4342 1736 4411 populi,
1758 4350 1835 4395 ta-

261 4437 394 4489 citus
440 4435 809 4504 prmteriisset.
851 4434 949 4487 llic
975 4448 1150 4488 sermo
1178 4432 1400 4502 plurima
1425 4440 1569 4501 gesta
1598 4433 1831 4501 comple-

260 4527 436 4592 ctitur,
468 4527 582 4595 qui,
615 4527 660 4580 si
688 4525 949 4593 legitimus
974 4524 1118 4579 credi
1150 4532 1348 4593 posset,
1390 4524 1711 4578 uberrimam
1740 4539 1834 4578 no-

261 4615 339 4669 bis
371 4614 592 4668 dicendi
627 4623 859 4683 segetem
894 4612 1271 4682 suppeditaret.
1302 4612 1435 4665 Eum
1464 4627 1582 4678 nos,
1620 4614 1736 4681 quia
1766 4612 1832 4667 de

263 4706 594 4758 subdiacono
618 4703 845 4773 quodam
867 4719 897 4757 a
920 4703 1203 4757 Donatistis
1228 4701 1548 4771 rebaptizato
1572 4709 1626 4756 et
1650 4702 1702 4755 in
1729 4701 1832 4755 dia-

261 4811 457 4850 conum
488 4795 735 4849 ordinato
760 4795 883 4864 agit,
913 4794 1192 4863 rejecimus
1216 4792 1281 4847 ad
1304 4793 1501 4847 calcem
1527 4794 1653 4847 tomi
1684 4794 1827 4860 noni,

262 4902 366 4955 quo
393 4886 597 4954 scripta
626 4893 809 4938 contra
830 4883 1128 4939 Donatistas
1154 4882 1509 4937 continentur.
1538 4882 1606 4937 Ut
1630 4884 1833 4938 omitta-

260 4993 375 5031 mus
405 4975 733 5046 expendere,
765 4991 889 5029 num
919 4975 1071 5030 stilus
1106 4983 1189 5029 sat
1226 4974 1496 5045 gravitatis
1538 4974 1747 5042 habeat,
1774 4983 1833 5031 ut

258 5068 563 5139 Augustino
585 5067 754 5138 possit
777 5066 1028 5135 adscribi,
1051 5081 1228 5121 sermo
1250 5066 1350 5121 iste
1374 5065 1563 5135 majori
1592 5082 1657 5121 ex
1680 5074 1832 5136 parte

258 5167 467 5230 spectat
510 5159 580 5214 ad
623 5159 985 5214 Rusticianum
1024 5158 1493 5229 Mutugennensem
1530 5160 1831 5225 diaconum,

258 5251 369 5305 sive
396 5250 811 5315 subdiaconum;
836 5250 923 5320 qui
960 5265 1078 5304 cum
1105 5249 1171 5304 ab
1195 5250 1434 5304 Ecclesia
1458 5249 1737 5305 defecisset
1764 5249 1831 5305 ad

259 5342 586 5410 Donatistas,
608 5358 640 5397 a
660 5342 923 5398 Macrobio
942 5343 1291 5414 rebaptizatus
1306 5343 1495 5411 fuerat,
1514 5344 1831 5400 etdiaconus

259 5434 559 5489 ordinatus.
580 5433 685 5489 Iste
706 5433 1041 5490 Rusticianus
1059 5450 1123 5490 ex
1144 5435 1383 5505 plurimis
1402 5434 1607 5490 indiciis
1630 5444 1686 5492 et
1705 5451 1833 5491 con-

257 5524 484 5593 jecturis
505 5525 717 5581 videtur
744 5526 884 5580 idem
914 5541 975 5581 ac
998 5526 1249 5581 diaconus
1272 5527 1360 5582 ille
1383 5526 1830 5598 Mutugennensis,

262 5612 331 5669 de
354 5630 462 5685 quo
500 5616 824 5686 Augustinus
850 5616 916 5671 ad
942 5617 1284 5673 Maximinum
1324 5618 1552 5688 scripsit,
1585 5628 1641 5675 ut
1673 5634 1831 5689 supra

264 5705 563 5761 notavimus
594 5705 731 5777 (Lib.
758 5706 812 5774 5,
833 5723 949 5775 cap.
976 5708 1030 5775 9,
1060 5724 1113 5762 η.
1144 5706 1221 5779 6).

334 5794 391 5853 6.
431 5796 560 5853 Erat
587 5797 728 5856 inter
750 5798 919 5856 sancti
940 5799 1187 5858 Praesulis
1218 5802 1417 5859 amicos
1454 5800 1728 5874 presbyter
1749 5801 1831 5860 al-

1613 399 1815 456 LIBER
1847 396 2186 466 QUARTUS.

1950 514 2114 570 terius
2139 514 2408 581 Ecclesia),
2436 514 2649 571 nomine
2690 517 2999 587 Casulanus,
3045 522 3197 593 cujus
3240 525 3427 583 studiis
3454 538 3513 586 et

1945 602 2069 657 stilo
2115 604 2353 674 impense
2381 604 2738 663 delectabatur
2764 612 3115 681 Augustinus;
3162 615 3252 684 qui
3291 631 3412 671 eum
3440 619 3511 675 ob

1943 692 2232 763 ingenium,
2264 696 2402 766 quod
2428 698 2479 752 in
2508 699 2744 768 epistolis
2770 702 2880 756 suis
2905 704 3231 772 ostendebat,
3263 707 3510 764 hortaba-

1941 790 2026 837 tur
2054 795 2111 838 ut
2137 785 2187 839 in
2214 786 2376 841 verbo
2403 788 2492 843 Dei
2522 790 2821 858 proficeret,
2844 800 2897 846 et
2918 793 2983 848 ad
3011 795 3256 851 Ecclesiae
3280 795 3508 854 fructum

1940 873 2107 942 magis
2129 889 2191 928 ac
2219 876 2384 945 magis
2409 877 2720 933 abundaret.
2755 881 2984 951 Degebat
3010 884 3075 949 is,
3108 893 3167 940 ut
3192 886 3417 956 videtur,
3450 889 3505 944 in

1940 963 2163 1033 quadam
2193 965 2381 1021 Africae
2406 968 2639 1023 Ecclesia
2659 986 2721 1024 ex
2745 972 2807 1027 iis
2837 974 2888 1027 in
2914 975 3102 1044 quibus
3127 976 3216 1031 alii
3249 978 3507 1047 jejunium

1939 1054 2141 1109 sabbati
2165 1059 2465 1127 servabant,
2489 1062 2575 1115 alii
2601 1063 2833 1119 minime.
2856 1066 2970 1122 Non
2996 1069 3135 1123 enim
3166 1079 3274 1124 tum
3298 1088 3432 1128 unus
3452 1081 3507 1129 et

1939 1143 2078 1199 idem
2119 1147 2308 1217 ubique
2338 1166 2453 1206 mos
2490 1152 2737 1209 Ecclesia:
2775 1156 2913 1211 circa
2957 1158 3058 1214 hoc
3081 1160 3337 1230 jejunium
3366 1173 3502 1219 erat.

1938 1232 2174 1292 Romana
2200 1248 2254 1292 et
2282 1241 2482 1311 aliquot
2522 1243 2820 1301 Occidentis
2846 1249 3111 1315 Ecclesiae,
3142 1253 3348 1308 etiamsi
3376 1270 3503 1323 pau-

1938 1336 2034 1390 ea),
2068 1324 2195 1379 illud
2224 1336 2371 1382 extra
2398 1332 2767 1404 quinquaginta
2804 1336 2916 1393 dies
2958 1342 3207 1411 temporis
3237 1343 3504 1400 Paschalis

1938 1414 2304 1472 observabant.
2336 1421 2529 1476 Verum
2559 1440 2652 1493 per
2674 1441 2857 1482 omnes
2884 1429 3199 1500 Orientales,
3232 1443 3284 1489 et
3310 1437 3503 1492 multos

1937 1508 2096 1560 etiam
2120 1507 2482 1567 Occidentales
2515 1516 2739 1584 populos
2764 1518 3080 1577 christianos
3107 1525 3284 1580 nullus
3307 1542 3371 1581 eo
3390 1527 3499 1595 die,

1938 1605 2287 1667 praeterquam
2315 1602 2532 1657 sabbato
2551 1616 2752 1671 sancto,
2776 1608 3063 1678 jejunabat.
3088 1613 3143 1667 ln
3165 1614 3263 1670 hac
3282 1631 3506 1675 consue-

1940 1688 2133 1743 tudinis
2158 1690 2527 1761 discrepantia,
2558 1697 2764 1753 videtur
2792 1700 3079 1759 Casulanus
3120 1707 3184 1761 ad
3224 1710 3504 1777 quemdam

1940 1779 2245 1837 familiarem
2276 1800 2427 1840 suum
2452 1788 2670 1843 Romam
2692 1793 2986 1863 scripsisse,
3014 1805 3073 1850 ut
3099 1799 3257 1853 sciret
3276 1801 3399 1870 quid
3416 1817 3504 1857 es-

1938 1880 2019 1926 set
2040 1872 2446 1932 observandum.
2475 1878 2600 1936 Inde
2627 1884 2826 1939 amicus
2847 1886 2934 1941 ille
2953 1888 3020 1942 ad
3041 1904 3161 1943 eum
3183 1892 3501 1960 rescribens,

1937 1964 2361 2024 dissertationem
2402 1973 2538 2027 bene
2574 1975 2785 2047 longam
2828 1980 2987 2046 misit,
3035 1982 3087 2036 in
3120 1999 3221 2052 qua
3251 1984 3505 2041 Romanas

1939 2056 2187 2112 Ecclesizc
2215 2064 2645 2119 consuetudinem
2676 2071 2988 2125 servandam
3029 2082 3082 2127 ct
3109 2075 3329 2130 sabbato
3364 2077 3504 2147 jeju-

1939 2148 2168 2203 nandum
2190 2166 2307 2206 esse
2327 2156 2707 2224 contendebat;
2730 2176 2793 2215 ac
2815 2177 2967 2217 secus
2991 2164 3262 2233 facientes,
3281 2167 3383 2223 hoc
3398 2178 3503 2237 est,

1938 2239 2239 2296 universum
2266 2259 2428 2315 prepe
2460 2248 2642 2303 orbem
2674 2250 3015 2309 christianum
3042 2258 3307 2327 injuriosis
3326 2261 3506 2318 verbis

1940 2329 2221 2386 lacerabat.
2255 2334 2358 2388 Sed
2399 2352 2517 2391 cum
2563 2354 2843 2409 operosum
2886 2344 3039 2410 foret,
3086 2352 3503 2406 commentitium

1939 2420 2064 2476 illud
2083 2422 2352 2492 jejunandi
2377 2440 2694 2499 prmeeptum
2722 2434 2907 2489 validis
2934 2438 3195 2493 rationum
3217 2443 3501 2499 momentis

1938 2513 2271 2581 confirmare,
2302 2518 2434 2571 laxis
2464 2519 2682 2576 habenis
2710 2524 2760 2577 in
2800 2525 2984 2594 jejunii
3015 2528 3222 2584 laudem
3248 2547 3503 2588 excurre-

1937 2601 2045 2667 bat,
2075 2613 2127 2658 et
2153 2604 2202 2658 in
2231 2611 2643 2667 comessationes
2672 2628 2734 2667 ac
2764 2617 3051 2672 temulenta
3082 2622 3319 2676 convivia
3340 2624 3507 2679 insul-

1940 2693 2197 2751 tabundus
2242 2698 2588 2758 invehebatur
2619 2722 2631 2757 :
2661 2707 2801 2775 quod
2840 2709 2907 2763 ab
2936 2711 3174 2768 instituta
3213 2718 3505 2785 quaestione

1938 2782 2164 2838 alienum
2193 2797 2334 2856 erat;
2374 2799 2466 2845 aut
2494 2808 2677 2850 omnes
2714 2797 2801 2866 qui
2828 2798 3050 2869 singulis
3075 2782 3260 2859 diebus
3286 2822 3391 2861 non
3417 2808 3503 2876 je-

1933 2872 2200 2941 junarent,
2241 2879 2340 2933 hoc
2373 2890 2454 2935 est
2477 2883 2767 2940 Romanam
2806 2888 3082 2957 ipsammet
3114 2895 3418 2963 Ecclesiam,
3449 2906 3507 2954 ut

1938 2971 1991 3017 et
2018 2975 2257 3030 caeteras,
2288 2971 2694 3028 condemnabat.
2726 2976 2869 3033 Hanc
2893 2979 3317 3039 dissertationcm
3343 2986 3507 3043 Casu-
3596 2994 3602 3002 '

1937 3053 2090 3110 lanus
2114 3057 2179 3110 ad
2205 3059 2553 3129 Augustinum
2582 3066 2741 3130 misit,
2767 3078 2823 3121 ut
2847 3084 2962 3123 eam
2987 3072 3272 3143 refelleret,
3299 3077 3506 3149 sibique

1938 3146 2272 3214 rescriberet,
2298 3160 2467 3205 utrum
2491 3154 2710 3211 sabbato
2724 3157 2908 3213 liceret
2922 3161 3182 3230 jcjunarc.
3202 3166 3379 3222 Voluit
3395 3146 3505 3224 Au-

1937 3239 2202 3305 gustinum
2233 3257 2422 3297 nomen
2450 3245 2590 3299 illius
2633 3248 2892 3317 ignorare,
2925 3256 3072 3323 cujus
3098 3257 3502 3326 disputationem

1937 3329 2001 3383 ad
2027 3345 2144 3384 eum
2182 3332 2440 3402 mittebat,
2466 3336 2611 3389 illum
2641 3342 3000 3397 tantummodo
3032 3344 3277 3403 Urbicum
3321 3367 3510 3421 quem-

1938 3418 2058 3473 dam
2087 3438 2413 3492 nuncupans.
2458 3428 2749 3498 Augustino
2777 3446 2807 3484 e
2832 3434 3087 3488 memoria
3117 3438 3311 3494 excidit
3337 3418 3506 3499 Casu-

1939 3511 2059 3565 lano
2080 3516 2391 3583 rescribere,
2420 3518 2589 3574 donec
2614 3521 2809 3576 alteras
2828 3525 3116 3593 accepisset
3138 3528 3357 3597 litteras,
3383 3534 3506 3602 qui-

1938 3599 2035 3655 bus
2061 3602 2182 3671 jure
2211 3605 2506 3674 charitatis,
2535 3626 2634 3679 qua
2663 3628 2825 3667 unum
2854 3625 3027 3683 erant,
3058 3619 3156 3673 sibi
3188 3599 3507 3681 tandem—re-

1937 3691 2182 3760 sponderi
2230 3692 2516 3763 ﬂagitabat.
2566 3702 2901 3757 Arctissimas
2935 3706 3093 3774 igitur
3135 3712 3507 3781 occupationes

1937 3795 2059 3833 suas
2098 3783 2398 3851 intermisit,
2442 3795 2497 3841 ut
2532 3788 2765 3845 debitum
2806 3793 2945 3848 istud
2984 3798 3310 3865 exsolveret;
3349 3803 3505 3872 eique

1938 3872 2209 3942 indicaret,
2230 3877 2280 3931 in
2304 3878 2603 3948 hujusmodi
2627 3884 2783 3940 rebus
2804 3886 2979 3942 divina
3002 3889 3117 3959 lege
3134 3892 3350 3947 minime
3370 3910 3504 3963 prte—

1937 3965 2147 4034 scriptis
2174 3969 2453 4023 certiorem
2483 3973 2745 4041 regulam,
2773 3992 2933 4045 quam
2960 3978 3028 4032 ab
3054 3980 3168 4050 ipso
3196 3982 3351 4039 beato
3376 3985 3507 4040 Am-

1936 4054 2113 4111 brosio
2140 4060 2447 4127 accepisset,
2494 4077 2613 4117 csse
2650 4068 3083 4125 consuetudinem
3112 4071 3275 4140 ipsius
3298 4072 3422 4141 loci,
3450 4075 3506 4130 in

1936 4160 2042 4215 quo
2070 4146 2335 4217 degimus;
2366 4160 2456 4206 aut
2480 4153 2523 4207 si
2549 4154 2663 4208 haec
2692 4157 2990 4214 uniusmodi
3020 4176 3123 4216 non
3154 4164 3242 4227 sit,
3279 4180 3505 4236 sequen-

1936 4238 2059 4293 dum
2086 4255 2204 4296 esse
2231 4244 2528 4312 exemplum
2549 4245 2800 4317 episcOpi.
2828 4248 2933 4303 Sed
2957 4250 3084 4306 falsa
3109 4253 3498 4314 dissertationis

1936 4332 2033 4386 sibi
2066 4333 2238 4388 missa:
2274 4346 2583 4404 argumenta
2608 4336 2725 4393 fuse
2750 4340 2928 4407 diluit;
2956 4343 3032 4398 sic
3070 4353 3244 4401 tamen
3271 4358 3329 4403 ut
3354 4351 3406 4404 in
3437 4350 3503 4406 iis

1935 4420 2233 4491 singulatim
2280 4425 2576 4481 rcfellendis
2623 4442 2727 4482 non
2775 4418 3103 4500 immeretur,
3153 4451 3257 4505 quo
3295 4434 3347 4492 in
3385 4439 3504 4497 aliis

1935 4515 2182 4583 operibus
2225 4518 2392 4586 magis
2436 4519 2741 4587 urgentibus
2798 4522 2963 4577 otium
3010 4540 3161 4580 suum
3217 4528 3503 4587 collocaret

1936 4605 2125 4679 (Epist.
2149 4606 2259 4680 56).
2289 4609 2420 4663 Cum
2451 4611 2521 4665 ibi
2550 4611 2726 4667 laudat
2750 4598 3085 4672 Ambrosium
3109 4620 3161 4673 in
3184 4620 3299 4676 haec
3319 4624 3502 4690 verba,

1933 4698 2176 4755 Indicabo
2206 4702 2321 4767 tibi,
2350 4703 2471 4771 quid
2496 4704 2619 4756 mihi
2653 4705 2717 4759 de
2753 4706 2845 4760 hoc
2888 4710 3156 4779 requirenti
3196 4715 3506 4781 responderit

1933 4790 2241 4845 venerandus
2268 4792 2575 4862 Ambrosius,
2599 4810 2630 4847 a
2652 4811 2751 4865 quo
2776 4796 3056 4866 baptizatus
3092 4817 3224 4867 sum,
3250 4801 3503 4857 Mediola-

1922 4881 2099 4963 nensis
2114 4882 2371 4954 episcopus
2387 4882 2436 4956 (1
2441 4882 2524 4937 bid
2531 4924 2541 4938 .
2552 4927 2569 4953 ,
2588 4902 2640 4941 η.
2655 4886 2765 4956 52);
2780 4887 2952 4944 locum
2969 4889 3363 4961 datsuspicandi
3380 4908 3511 4950 cum'

1933 4973 2166 5029 scribere
2185 4984 2308 5030 ante
2329 4975 2592 5032 Ambrosii
2615 4977 2837 5048 obitum,
2862 4982 2950 5051 qui
2971 4997 3109 5039 anno
3134 4984 3504 5042 trecentesimo

1935 5066 2278 5137 nonagesimo
2322 5069 2568 5137 septimo,
2613 5069 2782 5139 pridie
2823 5072 3095 5128 Paschalis
3131 5073 3366 5144 contigit.
3404 5075 3505 5132 Cui

1934 5158 2166 5228 Opinioni
2192 5158 2323 5213 nihil
2346 5159 2567 5216 interest
2584 5161 2853 5231 refragari.

2578 5248 2805 5306 CAPUT»
2838 5250 2929 5307 XI.

1937 5342 1962 5398 1
2005 5342 2085 5398 De
2130 5342 2269 5398 libris
2295 5345 2362 5397 ad
2392 5343 2778 5415 Simplicianum
2804 5346 3115 5417 conscriptis,
3142 5364 3241 5420 quo
3263 5349 3317 5403 in
3340 5349 3509 5405 labore

2005 5434 2459 5504 prtedestinationis
2483 5436 2663 5489 veritas
2683 5435 2761 5489 illi
2784 5452 2815 5489 a
2834 5436 2942 5492 Deo
2966 5440 3228 5495 revelatur.
3248 5440 3286 5494 2
3330 5441 3508 5506 Quan-

2007 5525 2191 5579 donam
2214 5527 2332 5580 editi
2357 5529 2455 5580 sint
2479 5527 2630 5580 iidem
2658 5525 2790 5581 libri.
2819 5529 2851 5583 '5
2882 5529 3161 5601 Epistolam
3213 5530 3504 5600 Manichwi,

2006 5630 2154 5685 quam
2173 5617 2413 5671 vocabant
2435 5616 2792 5687 Fundamenti,
2813 5620 2997 5692 refellit
3012 5620 3338 5693 Augustinus.
3366 5624 3401 5678 4
3426 5619 3509 5678 ιε.

2007 5707 2154 5762 brum
2176 5708 2277 5761 edit
2296 5707 2359 5761 de
2378 5708 2552 5780 Agaue
2577 5710 2872 5767 christiano.

2008 5800 2061 5857 1.
2099 5799 2213 5857 Hoc
2235 5813 2375 5857 anno
2399 5799 2566 5873 pridie
2586 5818 2751 5861 nonas
2775 5803 2957 5875 aprilis
2981 5818 3045 5859 ex
3065 5803 3165 5860 hac
3180 5802 3286 5860 vita
3306 5804 3512 5883 migrag

2842 5978 3127 6001 ‘l",.’>.-v~9v~-ivﬁ'
