3990 6360
497 535 575 591 vit
596 530 931 599 Ambrosius,
976 526 1065 585 cui
1086 527 1343 585 successit
1363 524 1753 596 Simpliciano.
1783 519 1934 576 Hune
1960 520 2070 573 Au-

498 625 739 696 gustinus
762 622 1045 678 Mediolani
1068 628 1303 686 noverat,
1327 620 1545 689 ejusque
1568 614 1826 682 consiliis,
1856 627 1975 667 eum
2004 612 2071 667 de

498 733 591 775 sua
620 716 968 773 conversione
992 716 1101 786 iam
1128 715 1269 769 serio
1293 713 1565 783 cogitaret,
1596 724 1722 765 usus
1750 708 1937 763 fuerat.
1954 706 2071 761 lam

499 820 608 865 tum
631 812 685 865 in
710 823 775 865 eo
800 818 1071 879 paternum
1092 808 1357 871 ali‘ecmm,
1387 819 1492 875 quo
1517 802 1949 871 benignissimum
1980 812 2072 853 cur

499 904 642 959 illius
671 903 909 969 ardebat,
950 902 1119 955 luerat
1150 908 1399 969 expertus
1421 896 1608 971 (Epist.
1636 894 1722 961 57,
1753 912 1805 948 η.
1839 895 1914 962 l).
1938 892 2071 946 Cum

499 996 691 1052 deinde
723 996 1046 1065 Augustinus
1074 994 1129 1048 in
1153 992 1312 1047 variis
1340 987 1791 1045 lucubrationibus
1816 982 2071 1039 tle-sudas-

500 1095 602 1152 set,
633 1100 816 1141 earum
846 1085 1114 1140 nonnulla:
1137 1084 1187 1137 in
1208 1079 1531 1149 Simpliciani
1552 1074 2068 1138 manusinciderunt,

498 1192 629 1249 quas
656 1179 743 1233 ille
770 1193 887 1233 cum
919 1173 1351 1247 singularianimi
1377 1172 1641 1240 voluptate
1668 1168 1905 1239 perlegit.
1935 1165 2072 1233 Quin

499 1271 657 1325 etiam
685 1284 780 1339 per
806 1270 1008 1323 litteras
1036 1266 1326 1336 Augustino
1355 1260 1687 1331 signiﬁcavit,
1719 1259 1857 1313 illius
1881 1272 1943 1313 se
1964 1265 2073 1309 stu-

502 1363 707 1417 diosum
730 1375 790 1416 ac
813 1374 1105 1416 memorem
1128 1358 1193 1413 de
1214 1357 1364 1412 donis
1387 1352 1635 1409 divinitus
1657 1352 1709 1407 ei
1727 1351 1933 1405 collatis
1954 1363 2073 1419 gra-

500 1453 690 1507 tulari:
718 1452 877 1506 simul
910 1451 1226 1521 qumstiones
1264 1449 1463 1517 aliquot
1503 1446 1575 1499 illi
1616 1442 1906 1514 proposuit,
1943 1456 2073 1511 quas

500 1554 607 1597 uno
635 1542 808 1595 libello
832 1540 1052 1595 enodari
1066 1540 1131 1595 ab
1148 1553 1213 1594 eo
1229 1536 1525 1608 postulabat
1542 1534 1640 1607 (De
1658 1534 1862 1587 diversis
1882 1530 2070 1597 Quwst.

500 1634 570 1689 ad
594 1634 998 1705 Simplicianum,
1034 1631 1117 1685 lib.
1145 1630 1200 1697 2,
1228 1637 1404 1700 quwst.
1432 1628 1509 1697 6⁵).
1546 1626 1887 1697 Augustinus,
1916 1638 2072 1694 quem

498 1724 721 1779 illustria
750 1734 855 1779 tam
887 1722 1053 1777 sancti
1084 1722 1179 1776 viri
1211 1719 1398 1775 merita
1424 1732 1529 1773 non
1550 1717 1801 1783 latebant,
1832 1716 1972 1769 illius
1994 1712 2075 1769 di-

498 1814 745 1869 lectionis
772 1813 961 1867 indieia
999 1811 1429 1881 suffragiumque,
1464 1823 1568 1879 quo
1598 1807 1880 1862 litterarios
1909 1806 2073 1875 ipsius

497 1907 707 1962 labores
730 1904 1124 1975 comprobabat,
1152 1904 1273 1957 lecto
1289 1902 1464 1956 animo
1485 1899 1690 1969 excepit
1709 1915 1721 1965 ;
1740 1907 1885 1953 ratus
1908 1898 2071 1953 Deum

498 1997 553 2052 id
577 1997 747 2051 solatii
779 1997 919 2051 curis
939 1995 1047 2049 suis
1077 1993 1265 2047 afferre
1290 1992 1539 2058 voluisse,
1558 2004 1677 2045 cum
1694 2003 1904 2058 semper
1918 1997 2073 2043 antea

498 2090 720 2159 pavidus
748 2103 865 2143 esse
894 2094 1173 2157 cogeretur
1193 2098 1254 2139 ac
1279 2082 1553 2145 sollicitus,
1590 2096 1655 2135 nc
1682 2080 1806 2151 quid
1827 2081 1881 2134 in
1907 2094 2071 2149 expo-

499 2178 694 2232 nendis
722 2178 1011 2247 Scripturis
1040 2184 1127 2230 aut
1152 2186 1246 2244 per
1280 2172 1539 2228 inscitiam
1569 2179 1659 2225 aut
1687 2185 1781 2241 per
1818 2170 2070 2225 incuriam

502 2269 850 2338 delinqueret.
884 2268 1035 2335 Quod
1072 2267 1137 2322 ad
1178 2265 1496 2336 quaestiones
1529 2262 1735 2328 attinet,
1762 2275 1891 2331 quas
1919 2260 2016 2315 sibi
2042 2276 2073 2316 a

498 2360 839 2430 Simpliciano
863 2360 1004 2413 velut
1031 2358 1268 2427 piissimo
1304 2365 1451 2425 patre
1474 2354 1772 2423 propositas
1798 2352 1959 2406 fuisse
1993 2351 2074 2405 di-

499 2452 592 2517 cit,
623 2464 731 2505 non
760 2458 815 2503 ut
840 2450 907 2503 ab
933 2450 1049 2517 ipso
1077 2448 1344 2518 quidpiam
1375 2446 1622 2510 disceret,
1666 2444 1757 2499 sed
1798 2452 1856 2497 ut
1884 2443 2071 2512 explo-

498 2550 641 2598 raret
676 2542 1064 2612 proﬁcientem,
1106 2547 1161 2595 et
1195 2538 1502 2594 emendaret
1526 2545 1822 2599 errantem;
1855 2543 2075 2588 testatur

500 2646 561 2690 se
600 2648 705 2688 non
736 2640 1100 2687 contumacem
1126 2630 1304 2693 modo,
1334 2628 1427 2683 sed
1457 2629 1715 2697 ingratum
1743 2626 1902 2681 etiam
1932 2625 2071 2679 futu-

498 2738 618 2779 rum
638 2722 817 2787 luisse,
837 2722 936 2776 nisi
962 2722 1038 2777 eis
1062 2720 1419 2791 respondisset
1445 2718 1628 2788 (lbid.,
1655 2718 1706 2771 in
1721 2713 2070 2788 Prtefatione).

502 2815 678 2882 Quare
702 2830 820 2869 cum
843 2814 947 2869 illae
972 2814 1289 2883 quaestiones
1319 2811 1506 2881 partim
1536 2818 1713 2865 essent
1739 2808 1804 2863 de
1840 2807 2073 2878 Epistula

502 2906 568 2961 ad
594 2906 880 2971 Romanos,
906 2904 1095 2974 partim
1116 2904 1182 2958 de
1203 2903 1348 2959 libris
1372 2902 1605 2972 Regum;
1630 2902 1761 2956 duos
1780 2900 2076 2969 composuit

504 2998 686 3063 libros,
720 2998 948 3067 priorem
990 2996 1202 3067 quidem
1232 2994 1299 3051 de
1343 2995 1720 3066 quaestionibus
1752 2995 1804 3048 in
1830 2990 2070 3058 Paulum,

502 3105 622 3161 quae
658 3090 774 3144 dum
800 3089 1014 3143 omnino
1038 3096 1220 3153 erant;
1251 3088 1596 3159 posteriorem
1625 3102 1748 3141 vero
1778 3086 1843 3141 de
1870 3087 2075 3141 etcleris

499 3184 901 3255 qtnestionibus,
950 3196 1169 3251 quarum
1217 3179 1579 3250 propheticum
1620 3193 1833 3233 sensum
1863 3176 2077 3248 Simpli-

501 3275 682 3329 cianus
721 3272 1042 3343 requirebat.
1088 3272 1153 3325 Et
1190 3270 1275 3325 illa
1305 3269 1539 3341 quidem,
1581 3284 1697 3339 quae
1726 3268 1792 3324 de
1822 3270 2075 3339 Apostolo

504 3364 835 3420 dissoh'enda
862 3362 1231 3431 Simplicianus
1267 3362 1613 3433 proponebat,
1656 3368 1764 3431 jam
1803 3362 1871 3415 ab
1902 3364 2074 3431 Angu-

503 3457 647 3511 stino
669 3456 905 3509 dimissa
952 3450 1176 3517 fuerant,
1222 3454 1519 3523 litterisque
1557 3454 1801 3507 mandata
1829 3471 1842 3507 :
1866 3453 1956 3507 sed
1988 3454 2075 3508 ille

504 3556 651 3602 ratus
686 3548 1081 3616 Simplicianum
1108 3558 1169 3600 ea
1200 3545 1299 3599 sibi
1328 3545 1714 3614 prepositurum
1748 3559 1850 3601 non
1892 3541 2072 3610 fuisse,

504 3639 551 3694 si
575 3651 761 3692 sensus
791 3652 975 3691 eorum
1002 3635 1167 3690 facilis
1190 3635 1324 3690 foret
1350 3649 1410 3689 ac
1435 3634 1710 3704 expeditus
1735 3652 1748 3689 :
1776 3649 1845 3689 ne
1872 3634 1995 3704 quid
2024 3635 2075 3687 in

503 3730 667 3800 priori
696 3728 1023 3783 discussione
1051 3728 1375 3797 negligenter
1404 3727 1761 3796 prmteriisset,
1788 3742 1847 3781 ca
1873 3727 2077 3781 cautius

504 3821 679 3875 denuo
706 3820 1061 3889 attentiusque
1090 3820 1307 3873 rimatus
1354 3826 1453 3871 est.
1502 3820 1576 3872 Ae
1623 3832 1679 3872 re
1721 3818 1932 3887 quidem
1966 3818 2076 3887 ipsa

507 3924 626 3967 eum
657 3911 875 3965 alteram
902 3910 1248 3980 quaestionem
1274 3907 1339 3962 de
1368 3908 1447 3961 his
1467 3908 1701 3977 Apostoli
1724 3910 1916 3977 verbis,
1944 3910 2077 3975 Quid

508 4002 655 4057 [tabes
679 4002 811 4073 quod
837 4018 937 4055 non
962 3998 1199 4071 accepisti
1230 3997 1399 4072 (lCor.
1429 4016 1500 4066 tv,
1530 4001 1583 4070 7)
1608 4000 1631 4053 ?
1655 4001 1718 4055 ad
1740 4003 1982 4057 trutinam
1999 4020 2078 4061 re-

507 4101 768 4157 vocasset,
794 4092 1013 4146 mutavit
1038 4093 1348 4147 sententiam
1380 4092 1428 4145 in
1452 4108 1547 4161 qua
1573 4093 1715 4161 prius
1738 4094 1923 4160 fuerat,
1947 4097 2077 4151 arbi-

505 4188 673 4239 tratus
700 4184 853 4238 iidcm
871 4199 986 4239 esse
1012 4183 1078 4237 ab
1101 4183 1311 4237 homine
1347 4182 1445 4256 (De
1468 4182 1709 4237 Prwdest.
1735 4194 1915 4253 sanet,
1948 4203 1994 4239 c.
2020 4187 2073 4253 4,

506 4276 642 4345 2L8),
658 4290 884 4346 cumque
902 4284 1017 4345 post
1032 4275 1261 4329 veritatis
1275 4277 1593 4344 prmeonium
1608 4292 1663 4337 se
1675 4276 1739 4330 ad
1757 4277 2076 4333 credendum

507 4378 599 4425 aut
637 4384 743 4422 non
772 4367 1095 4423 credendum
1125 4367 1476 4422 determinare
1521 4370 1744 4438 propriae
1793 4358 2075 4426 voluntatis

512 4460 727 4515 arbitrio
745 4456 793 4532 (1
801 4459 1064 4528 bid.,n.7).
1086 4456 1229 4513 lianc
1244 4473 1389 4513 suam
1408 4460 1739 4526 sententiam,
1756 4476 1872 4529 qua:
1888 4461 2077 4517 deinde

513 4550 1050 4623 Semipelagianorum
1095 4548 1209 4617 fuit,
1256 4550 1306 4604 in
1352 4552 1617 4605 nonnullis
1646 4552 1931 4622 opusculis,
1960 4568 2075 4622 qua:

511 4644 794 4713 scripserat
832 4643 1001 4697 adhuc
1030 4643 1325 4713 presbyter,
1364 4642 1703 4697 indicaverat.
1733 4643 1928 4698 Verum
1956 4660 2076 4699 cum

516 4750 610 4791 usu
640 4744 692 4791 et
720 4734 1094 4791 exercitatione
1137 4733 1398 4789 scribendi
1442 4733 1750 4805 legendique
1779 4734 2074 4805 proﬁceret,

515 4829 705 4883 clarius
732 4832 783 4883 in
815 4827 915 4882 hoc
944 4840 1123 4898 opere,
1156 4842 1310 4897 quam
1341 4826 1470 4881 alias
1501 4843 1749 4898 unquam,
1783 4828 1984 4881 initium
2015 4828 2076 4880 li.

514 4920 595 4978 dei
638 4920 857 4991 perinde
895 4934 957 4982 ac
996 4920 1252 4975 bonorum
1292 4932 1508 4991 operum
1534 4921 1966 4989 consequentium
1995 4936 2080 4976 sc-

508 5012 663 5079 riem,
695 5014 891 5069 donum
924 5012 1019 5067 Dei
1047 5028 1169 5069 esse
1193 5028 1255 5067 ex
1287 5012 1463 5067 divina
1487 5012 1808 5067 revelatiene
1836 5014 2080 5082 cognovit

513 5104 613 5175 (De
640 5103 787 5159 Dono
821 5105 1212 5176 perseverantiae,
1229 5121 1273 5158 c.
1291 5103 1382 5171 ΞΟ,
1400 5102 1575 5174 η.52).
1594 5103 1677 5159 Sic
1694 5113 1965 5175 postquam
1983 5121 2078 5175 pro

510 5196 676 5250 libero
696 5196 987 5251 laborasset
1002 5196 1245 5262 arbitrio,
1260 5194 1473 5251 tandem
1498 5192 1776 5265 aliquando
1798 5196 1891 5251 Dei
1913 5198 2077 5267 gratia

508 5286 633 5341 vicit
654 5284 949 5359 (Retraclat.
978 5286 1063 5340 lib.
1085 5284 1137 5351 Ξ,
1162 5304 1274 5358 cap.
1294 5286 1345 5353 Ι,
1378 5303 1431 5339 η.
1456 5282 1530 5356 1).
1556 5285 1609 5340 ln
1631 5286 1908 5357 posteriori
1938 5288 2079 5342 enim

514 5384 664 5448 parte
690 5375 882 5446 prioris
912 5375 1035 5432 libri
1062 5378 1243 5431 statuit
1273 5375 1414 5429 velut
1439 5390 1552 5430 rem
1593 5377 1809 5431 minime
1843 5376 2074 5445 dubiam,

510 5469 732 5541 gratiam
759 5471 849 5526 Dei
876 5484 980 5525 non
1005 5470 1294 5526 secundum
1318 5472 1502 5525 merita
1525 5479 1701 5525 nostra
1728 5471 1858 5526 dari.
1887 5470 2080 5528 Probat

510 5564 668 5617 etiam
710 5563 911 5618 initium
941 5562 1063 5618 ﬁdei
1093 5578 1208 5618 esse
1235 5562 1429 5618 donum
1466 5561 1579 5620 Dei.
1624 5563 1691 5620 Et
1726 5581 1786 5621 ea
1828 5566 2077 5637 principia

511 5655 679 5723 ponit,
714 5668 777 5709 ex
806 5654 996 5724 quibus
1026 5652 1179 5707 facile
1204 5654 1271 5707 sit
1300 5654 1513 5722 inferre,
1554 5656 1676 5711 licet
1717 5655 1769 5712 id
1810 5659 2079 5728 conceptis

508 5745 686 5800 verbis
703 5760 806 5801 non
826 5746 985 5810 dicat,
1000 5761 1097 5802 nos
1112 5744 1554 5816 perseverantiam
1572 5764 1737 5819 usque
1754 5746 1803 5803 in
1822 5748 1977 5804 ﬁnem
1995 5750 2079 5805 ha-

1660 406 1819 463 VITA
1856 401 1915 460 S.
1942 396 2303 459 aecumst
2343 400 2658 461 EPISCOPI.

2177 531 2327 573 suam
2358 519 2765 589 praedestinavit,
2791 519 2945 575 nobis
2969 517 3273 575 conteratur
3293 519 3561 591 (Dabam
3582 535 3755 595 pene.
3828 541 3833 545 η

2176 626 2298 680 aen,
2314 629 2359 667 c.
2378 613 2467 681 21,
2493 614 2674 685 11.55).
2698 612 3049 681 Quamobrem
3078 614 3399 684 Prosperae
3415 624 3471 671 et
3492 616 3753 674 Iturium

2174 715 2344 777 rogat,
2368 713 2426 760 ut
2449 706 2549 761 hoc
2568 719 2702 775 Opus
2726 705 3157 773 Massiliensibus,
3180 705 3271 776 qui
3291 704 3589 762 doctrinam
3612 708 3755 764 hanc

2176 798 2570 868 impugnabant,
2604 807 2790 853 curent
2829 798 3222 869 perlegendum,
3266 800 3311 853 si
3356 796 3535 856 forsan
3572 801 3752 857 adhuc

2176 898 2283 937 non
2297 883 2626 953 legerint(De
2646 883 2889 938 Prtrdest.
2909 892 3145 944 sanct.,c.
3160 884 3214 947 4,
3232 900 3285 937 η.
3303 884 3380 953 8).
3402 884 3489 939 Sic
3506 884 3625 940 lldei
3636 902 3751 942 sua:

2176 974 2404 1030 fructum
2427 976 2682 1045 percepit,
2705 976 2854 1045 cujus
2869 976 3094 1044 impulsu
3112 978 3179 1031 ad
3201 974 3599 1045 Simplicianum
3615 979 3752 1033 scri-

2175 1078 2371 1140 pserat,
2402 1084 2479 1138 se,
2508 1071 2629 1125 licet
2657 1072 2976 1140 quzestiones
3001 1071 3067 1125 ab
3090 1084 3154 1125 eo
3183 1070 3283 1125 sibi
3310 1074 3626 1142 propositas,
3653 1086 3754 1127 sua

2180 1161 2427 1216 tarditate
2472 1163 2783 1230 implicatus,
2828 1163 3004 1216 minus
3044 1162 3375 1232 intelligeret,
3416 1164 3532 1233 eius
3573 1173 3751 1220 tamen

2177 1254 2381 1307 meritis
2411 1254 2599 1308 fretum
2626 1254 2740 1309 illas
2763 1263 3067 1323 aperturum
3096 1254 3282 1324 (Epist.
3307 1256 3395 1324 57,
3420 1270 3471 1309 n.
3502 1254 3577 1327 ὃ).
3602 1257 3752 1312 Etad

2176 1345 2399 1399 alteram
2413 1347 2759 1415 quaestionem
2781 1346 3000 1415 gradum
3026 1345 3244 1412 faciens,
3267 1352 3488 1401 testatur
3511 1348 3753 1417 seipsius

2177 1437 2427 1507 precibus
2452 1436 2709 1505 adiutum,
2737 1450 2849 1491 rem
2889 1436 3025 1491 adeo
3062 1437 3345 1507 implerem
3373 1445 3427 1493 et
3468 1438 3753 1494 obscuram

2178 1528 2390 1599 aggredi
2414 1546 2426 1582 :
2453 1543 2575 1583 eum
2601 1538 2779 1583 certus
2805 1529 2874 1583 sit
2904 1540 3001 1598 pro
3025 1530 3138 1599 ejus
3168 1545 3293 1600 erga
3327 1543 3385 1584 se
3426 1530 3755 1585 benevolen-

2180 1621 2269 1685 tia,
2311 1632 2581 1691 nunquam
2616 1636 2736 1677 eum
2778 1621 3047 1691 iussurum
3092 1622 3274 1689 fuisse,
3322 1632 3379 1677 ut
3417 1622 3532 1679 haec
3559 1636 3757 1679 arcana

2178 1722 2461 1777 rescraret,
2482 1714 2580 1767 nisi
2606 1713 2761 1767 simul
2778 1712 2963 1769 fuisset
2982 1729 3011 1768 a
3033 1715 3143 1769 Deo
3162 1714 3476 1784 deprecatus
3495 1725 3553 1771 ut
3572 1727 3757 1786 posset

2179 1803 2280 1879 (De
2298 1806 2499 1861 diversis
2518 1805 2706 1871 Quint.
2722 1806 2787 1859 ad
2805 1806 3059 1876 Similia,
3080 1808 3166 1861 lib.
3186 1808 3222 1861 2
3237 1848 3250 1871 ,
3268 1810 3477 1880 quas”
3490 1852 3503 1875 ,
3533 1808 3752 1880 Prw”.

2177 1896 2576 1967 Simplicianum
2603 1898 2801 1967 pariter
2826 1906 2993 1968 rogat,
3024 1906 3074 1953 ut
3107 1899 3159 1953 in
3187 1898 3287 1953 hoc
3315 1910 3495 1969 opere,
3526 1899 3755 1969 aliisque

2177 2003 2295 2060 quae
2322 1991 2374 2044 in
2403 2005 2588 2045 manus
2615 1992 2751 2045 illius
2779 1990 2913 2045 forte
2939 1991 3296 2061 pervenirent,
3327 2006 3431 2046 non
3461 1992 3631 2046 solum
3652 2006 3754 2046 cu-

2177 2092 2291 2135 ram
2313 2081 2533 2151 legentis
2556 2081 2844 2152 impendat,
2870 2082 2961 2136 sed
2985 2083 3143 2136 etiam
3179 2097 3456 2138 censuram
3480 2082 3759 2153 corriget)-

2178 2175 2245 2229 tis
2265 2182 2498 2230 assumat
2520 2174 2704 2245 (Epist.
2737 2174 2824 2241 37,
2855 2192 2905 2229 η.
2935 2175 3013 2246 5).
3038 2175 3103 2229 Et
3125 2176 3175 2229 in
3197 2184 3436 2231 extrema
3460 2175 3579 2230 libri
3608 2176 3760 2230 clau-

2178 2266 2312 2333 sula,
2338 2275 2610 2337 postquam
2629 2282 2724 2336 pro
2744 2267 2852 2321 suis
2871 2268 3062 2322 erratis
3078 2282 3259 2337 preces
3276 2268 3342 2323 ab
3359 2283 3421 2323 eo
3440 2268 3755 2337 postulavit:

2180 2353 2489 2411 Sententiam
2532 2374 2665 2421 vero,
2718 2358 2902 2428 inquit,
2954 2357 3017 2411 de
3050 2358 3143 2411 hoc
3172 2374 3317 2429 apere
3344 2366 3481 2412 tuam
3524 2359 3761 2413 brevissi-

2178 2464 2333 2515 mam,
2354 2452 2443 2505 sed
2463 2451 2809 2520 gravissimam
2838 2452 3011 2521 ﬂagito
3026 2469 3042 2516 ;
3071 2461 3119 2506 et
3140 2452 3258 2504 dum
3286 2452 3353 2505 sit
3374 2452 3645 2517 verissima,
3673 2468 3759 2507 se-

2180 2542 2491 2595 verissimum
2512 2559 2610 2595 non
2637 2558 2809 2595 recuso
2846 2542 2945 2614 (De
2973 2543 3177 2597 diversis
3209 2542 3398 2607 Qmest.
3422 2542 3491 2595 ad
3515 2540 3755 2612 Simplic.

2180 2631 2266 2685 lib.
2306 2631 2359 2696 2,
2404 2641 2577 2702 quiest.
2611 2630 2685 2701 6).
2728 2632 2871 2687 inter
2907 2633 3226 2701 qumstiones
3255 2631 3381 2686 illia
3406 2626 3756 2702 Simpliciano

2177 2722 2476 2792 propositas
2502 2738 2603 2777 una
2629 2732 2743 2777 erat
2762 2722 2827 2777 de
2856 2722 3185 2794 pythonissa,
3214 2738 3334 2794 quae
3355 2722 3613 2779 Samuelis
3636 2723 3758 2779 ani-

2178 2826 2319 2868 mam
2341 2814 2485 2870 Sauli
2513 2815 2747 2870 exhibuit
2769 2812 2949 2887 (Ibid,
2968 2824 3143 2886 quiest.
3165 2813 3240 2887 3).
3256 2813 3393 2871 Cum
3415 2824 3597 2885 postea
3624 2814 3759 2869 Dul-

2179 2905 2332 2961 citius
2362 2905 2504 2959 illum
2530 2904 2714 2961 eadem
2739 2906 2805 2960 de
2835 2921 2896 2961 re
2918 2906 3288 2971 consuluisset,
3317 2920 3379 2961 ea
3405 2921 3523 2976 quae
3548 2905 3655 2976 jam
3687 2904 3759 2961 ad

2181 2994 2579 3065 Simplicianum
2606 2996 2911 3067 scripserat,
2940 2997 3271 3052 solummodo
3291 2997 3518 3067 repetiit.
3544 2995 3759 3065 Adiecit

2180 3094 2356 3143 tamen
2384 3088 2453 3142 ad
2480 3089 2675 3143 calcem
2705 3089 2902 3158 operis,
2932 3088 3098 3143 videri
3127 3089 3246 3152 sibi,
3270 3082 3335 3143 ex
3356 3088 3439 3142 his
3464 3102 3580 3159 qua:
3602 3094 3761 3157 post-

2180 3178 2395 3234 modum
2426 3179 2477 3234 in
2515 3178 2885 3235 Ecelesiastico
2917 3179 3283 3249 comperisset,
3313 3194 3419 3234 non
3454 3180 3758 3233 simulatam

2181 3269 2442 3328 Samuelis
2488 3274 2767 3343 imaginem
2820 3274 3051 3344 maligno
3090 3274 3413 3345 pythonissze
3458 3274 3762 3330 ministerio

2180 3372 2574 3435 prmscntatam,
2602 3364 2693 3419 sed
2719 3365 3016 3419 Samuelem
3039 3365 3208 3434 ipsum
3237 3364 3464 3420 adfuisse
3490 3364 3760 3435 spectabi-

2181 3454 2285 3511 lem
2313 3456 2413 3527 (De
2434 3466 2541 3510 octo
2569 3456 2776 3509 Dulcilii
2809 3456 3019 3521 Quwst.,
3048 3463 3223 3525 quiest.
3252 3456 3304 3524 6,
3336 3473 3390 3509 η.
3415 3454 3491 3529 5).

2251 3546 2304 3599 2.
2326 3546 2439 3601 Etsi
2465 3548 2787 3616 Augustinus
2811 3562 2995 3603 eorum
3015 3546 3292 3613 librorum,
3320 3562 3452 3617 quos
3472 3547 3757 3617 episcopus

2184 3637 2491 3703 elaboravit,
2514 3638 2714 3709 primos
2732 3651 2849 3693 esse
2864 3634 2997 3693 duos
3014 3637 3078 3693 ad
3092 3637 3489 3709 Simplicianum
3506 3637 3756 3711 (Retract.

2186 3726 2272 3782 lib.
2294 3727 2348 3793 il,
2380 3744 2491 3799 cap.
2515 3726 2565 3794 l,
2592 3746 2641 3781 η.
2669 3728 2745 3800 1),
2777 3738 2973 3799 eosque
2998 3729 3050 3783 in
3075 3728 3293 3784 exordio
3316 3729 3396 3785 sui
3421 3728 3761 3798 episcopatus

2184 3820 2408 3887 scriptos
2437 3832 2464 3872 a
2496 3833 2551 3872 se
2581 3826 2800 3873 testatur
2830 3818 2931 3889 (De
2972 3817 3219 3873 Prwdest.
3266 3829 3425 3873 sanet.
3473 3837 3523 3873 η.
3572 3818 3637 3885 8;
3675 3816 3760 3874 De

2184 3906 2331 3965 Dono
2362 3924 2629 3980 persever.,
2656 3927 2707 3964 η.
2732 3910 2821 3983 55)
2844 3929 2857 3976 ,
2890 3910 3019 3965 nihil
3047 3910 3099 3965 id
3126 3910 3299 3965 obstat
3326 3912 3605 3980 quominus
3634 3909 3760 3965 illos

2183 4003 2235 4059 in
2266 4019 2460 4058 annum
2484 4003 2910 4058 trecentesimum
2938 4003 3335 4073 nonagesimum
3362 4003 3641 4073 septimum
3669 4016 3758 4057 rc-

2180 4094 2328 4165 jiciat
2356 4094 2587 4150 Joannes
2607 4094 2807 4161 Rivius,
2834 4094 2972 4149 haud
2994 4095 3186 4151 dubius
3208 4110 3336 4150 sane
3358 4094 3758 4164 Simplicianum

2177 4180 2287 4255 iam
2316 4195 2425 4239 tum
2455 4200 2573 4240 esse
2603 4187 2906 4255 episcopum
2928 4184 3143 4255 (Rivius,
3176 4201 3327 4257 pagg.
3358 4184 3478 4249 125,
3514 4182 3640 4254 656)
3666 4201 3679 4236 :
3706 4185 3761 4238 in

2182 4287 2288 4345 quo
2318 4275 2527 4329 Baronii
2557 4276 2875 4331 sententiam
2902 4275 3109 4330 videtur
3134 4284 3346 4329 secutus
3374 4272 3663 4345 (Baronius,
3693 4274 3762 4327 ad

2185 4380 2306 4419 ann.
2330 4364 2454 4431 597,
2476 4364 2623 4435 p.55)
2638 4365 2785 4420 .Ausi
2809 4381 2912 4420 non
2935 4380 3117 4421 sumus
3132 4365 3199 4419 ab
3223 4373 3443 4435 utroque
3463 4364 3759 4433 discedere,

2184 4471 2304 4511 eum
2334 4457 2385 4511 in
2422 4457 2567 4513 hisce
2600 4456 2749 4512 libris
2779 4438 3101 4528 Augustinus
3130 4456 3524 4526 Simplicianum
3553 4463 3761 4526 patrem

2182 4564 2337 4607 suum
2376 4548 2605 4622 appellet
2632 4549 2819 4622 (Epist.
2865 4550 2951 4614 '57,
2990 4548 3131 4603 titulo
3172 4557 3216 4603 et
3252 4566 3304 4602 η.
3334 4549 3395 4609 1;
3438 4546 3516 4602 De
3554 4548 3765 4603 diversis

2187 4642 2556 4709 Quarstionibus
2590 4643 2658 4695 ad
2704 4640 3109 4711 Simplicianum,
3133 4640 3220 4696 lib.
3251 4640 3301 4706 Ι,
3331 4640 3383 4694 in
3405 4638 3762 4715 Prwfationc),

2190 4745 2551 4807 perpetuoque
2581 4743 2783 4789 asserat
2811 4734 3087 4803 scripsisse
3114 4748 3171 4789 sc
3207 4733 3259 4788 id
3289 4733 3493 4805 operis,
3527 4748 3666 4789 nunc
3695 4736 3765 4790 ad

2188 4822 2584 4895 Simplicianum
2604 4824 2854 4881 Ecclesia:
2870 4824 3273 4881 Mcdiolanensis
3290 4826 3597 4891 antistitem,
3619 4841 3766 4881 nunc

2188 4917 2255 4973 ad
2286 4918 2681 4988 Simplicianum
2722 4918 3025 4988 episcopum
3063 4914 3471 4972 Mediolancnsis
3505 4916 3765 4972 Ecclesia:

2187 5010 2435 5082 (Retracl.
2454 5011 2540 5064 lib.
2564 5008 2614 5076 2,
2634 5010 2788 5081 cap.i
2815 5026 2829 5076 ;
2852 5008 2929 5063 De
2948 5007 3096 5063 Dono
3122 5025 3447 5080 persevcr.,c.
3464 5009 3619 5078 21,72.
3640 5009 3762 5082 55);

2185 5103 2355 5158 sancti
2381 5102 2644 5158 Ambrosii
2673 5116 3032 5158 successorem
3073 5100 3174 5177 (De
3214 5102 3461 5157 Prwdest.
3493 5109 3676 5169 sanct.,
3705 5118 3761 5156 τι.

2188 5196 2267 5267 8);
2284 5205 2374 5251 aut
2388 5196 2518 5251 alias
2529 5192 2690 5262 dicat,
2706 5212 2816 5251 rem
2834 5212 2863 5251 a
2882 5212 2939 5251 sc
2954 5196 3226 5267 qumsiisse
3241 5195 3637 5267 Simplicianum
3654 5191 3770 5250 Me-

2188 5287 2549 5345 diolanensem
2575 5288 2877 5359 episcopum
2894 5286 2992 5362 (De
3011 5296 3119 5341 octo
3132 5284 3344 5343 Dulcitii
3370 5285 3761 5353 Quaestionibus,

2186 5389 2361 5453 quwst.
2381 5379 2434 5445 6,
2463 5398 2516 5434 η.
2544 5376 2600 5453 2)
2627 5395 2639 5433 :
2664 5393 2928 5451 nunquam
2954 5387 3129 5433 autem
3151 5376 3550 5449 Simplicianum
3574 5385 3765 5448 posma

2185 5468 2380 5526 factum
2407 5471 2711 5542 episcopum
2742 5470 2940 5525 innuat.
2969 5468 3275 5541 Quanquam
3298 5485 3402 5524 non
3426 5476 3621 5523 temere
3646 5464 3767 5522 cxi-

2192 5563 2393 5619 stimari
2421 5563 2609 5634 possit,
2643 5561 3035 5634 Simplicianum
3062 5558 3234 5615 adhuc
3260 5558 3625 5631 presbyterum
3644 5600 3656 5624 ,
3692 5556 3765 5613 ab

2190 5652 2506 5727 Augustino,
2532 5671 2631 5729 pro
2656 5654 2903 5725 singulari
2931 5652 3044 5723 ejus
3068 5668 3189 5725 erga
3228 5660 3429 5708 tantum
3460 5650 3627 5706 virum
3661 5647 3766 5705 ob-

2187 5750 2469 5818 servantia,
2499 5757 2701 5821 patrcm
2728 5742 3051 5817 nuncupari;
3080 5744 3335 5817 siquidem
3364 5744 3476 5815 ipse
3506 5740 3763 5811 Augusti-

510 5832 634 5897 bere
656 5853 757 5894 non
780 5853 948 5909 posse,
970 5837 1066 5893 nisi
1085 5839 1149 5894 ab
1170 5853 1232 5895 eo
1249 5840 1449 5909 quinos
1464 5838 1533 5895 ad
1554 5856 1769 5911 regnum
1783 5849 1839 5925 ct
1857 5841 2077 5913 gloriam
2187 5858 2289 5899 nus
2308 5859 2427 5900 eum
2454 5844 2714 5901 Ambrosii
2739 5844 2790 5898 in
2820 5838 3121 5913 accipienda
3142 5836 3336 5894 Christi
3357 5835 3524 5908 gratia
3550 5836 3763 5905 patrem
