3990 6360
230 422 330 483 2‘31

232 545 591 610 nominat,et
614 554 739 596 vere
764 544 822 594 ut
848 544 1053 611 patrem
1076 534 1143 592 ab
1168 534 1358 593 eodem
1386 533 1639 590 dilectum

232 637 404 693 tradit
426 635 680 705 (Confess.
710 634 797 688 lib.
825 633 863 689 8
874 626 1085 703 ,cap.2,
1104 648 1157 687 η.
1196 629 1274 701 5).
1303 628 1613 684 Ambrosius
1652 626 1825 695 reipsa

232 730 642 799 Simpﬁ‘cianum
682 727 848 798 patris
886 726 1004 781 loco
1041 738 1103 780 se
1142 722 1325 779 colere
1357 720 1569 777 disertis
1607 720 1829 790 ipsemet

234 822 424 875 verbis
462 820 725 889 significat
748 836 761 871 :
786 832 909 872 nam
944 825 999 872 et
1038 828 1159 871 eum
1198 818 1378 885 rogat,
1408 820 1466 868 ut
1500 824 1558 867 se
1596 811 1828 883 parentis

232 913 437 968 δεθείη
463 910 682 983 (ﬁligere
702 918 882 981 pergat
900 906 1075 979 (Apud
1091 907 1318 960 Ambros.
1344 902 1507 975 Epist.
1523 904 1608 969 65,
1628 921 1679 957 η.
1697 903 1783 973 iO)
1811 920 1822 955 :

230 1014 283 1058 et
314 1003 475 1069 alibi,
510 1000 705 1055 Veteris
725 997 959 1065 a/chtmn
986 996 1235 1063 anicitite,
1266 996 1467 1065 inquit,
1496 994 1697 1062 etquod
1715 994 1826 1064 plus

230 1104 303 1151 cst
323 1136 343 1160 ,
382 1104 607 1164 paternis
634 1092 811 1163 gratiis
845 1104 1065 1144 amorem
1102 1102 1438 1159 recognosco;
1468 1102 1583 1141 nam
1612 1093 1825 1139 vetustas

233 1186 396 1239 habet
434 1184 631 1255 aliquid
668 1198 781 1237 cum
813 1182 1043 1253 pluribus
1072 1180 1401 1235 consociabitc
1420 1221 1432 1245 ,
1464 1178 1661 1249 patrius
1684 1193 1825 1230 amor

230 1292 337 1331 non
375 1276 527 1331 habet
551 1274 742 1346 (Mitt,
776 1272 943 1344 Epist.
974 1274 1061 1341 ⁸5⁷7,
1085 1288 1137 1327 n.
1157 1271 1231 1345 l).
1259 1272 1390 1327 Cum
1422 1270 1824 1339 autemSimpli-

231 1369 457 1423 cinerum
499 1379 605 1422 tam
653 1366 942 1421 honoriﬁce
982 1364 1220 1419 habuerit
1266 1362 1613 1429 Ambrosius,
1654 1372 1825 1431 neque

232 1462 397 1515 deest
436 1456 579 1515 unde
603 1459 924 1529 Augustinus
943 1500 957 1523 ,
989 1456 1081 1527 qui
1102 1454 1383 1510 Ambrosio
1406 1460 1459 1509 et
1482 1460 1636 1508 aetate
1664 1458 1719 1507 et
1740 1450 1822 1506 dis

231 1554 449 1622 gnitate
474 1552 690 1608 inferior
718 1560 851 1617 erat,
871 1549 1113 1605 eumdem
1130 1549 1254 1604 licet
1268 1547 1500 1604 nondum
1519 1546 1825 1617 episcopum

233 1655 453 1712 patrem
474 1645 750 1699 nominare
780 1642 1015 1697 voluisse
1045 1640 1389 1695 existimetur.
1414 1638 1701 1693 Enimvero
1719 1651 1825 1692 non

234 1732 472 1803 legimus
491 1736 661 1805 ipsum
677 1730 813 1787 hanc
830 1732 1235 1802 appellationem
1249 1730 1333 1785 vel
1348 1728 1603 1784 Romanis
1618 1726 1825 1782 deferre

236 1829 596 1895 praesulibus,
620 1826 703 1882 vel
731 1827 980 1897 episcopo
1023 1824 1455 1893 Carthaginensi,
1494 1836 1627 1891 quos
1664 1821 1823 1875 etiam

237 1917 567 1988 plerumque
602 1916 794 1971 fratres
835 1916 1083 1987 appellat.
1135 1913 1287 1969 Unde
1332 1912 1622 1981 intelligere
1666 1910 1819 1980 licet,

239 2022 381 2063 eum
408 2009 564 2077 patris
594 2009 799 2062 titulum
830 2008 928 2077 ipsi
957 2006 1296 2075 Simpliciano
1316 2044 1332 2071 ,
1362 2018 1467 2057 non
1497 2011 1673 2057 autem
1712 2001 1823 2056 sedi

239 2094 625 2153 Hecliolancnsi
649 2098 961 2154 concedere.
987 2097 1121 2151 Addi
1144 2096 1299 2151 etiam
1323 2102 1493 2164 potest
1511 2107 1631 2148 eum
1652 2091 1823 2147 eidem

236 2186 604 2257 Simpliciano,
634 2190 677 2243 si
704 2189 813 2259 jam
836 2188 1127 2244 exstitisset
1154 2186 1435 2255 episcopus
1465 2180 1822 2239 Mediolanen-

238 2280 343 2346 sis,
372 2280 579 2334 titulum
603 2294 749 2351 papce
768 2280 1111 2351 probabiliter
1130 2278 1441 2333 collaturum
1464 2276 1623 2331 fuisse
1640 2288 1824 2345 quem-

239 2371 530 2427 admodum
573 2375 786 2428 Aurelio
827 2372 1224 2443 Carthagineusi
1269 2369 1458 2442 (Epist.
1482 2370 1569 2432 Μ,
1610 2386 1662 2423 η.
1707 2368 1821 2439 60),

239 2477 452 2516 necnon
485 2465 583 2533 ipsi
610 2464 890 2519 Ambrosio
917 2462 1388 2533 deferebat(Epist.
1422 2462 1509 2527 5i,
1539 2477 1591 2515 ιι.
1627 2460 1701 2532 8).
1732 2459 1824 2514 lite

240 2554 493 2608 uirnirum
537 2554 695 2609 sedes
734 2556 877 2625 paris
914 2554 1296 2624 propemodum
1330 2552 1595 2623 dignitatis
1634 2552 1684 2604 in
1718 2550 1822 2605 Ec-

242 2646 404 2701 clesia
438 2646 816 2713 censebantur,
864 2656 915 2700 et
954 2648 1067 2716 ipsa
1102 2646 1333 2701 locorum
1375 2642 1713 2714 intercapedo
1744 2642 1824 2712 (ut

236 2738 601 2794 Venerandam
634 2738 965 2809 Simpliciaui
1003 2740 1251 2795 canitiem
1279 2736 1555 2809 sileamus)
1583 2736 1705 2806 plus
1726 2734 1821 2788 ad-

239 2826 349 2885 huc
372 2826 531 2885 ofﬁcii
555 2839 611 2885 et
635 2828 854 2886 honoris
884 2844 1005 2900 erga
1048 2827 1493 2885 Mediolanensem
1523 2828 1702 2882 sedem
1730 2822 1825 2879 ad-

241 2918 419 2975 hiberi
444 2921 763 2990 postulabat.
792 2922 873 2975 Ad
906 2922 1025 2976 haec
1044 2920 1368 2985 Gennadius,
1394 2920 1481 2990 qui
1501 2918 1825 2989 Simpliciani

252 3015 456 3085 legisse
480 3016 682 3071 videtur
710 3016 987 3087 epistolam
1010 3058 1024 3081 ,
1054 3016 1201 3071 testis
1229 3025 1311 3072 est
1339 3031 1458 3071 eum
1489 3015 1555 3069 ad
1576 3015 1824 3086 Augusti-

243 3120 379 3161 num
403 3104 572 3162 adhuc
602 3111 969 3180 presbyterum
997 3110 1296 3179 scripsisse.
1320 3106 1422 3165 llas
1444 3109 1600 3179 igitur
1620 3102 1691 3162 ad
1704 3122 1826 3163 eum

241 3197 449 3253 litteras
464 3197 666 3253 dederit
704 3198 916 3255 ineunte
934 3212 1072 3255 anno
1101 3201 1470 3257 trecentesimo
1486 3201 1827 3271 nonagesimo

242 3300 395 3345 sexto
410 3307 426 3343 :
441 3290 953 3347 undeinducimurut
973 3292 1253 3351 credamus
1272 3292 1619 3361 Augustinum
1640 3291 1826 3347 eodem

243 3382 461 3451 quidem
488 3397 631 3437 anno
668 3383 737 3437 ad
774 3382 919 3438 illum
948 3382 1255 3453 scripsisse;
1283 3382 1375 3438 sed
1406 3383 1489 3437 ubi
1520 3390 1703 3453 postea
1730 3381 1828 3438 bos

243 3474 307 3527 ad
336 3474 741 3544 Simplicianum
786 3476 951 3531 libros
990 3476 1338 3542 memoravit,
1367 3490 1517 3537 eum,
1558 3489 1829 3532 commcn-

243 3564 404 3619 dandi
433 3575 490 3620 et
528 3566 797 3621 indicandi
822 3568 921 3622 viri
944 3582 1121 3635 causa,
1144 3568 1448 3639 episcopum
1475 3567 1830 3625 Mediolanen-

243 3668 353 3710 sem
376 3658 754 3727 appellavisse.

312 3750 364 3803 ’5.
392 3748 523 3804 Post
552 3748 720 3805 libros
748 3750 815 3805 ad
831 3749 1231 3822 Simplicianum
1259 3752 1480 3807 collocat
1504 3752 1829 3822 Augustinus

244 3842 569 3909 opusculum
590 3856 618 3895 a
648 3856 706 3897 se
734 3842 1062 3898 lucubratum
1110 3852 1293 3899 contra
1338 3844 1624 3913 Epistulam
1662 3846 1828 3900 Mani-

246 3930 399 3997 chzei,
423 3948 585 4002 quam
612 3935 872 3989 vocabant
892 3934 1239 3991 Fund‘amenti
1254 3934 1498 4005 (Retract.
1522 3938 1675 4001 lib.2,
1692 3955 1735 3991 c.
1750 3936 1827 4010 9):

248 4022 494 4091 quoniam
513 4026 692 4096 reipsa
716 4036 877 4081 totum
902 4042 1054 4097 pene,
1075 4028 1215 4098 quod
1229 4029 1497 4084 Manichzei
1516 4031 1828 4100 credebant,

250 4116 702 4183 complectebatur
724 4115 894 4191 (Cant.
914 4116 1078 4191 Epist.
1100 4119 1391 4187 Mauiclta'i,
1415 4138 1459 4175 c.
1484 4123 1535 4187 5,
1557 4140 1607 4176 η.
1631 4122 1707 4194 6).
1725 4121 1830 4179 Ve-

246 4214 369 4258 rum
384 4205 498 4260 sola
522 4206 664 4261 illius
685 4210 959 4280 principia,
982 4210 1033 4264 id
1053 4220 1152 4277 est,
1174 4213 1379 4281 priores
1400 4214 1639 4283 epistolae
1654 4225 1831 4285 partes

244 4295 459 4351 refellit.
490 4298 549 4353 ln
578 4301 831 4372 reliquam
862 4304 1004 4358 enim
1025 4305 1298 4373 epistolam
1326 4307 1689 4364 adnotatioues
1716 4317 1832 4364 tan-

244 4396 352 4444 tum
375 4392 621 4460 dictavit,
648 4410 765 4464 quae
789 4404 962 4451 tamen
990 4398 1167 4452 omnia
1192 4399 1260 4454 ad
1285 4415 1401 4455 eam
1424 4401 1829 4459 subvertendam

244 4486 553 4539 necessaria
579 4488 955 4558 continebant;
984 4498 1040 4544 ut
1076 4489 1156 4546 bis
1182 4492 1326 4546 velut
1351 4492 1514 4563 signis
1544 4502 1596 4548 et
1624 4494 1830 4551 iudiciis

243 4573 643 4644 adnuoneretur,
669 4578 717 4633 si
742 4579 1023 4650 aliquando
1060 4592 1243 4637 contra
1276 4592 1434 4638 totam
1466 4586 1701 4642 scribere
1735 4603 1828 4642 va-

243 4674 385 4719 earet
418 4664 671 4735 (Retract.
704 4668 789 4723 lib.
820 4670 875 4738 2,
908 4687 1024 4743 cap.
1053 4670 1129 4743 2).
1162 4674 1265 4727 illa:
1290 4674 1655 4732 adnotationes
1683 4677 1828 4733 exci-

242 4753 455 4810 derunt.
508 4756 621 4812 Hoc
663 4773 793 4829 opus
836 4772 1018 4817 contra
1064 4760 1379 4821 Maniebreos
1422 4766 1625 4822 orditur
1662 4768 1827 4823 Deum

242 4846 576 4917 deprecans,
613 4862 671 4907 ut
709 4852 809 4908 sibi
848 4865 1078 4910 mentem
1104 4857 1190 4911 det
1216 4867 1450 4928 pacatam
1491 4870 1647 4933 atque
1686 4870 1830 4918 tran-

240 4941 464 5009 quillam
486 4985 500 5007 ,
524 4958 647 5013 quae
672 4945 738 5000 de
762 4946 970 5001 illorum
1010 4950 1338 5005 correctione
1371 4952 1539 5022 magis
1576 4970 1731 5025 quam
1762 4954 1828 5010 de

240 5031 595 5089 subversione
619 5036 841 5106 cogitet;
870 5052 988 5093 cum
1015 5054 1138 5109 erga
1168 5055 1260 5096 eos
1289 5041 1651 5098 misericordia
1672 5086 1686 5112 ,
1721 5061 1827 5101 non

238 5121 367 5177 odio
390 5134 701 5193 moveatur;
733 5140 865 5197 quos
890 5144 1087 5200 nempe
1110 5131 1293 5185 iisdem
1326 5133 1613 5200 erroribus,
1638 5134 1827 5205 quibus

240 5224 391 5284 τετε
414 5215 555 5271 adeo
569 5218 962 5288 se‘expedierit,
986 5220 1129 5275 videt
1156 5220 1471 5292 implicatos.

310 5308 367 5361 4.
390 5307 525 5362 Huic
546 5310 679 5366 libro
701 5312 913 5382 subjicit
928 5328 1069 5380 eum,
1090 5328 1247 5385 quem
1270 5314 1346 5369 De
1359 5316 1532 5387 Agone
1554 5317 1827 5375 christiano

240 5394 687 5470 inscribit(Ibid.,
716 5420 832 5475 cap.
874 5402 951 5478 5),
998 5421 1061 5461 eo
1103 5406 1249 5478 quod
1286 5407 1363 5461 ibi
1397 5406 1723 5465 Christianos
1759 5410 1824 5466 ad

242 5486 532 5545 iucundam
560 5502 744 5549 contra
771 5494 1064 5552 daemonem
1095 5506 1149 5555 et
1182 5513 1239 5554 se
1274 5499 1416 5568 ipsos
1446 5514 1673 5572 pugnam
1699 5517 1825 5558 eru-

243 5577 375 5635 diat.
417 5580 476 5637 hi
519 5599 584 5639 eo
624 5586 746 5641 ﬁdei
785 5588 1015 5658 regulam
1037 5631 1051 5657 ,
1078 5598 1131 5645 et
1166 5590 1303 5646 bene
1328 5592 1536 5647 vivendi
1564 5602 1825 5664 praecepta

246 5675 431 5744 paucis
442 5676 626 5747 verbis
651 5680 830 5748 tradit,
860 5680 914 5736 in
937 5682 1127 5752 quibus
1153 5690 1329 5739 tamen
1358 5685 1519 5739 multa
1547 5696 1828 5743 occurrunt

246 5760 407 5837 longe
435 5769 810 5838 pulcherrima.
838 5770 1137 5844 Praecipuas
1166 5776 1365 5844 pariter
1392 5777 1620 5833 luereses
1648 5778 1750 5835 hoc
1772 5779 1825 5835 in

248 5855 392 5916 libro
419 5859 653 5920 breviter
679 5865 1097 5936 comprehcndit,
1127 5881 1258 5938 quas
1284 5868 1421 5925 inter
1450 5879 1502 5925 et
1531 5869 1827 5928 Donatista-

1622 408 1825 472 Πιθεπῖ
1862 408 2204 485 QUARTUS.

1935 549 2059 588 rum
2080 536 2133 588 et
2153 531 2603 588 Luciterianomn
2619 540 2797 591 sem
2808 538 3067 592 mea.
3091 532 3351 592 msera:
3364 548 3502 608 quo-

1934 642 2037 697 que
2084 626 2381 683 Donatistas
2422 627 2475 682 in
2512 628 2658 683 varia
2705 629 2991 685 schismata
3026 629 3193 685 iubeo
3223 624 3504 688 (ﬁsth

1935 718 2039 788 (De
2053 720 2223 790 Agaue
2238 720 2528 786 christiano,
2543 738 2632 775 nn.
2652 722 2739 788 3i,
2765 718 2877 792 ΒΞ).
2902 718 3096 777 Verum
3113 721 3177 776 ad
3198 732 3371 777 causa:
3393 737 3502 779 sua:

1931 810 2211 865 utilitatem
2255 826 2361 865 non
2400 812 2594 880 trahit,
2623 814 2763 884 quod
2805 814 3181 869 Praetextatus
3204 822 3258 870 et
3281 813 3498 869 Felicia-

1932 912 2080 965 num,
2104 914 2221 956 cum
2244 902 2373 957 diris
2399 912 2521 958 ante
2541 904 3011 974 imprecationibus
3030 906 3248 975 ejectos‘,
3270 906 3500 975 recepis-

1930 1000 2049 1049 sent
2078 993 2130 1047 in
2159 995 2582 1050 communionem
2624 1010 2779 1052 suam
2812 1013 2826 1050 :
2862 996 2986 1052 licet
3023 997 3077 1051 id
3117 996 3255 1053 circa
3292 996 3499 1053 initium

1930 1087 2055 1141 anni
2097 1088 2455 1142 trecentesimi
2481 1089 2801 1159 mgesimi
2832 1091 3045 1160 septimi
3065 1092 3361 1161 contigerit.
3383 1090 3500 1146 Non

1929 1188 2115 1251 parum
2144 1181 2242 1237 hoc
2270 1180 2409 1237 favet
2428 1182 2491 1237 iis
2510 1198 2629 1254 (prae
2651 1184 2897 1251 diximus,
2926 1194 3051 1239 cum
3067 1184 3245 1241 forsan
3270 1184 3336 1240 ad
3358 1184 3498 1240 Sim.

1930 1273 2212 1343 plieiauum
2244 1275 2516 1345 scripsisse
2543 1275 2651 1345 jam
2678 1276 2801 1331 inde
2842 1277 2911 1331 ab
2951 1289 3095 1331 anno
3128 1278 3498 1333 trecentesimo

1930 1365 2275 1434 nonagesimo
2300 1376 2466 1420 sexto.
2494 1366 2651 1423 Natat
2678 1368 2818 1423 hunc
2841 1369 3037 1424 librum
3060 1370 3131 1425 de
3155 1370 3337 1441 Agone
3356 1370 3499 1426 ebri-

1930 1454 2100 1510 atiano
2124 1454 2309 1509 ἣτιιηίιί
2339 1456 2481 1524 stilo,
2505 1462 2561 1513 et
2588 1458 2832 1514 fratribus
2862 1460 3023 1517 latino
3042 1474 3290 1517 sermone
3313 1461 3497 1518 imiter

1931 1542 2145 1601 imbutis
2186 1548 2581 1603 accommodato
2614 1564 2647 1603 a
2682 1564 2739 1605 se
2772 1550 2939 1607 finisse
2970 1553 3323 1623 conscriptum
3369 1552 3497 1624 (Ile-

1931 1644 2099 1703 tract.,
2121 1637 2204 1691 (ib.
2228 1635 2282 1704 2,
2312 1654 2423 1709 cap.
2449 1638 2523 1710 3).

2559 1728 2783 1787 CAPUT
2817 1728 2931 1786 ΧΠ.

1930 1823 1961 1877 1
1999 1821 2143 1876 Libri
2159 1823 2221 1876 de
2248 1821 2488 1876 Doctrina
2513 1822 2783 1877 christiana
2804 1833 3015 1895 quatuor
3039 1825 3389 1897 abAagustino
3414 1825 3495 1881 iu-

1999 1913 2208 1968 cubrati.
2236 1915 2271 1968 2
2298 1910 2423 1968 Tum
2462 1914 2585 1968 liber
2610 1923 2787 1969 contra
2810 1913 3016 1969 Partem
3044 1916 3234 1971 Donati
3255 1934 3273 1971 :
3292 1928 3343 1972 et
3364 1918 3497 1973 Con-

2001 2008 2273 2077 fessiomtm
2296 2006 2407 2061 libri
2438 2008 2691 2061 tredecim.
2720 2008 2752 2063 5
2778 2008 2919 2078 Opus
2944 2018 3116 2063 contra
3144 2008 3387 2066 Faustum
3409 2013 3496 2067 sub

1998 2100 2128 2152 idem
2172 2108 2362 2169 tempus
2406 2100 2680 2170 vulgatum.
2724 2101 2757 2155 4
2798 2099 2863 2155 1η
2905 2102 3165 2157 tribuendo
3204 2104 3500 2175 quibusdam

1998 2187 2254 2259 apuscaiis
2283 2204 2372 2241 suo
2399 2188 2526 2255 loco,
2547 2189 2667 2259 quid
2692 2190 2951 2245 observare
2977 2193 3133 2247 visum
3158 2201 3247 2247 est.
3266 2195 3299 2249 5
3316 2193 3501 2249 Scribit

1998 2280 2305 2349 Augustinus
2336 2278 2515 2333 librum
2543 2280 2605 2333 de
2622 2279 2842 2335 Canticis
2860 2282 2928 2335 ad
2946 2284 3121 2336 altare.
3141 2282 3173 2339 6
3193 2284 3500 2351 ραωειὶοησε

2000 2372 2410 2442 Evangeliorum.
2449 2374 2480 2426 7
2519 2373 2877 2429 Adnotationcs
2910 2376 2961 2429 in
2997 2374 3115 2431 Job.
3143 2378 3176 2433 8
3201 2377 3411 2432 Librum
3440 2381 3501 2434 de

2000 2462 2381 2517 Catccbizandis
2410 2464 2637 2518 rudibus.
2666 2462 2701 2520 9
2727 2465 2799 2519 Ac
2823 2465 2885 2521 de
2908 2463 3151 2522 Triuitate
3174 2468 3323 2523 libros
3348 2471 3499 2540 quin»

1998 2554 2175 2610 decim.

2000 2648 2051 2700 l.
2093 2642 2256 2713 Ordo,
2289 2661 2447 2717 quem
2473 2649 2524 2703 in
2555 2650 2663 2705 suis
2689 2650 2937 2720 operibus
2961 2635 3301 2708 recensendis
3328 2662 3502 2709 servat

1930 2736 2255 2809 Augustinus
2279 2780 2289 2802 ,
2324 2739 2448 2794 facit
2478 2749 2533 2794 ut
2563 2741 2677 2810 ejus
2699 2741 2764 2796 de
2785 2742 3027 2797 Doctrina
3053 2736 3337 2798 Christiana
3358 2746 3503 2800 lucu-

1930 2826 2226 2884 brationem
2246 2828 2366 2885 huic
2385 2832 2605 2901 tempori
2624 2832 2951 2901 assignemus
2964 2831 3207 2903 (Retract.
3220 2876 3233 2902 ,
3249 2833 3344 2899 (.2,
3359 2851 3405 2888 c.
3421 2834 3498 2906 l).

1930 2918 1987 2976 ιη
2022 2937 2082 2976 ea
2106 2922 2274 2976 tribus
2291 2918 2503 2992 quidem
2535 2922 2796 2993 prioribus
2818 2924 2964 2979 libris
2982 2924 3337 2997 intelligendas
3358 2924 3501 2982 Seri-

1930 3022 2099 3085 pturae
2144 3013 2350 3085 regulas
2395 3015 2692 3083 prmseribit
2715 3032 2728 3067 :
2752 3024 2941 3085 quarto
2970 3026 3145 3072 autem
3183 3018 3320 3073 libro
3348 3017 3503 3073 docet

1930 3105 2228 3175 quomodo,
2261 3120 2378 3176 qua:
2426 3105 2691 3160 intellecta
2738 3115 2790 3161 et
2834 3116 3083 3178 percepta
3120 3107 3347 3175 fuerint,
3387 3109 3503 3166 aliis

1931 3194 2182 3253 tradenda
2210 3197 2334 3251 sint.
2358 3196 2486 3251 Cum
2509 3196 2574 3251 ad
2603 3196 2745 3251 istud
2761 3211 2893 3267 Opus
2923 3198 3183 3253 edendum
3221 3212 3279 3255 se
3315 3204 3503 3256 contu-

1930 3288 2017 3358 lit,
2048 3291 2195 3361 plura
2223 3290 2288 3346 de
2325 3292 2419 3344 hac
2440 3305 2497 3345 re
2519 3291 2626 3360 jam
2655 3292 2703 3345 in
2730 3293 3045 3360 cogitatione
3069 3295 3297 3362 tenebat,
3322 3310 3497 3367 spera-

1930 3384 2157 3457 batque,
2192 3384 2274 3439 ubi
2314 3382 2429 3438 aliis
2467 3382 2771 3453 impendere
2805 3399 2866 3437 ea
2904 3384 3181 3456 coepisset,
3223 3386 3387 3441 Deum
3417 3390 3505 3459 qui

1932 3474 2047 3531 htee
2075 3474 2324 3540 dederat,
2354 3482 2543 3529 caetera
2573 3474 2672 3527 sibi
2694 3472 2865 3529 adhuc
2887 3476 3181 3531 necessaria
3211 3492 3315 3532 non
3345 3478 3506 3534 dene-

1930 3574 2172 3637 gaturum
2204 3564 2304 3636 (De
2328 3563 2575 3618 Doctrina
2599 3563 2891 3629 christiana,
2919 3564 3005 3618 lib.
3030 3565 3080 3632 l,
3100 3582 3151 3619 η.
3183 3563 3257 3638 1).
3291 3564 3401 3622 Hoc
3432 3576 3504 3621 ta-

1932 3670 2053 3711 men
2078 3669 2230 3726 opus,
2261 3669 2401 3709 anno
2426 3656 2556 3710 forte
2583 3654 2952 3709 trecentesimo
2980 3656 3319 3726 nonagesimo
3340 3658 3503 3727 septi-

1932 3766 2021 3807 mo
2045 3757 2274 3820 emptum
2292 3791 2305 3814 ,
2330 3756 2452 3803 tunc
2479 3746 2732 3817 temporis
2760 3762 2864 3803 non
2890 3747 3149 3812 absolvit;
3180 3747 3273 3802 sed
3302 3748 3369 3803 ad
3392 3765 3505 3803 me-

1934 3843 2076 3897 dium
2107 3840 2438 3896 solummodo
2460 3840 2940 3910 caputvigcsimum
2962 3839 3201 3910 quintum
3224 3841 3341 3895 libri
3364 3843 3503 3897 tertii

1934 3936 2178 4007 perduxit
2205 3934 2451 4008 (Retract.
2477 3932 2629 4000 lib.2,
2648 3951 2762 4005 cap.
2790 3935 2865 4007 Il),
2899 3948 2960 3988 ae
2988 3930 3185 4002 statim,
3208 3949 3503 4005 quanquam

1934 4027 2319 4099 imperfectum,
2347 4024 2585 4097 permisit
2606 4026 2656 4079 in
2681 4026 2864 4096 vulgus
2888 4025 3054 4092 exire,
3080 4025 3505 4097 quandoquidem

1935 4122 1985 4177 id
2011 4123 2137 4178 citat
2162 4123 2212 4177 in
2242 4121 2389 4176 libris
2420 4134 2552 4191 quos
2576 4130 2757 4177 contra
2778 4118 3023 4175 Faustum
3045 4120 3201 4189 paulo
3234 4128 3350 4190 post
3375 4134 3505 4175 con-

1933 4212 2143 4283 scripsit
2164 4211 2371 4283 (Contra
2389 4208 2661 4281 Faustum,
2677 4210 2763 4265 lib.
2786 4206 2875 4276 22,
2899 4226 3010 4281 cap.
3036 4209 3146 4280 91).
3169 4209 3361 4265 Verum
3387 4223 3505 4266 cum

1934 4317 2097 4375 opera
2135 4318 2229 4358 sua
2263 4316 2649 4373 recognoscens
2682 4315 2923 4356 mancum
2962 4314 3093 4371 opus
3132 4301 3505 4372 comperisset,

1935 4398 2085 4468 prius
2113 4395 2488 4466 perficiendum
2520 4395 2618 4450 sibi
2644 4395 2979 4460 existimavit,
3012 4408 3170 4465 quam
3200 4396 3269 4450 ad
3294 4396 3394 4450 alia
3422 4410 3505 4451 re-

1935 4490 2207 4545 tractanda
2228 4489 2448 4561 gradum
2478 4487 2689 4543 faceret.
2718 4486 2866 4541 Tune
2887 4487 3063 4557 itaque
3084 4487 3275 4543 librum
3298 4489 3507 4543 tertium

1934 4580 2236 4653 complevit,
2268 4589 2617 4653 quartumque
2645 4580 2905 4650 integrum
2931 4579 3123 4649 adjecit
3144 4578 3243 4653 (De
3267 4578 3507 4634 Doctrina

1936 4674 2132 4739 christ,
2157 4672 2241 4726 lib.
2265 4672 2318 4738 4,
2341 4688 2384 4724 c.
2400 4670 2489 4739 24,
2505 4670 2892 4741 n-55),clapsis
2913 4677 3036 4724 tunc
3056 4669 3121 4725 ab
3144 4671 3329 4727 itinere
3362 4670 3504 4742 quod

1935 4764 2000 4820 ad
2024 4764 2207 4819 urbem
2235 4764 2529 4818 Caesaream
2554 4762 2877 4817 Mauritania:
2896 4776 3036 4817 anno
3050 4761 3247 4817 Christi
3269 4762 3508 4834 quadrin-

1934 4856 2227 4928 gentesimo
2256 4852 2463 4909 decimo
2478 4863 2683 4919 octavo,
2712 4868 2896 4910 mense
2926 4853 3233 4925 septembri,
3255 4868 3506 4925 suscepe-

1932 4956 2033 5016 rat,
2052 4948 2203 5002 annis
2232 4955 2352 5002 octo
2381 4946 2462 5000 vel
2489 4961 2699 5010 novem,
2724 4943 2781 5000 id
2806 4953 2916 5011 est,
2945 4960 3085 5001 anno
3112 4945 3319 5001 Domini
3346 4961 3503 5015 supra

1933 5039 2513 5112 quadringentesimum
2543 5046 2694 5094 sexto
2722 5046 2811 5091 aut
2830 5034 3073 5106 septimo.
3108 5036 3160 5089 In
3179 5036 3412 5091 secundo
3442 5036 3505 5090 li-

1930 5132 2030 5188 bro
2050 5174 2063 5200 ,
2096 5131 2185 5187 ubi
2214 5131 2393 5187 laudat
2418 5147 2549 5202 Opus
2577 5130 2843 5185 Ambrosii
2874 5127 3019 5201 quod
3038 5144 3069 5185 a
3099 5125 3317 5185 Paulino
3339 5130 3507 5200 petic-

1930 5231 2034 5288 rat,
2058 5231 2297 5279 sanctum
2325 5223 2471 5278 illum
2493 5221 2779 5294 praesulem
2793 5228 3033 5276 nostrum
3054 5219 3390 5276 Ambrosium
3417 5235 3509 5291 ap-

1932 5316 2099 5388 pellat
2113 5312 2296 5390 (Ibid.,
2318 5313 2403 5370 lib.
2422 5314 2476 5381 2,
2495 5332 2542 5370 c.
2557 5314 2648 5382 28,
2663 5333 2714 5369 η.
2729 5314 2843 5386 45).
2863 5310 3015 5370 Unde
3042 5320 3312 5381 tamen,ut
3326 5313 3509 5383 opina-

1933 5425 2072 5476 mur,
2101 5407 2280 5463 inferri
2311 5420 2416 5462 non
2442 5415 2635 5478 potest,
2663 5404 2803 5460 hunc
2829 5414 2936 5460 tum
2976 5411 3066 5461 aut
3091 5406 3145 5461 in
3181 5405 3307 5461 vivis
3331 5404 3505 5459 adhuc

1933 5502 2136 5573 egisse,
2165 5508 2255 5554 aut
2280 5514 2312 5557 e
2337 5500 2471 5555 vivis
2490 5500 2599 5571 jam
2628 5499 2939 5555 excessisse.
2969 5496 3183 5567 Refert,
3216 5514 3275 5554 se
3302 5512 3408 5553 non
3437 5499 3507 5553 ita

1934 5592 2137 5665 pridem
2160 5591 2429 5662 accepisse
2456 5607 2485 5645 a
2513 5591 2837 5663 gravissimis
2856 5592 3003 5659 viris,
3032 5591 3237 5662 fideque
3264 5588 3508 5661 dignissi-

1933 5686 2056 5754 mis,
2080 5700 2292 5741 servum
2320 5684 2599 5741 barbarum
2628 5685 2969 5741 christianum
2987 5726 3000 5751 ,
3029 5684 3123 5754 qui
3160 5682 3362 5737 litteras
3400 5696 3507 5736 non

1933 5791 2136 5850 nosset,
2158 5780 2368 5853 plenam
2399 5797 2580 5837 earum
2608 5783 2844 5837 notitiam
2876 5780 3127 5836 triduanis
3157 5776 3402 5850 precibus
3425 5776 3505 5833 di-

1933 5873 2129 5930 vinitus
2156 5872 2470 5942 obtinuisse,
2493 5874 2626 5930 adeo
2658 5886 2713 5930 ut
2741 5874 2974 5929 codicem
3005 5872 3255 5939 oblatum,
3290 5878 3503 5939 stupen-
