3990 6360
527 522 669 579 tibus
696 518 788 592 qui
814 517 1061 585 aderant,
1078 514 1321 587 expedite
1343 512 1566 587 legendo
1580 510 2104 584 percurrcrit(1bid.,

525 613 614 669 lib.
647 614 702 681 1,
735 611 947 682 Prolog.
978 627 1032 664 n.
1054 611 1092 665 4
1119 610 1160 680 ).

598 706 652 759 2.
694 704 822 759 Post
859 702 1022 757 libros
1062 700 1131 757 de
1167 684 1413 756 Doctrina
1457 700 1744 755 christiana
1783 699 2106 753 mentionem

536 796 661 852 facit
677 796 1000 865 Augustinus
1014 794 1239 849 duorum
1261 793 1536 858 librorum,
1554 807 1687 862 quos
1706 790 1893 863 Contra
1916 800 2108 861 partem

536 887 725 941 Donati
749 887 1093 957 inscripserat
1110 884 1356 959 (Retract.
1376 884 1461 937 lib.
1491 882 1543 946 2,
1568 900 1682 953 cap.
1701 882 1791 953 5);
1819 882 1913 936 sed
1938 881 2015 936 illi
2040 880 2107 935 ad

532 989 712 1034 nostra
735 988 973 1048 tempora
995 992 1100 1031 non
1122 982 1495 1045 pervenerunt.
1516 973 1754 1028 Collocat
1772 972 1962 1027 deinde
1975 971 2109 1025 Con-

531 1070 817 1125 fessionum
846 1082 1061 1123 suarum
1087 1066 1253 1121 libros
1272 1107 1287 1131 ,
1320 1066 1372 1120 in
1400 1065 1589 1135 quibus
1622 1065 1715 1119 Dei
1752 1064 2007 1133 justitiam
2044 1076 2108 1118 ac

527 1161 812 1216 bonitatem
844 1161 895 1214 in
917 1166 1254 1230 peccatorum
1276 1170 1494 1211 suorum
1520 1155 1888 1211 recordatione
1915 1169 1980 1209 ac
2003 1153 2104 1208 be-

528 1253 837 1307 neficiorum
871 1251 1123 1306 divinitus
1160 1256 1498 1318 acceptorum
1526 1247 1781 1303 memoria
1829 1261 2103 1301 commcn-

528 1343 680 1407 dans,
704 1342 936 1398 hominis
965 1341 1288 1396 intellectum
1313 1341 1365 1396 in
1386 1354 1653 1395 summum
1675 1338 1800 1394 illud
1828 1339 2027 1394 bonum
2052 1347 2107 1393 et

533 1434 790 1488 infinitam
833 1433 928 1488 Dei
970 1431 1299 1501 majestatem
1340 1428 1557 1486 excitat.
1597 1429 1709 1483 Hoc
1752 1429 1895 1484 enim
1941 1429 1996 1482 in
2048 1442 2107 1483 se

528 1525 721 1595 egisse,
745 1538 864 1578 cum
886 1522 1264 1589 scriberentur,
1288 1531 1341 1576 et
1360 1534 1517 1591 agere
1540 1534 1661 1575 cum
1685 1518 1950 1589 leguntur,
1972 1517 2107 1571 mul-

533 1616 703 1684 tisque
726 1614 977 1668 fratribus
996 1626 1090 1668 eos
1114 1612 1375 1683 placuisse
1387 1618 1441 1665 et
1452 1610 1661 1680 placere
1682 1617 1903 1663 testatur
1920 1606 2076 1679 (Ibid.
2086 1648 2102 1672 ,

527 1722 578 1758 η.
595 1705 671 1775 6).
692 1704 887 1759 Scribit
904 1702 1046 1769 alibi,
1068 1702 1271 1757 nullum
1294 1716 1325 1757 e
1346 1700 1456 1755 suis
1478 1699 1726 1769 operibus
1747 1706 1837 1753 aut
1859 1697 2107 1766 frequen-

528 1796 650 1861 tius,
669 1804 760 1849 aut
774 1793 1135 1849 delectabilius
1146 1792 1308 1848 fuisse
1320 1792 1606 1862 perlectum
1620 1789 1719 1861 (De
1729 1790 1876 1844 Dona
1889 1805 2075 1860 persev.
2085 1829 2102 1855 ,

526 1905 579 1941 η.
603 1889 715 1956 55).
734 1886 847 1941 Νοη
873 1894 988 1942 erat
1016 1894 1193 1940 tamen
1218 1884 1429 1939 nescius
1453 1899 1482 1937 a
1509 1881 1780 1937 nonnullis
1805 1881 1984 1937 forsan
2005 1880 2105 1934 im-

526 1980 805 2048 probatum
836 1978 898 2032 iri
930 1978 1191 2049 (Retract.
1222 1977 1310 2030 tib.
1339 1975 1394 2043 2,
1424 1991 1538 2045 cap.
1564 1973 1654 2045 6).
1679 1972 1748 2027 Et
1789 1988 1848 2028 re
1891 1971 2104 2042 quidem

528 2070 639 2139 ipsa
663 2084 784 2123 cum
807 2068 1088 2137 aliquando
1108 2082 1137 2121 a
1158 2067 1384 2136 quodam
1405 2065 1655 2135 episcopo
1675 2064 1788 2117 haec
1811 2063 1925 2132 ejus
1944 2062 2104 2117 verba

526 2160 712 2217 Romae
732 2168 1297 2224 commemorarentur,
1322 2156 1405 2211 Da
1429 2157 1563 2228 quod
1578 2156 1741 2228 iubes,
1767 2163 1812 2209 et
1831 2154 1955 2225 jube
1971 2154 2105 2224 quod

523 2252 597 2307 vis
616 2268 635 2316 ;
654 2252 897 2323 Pelagius
918 2252 1007 2321 qui
1034 2250 1238 2317 aderat,
1261 2257 1314 2303 et
1346 2247 1565 2302 hmresis
1588 2261 1697 2302 suae
1716 2247 1861 2301 virus
1880 2245 2102 2300 necdum

528 2344 830 2413 relegebat,
873 2358 934 2397 ea
978 2343 1118 2397 ferre
1157 2356 1263 2396 non
1299 2340 1503 2409 potuit;
1532 2349 1587 2395 et
1612 2338 1979 2394 contradicens
2003 2338 2101 2391 ali-

522 2434 732 2503 quando
763 2432 1102 2500 commotius,
1132 2446 1265 2501 pene
1286 2446 1406 2485 cum
1434 2444 1519 2496 eo,
1548 2429 1639 2500 qui
1669 2429 1757 2483 illa
1782 2441 2105 2484 commemo-

518 2533 746 2591 raverat,
768 2525 987 2595 litigavit
1003 2522 1100 2593 (De
1124 2522 1273 2576 Dono
1299 2537 1510 2592 persev.,
1533 2538 1585 2574 η.
1608 2520 1922 2588 55).Verum
1950 2519 2104 2590 longe

522 2614 701 2683 plures
729 2623 853 2669 sunt
890 2615 979 2669 alii
1020 2614 1175 2683 hujus
1212 2612 1390 2683 operis
1430 2611 1568 2679 loci,
1596 2610 1733 2665 unde
1760 2609 2024 2680 Pelagiani
2050 2618 2105 2665 et

520 2704 932 2776 Semipelagiani
986 2705 1216 2759 debeant
1268 2702 1615 2757 offensionem
1668 2701 1943 2772 accipere,
1979 2715 2100 2755 cum

524 2797 735 2851 illorum
760 2810 971 2851 errores
995 2795 1229 2850 nondum
1251 2801 1487 2858 exortes,
1515 2793 1568 2852 in
1595 2792 1697 2847 hoc
1720 2806 1883 2862 opere
1904 2791 2101 2863 passim

522 2888 812 2959 impugnet.
853 2890 1118 2960 Apparet,
1150 2887 1463 2942 Petilianum
1501 2884 1741 2955 quaedam
1778 2884 1939 2939 verba
1981 2884 2103 2939 libri

520 2980 662 3034 tertii
699 2978 1103 3034 Confessiomnn
1146 2986 1473 3048 praepostero
1516 2990 1676 3031 sensu
1714 2974 2013 3044 accepisse,
2044 2984 2102 3029 ut

520 3068 644 3125 inde
678 3085 863 3133 ansam
892 3085 952 3124 ea
990 3068 1307 3124 criminandi
1335 3068 1627 3136 arriperet;
1655 3066 1896 3135 quamvis
1925 3075 1979 3120 et
2007 3080 2103 3136 per

521 3178 583 3221 se
611 3164 909 3235 perspicua,
937 3171 991 3218 et
1017 3178 1082 3217 ex
1101 3161 1282 3216 multis
1310 3168 1431 3213 ante
1460 3168 1513 3213 ct
1538 3168 1721 3229 postea
1741 3158 1898 3213 dictis
1922 3164 2103 3213 essent

521 3255 802 3311 manifesta
824 3253 993 3328 (Cant.
1018 3252 1140 3307 Litt.
1160 3250 1339 3315 Petit.,
1364 3249 1451 3305 tib.
1474 3250 1527 3317 5,
1544 3266 1596 3303 η.
1623 3248 1737 3320 60).
1761 3248 1893 3304 Cum
1916 3249 2102 3303 Darius

518 3348 711 3404 Comes
730 3345 1131 3402 Confessionum
1160 3344 1326 3398 libros
1353 3342 1420 3396 ab
1444 3342 1737 3412 Augustino
1758 3340 2097 3410 postulasset,

519 3454 617 3495 eos
658 3440 748 3494 ille
788 3437 1150 3492 transmittens
1191 3437 1271 3492 sic
1313 3437 1527 3491 Darium
1562 3434 1989 3506 compellatzlbi
2024 3452 2103 3490 me

518 3531 709 3600 inspice
725 3572 741 3598 ,
765 3547 827 3585 ne
846 3547 925 3584 me
950 3529 1124 3584 laudes
1158 3530 1294 3582 ultra
1315 3545 1471 3599 quam
1503 3544 1652 3593 sum;
1681 3527 1750 3581 ibi
1778 3543 1879 3580 non
1902 3527 2016 3580 aliis
2041 3526 2103 3581 de

518 3638 597 3675 me
621 3622 786 3685 crede,
809 3622 896 3676 sed
925 3622 1084 3686 mihi;
1109 3621 1178 3673 ibi
1208 3637 1285 3674 me
1312 3620 1530 3683 attende,
1560 3628 1606 3673 et
1634 3618 1746 3672 vide
1768 3618 1891 3689 quid
1920 3618 2101 3688 fuerim

517 3712 571 3766 in
596 3729 673 3765 me
697 3713 830 3782 ipso,
855 3728 943 3782 per
967 3728 1046 3764 me
1074 3712 1276 3779 ipsum;
1302 3718 1347 3763 et
1373 3710 1416 3763 si
1442 3709 1563 3775 quid
1588 3708 1639 3762 in
1670 3726 1747 3762 me
1776 3708 1861 3761 tibi
1893 3709 2100 3777 placue-

518 3803 615 3869 rit,
646 3803 801 3856 lauda
827 3802 895 3855 ibi
924 3818 1138 3866 mecum,
1165 3817 1310 3870 quem
1336 3800 1535 3852 laudari
1556 3800 1690 3853 valui
1718 3800 1779 3852 de
1806 3815 1919 3863 me;
1949 3815 2104 3868 neque

518 3894 653 3947 enim
691 3909 786 3947 me.
820 3893 1071 3958 Quoniam
1110 3893 1217 3962 ipse
1247 3892 1361 3962 fecit
1387 3908 1510 3957 nos,
1539 3900 1708 3945 etnon
1734 3891 1833 3962 ipsi
1859 3907 1984 3957 nos;
2010 3908 2103 3945 nos

520 3991 687 4036 autem
710 3982 1090 4051 perdideramus
1120 3997 1231 4045 nos,
1261 3982 1347 4036 sed
1372 3982 1455 4051 qui
1482 3982 1615 4051 fecit,
1640 3982 1830 4050 refecit.
1853 3980 1979 4037 Cum
2004 3999 2097 4035 (ηις

518 4085 615 4129 tem
640 4076 708 4129 ibi
733 4092 810 4129 me
826 4076 1092 4141 inveneris,
1110 4091 1199 4128 ora
1217 4090 1307 4144 pro
1326 4092 1419 4137 me,
1442 4092 1505 4128 ne
1520 4074 1951 4145 deﬁciam(Epist.
1972 4075 2099 4140 251,

519 4183 572 4220 n.
588 4166 668 4237 6).
684 4165 798 4220 Hoc
820 4184 989 4237 opere,
1008 4166 1176 4237 inquit
1191 4167 1481 4231 Possidius,
1500 4168 1662 4237 qualis
1682 4177 1797 4221 ante
1819 4177 2103 4237 perceptam

517 4257 733 4327 gratiam
755 4259 927 4328 fuerit,
952 4257 1211 4325 qualisque
1221 4259 1333 4327 jam
1361 4266 1559 4327 sumpta
1582 4258 1779 4324 viveret,
1806 4258 2100 4329 designavit.

522 4348 635 4403 Hoc
671 4349 803 4403 enim
833 4350 1000 4420 facere
1028 4349 1200 4413 voluit,
1228 4359 1283 4403 ut
1311 4350 1381 4403 ait
1404 4350 1696 4419 Apostolus,
1725 4366 1787 4403 ne
1811 4351 1872 4403 de
1894 4367 1948 4404 se
1968 4351 2103 4421 quis-

516 4456 668 4510 quam
695 4441 957 4494 hominum
990 4457 1145 4513 supra
1177 4458 1327 4511 quam
1360 4457 1412 4494 se
1448 4458 1552 4495 esse
1585 4449 1820 4508 noverat,
1849 4451 1936 4493 aut
1964 4442 2026 4494 de
2050 4457 2104 4495 se

516 4532 744 4586 auditum
766 4534 963 4604 fuisset,
993 4533 1211 4587 crederet
1240 4534 1317 4585 vel
1342 4542 1535 4603 putaret
1558 4532 1624 4600 (ll
1644 4532 1760 4586 Car.
1784 4548 1879 4597 χιι,
1902 4533 1979 4602 6),
2003 4533 2101 4585 Im-

462 4682 468 4687 ,
521 4623 750 4676 utilitatis
774 4633 963 4678 sancta:
987 4640 1125 4677 mare
1153 4634 1317 4687 utens,
1353 4631 1397 4676 ct
1416 4624 1530 4692 jam
1560 4624 1755 4677 nullum
1780 4622 1995 4693 fallens;
2017 4623 2104 4677 sed

518 4712 721 4769 laudem
745 4730 845 4769 non
870 4731 1035 4782 suam,
1058 4714 1145 4768 sed
1169 4715 1248 4767 sui
1269 4712 1476 4767 Domini
1497 4714 1559 4768 de
1580 4715 1785 4784 prapria
1813 4700 2104 4768 liberatione

516 4822 578 4859 ac
601 4823 804 4861 munere
823 4822 1069 4877 quwrens,
1093 4822 1154 4860 ex
1181 4806 1244 4859 iis
1269 4806 1496 4860 videlicet
1519 4822 1633 4877 qua:
1644 4806 1758 4874 jam
1779 4813 2104 4873 perceperat;

519 4908 565 4953 et
596 4904 846 4970 fraternas
868 4914 1036 4969 preces
1068 4914 1275 4968 pascens
1297 4896 1359 4950 de
1396 4898 1457 4951 iis
1490 4912 1602 4967 quw
1628 4897 1849 4967 accipere
1874 4895 2105 4964 cupiebat

518 4989 778 5061 (Possid.,
809 4992 862 5044 in
891 4990 1008 5044 Vita
1030 4990 1271 5060 August.,
1290 4988 1499 5061 Prwf.).
1528 4989 1662 5056 Quia
1695 5002 1822 5043 vero
1851 4986 2103 5043 Paulinus

519 5083 765 5153 Alypium
779 5084 1107 5152 episcopum,
1122 5082 1362 5152 quamvis
1380 5081 1595 5149 frustra,
1610 5080 1810 5150 rogavit
1822 5087 1878 5134 ut
1889 5094 2101 5135 omnem

516 5172 639 5227 vita:
676 5188 785 5227 suae
807 5172 1081 5227 historiam
1104 5172 1171 5227 ad
1198 5173 1371 5242 ipsum
1394 5172 1654 5228 scriberet
1671 5171 1843 5241 (Apud
1864 5171 2101 5241 August.,

524 5260 693 5332 Epist.
718 5263 878 5329 24m.
901 5262 977 5335 ι),
1001 5278 1067 5318 eo
1097 5264 1261 5318 fretus
1289 5263 1535 5334 exemplo
1560 5262 1820 5317 Baronius
1834 5261 2101 5331 Opinatur,

519 5354 758 5425 ejusdem
775 5356 978 5412 Paulini
994 5366 1178 5428 rogatu
1196 5372 1259 5413 ac
1271 5357 1498 5427 impulsu
1513 5356 1741 5427 scriptos
1752 5355 1913 5412 fuisse
1928 5357 1995 5411 ab
2005 5356 2105 5412 Au-

516 5447 728 5517 gustino
745 5463 870 5504 suos
884 5448 1296 5506 Confessionum
1318 5450 1481 5505 libros
1502 5448 1738 5523 (Raram,
1760 5451 1827 5504 ad
1845 5467 1932 5505 an.
1953 5447 2101 5523 595).

516 5537 631 5595 Non
648 5556 783 5596 unus
801 5549 978 5597 tamen
991 5542 1263 5611 Paulinus,
1279 5542 1375 5599 sed
1388 5542 1540 5597 multi
1552 5542 1677 5597 boni
1692 5540 1996 5610 Christiani,
2014 5541 2105 5613 qui

522 5647 645 5689 eum
671 5640 953 5701 noverant,
970 5637 1059 5690 vel
1080 5636 1275 5705 potius,
1290 5634 1431 5707 quod
1452 5634 1517 5689 ad
1536 5635 1965 5691 constitutionem
1985 5633 2103 5688 ani-

522 5741 625 5781 ma:
638 5741 743 5782 non
768 5742 893 5783 eum
914 5736 1193 5796 noverant,
1215 5744 1333 5799 quae
1347 5738 1489 5785 esset
1512 5730 1619 5784 vita
1644 5730 1811 5800 ipsius
1834 5742 1992 5784 nosse
2014 5741 2107 5784 cu-

521 5818 757 5891 piebant.
788 5819 884 5874 His
908 5819 998 5876 ille
1026 5836 1229 5877 morem
1258 5823 1440 5893 gessit,
1459 5838 1592 5895 quos
1621 5823 1883 5894 Sperabat,
1903 5828 1957 5878 et
1970 5835 2103 5878 con-

1688 395 1845 452 VITA
1884 392 1941 451 S.
1984 389 2349 451 AUGUSTINI
2386 389 2707 450 EPISCOPl.

3684 394 3791 456 265

2216 508 2568 579 gratulaturos
2597 508 2644 563 ei
2670 507 2738 562 de
2765 506 2919 563 bonis
2944 506 3041 577 ipsi
3071 520 3101 561 a
3126 506 3236 563 Deo
3260 506 3427 577 datis,
3457 516 3512 565 et
3540 518 3789 569 oraturos

2213 601 2379 655 Deum
2410 615 2508 671 pro
2535 600 2849 671 quibusdam
2888 601 3231 671 pristinorum
3262 602 3509 657 vitiorum
3543 604 3789 676 reliquiis

2212 694 2376 764 ipsius
2427 694 2481 747 in
2524 693 2606 748 via
2652 693 2747 748 Dei
2800 707 3137 763 progressum
3182 693 3353 749 adhuc
3394 694 3789 765 retardantibus

2213 783 2462 857 (Confess.
2478 784 2577 845 lib.
2602 784 2688 850 10,
2713 800 2828 854 cap.
2858 785 2911 851 5,
2934 801 3020 838 nn.
3047 785 3101 851 4,
3124 783 3203 856 5.)

2282 877 2333 931 5.
2376 873 2520 944 Opus
2553 884 2736 929 contra
2773 875 3026 930 Faustum
3070 876 3123 929 in
3154 874 3605 934 Retractationum
3644 880 3790 936 serie

2210 968 2615 1024 Confessionum
2636 970 2800 1025 libros
2818 969 3012 1039 excipit
3030 968 3276 1039 (Retract.
3300 971 3387 1025 tib.
3409 971 3464 1039 2,
3486 974 3685 1043 cap.7).
3708 973 3789 1029 De

2210 1058 2407 1114 Fausto
2428 1075 2585 1130 supra
2606 1059 2854 1128 diximus,
2874 1076 2938 1116 ac
2957 1060 3024 1117 de
3045 1061 3180 1116 libro
3196 1077 3353 1131 quem
3371 1078 3467 1133 pro
3480 1063 3789 1121 Manichatis

2208 1148 2463 1205 adversus
2488 1150 2777 1205 Ecclesiam
2806 1151 3089 1221 scripserat
3123 1151 3277 1224 (Lib.
3308 1154 3359 1221 1,
3387 1170 3504 1224 cap.
3526 1153 3581 1221 9,
3609 1171 3665 1208 n.
3689 1155 3787 1226 1).

2208 1241 2339 1297 Cum
2369 1242 2469 1297 iste
2499 1243 2634 1299 liber
2657 1243 2709 1297 in
2730 1244 3010 1313 Augustini
3038 1259 3225 1299 manus
3244 1245 3496 1312 venisset,
3511 1247 3790 1317 lectusque

2209 1330 2395 1389 fuisset
2422 1350 2452 1389 a
2477 1335 2755 1401 fratribus,
2791 1336 2948 1391 enixe
2988 1336 3068 1390 illi
3100 1351 3131 1390 a
3169 1346 3353 1392 sancto
3378 1338 3638 1405 Praesule,
3666 1339 3793 1409 jure

2208 1428 2482 1485 charitatis
2510 1443 2612 1499 qua
2641 1428 2771 1499 ipsis
2800 1429 3085 1495 serviebat,
3103 1428 3401 1499 ﬂagitarunt
3420 1431 3541 1485 utei
3564 1445 3787 1501 respon-

2207 1517 2376 1574 deret.
2423 1518 2717 1588 Respondit
2761 1519 2948 1589 igitur,
2984 1528 3038 1573 et
3083 1520 3366 1589 propositis
3396 1518 3576 1574 Fausti
3611 1520 3792 1576 verbis

2209 1609 2584 1678 responsiones
2630 1623 2753 1663 suas
2808 1608 3050 1679 subjecit.
3098 1608 3187 1663 Sic
3208 1623 3341 1678 opus
3384 1608 3523 1664 bene
3569 1608 3793 1681 longum

2219 1699 2403 1764 evasit,
2426 1699 2480 1753 in
2507 1707 2612 1753 tres
2638 1706 2693 1754 et
2735 1699 2946 1769 triginta
2973 1698 3197 1753 divisum
3222 1698 3632 1770 disputationes,
3651 1714 3792 1768 quas

2217 1792 2421 1845 mavult
2460 1791 2624 1846 libros
2643 1791 2942 1861 appellare;
2972 1791 3212 1861 quamvis
3246 1791 3422 1845 sintin
3464 1791 3543 1846 eis
3584 1791 3792 1860 aliquot

2208 1884 2495 1953 perbreves
2520 1902 2533 1937 :
2558 1883 2652 1939 sed
2680 1893 2803 1938 sunt
2828 1885 3067 1939 nonnulli
3092 1885 3377 1939 admodum
3404 1885 3614 1955 prolixi,
3644 1901 3790 1955 prze-

2207 1974 2391 2029 sertim
2414 1976 2695 2031 vicesimus
2720 1976 3011 2040 secundus,
3040 1976 3091 2029 in
3121 1990 3225 2045 quo
3249 1975 3677 2030 Patriarcharum
3702 1976 3791 2029 via

2207 2074 2316 2120 tam
2336 2076 2520 2122 contra
2546 2066 2726 2121 Fausti
2754 2068 3045 2123 calumnias
3071 2066 3326 2123 defendit.
3355 2067 3521 2137 Hujus
3545 2067 3789 2124 vicesimi

2207 2158 2427 2212 secundi
2455 2158 2577 2213 libri
2604 2158 2777 2212 locum
2808 2157 3009 2228 profert
3034 2158 3087 2211 in
3108 2158 3497 2225 Qumstionibus
3515 2158 3583 2212 ad
3608 2158 3790 2213 Dulci-

2210 2248 2339 2302 tium
2376 2248 2395 2315 (
2419 2248 2611 2313 Quazst.
2642 2250 2672 2302 7
2699 2253 2737 2319 ).
2761 2250 2919 2303 Liber
2952 2250 3051 2304 iste
3079 2250 3285 2305 videtur
3312 2265 3432 2305 esse
3458 2265 3589 2320 opus
3615 2250 3747 2305 illud
3767 2292 3786 2317 ,

2211 2339 2352 2408 quod
2371 2340 2437 2395 de
2459 2340 2563 2395 vita
2576 2340 2997 2395 Patriarcharum
3016 2350 3198 2396 contra
3220 2341 3472 2397 Faustum
3493 2351 3785 2412 nuncupat.

2207 2429 2353 2500 Opus
2367 2446 2520 2485 suum
2537 2440 2722 2486 contra
2739 2430 2988 2485 Faustum
3007 2447 3106 2486 una
3118 2448 3237 2486 eum
3250 2433 3467 2503 epistola
3481 2432 3671 2504 (Epist.
3690 2432 3787 2499 82,

2206 2538 2260 2574 n.
2293 2519 2382 2593 17)
2421 2522 2565 2576 misit
2610 2522 2676 2576 ad
2715 2522 3093 2594 Hieronymum
3126 2538 3266 2579 anno
3290 2524 3500 2580 circiter
3527 2524 3788 2595 quadrin-

2206 2612 2499 2681 gentesimo
2518 2614 2721 2683 quinto.

2279 2704 2332 2758 4.
2374 2704 2579 2759 Nostra:
2606 2705 2818 2775 quidem
2847 2713 2970 2760 sunt
2993 2714 3187 2775 partes,
3210 2720 3429 2776 operum
3458 2707 3792 2777 singulorum

2210 2801 2419 2865 tempus
2438 2837 2453 2862 ,
2486 2796 2533 2850 si
2560 2796 2719 2850 modo
2746 2796 3027 2867 comperiri
3060 2797 3261 2867 possit,
3293 2797 3573 2867 diligenter
3598 2798 3792 2853 θωπ-

2206 2901 2353 2943 vare.
2376 2887 2576 2943 Verum
2610 2903 2768 2958 supra
2799 2889 3076 2944 memorati
3120 2889 3241 2943 libri
3279 2898 3370 2943 aut
3396 2904 3556 2960 parva
3595 2888 3787 2944 admo-

2208 2976 2334 3032 dum
2356 3018 2372 3046 ,
2400 2989 2492 3033 aut
2528 2979 2671 3033 nulla
2708 2980 2964 3049 temporis
2992 2979 3185 3035 iudicia
3214 2995 3322 3050 pra:
3348 2997 3406 3036 se
3432 2982 3623 3036 ferunt.
3650 2979 3791 3034 Nam

2205 3068 2348 3140 quod
2386 3068 2454 3123 ad
2499 3069 2667 3126 libros
2713 3079 2897 3125 contra
2938 3071 3222 3139 Faustum,
3250 3068 3413 3127 refert
3448 3072 3793 3128 solummodo

2206 3161 2533 3230 Augustinus
2553 3204 2568 3226 ,
2608 3177 2667 3216 se
2695 3162 2812 3217 illos
2848 3162 3123 3232 scripsisse
3151 3162 3239 3217 diu
3268 3172 3391 3218 ante
3418 3172 3689 3233 acceptam
3718 3164 3793 3220 ab

2208 3252 2530 3324 Hieronymo
2547 3254 2823 3324 epistolam
2846 3269 3069 3310 numero
3084 3256 3458 3326 octogesimam
3473 3255 3791 3323 secundam,

2210 3360 2328 3417 quae
2354 3346 2426 3401 illi
2453 3346 2602 3401 reddi
2629 3361 2733 3400 non
2766 3346 2936 3415 potuit
2954 3356 3077 3402 ante
3104 3362 3298 3401 annum
3328 3346 3793 3417 quadringentesi-

2208 3451 2357 3490 mum
2383 3436 2646 3505 quintum.
2670 3435 2824 3490 Aliud
2853 3436 3009 3505 igitur
3033 3435 3185 3491 nobis
3213 3452 3319 3490 non
3346 3436 3511 3501 licuit,
3530 3451 3799 3506 quamse—

2205 3525 2298 3596 qui
2322 3526 2516 3581 seriem
2544 3526 2611 3580 ab
2639 3526 2754 3595 ipso
2783 3526 3079 3596 Augustino
3104 3527 3156 3581 in
3186 3525 3664 3582 Retractationibus
3701 3527 3792 3583 in-

2206 3619 2442 3672 stitutam
2461 3657 2476 3684 ,
2502 3618 2591 3687 qui
2621 3632 2679 3672 se
2716 3617 2956 3672 ordinem
2986 3618 3238 3689 temporis
3256 3658 3272 3685 ,
3301 3626 3553 3688 quantum
3581 3619 3791 3689 potuit,

2205 3726 2446 3767 servasse
2458 3720 2680 3767 testatur
2693 3710 2937 3783 (Retract.
2956 3711 3125 3777 Proh,
3148 3729 3201 3765 η.
3226 3712 3302 3781 5).
3323 3712 3380 3765 ln
3402 3726 3466 3766 eo
3482 3720 3659 3766 tamen
3678 3727 3795 3767 non

2206 3802 2303 3857 fuit
2347 3804 2564 3857 omnino
2603 3810 2901 3856 accuratus.
2943 3801 3073 3855 Nam
3117 3801 3263 3855 libris
3307 3809 3492 3855 contra
3533 3801 3796 3857 Faustum

2207 3894 2453 3963 proxime
2482 3893 2750 3964 subjungit
2777 3894 3185 3963 disputationem
3214 3905 3397 3949 contra
3418 3893 3651 3950 Felicem
3675 3894 3794 3948 Ma-

2207 3987 2492 4054 nichmum,
2525 4001 2681 4057 quam
2710 3986 2850 4041 haud
2885 3986 3042 4041 dubie
3084 3987 3266 4042 habuit
3304 4002 3490 4043 mense
3516 3987 3796 4044 decembri

2206 4080 2331 4133 anni
2374 4080 2878 4150 quadringentesimi
2926 4080 3099 4150 quarti
3143 4079 3241 4150 (De
3278 4081 3415 4134 Actis
3439 4098 3554 4135 cum
3592 4080 3792 4147 Felice,

2208 4168 2296 4222 lib.
2326 4170 2379 4238 1,
2408 4187 2523 4241 cap.
2558 4171 2580 4224 l
2608 4170 2649 4242 ).
2684 4171 2748 4224 Et
2775 4170 2865 4224 ubi
2902 4170 3202 4240 complures
3238 4170 3370 4226 alios
3398 4171 3671 4226 Tractatus
3700 4188 3796 4227 re-

2206 4262 2433 4326 censuit,
2451 4261 2676 4316 collocat
2693 4261 2855 4316 libros
2878 4268 3061 4316 contra
3084 4261 3400 4317 Petilianum
3422 4279 3434 4314 :
3453 4276 3588 4332 quos
3607 4270 3795 4318 tamen

2207 4350 2305 4403 sub
2331 4350 2610 4404 AnaStasio
2646 4365 2814 4421 papa,
2838 4350 2939 4405 hoc
2978 4359 3092 4417 est,
3120 4366 3261 4405 anno
3305 4351 3492 4407 saltem
3532 4352 3794 4422 quadrin-

2207 4440 2503 4508 gentesimo
2518 4437 2752 4495 'secundo
2766 4441 3079 4511 conscripsit
3096 4438 3263 4513 (Cant.
3280 4440 3403 4495 Litt.
3420 4441 3602 4510 Petit.,
3623 4443 3711 4496 lib.
3730 4444 3794 4512 2,

2207 4548 2254 4585 c.
2273 4534 2359 4599 l5,
2383 4551 2417 4587 n
2436 4533 2600 4603 .118).
2620 4533 2819 4590 Forsan
2834 4534 2979 4603 operi
2992 4542 3177 4587 contra
3190 4533 3440 4588 Faustum
3454 4542 3646 4589 caetera
3663 4550 3799 4606 ope-

2206 4640 2287 4691 ra,
2305 4640 2421 4696 quae
2433 4625 2765 4695 postmodum
2781 4624 3062 4695 scripserat
3075 4625 3325 4681 adversus
3334 4626 3675 4695 Manicbaaos,
3691 4644 3795 4683 vo-

2208 4715 2304 4770 luit
2345 4717 2679 4773 continenter
2719 4727 3019 4773 annectere.
3057 4718 3125 4773 Et
3164 4733 3223 4774 re
3262 4718 3477 4790 quidem
3518 4708 3631 4789 ipsa
3669 4728 3797 4789 post

2208 4806 2391 4875 libros,
2414 4822 2548 4878 quos
2567 4822 2635 4864 eo
2655 4808 2757 4864 loci
2778 4810 3109 4877 memoravit,
3131 4810 3332 4864 nullum
3353 4810 3580 4881 amplius
3599 4810 3797 4865 adver-

2208 4912 2300 4953 sus
2325 4897 2461 4953 hanc
2489 4899 2739 4954 hairesim
2766 4899 2833 4955 ab
2860 4916 2925 4956 eo
2950 4901 3201 4973 scriptum
3229 4903 3604 4971 comperimus.
3634 4901 3795 4957 Hunc

2208 4992 2450 5048 ordinem
2479 5007 2781 5063 sequemur,
2801 4994 3006 5064 aliaque
3025 5008 3206 5063 opera,
3225 5009 3342 5064 qua:
3362 4994 3510 5049 libris
3532 4994 3600 5049 ad
3622 4992 3797 5049 Mani-

2212 5084 2393 5139 chaeos
2420 5084 2783 5155 spectantibus
2810 5085 3054 5155 subjicit,
3085 5084 3172 5139 hic
3195 5085 3353 5140 etiam
3382 5084 3793 5150 collocabimus,

2208 5177 2382 5247 quoad
2402 5185 2685 5233 occurrant
2701 5177 2897 5248 aliqua,
2915 5192 3141 5248 quorum
3162 5185 3372 5248 tempus
3386 5176 3686 5234 distinctius
3707 5177 3793 5232 in-

2208 5268 2387 5325 dicare
2414 5269 2699 5340 possimus.

2280 5359 2335 5415 5.
2376 5359 2587 5416 Primus
2614 5360 2668 5415 in
2694 5358 2795 5414 hac
2818 5358 2955 5414 serie
2982 5358 3135 5414 nobis
3169 5357 3403 5415 occurrit
3438 5358 3605 5426 liber,
3626 5370 3793 5427 quem

2211 5458 2397 5505 contra
2426 5448 2662 5504 Hilarum
2689 5450 2992 5520 quemdam,
3016 5449 3188 5503 virum
3215 5448 3567 5515 tribunitium,
3595 5448 3793 5502 laicum

2210 5542 2527 5598 catholicum
2574 5544 2791 5613 scripsit
2830 5541 3087 5613 (Retract.
3120 5543 3207 5597 lib.
3239 5541 3296 5608 2,
3323 5558 3439 5613 cap.
3468 5541 3593 5613 11).
3625 5542 3676 5597 Is
3708 5543 3792 5598 ira

2210 5646 2498 5689 succensus
2527 5632 2729 5706 (causa
2783 5648 2881 5688 nos
2919 5632 3084 5703 latet)
3110 5631 3367 5687 adversus
3396 5632 3651 5688 Ecclesiae
3681 5634 3788 5688 mi-

2210 5726 2445 5804 nistros,
2482 5734 2540 5780 ut
2567 5725 2678 5781 fieri
2717 5726 2943 5793 assolet,
2975 5726 3050 5780 ait
3072 5726 3431 5804 Augustinus,
3463 5740 3666 5781 morem
3694 5727 3793 5796 qui

2212 5803 2338 5877 tunc
2377 5818 2516 5889 apud
2537 5817 2906 5890 Carthaginem
2948 5803 3130 5873 induci
3161 5825 3430 5887 coeperat,
3456 5826 3512 5873 ut
3538 5817 3725 5889 hymni
3753 5833 3791 5881 ο
