3990 6360
213 276 320 343 an

218 395 548 450 Psalmorum
575 391 711 448 libro
734 390 800 446 ad
825 389 991 446 altare
1009 397 1342 454 canerentur,
1366 388 1476 443 sive
1495 397 1617 443 ante
1634 388 1782 443 obla-

214 488 438 550 tionem,
468 486 575 539 sive
599 498 719 538 cum
740 482 938 552 populo
961 480 1360 534 distribueretur
1386 479 1638 544 oblatum,
1669 492 1780 532 ma-

215 575 376 630 ledica
412 574 826 644 reprehensione
854 571 1121 641 carpebat.
1154 569 1282 624 Cum
1324 569 1482 639 igitur
1519 569 1654 624 hanc
1693 570 1782 624 ille

215 664 652 720 consuetudinem
682 664 826 717 velut
847 665 1128 717 'er‘roneam
1164 660 1479 729 ubicumque
1501 660 1778 723 laceraret,

215 754 537 823 Augustinus
579 753 799 808 fratrum
841 766 1056 807 suorum
1095 749 1339 820 precibus
1372 749 1673 819 compulsus
1701 757 1783 804 est

214 861 334 899 eum
363 844 627 900 refellere.
659 845 770 899 Hoc
805 858 939 913 opus
978 842 1268 913 appellatur
1304 856 1333 895 a
1370 840 1609 895 Possidio
1652 840 1784 894 liber

212 945 397 989 contra
426 935 661 990 Hilarum
698 935 767 989 de
800 934 1029 989 Canticis
1070 948 1187 1002 qua:
1228 931 1295 986 ad
1335 931 1501 986 altare
1538 930 1783 985 dicuntur

218 1022 476 1092 (Possid.,
503 1026 558 1078 in
583 1024 774 1087 India,
805 1041 918 1093 cap.
946 1021 1023 1096 6).
1055 1021 1221 1077 llodic
1246 1036 1351 1076 non
1376 1029 1562 1075 exstat.

274 1117 338 1170 6.
379 1117 509 1171 Post
554 1119 693 1170 hunc
736 1116 928 1170 librant
965 1115 1191 1169 collocat
1222 1113 1542 1181 Augustinus
1566 1110 1783 1180 exposi-

212 1208 391 1262 tiones
424 1208 777 1278 quorunidam
818 1208 1051 1262 locorum
1081 1219 1143 1260 ex
1177 1203 1459 1274 Evangeiio
1496 1201 1784 1257 secundum

211 1296 517 1352 Mattltaeum
530 1308 587 1352 et
597 1299 815 1362 Lucam,
830 1298 1035 1352 duobus
1053 1296 1198 1351 libris
1211 1293 1639 1362 comprehensas,
1653 1305 1786 1362 quas

212 1388 535 1451 Quaslioncs
552 1389 940 1460 Evangeliorum
967 1387 1203 1442 inscribit
1223 1385 1467 1455 (θείνωσι.
1486 1383 1574 1437 lib.
1590 1381 1645 1448 2,
1667 1398 1782 1451 cap.

212 1477 331 1549 l2).
351 1478 401 1532 Id
418 1480 596 1549 operis
614 1479 913 1549 composuit
931 1477 993 1531 ad
1017 1490 1173 1531 usum
1197 1473 1489 1544 cujusdam,
1505 1472 1593 1542 Qui
1611 1472 1783 1525 Evan-

212 1570 413 1637 gelium
433 1584 536 1631 una
554 1584 675 1624 cum
695 1583 762 1624 eo
784 1570 984 1638 legens,
1001 1567 1043 1619 si
1059 1565 1185 1636 quid
1203 1565 1299 1634 ipsi
1316 1564 1589 1618 videbatur
1600 1561 1789 1616 obscu-

210 1674 357 1725 rum,
385 1660 533 1714 illum
547 1660 880 1723 consulebat,
904 1667 958 1713 et
979 1674 1096 1728 qum
1116 1656 1229 1725 ipse
1250 1656 1419 1726 primo
1445 1654 1784 1723 prmterierat,

208 1749 501 1819 aliquando
526 1750 865 1805 retractabat.
882 1749 1033 1805 Unde
1058 1747 1117 1802 lit
1141 1758 1197 1802 ut
1226 1747 1327 1802 illa:
1349 1746 1667 1816 qumstiones
1684 1760 1787 1799 non

212 1854 434 1909 semper
468 1841 758 1910 evangelici
800 1850 974 1895 textus
1013 1840 1209 1895 seriem
1248 1846 1552 1908 sequantur.
1579 1836 1674 1892 Cui
1705 1837 1787 1891 in-

210 1930 503 1983 commodo
533 1940 591 1984 ut
620 1930 919 1985 mederetur
941 1931 1290 2000 Augustinus,
1320 1928 1589 1984 titulorum
1626 1928 1789 1998 sylla-

212 2020 345 2073 bum
388 2022 576 2075 texuit.
610 2022 774 2076 Porro
811 2036 911 2078 nec
946 2037 1131 2077 omnes
1166 2019 1537 2087 difficultates,
1563 2035 1661 2075 nec
1689 2020 1789 2074 ali-

210 2111 434 2180 quando
472 2113 742 2183 graviores
770 2129 889 2184 quas
919 2114 1139 2183 proponi
1167 2121 1422 2183 possunt,
1452 2113 1505 2166 in
1532 2112 1615 2167 his
1644 2112 1790 2167 libris

217 2201 553 2268 enodantur;
598 2203 721 2272 quia
770 2203 861 2274 qui
909 2203 1218 2259 consulebat
1262 2203 1638 2275 Augustinum,
1678 2202 1790 2273 jam

211 2293 468 2364 pleraque
494 2305 731 2350 noverat.

286 2385 341 2437 7.
383 2384 767 2441 Adnotationes
801 2387 853 2442 in
885 2386 985 2443 Job
1020 2395 1144 2441 sunt
1176 2385 1419 2457 quietiam
1458 2383 1791 2441 solummodo

209 2477 416 2532 scholia
438 2520 454 2544 ,
495 2494 615 2549 qua:
656 2495 688 2533 a
725 2490 909 2535 sancto
941 2480 1168 2534 DoctOre
1193 2479 1261 2535 ad
1291 2479 1578 2550 marginem
1618 2488 1791 2534 textus

211 2566 485 2637 adscripta
509 2608 525 2633 ,
556 2583 739 2637 parum
769 2577 1018 2625 accurate
1056 2568 1147 2622 alii
1189 2569 1612 2637 exscripserunt,
1640 2576 1696 2622 et
1738 2566 1791 2621 in

208 2668 381 2709 utinm
409 2672 608 2726 corpus
644 2658 978 2728 redegerunt.
1009 2658 1161 2715 Unde
1199 2658 1401 2713 dubitat
1433 2659 1790 2729 AuguStinus,

213 2759 281 2798 an
313 2745 460 2801 hunc
488 2747 653 2802 fetum
681 2757 736 2802 ut
771 2762 923 2802 suum
967 2756 1021 2802 et
1059 2748 1348 2819 legitimum
1382 2760 1673 2819 agnoscere
1695 2747 1793 2803 de-

214 2836 356 2891 beat.
380 2837 605 2895 Fatetur
631 2839 725 2893 bas
755 2838 1133 2895 Adnotationes
1158 2848 1403 2908 acceptas
1433 2849 1487 2894 et
1510 2838 1575 2892 ad
1602 2838 1794 2894 intelli-

215 2927 449 2996 gentiam
477 2932 902 2985 accommodatas
939 2943 1041 2984 non
1090 2928 1238 2996 fore,
1280 2929 1381 2984 nisi
1424 2928 1791 2999 paucissimis;

215 3018 410 3087 quibus
435 3020 598 3074 etiam
624 3020 785 3074 multa
817 3021 869 3075 in
897 3021 981 3075 bis
1008 3030 1315 3087 occurrent,
1352 3035 1470 3090 quae
1498 3020 1794 3090 percepturi

215 3124 324 3161 non
350 3110 491 3175 sint,
520 3124 640 3164 cum
670 3120 888 3180 propter
915 3111 1293 3165 sententiarum
1315 3110 1625 3191 brevitatem
1642 3149 1656 3176 ,
1683 3117 1793 3163 tum

218 3209 441 3269 propter
466 3200 681 3266 menda,
702 3218 822 3271 qua:
847 3204 897 3256 in
924 3217 1015 3257 eas
1038 3210 1143 3257 tam
1161 3202 1348 3257 crebra
1374 3202 1716 3271 irrepserunt,
1739 3208 1797 3254 ut

221 3289 510 3345 emendare
553 3306 658 3345 non
711 3293 961 3360 poluerit.
1002 3292 1391 3362 Qualecumque
1433 3300 1609 3345 tamen
1654 3299 1797 3346 esset

223 3378 326 3432 hoc
350 3393 521 3448 opus,
551 3382 841 3451 expetitum
881 3382 976 3436 fuit
998 3396 1031 3436 a
1057 3381 1340 3449 fratribus,
1368 3397 1593 3454 quorum
1620 3385 1796 3440 studio

221 3484 338 3523 cum
364 3470 636 3542 denegare
662 3487 769 3526 non
808 3471 1068 3541 potuisset
1088 3473 1409 3543 Augustinus
1427 3514 1442 3539 ,
1470 3473 1522 3528 in
1548 3475 1659 3529 suis
1687 3474 1794 3530 Re-

222 3564 602 3618 tractationum
650 3564 797 3619 libris
844 3563 974 3620 illud
1022 3572 1080 3620 ut
1129 3581 1279 3621 suum
1333 3567 1543 3638 agnovit
1581 3565 1790 3639 (Ibid.,

222 3668 331 3721 top.
353 3655 472 3723 15).

289 3743 341 3796 8.
382 3744 773 3800 Adnotationes
797 3745 924 3800 istas
946 3745 1140 3815 excipit
1164 3745 1298 3801 liber
1315 3745 1382 3802 de
1397 3744 1797 3819 Gatcchizandis

225 3835 441 3888 rudibus
464 3834 623 3908 (Ibid.
645 3875 662 3901 ,
693 3853 809 3906 cap.
843 3836 952 3907 M),
990 3836 1057 3890 ad
1100 3838 1398 3906 Deogratias
1422 3838 1799 3907 Carthaginien-

228 3942 329 3977 sent
358 3925 667 3991 diaconum,
700 3926 767 3980 ad
806 3941 965 3997 quem
1006 3927 1185 3996 primis
1227 3926 1346 3981 ﬁdei
1376 3927 1651 3982 elementis
1695 3926 1797 3981 im-

226 4016 419 4070 buendi
458 4019 655 4088 smpius
689 4018 1118 4084 deducebantur;
1161 4019 1302 4088 quod
1344 4017 1391 4073 is
1434 4020 1485 4073 in
1512 4018 1797 4073 christiana

227 4110 480 4179 religione
522 4110 661 4164 foret
689 4110 929 4179 apprime
967 4109 1236 4175 eruditus,
1264 4124 1326 4164 ac
1363 4109 1509 4163 suavi
1555 4107 1797 4163 facundia

226 4200 587 4272 singularique
614 4201 971 4257 catechizandi
1000 4179 1247 4255 facultate
1273 4200 1514 4270 polleret.
1555 4201 1798 4255 Attamen

229 4291 277 4345 in
302 4292 405 4346 hac
431 4293 810 4347 exercitatione
838 4293 937 4347 sibi
964 4292 1077 4362 ipse
1105 4304 1208 4346 non
1238 4290 1460 4346 faciebat
1478 4291 1636 4356 satis;
1665 4303 1799 4360 pene

229 4396 441 4451 semper
481 4381 752 4451 angustias
798 4382 1111 4452 patiebatur,
1144 4381 1333 4436 dubius
1376 4390 1429 4436 et
1469 4394 1662 4450 anceps
1694 4394 1799 4452 quo

228 4482 373 4541 pacto
397 4487 488 4540 ea,
516 4487 742 4542 quorum
773 4472 903 4528 fides
930 4487 1028 4527 nos
1052 4472 1367 4527 christianos
1396 4472 1535 4539 facit,
1564 4487 1799 4542 expones

230 4571 298 4615 ret
323 4579 339 4627 ;
371 4563 645 4617 undenam
671 4562 989 4617 exordienda
1010 4572 1152 4617 esset
1179 4562 1454 4629 institutio,
1482 4571 1537 4618 et
1560 4564 1651 4619 ubi
1672 4577 1800 4619 con-

229 4651 484 4707 cludenda
507 4668 524 4705 :
551 4667 616 4705 an
647 4653 960 4707 institutioni
988 4653 1310 4722 subjicienda
1337 4654 1577 4723 quaedam
1602 4653 1799 4709 exhora

230 4744 369 4811 talio,
394 4760 469 4799 an
508 4745 680 4799 solum
708 4745 1017 4815 exponenda
1045 4754 1325 4814 praecepta,
1356 4760 1576 4815 quorum
1615 4746 1799 4801 obser-

229 4836 494 4890 rationem
523 4835 592 4890 ad
619 4836 907 4892 christiano
946 4852 1094 4892 more
1125 4838 1403 4892 vivendum
1447 4837 1801 4893 necessariam

226 4926 357 4981 scire
409 4933 686 4981 teneretur
724 4927 1147 4983 catechizandus.
1186 4928 1512 4995 Querebatur
1556 4943 1797 4998 quoque,

228 5016 359 5084 quod
389 5018 604 5087 prolixo
632 5033 877 5071 sermone
919 5018 1164 5089 fatigatus
1196 5033 1433 5088 persaepe
1474 5033 1582 5087 pra:
1618 5027 1801 5087 tepore

230 5105 619 5177 languesceret,
656 5117 709 5161 et
749 5108 823 5162 sic
843 5108 1021 5161 animo
1063 5107 1282 5162 affectus
1326 5123 1423 5162 nec
1466 5107 1800 5163 catechizane

228 5196 375 5264 dum,
415 5212 521 5252 nec
561 5196 835 5252 audientes
869 5198 1203 5253 accenderet.
1250 5199 1596 5267 Augustinum
1643 5198 1802 5270 igitur

225 5286 319 5344 hac
355 5289 429 5344 de
468 5304 533 5343 re
570 5289 671 5344 sibi
700 5289 896 5343 monita
922 5290 1164 5343 daturum
1202 5290 1461 5345 credidit:
1487 5298 1540 5344 et
1579 5300 1637 5345 ut
1664 5292 1801 5348 illius

226 5376 500 5435 familiaris
526 5388 664 5448 erat,
688 5380 755 5435 ab
779 5396 843 5435 eo
865 5396 960 5450 per
986 5382 1185 5435 litteras
1214 5383 1382 5450 petiit,
1401 5393 1456 5437 ut
1486 5384 1621 5437 inter
1638 5399 1799 5438 occu-

226 5472 465 5536 pationes
495 5487 623 5525 suas
666 5488 769 5525 non
812 5481 1118 5541 gravaretur
1160 5472 1371 5539 aliquod
1423 5474 1521 5528 sibi
1561 5474 1796 5529 catechi-

229 5559 370 5612 nudi
398 5561 676 5628 Specimen
713 5561 889 5616 edere.
931 5562 1262 5617 Existimavit
1290 5564 1625 5633 Augustinus,
1650 5579 1710 5619 se
1732 5582 1797 5620 ex

229 5639 396 5699 efficio
434 5658 491 5704 et
530 5648 807 5715 cbaritate,
834 5667 935 5722 qna
972 5667 1075 5707 non
1112 5655 1199 5708 uni
1243 5663 1446 5711 tantum
1484 5657 1673 5726 amico,
1700 5654 1793 5714 sed

581 5741 805 5804 Bauer.
858 5747 1132 5808 Auousr.
1175 5749 1206 5808 ι

1572 275 1772 331 LIBER
1809 273 2149 343 QUARTUS.

3348 271 3454 330 266

1887 386 2177 456 generatim
2218 383 2309 438 toti
2348 383 2601 439 Ecclesiae
2637 384 2921 441 obstrictus
2945 394 3077 454 erat,
3107 389 3278 446 teneri
3301 405 3361 446 se
3385 390 3455 446 ad

1885 476 2011 532 illud
2031 474 2249 531 alterius
2264 485 2385 531 voto
2406 476 2629 532 libenter
2647 477 3061 534 concedendum.
3096 479 3298 547 Quanto
3320 483 3454 537 enim

1883 568 2050 638 cupio,
2077 568 2266 637 inquit,
2286 568 2435 622 latius
2461 569 2657 639 erogari
2680 570 2945 639 pecuniam
2972 572 3294 641 dominicam,
3316 582 3457 630 tanto

1883 659 2043 728 magis
2070 674 2150 712 me
2168 666 2380 730 Oportet,
2403 660 2448 713 si
2470 666 2621 730 quam
2648 661 3015 732 dispensatores
3036 678 3297 720 censemus
3321 672 3458 721 meos

1884 748 2222 818 difﬁcultatem
2248 749 2304 803 in
2331 750 2585 821 eroganda
2610 751 2793 806 sentire
2818 764 3081 824 cognosco,
3111 769 3258 825 agere
3289 771 3453 826 quan-

1884 847 1990 891 tum
2035 839 2089 892 in
2131 855 2210 893 me
2244 848 2335 904 est,
2367 848 2420 893 ut
2461 839 2611 911 facile
2654 850 2803 911 atque
2828 842 3059 913 expedite
3086 845 3296 915 possint,
3323 847 3459 916 quod

1885 927 2096 998 intpigre
2109 943 2168 981 ac
2181 928 2398 983 studiose
2410 930 2581 983 volunt
2598 928 2698 1003 (De
2713 931 2914 986 Catech.
2926 933 3043 987 md.
3053 975 3068 1001 ,
3079 951 3129 988 υ.
3145 935 3198 1001 1,
3217 946 3270 989 n.
3287 935 3365 1005 2).
3383 937 3459 992 De

1886 1016 1987 1071 hoc
2013 1019 2171 1088 igitur
2200 1020 2506 1090 argumento
2527 1021 2719 1076 librum
2748 1038 2853 1093 quo
2873 1023 2938 1080 de
2964 1026 3196 1096 agimus,
3227 1027 3293 1083 ad
3334 1043 3463 1090 eum

1885 1109 2117 1179 scripsit,
2136 1110 2225 1165 ubi
2243 1113 2467 1181 primum
2485 1114 2789 1169 consolatur
2805 1124 2930 1170 eum
2947 1117 3014 1174 de
3030 1119 3207 1186 taedio,
3223 1120 3363 1191 quod
3384 1122 3459 1177 illi

1885 1200 2082 1256 dicenti
2102 1202 2387 1272 subrepere
2412 1204 2635 1260 solebat.
2657 1205 2803 1264 Idem
2828 1209 3040 1264 sibimet
3058 1223 3221 1283 prope
3242 1221 3458 1284 semper

1885 1286 2195 1356 contingere
2221 1285 2435 1355 fatetur,
2455 1289 2581 1344 dum
2600 1290 2654 1345 in
2679 1293 3005 1363 exponendis
3038 1296 3159 1351 ﬁdei
3193 1300 3459 1368 mysteriis

1887 1375 2065 1446 lingua
2090 1378 2252 1432 menti
2277 1378 2521 1436 sufﬁcere
2542 1394 2650 1436 non
2672 1392 2846 1453 potest
2868 1400 2881 1438 :
2909 1383 3032 1440 inde
3051 1386 3283 1442 animum
3302 1403 3458 1443 suum

1887 1466 2080 1538 frangi,
2110 1483 2275 1540 seque
2301 1470 2419 1526 aliis
2442 1472 2723 1528 molestum
2746 1475 3020 1542 arbitrari;
3048 1491 3171 1533 eum
3198 1487 3371 1535 tamen
3391 1493 3462 1535 ex

1888 1561 2066 1616 studio
2088 1570 2142 1617 et
2157 1562 2449 1629 alacritate,
2465 1570 2620 1634 quam
2638 1580 2747 1635 prae
2770 1579 2828 1621 se
2848 1564 3020 1622 ferunt
3038 1569 3332 1636 audientes,
3349 1571 3463 1625 elo-

1889 1653 2070 1721 quium
2100 1666 2275 1721 suum,
2306 1655 2644 1724 quantumvis
2670 1654 2769 1709 sibi
2804 1655 2902 1725 ipsi
2928 1656 3173 1727 frigidum
3199 1659 3456 1728 videatun

1893 1743 2010 1799 illos
2056 1743 2384 1801 inflammare
2428 1746 2693 1815 conjiciat.
2736 1746 2874 1801 inter
2909 1748 3009 1802 alia
3040 1760 3298 1820 prme'cpta
3341 1764 3461 1822 quae

1891 1833 2072 1903 tradit,
2099 1844 2279 1892 monet
2301 1835 2573 1906 expedire,
2599 1845 2658 1891 ut
2696 1837 2940 1907 privatim
2966 1839 3298 1897 inatituendis
3326 1844 3463 1900 olle.

1890 1933 2036 1979 ratur
2058 1924 2249 1993 sessio,
2270 1940 2390 1982 cum
2407 1936 2465 1982 ut
2481 1926 2690 1983 videtur
2713 1928 2803 1983 illa
2822 1930 3028 1999 species
3052 1930 3236 1998 fastus,
3251 1935 3463 2003 quando

1890 2022 2094 2071 stantes
2136 2017 2409 2072 sedentem
2448 2017 2704 2087 jubentur
2740 2019 2942 2087 audire,
2976 2030 3082 2076 tum
3110 2022 3232 2092 quia
3258 2025 3466 2080 contim

1890 2119 2017 2175 gere
2065 2115 2274 2177 potest,
2301 2113 2361 2162 ut
2401 2108 2590 2163 stando
2630 2108 2898 2181 defatigati
2933 2123 3013 2179 se,
3050 2111 3206 2167 aliam
3248 2128 3464 2169 causam

1892 2204 2261 2266 pnetexentes,
2301 2198 2594 2256 subducant
2621 2217 2633 2254 :
2660 2202 2801 2271 quod
2844 2202 2945 2257 sibi
2978 2203 3236 2260 rusticum
3275 2220 3464 2276 quem-'-

1892 2285 2013 2341 dam
2033 2288 2214 2357 primis
2233 2288 2353 2345 fidei
2372 2290 2682 2346 rudimentis
2699 2290 2956 2347 imbuenti
2972 2293 3226 2349 accidisse
3246 2304 3470 2351 testatur

1895 2375 2079 2446 (κήδη
2091 2393 2137 2433 c.
2157 2380 2244 2445 15,
2262 2397 2315 2433 n.
2337 2378 2446 2453 l9).
2468 2382 2793 2452 Deogratias,
2806 2382 2888 2438 cui
2906 2390 3159 2440 tractatus
3172 2382 3261 2441 hic
3273 2386 3467 2441 inscri-

1892 2467 2054 2536 bitur,
2085 2469 2151 2524 ad
2176 2470 2562 2544 presbyterium
2588 2473 2779 2529 deinde
2809 2479 3089 2545 provectus
3112 2486 3214 2544 est,
3238 2478 3468 2537 simodo

1894 2556 2033 2612 idem
2062 2567 2143 2613 est
2176 2560 2262 2614 cui
2290 2562 2614 2632 Augustinus
2651 2562 2793 2618 circa
2829 2574 3024 2620 annum
3053 2567 3467 2639 quadringentis:-

1893 2646 2086 2702 simum
2125 2658 2337 2704 sextum
2364 2651 2431 2706 ad
2473 2653 2791 2722 quaestiones
2818 2653 2887 2709 ab
2911 2669 2980 2713 eo
3017 2656 3118 2711 sibi
3148 2656 3469 2728 Carthagine

1895 2739 2084 2795 missas
2121 2740 2406 2811 respondet
2443 2743 2668 2815 epistola
2701 2745 2992 2801 centesima
3026 2747 3276 2803 secunda.
3315 2748 3468 2807 llunc

1897 2832 2261 2903 presbyterum
2291 2850 2399 2888 non
2424 2835 2582 2890 modo
2620 2845 2676 2890 ut
2703 2837 3012 2892 familiarem
3038 2852 3192 2895 suum
3214 2881 3229 2907 ,
3256 2842 3339 2896 cui
3369 2842 3468 2899 de-

1896 2938 2091 2994 negare
2130 2924 2257 2979 nihil
2303 2927 2493 2996 possit,
2520 2927 2841 2999 compellat;
2866 2927 2962 2986 sed
3000 2929 3159 2986 etiam
3202 2941 3260 2987 ut
3294 2933 3468 2989 virum

1896 3015 2144 3084 peritum,
2162 3015 2251 3085 qui
2276 3017 2641 3074 consuleretur
2664 3018 2716 3072 in
2737 3018 2933 3087 dubiis,
2948 3028 3005 3075 et
3026 3021 3177 3093 cujus
3195 3023 3347 3080 stilus
3368 3025 3471 3081 sibi

1897 3112 1954 3161 et
1978 3107 2096 3161 aliis
2126 3109 2452 3176 probaretur.

1967 3196 2021 3252 9.
2063 3196 2221 3251 Libro
2237 3198 2304 3253 de
2328 3198 2730 3255 Catcchitandis
2747 3201 2964 3258 rudibus
2978 3204 3153 3260 subdit
3172 3206 3473 3277 quindecim

1898 3287 2061 3342 libros
2090 3289 2156 3363 de
2189 3288 2445 3345 Trinitate
2469 3291 2715 3361 (Relract.
2737 3294 2825 3348 lib.
2846 3296 2901 3361 3,
2922 3311 3037 3365 cap.
3063 3298 3173 3369 15),
3199 3314 3333 3371 quos
3376 3306 3471 3371 per

1898 3379 2095 3449 aliquot
2119 3394 2288 3435 annos
2314 3381 2651 3438 clueubratus
2680 3394 2780 3451 est,
2810 3402 2931 3442 cum
2964 3396 3077 3457 eos,
3104 3398 3161 3445 ut
3200 3391 3312 3461 ipse
3336 3394 3471 3449 seris

1898 3470 1993 3534 bit,
2016 3470 2224 3539 juvenis
2248 3471 2527 3541 inchoarit,
2550 3488 2712 3531 senex
2731 3477 2954 3533 ediderit
2970 3479 3159 3551 (Epist.
3176 3476 3319 3553 174).
3348 3483 3475 3541 Illos

1897 3560 2160 3631 siquidem
2182 3562 2578 3632 intermittebat,
2598 3567 2808 3636 quoties
2835 3569 2939 3623 alio
2962 3570 3330 3640 implicabatur
3345 3588 3473 3644 opeL

1898 3664 1979 3720 re,
1998 3652 2136 3723 quod
2157 3652 2394 3722 pluribus
2416 3655 2745 3725 profuturum
2762 3659 3092 3715 existimabat
3108 3661 3358 3733 (lien-act.
3378 3665 3468 3720 libi

1897 3742 1953 3808 ‘2,
1974 3759 2088 3811 cap.
2110 3742 2198 3817 l6)
2218 3760 2233 3808 ;
2250 3753 2399 3799 ratus
2425 3746 2560 3801 istud
2578 3748 2850 3818 operosius
2871 3758 2926 3805 et
2952 3752 3127 3807 minus
3148 3753 3298 3822 utile,
3313 3770 3470 3825 quam

1900 3834 2151 3904 pleraque
2175 3836 2297 3902 alia,
2326 3836 2464 3907 quod
2488 3850 2575 3891 res
2590 3838 2763 3893 minus
2778 3842 3102 3897 necessarias
3131 3853 3183 3897 et
3203 3857 3232 3897 a
3251 3845 3469 3913 paucioa

1902 3925 2049 4008 ribus
2076 3925 2439 3996 intelligendas
2464 3928 2758 3985 contineret
2779 3928 2971 4002 (Epist.
3005 3932 3127 4000 169,
3151 3949 3198 3987 c.
3221 3934 3272 4000 1,
3304 3953 3356 3989 η.
3390 3937 3470 4008 1).

1901 4006 2054 4070 Unde
2082 4014 2135 4069 id
2171 4030 2304 4086 opus
2337 4018 2663 4087 potissimum
2689 4021 2919 4089 suscepit
2943 4022 2993 4076 in
3023 4037 3205 4078 eorum
3224 4006 3471 4096 gratiam,

1902 4104 1991 4174 qui
2009 4104 2131 4161 ﬁdei
2147 4108 2510 4162 anetoritatem
2532 4109 2887 4178 repudiantcs,
2913 4114 3254 4184 mytcriorum
3280 4119 3476 4175 verita-

1903 4201 2009 4248 tem
2030 4196 2233 4250 ratione
2257 4195 2355 4251 sibi
2381 4196 2729 4253 demonstrari
2756 4200 2999 4255 volebant
3026 4200 3126 4276 (De
3141 4202 3281 4259 Trin.
3304 4208 3390 4263 lib.
3418 4210 3471 4277 1,

1905 4302 1951 4338 c.
1975 4286 2027 4353 1,
2051 4302 2106 4341 n.
2125 4286 2199 4357 i).
2216 4286 2348 4341 Cum
2365 4289 2538 4342 autem
2558 4288 2610 4342 in
2637 4289 2751 4360 lege
2766 4290 2996 4359 Domini,
3016 4302 3267 4363 quantum
3290 4298 3389 4352 sibi
3406 4299 3473 4354 lis

1910 4376 2084 4442 cebat,
2108 4377 2482 4443 meditaretur;
2505 4393 2609 4433 non
2634 4379 2927 4448 patiebatur
2948 4380 3177 4438 charitas
3197 4400 3335 4453 eum,
3355 4403 3475 4458 qua:

1903 4483 1967 4525 ex
1984 4468 2075 4524 Dei
2090 4468 2230 4524 dono
2240 4484 2302 4525 ac
2311 4470 2631 4526 revelatione
2646 4472 2957 4544 accepisset,
2972 4473 3089 4528 aliis
3104 4474 3367 4547 denegare
3383 4495 3395 4531 ε
3410 4494 3474 4536 ac

1912 4559 2014 4614 sibi
2030 4560 2379 4631 pollicebatur
2398 4559 2529 4628 lbre,
2550 4571 2606 4615 ut
2621 4576 2683 4616 ea
2700 4562 3047 4619 ministrando
3062 4566 3200 4635 aliis,
3221 4567 3334 4638 ipse
3350 4585 3477 4640 quo-

1905 4665 2008 4723 que
2019 4653 2321 4723 proliceret;
2338 4653 2570 4724 dumque
2584 4654 2662 4709 eis
2676 4663 2892 4725 cuperet
2906 4657 3226 4727 reSpondere
3240 4676 3477 4729 quaeren-

1904 4745 2067 4813 tibus,
2088 4744 2228 4814 quod
2244 4746 2399 4800 etiam
2426 4744 2537 4813 ipse
2566 4746 2835 4816 quagrcbat
2860 4747 3120 4804 inveniret
3141 4748 3323 4821 (lbid.,
3346 4768 3392 4805 c.
3417 4752 3470 4812 3.

1902 4851 1956 4887 η.
1988 4832 2064 4906 5).
2088 4834 2227 4905 Ergo
2246 4836 2440 4906 suscepi
2465 4835 2591 4903 hac,
2610 4836 2796 4907 inquit,
2809 4837 3013 4909 jubente
3031 4848 3185 4909 atque
3206 4841 3477 4912 adjuvanle

1902 4924 2124 4979 Domino
2140 4925 2247 4980 Deo
2264 4935 2452 4994 nostro,
2467 4942 2568 4982 non
2588 4937 2690 4983 tam
2704 4930 2902 5001 cognita
2921 4942 3033 4982 cum
3054 4932 3346 4984 auctoritate
3370 4926 3475 4983 dist-

1904 5032 2084 5083 serere,
2097 5032 2245 5085 quam
2263 5033 2322 5070 ea
2338 5032 2451 5071 cum
2464 5018 2646 5087 pietate
2659 5018 2945 5073 disserendo
2962 5033 3255 5088 cognoscere
3285 5018 3332 5090 (1
3340 5019 3467 5084 bid.,

1903 5123 1948 5161 c.
1966 5108 2020 5173 5,
2036 5123 2090 5161 n.
2106 5108 2183 5179 8).
2196 5106 2443 5163 Cernitur
2459 5109 2503 5164 is
2519 5109 2686 5164 sancti
2704 5108 2943 5164 Doctoris
2957 5108 3162 5163 animus
3180 5108 3230 5161 in
3247 5108 3473 5177 permuls

1906 5201 1972 5255 tis
1994 5199 2149 5271 hujus
2174 5201 2350 5271 operis
2371 5201 2520 5268 locis,
2543 5210 2595 5256 et
2611 5202 2661 5255 in
2679 5200 2806 5270 ipsis
2823 5203 3047 5255 maxime
3064 5200 3353 5270 proremiis.
3373 5199 3474 5255 Te‘

1904 5299 2073 5347 statur
2090 5291 2267 5347 stilum
2288 5306 2347 5346 se
2368 5292 2685 5362 perlibenter
2707 5290 2869 5344 fuisse
2879 5299 3301 5361 suppressurum,
3319 5289 3365 5344 si
3383 5296 3474 5345 aut

1904 5394 1991 5437 res
2020 5383 2321 5453 hujusmodi
2351 5381 2675 5436 sufﬁcienter
2699 5397 2727 5433 a
2755 5380 2956 5435 Latinis
2989 5381 3350 5436 invenirentur
3374 5395 3461 5435 cx-

1904 5475 2109 5545 positae,
2138 5484 2229 5529 aut
2254 5474 2424 5529 Graeci
2442 5472 2736 5541 seriptores
2753 5482 2934 5527 essent
2961 5472 3121 5528 latine
3147 5472 3357 5539 redditi,
3380 5476 3469 5527 aut

1903 5565 1991 5620 alii
2010 5564 2236 5634 denique
2254 5576 2436 5617 curam
2457 5561 2809 5630 respondendi
2834 5563 3208 5633 qumstionibus
3227 5560 3325 5616 sibi
3349 5573 3471 5630 pror-

1904 5655 2089 5727 positis
2124 5655 2322 5713 vellent
2358 5652 2643 5725 suscipere
2690 5650 2843 5709 Initio
2887 5654 3004 5709 libri
3044 5653 3236 5709 decimi
3275 5649 3463 5717 animi.

2772 5747 3031 5830 (Νευίηὶ
