3990 6360
605 275 709 330 207

599 404 719 458 qua:
761 385 811 439 in
855 382 1212 455 superioribus
1253 391 1593 449 exposuerat,
1626 382 2017 449 compendiario
2055 395 2173 435 ser-

596 494 757 534 mone
803 473 1206 545 complectitur(
1239 471 1408 536 lbid.,
1436 472 1520 526 lib.
1570 475 1653 535 15,
1687 491 1735 525 n.
1764 475 1837 543 5).
1865 473 1970 527 “es
2013 473 2174 527 libros

595 568 902 639 singillatim
928 565 1089 620 edere
1120 564 1351 629 nolebat,
1379 565 1528 617 sicuti
1560 565 1719 616 libros
1739 562 1805 615 de
1833 564 2055 617 (liritate
2080 564 2171 617 Dei

592 667 777 727 postea
800 656 988 718 edidit,
1015 654 1108 707 sed
1134 669 1321 708 omnes
1346 653 1531 719 simul;
1556 654 1693 721 quod
1710 665 1944 707 extrema
1965 654 2168 722 primis,

591 747 1013 803 ratiocinationis
1056 746 1205 816 quasi
1256 744 1484 808 vinculo,
1532 754 1930 799 eonnectantur.
1978 746 2167 799 Verum

590 840 679 910 qui
709 838 775 894 de
809 837 957 893 hisce
988 837 1136 891 libris
1161 836 1360 904 aliquid
1390 835 1665 889 audierant
1687 876 1701 898 ,
1733 846 1787 889 et
1830 836 1947 889 illos
1974 836 2168 891 habere

588 930 931 985 vehementer
975 927 1277 995 cupiebant,
1308 935 1502 979 tantam
1538 939 1741 978 moram
1778 935 1833 981 et
1859 924 2166 981 dilationem

586 1021 805 1093 minime
834 1018 997 1089 passi,
1020 1032 1181 1071 unum
1213 1016 1283 1069 illi
1312 1015 1579 1084 exemplar
1605 1015 1997 1083 subtraxerunt,
2031 1016 2167 1070 libro

585 1110 898 1165 duodecimo
928 1107 1161 1163 nondum
1179 1106 1442 1168 absoluto,
1461 1104 1644 1159 etaliis
1666 1105 1842 1159 minus
1870 1105 2164 1161 emendatis

581 1210 636 1255 et
660 1199 962 1271 recognitis,
996 1214 1153 1268 quam
1182 1212 1275 1251 eos
1303 1196 1539 1250 editurus
1566 1212 1685 1253 esse
1712 1196 1980 1251 voluisset.
2010 1198 2161 1263 Quod

580 1291 668 1347 ubi
689 1289 967 1358 comperit,
981 1294 1235 1343 statuerat
1262 1300 1372 1351 eos,
1394 1285 1572 1339 labore
1596 1301 1694 1339 suo
1712 1286 2033 1353 intermisso,
2056 1302 2159 1341 non

578 1382 761 1447 edere,
783 1380 875 1435 sed
897 1380 949 1433 in
970 1380 1073 1434 alio
1093 1378 1317 1447 quodam
1346 1378 1601 1446 opusculo
1621 1377 1688 1432 de
1712 1377 1857 1433 hisce
1883 1378 2031 1434 libris
2060 1378 2159 1433 sibi

577 1472 844 1540 subreptis
869 1470 1123 1539 conqueri
1152 1486 1166 1522 :
1194 1484 1374 1523 verum
1404 1468 1785 1523 ardentissimis
1806 1469 2024 1525 fratrum
2043 1484 2162 1539 prc-

578 1564 747 1629 cibus,
779 1570 832 1616 et
878 1562 929 1614 in
976 1560 1160 1629 primis
1191 1559 1391 1612 Aurelii
1430 1558 1854 1629 Carthaginensis
1906 1560 2161 1616 Ecclesia:

579 1640 814 1723 episcopi
838 1652 999 1721 jussis
1019 1651 1262 1705 reluctari
1290 1665 1391 1702 non
1414 1649 1591 1705 valuit.
1620 1650 1797 1720 Itaque
1816 1650 1956 1719 quod
1977 1666 2161 1721 super-

577 1745 783 1800 eratad
810 1742 1122 1799 coronidem
1149 1741 1416 1810 perduxit.
1444 1748 1500 1795 et
1540 1740 1741 1810 priores
1769 1741 1930 1795 libros
1972 1757 2157 1797 emcn-

576 1837 720 1891 davit
743 1852 757 1900 ;
782 1850 884 1889 non
904 1842 1080 1888 tamen
1110 1841 1168 1885 ut
1185 1830 1251 1885 ad
1284 1846 1372 1886 res
1393 1830 1524 1884 adeo
1544 1830 1786 1884 difﬁciles
1803 1830 2158 1898 explanandas

575 1936 631 1982 et
659 1924 992 1981 illustrandas
1018 1921 1382 1977 necessarium
1411 1934 1530 1975 esse
1558 1920 1838 1986 censebat,
1866 1920 1955 1975 sed
1984 1930 2043 1974 ut
2060 1936 2156 1989 po-

577 2018 695 2080 tuit,
716 2028 929 2084 operam
951 2012 1207 2068 adhibens
1238 2027 1303 2066 ne
1331 2011 1398 2064 ab
1429 2012 1512 2077 its,
1542 2011 1628 2080 qui
1661 2012 1775 2079 ipso
1804 2012 1971 2066 invito
1999 2013 2157 2081 prod-

576 2104 991 2170 ierant,multum
1011 2100 1709 2170 discreparentUietractJib.
1726 2101 1780 2167 2,
1800 2118 1910 2172 cap.
1931 2102 2153 2176 l5,n.l).

577 2196 685 2250 Eos
710 2192 934 2249 subinde
961 2206 1058 2262 per
1086 2191 1366 2245 diaconum
1396 2189 1677 2258 quemdam
1710 2191 1852 2245 misit
1890 2191 1954 2245 ad
1983 2194 2154 2247 Aure-

576 2285 705 2338 lium
746 2282 1216 2351 Carthaginensem
1247 2295 1347 2334 una
1389 2295 1511 2333 cum
1554 2280 1987 2353 cpistola(Epist.
2031 2282 2154 2356 174)

570 2391 730 2446 quam
762 2376 812 2429 in
839 2373 1015 2428 fronte
1043 2373 1304 2427 librorum
1338 2370 1534 2440 przefigi
1562 2372 1799 2443 rogabat,
1829 2383 1885 2427 ut
1910 2382 2055 2429 esset
2077 2375 2156 2429 in-

574 2476 685 2522 star
702 2464 942 2533 prommii
966 2482 977 2516 :
998 2472 1275 2534 propterea
1292 2462 1431 2532 quod
1451 2463 1546 2517 hac
1563 2464 1615 2517 in
1636 2464 1877 2533 epistola,
1896 2481 2013 2535 quae
2032 2482 2154 2521 mox

566 2557 848 2612 retulimus
876 2554 1180 2611 adnotabat.
1226 2553 1281 2609 lu
1307 2554 1533 2623 quadam
1562 2554 1628 2608 ad
1651 2555 1907 2612 Evodium
1932 2557 2157 2626 epistola

565 2648 781 2715 scribit,
804 2661 861 2701 se
885 2646 1118 2711 nondum
1138 2646 1240 2701 hoc
1256 2660 1389 2715 opus
1406 2645 1634 2701 edidisse
1656 2646 1844 2718 (Epist.
1861 2647 1982 2713 162,
1997 2665 2049 2702 n.
2070 2648 2151 2719 2);

573 2749 630 2796 et
654 2741 705 2795 in
730 2740 948 2810 epistola
979 2738 1045 2794 ad
1072 2738 1320 2795 eumdem
1364 2738 1553 2805 altera,
1578 2753 1696 2809 quae
1731 2739 1901 2795 solum
1926 2751 2155 2797 exeunte

574 2848 715 2886 anno
735 2830 1257 2901 quadringentesimo
1284 2829 1491 2886 decimo
1517 2830 1701 2899 quinto
1724 2830 2023 2900 conscripta
2048 2840 2153 2897 est,

576 2938 635 2979 se
665 2922 895 2977 nondum
923 2922 1051 2976 illud
1084 2920 1365 2991 perfecisse
1395 2929 1616 2975 testatur
1645 2921 1832 2989 (Epist.
1861 2921 1985 2986 169,
2018 2938 2064 2975 c.
2099 2924 2151 2989 l,

576 3016 658 3070 n.l
673 3016 708 3082 ),
726 3014 963 3085 quamvis
978 3014 1085 3081 jam
1103 3013 1302 3082 primos
1317 3012 1549 3081 quinque
1564 3010 1631 3066 de
1643 3012 1866 3067 Civitate
1880 3013 1969 3066 Dei
1987 3013 2157 3080 libros

563 3108 915 3162 elaborasset.
942 3105 1016 3160 Er
1037 3106 1138 3160 alia
1160 3120 1319 3174 porro
1334 3106 1555 3174 epistola
1576 3106 1677 3161 sub
1697 3108 1851 3159 linem
1878 3107 2000 3160 anui
2023 3122 2154 3176 qua-

574 3197 971 3269 dringcntesimi
1011 3196 1307 3251 duodecimi
1347 3195 1410 3249 ad
1458 3196 1819 3251 Marcellinum
1859 3196 1998 3262 data,
2031 3198 2161 3267 licet,

572 3290 883 3359 intelligere,
912 3289 1112 3343 amicos
1136 3287 1202 3342 ab
1228 3302 1293 3341 eo
1320 3286 1601 3356 flagitasse,
1624 3296 1681 3341 ut
1708 3286 1805 3340 hos
1829 3287 1993 3341 libros
2019 3287 2149 3343 ede-

566 3388 674 3445 ret,
692 3393 797 3447 quo
820 3386 997 3448 posset
1018 3376 1327 3433 eorumdem
1351 3376 1461 3444 ipse
1481 3374 1843 3430 defensionem
1858 3376 2146 3445 suscipere,

571 3471 615 3524 si
647 3470 726 3525 vel
749 3468 816 3523 ab
842 3468 1067 3523 inimicis
1095 3466 1451 3530 mordacibus,
1476 3466 1557 3519 vel
1577 3467 1734 3520 etiam
1757 3466 1823 3519 ab
1843 3466 2025 3519 amicis
2051 3466 2151 3520 mi-

571 3574 671 3613 nus
697 3558 1110 3629 iutelligentibus
1131 3556 1396 3627 quidpiam
1429 3556 1479 3609 in
1512 3555 1612 3609 illis
1640 3555 1776 3610 forte
1802 3566 2109 3624 carperetur
2132 3574 2155 3619 ιη

570 3651 743 3718 ipsum
770 3660 953 3705 contra
986 3648 1186 3705 diutius
1212 3663 1305 3702 eos
1332 3648 1640 3708 retinuisse,
1672 3660 1827 3715 quam
1864 3647 2059 3700 velient
2085 3663 2151 3703 ac

569 3742 771 3797 ferrent
792 3741 969 3808 amici,
998 3739 1067 3795 ob
1093 3739 1381 3809 periculmn
1406 3736 1543 3806 quod
1566 3736 1797 3803 suberat,
1825 3752 1891 3791 ne
1914 3738 1965 3790 in
1988 3753 2150 3808 argu-

569 3842 768 3897 mento,
795 3831 865 3887 de
888 3847 993 3901 quo
1016 3830 1328 3894 tractabant,
1359 3828 1626 3882 falleretur
1650 3845 1664 3883 :
1691 3828 1758 3883 Ut
1783 3829 1827 3883 si
1849 3846 1948 3883 non
1976 3840 2149 3899 potue-

568 3923 689 3987 rint,
711 3922 897 3991 inquit,
920 3921 1016 3974 nisi
1041 3921 1220 3974 habere
1238 3919 1428 3989 aliqua,
1456 3934 1568 3987 qua:
1587 3920 1762 3973 merito
1780 3921 2149 3990 reprehendan-

560 4020 671 4076 tur,
689 4010 866 4063 saltem
886 4009 1127 4079 pauciora
1150 4009 1271 4075 sint,
1296 4024 1447 4077 quam
1468 4023 1571 4061 esse
1590 4018 1810 4076 possent,
1834 4010 1877 4063 si
1903 4011 2148 4082 βιοωείρίιὶ

571 4101 885 4171 festinatione
921 4101 1247 4155 inconsultius
1283 4100 1546 4152 ederentur
1585 4099 1772 4169 (Epist.
1822 4102 1942 4166 M5,
1980 4119 2032 4156 η.
2064 4102 2143 4174 4).

569 4192 819 4249 Scribens
854 4207 1063 4261 quoque
1099 4190 1164 4244 ad
1204 4191 1567 4255 Consentium,
1600 4190 1838 4246 meminit
1874 4193 2051 4261 operis
2079 4193 2147 4248 de

569 4281 849 4346 Trinitate,
876 4282 1014 4351 quod
1046 4282 1095 4335 in
1125 4280 1369 4335 manibus
1399 4279 1646 4344 habebat,
1674 4290 1729 4335 et
1751 4282 1821 4337 ob
1848 4284 2146 4353 argumenti

570 4376 929 4442 pra~stantiam
947 4387 1009 4425 ac
1024 4372 1389 4426 difficultatem
1409 4372 1640 4427 nondum
1657 4375 1915 4443 perlicere
1940 4384 2146 4445 poterat

567 4465 762 4534 (Epist.
789 4464 909 4530 120,
933 4480 981 4517 c.
1002 4466 1055 4529 '5,
1079 4482 1132 4519 η.
1153 4465 1265 4533 15).
1288 4463 1343 4518 In
1368 4464 1450 4517 his
1468 4465 1715 4529 omnibus
1736 4465 1886 4534 locis,
1903 4468 1947 4523 si
1967 4468 2140 4523 forsan

556 4566 892 4625 postremum
917 4554 1168 4623 excipias,
1198 4552 1428 4623 loquitur
1453 4553 1519 4608 de
1541 4569 1705 4623 opere
1732 4570 1828 4610 suo
1854 4556 1996 4612 velut
2013 4572 2141 4614 nec-

565 4646 692 4700 dum
719 4645 879 4700 cdito.
920 4644 1176 4710 Quocirca
1206 4644 1503 4713 conjectare
1540 4644 1684 4711 licet,
1715 4645 1947 4717 priorem
1974 4648 2140 4717 ipsam

554 4736 871 4798 editionem,
896 4750 1014 4804 qua:
1030 4750 1098 4788 eo
1118 4734 1341 4788 necdum
1371 4734 1611 4789 absoluto
1636 4737 1849 4806 prodiit,
1872 4754 1976 4792 non
2008 4754 2142 4808 pm

562 4828 789 4882 cessisse
803 4842 997 4880 annum
1016 4826 1593 4897 quadringentesimum
1608 4828 1999 4885 duodecimum.
2013 4831 2142 4886 Con-

562 4927 669 4971 stat
706 4926 904 4982 autem,
951 4917 1174 4972 alteram
1222 4916 1431 4971 nonnisi
1472 4925 1591 4986 post
1632 4918 1843 4989 longum
1890 4923 2140 4990 temporis

564 5007 899 5061 intervallum
932 5007 1247 5076 publicatam
1288 5020 1581 5063 esse:cum
1622 5008 1736 5078 ipse
1764 5010 1897 5065 libro
1933 5010 2141 5067 decimo

565 5099 721 5153 tertio
740 5098 1008 5168 quidpiam
1028 5098 1171 5153 dicat
1189 5113 1309 5155 esse
1330 5099 1437 5167 jam
1461 5113 1491 5152 a
1516 5114 1575 5154 se
1601 5101 1913 5170 explicatum
1935 5102 1988 5156 in
2008 5102 2140 5158 duo-

567 5186 775 5242 decimo
792 5187 866 5243 de
894 5188 1116 5243 Civitate
1142 5188 1265 5254 Dei;
1293 5189 1380 5258 qui
1410 5199 1533 5244 ante
1562 5205 1756 5244 annum
1786 5191 2140 5263 quadringen-

565 5281 810 5334 tesimum
848 5280 1109 5335 decimum
1152 5290 1361 5335 sextum
1402 5282 1725 5349 compositus
1749 5296 1853 5338 non
1881 5280 1997 5336 fuit.
2040 5283 2137 5339 Ubi

565 5372 886 5426 mentionem
929 5372 1051 5429 fecit
1090 5375 1415 5444 Augustinus
1454 5374 1713 5429 librorum
1754 5373 1823 5429 de
1859 5375 2135 5442 Trinitate,

564 5474 660 5515 eos
683 5470 961 5528 memorat,
990 5477 1125 5531 quos
1147 5462 1215 5517 de
1240 5463 1513 5517 Consensu
1542 5462 1993 5533 Evangelistarum
2022 5475 2139 5535 post

566 5551 752 5616 ipsam,
772 5560 829 5605 ut
850 5551 1073 5616 videtur,
1091 5553 1418 5606 eversionem
1442 5553 1757 5622 templorum
1777 5568 1916 5607 anno
1936 5563 2138 5610 trecen-

564 5642 753 5693 tesimo
776 5641 1114 5711 nonagesimo
1136 5658 1277 5697 nono
1303 5643 1510 5711 factam,
1536 5646 1864 5716 conscripsit.
1892 5646 2131 5719 Quaproo

1742 269 1895 323 vrrs
1936 269 1989 325 s.
2034 269 2395 325 .tueusrivr
2434 270 2750 337 EPISCOPI.

3738 291 3832 353 238

2284 392 2399 451 pter
2424 384 2493 438 de
2519 386 2620 440 illis
2642 387 2740 439 hoc
2768 387 2884 441 loco
2915 402 3018 442 non
3044 390 3267 459 agimus.
3295 391 3409 448 Jam
3438 399 3719 457 notavimus
3741 407 3829 460 mi-

2283 473 2423 527 nime
2450 490 2544 529 nos
2568 476 2908 541 contendere,
2936 478 3111 531 omnia
3132 494 3313 550 opera,
3334 498 3447 551 quae
3475 486 3627 540 modo
3648 505 3828 547 memo-

2280 578 2334 615 ra
2343 564 2530 629 vimus,
2551 566 2649 620 hoc
2664 581 2803 618 anno
2821 564 2982 621 fuisse
2996 568 3260 624 elaborata
3280 588 3294 624 :
3312 571 3403 626 sed
3420 574 3584 628 solum
3605 594 3665 629 eo
3680 579 3827 638 ferme

2278 653 2484 721 ordine,
2503 670 2659 724 quem
2686 656 2788 710 illis
2808 655 3188 726 assignavimus
3210 676 3223 713 :
3246 668 3299 713 et
3317 660 3523 730 quidem
3543 675 3660 718 ante
3681 667 3825 725 libros

2274 743 2340 797 de
2369 742 2642 801 Consensu
2667 745 3140 817 Evangelistarum,
3168 748 3403 820 aliosque
3447 761 3624 821 postea
3653 771 3822 812 recen-

2273 836 2489 892 sendos.

2902 928 3124 985 CAPUT
3162 930 3301 985 Xlll.

2273 1018 2295 1070 1
2333 1014 2553 1070 Possidii
2579 1018 2832 1073 ordinatio
2852 1020 2903 1073 in
2929 1019 3268 1075 Calamcnsem
3287 1024 3584 1092 epist-opum.
3607 1025 3641 1078 2
3658 1026 3821 1082 Hiero-

2339 1124 2516 1177 nymus
2552 1107 2769 1161 scribens
2813 1109 2879 1162 ad
2904 1110 3265 1181 Augustinum,
3319 1129 3463 1182 pnptc
3499 1114 3658 1183 ipsum
3695 1118 3821 1173 titulo

2337 1208 2566 1250 exornat.
2600 1199 2633 1253 ὅ
2663 1197 2892 1268 Epistula
2915 1201 2982 1253 ad
3008 1200 3367 1271 llierony'num
3397 1204 3513 1255 data
3540 1203 3698 1259 Paulo
3723 1224 3822 1276 per-

2336 1289 2542 1360 ferenda
2569 1290 2760 1345 tardius
2782 1290 2860 1345 illi
2878 1292 3120 1345 redditur.
3156 1295 3189 1347 4
3212 1293 3457 1363 Epistola:
3482 1295 3547 1347 ad
3573 1295 3821 1354 Paulinum

2335 1378 2607 1450 Augustini
2635 1381 2876 1450 rescripta
2902 1382 3199 1451 postulantis
3219 1382 3350 1436 dum.

2342 1469 2393 1522 1.
2436 1467 2504 1523 Ut
2531 1484 2738 1535 eorum,
2765 1484 2882 1539 qua:
2910 1470 2975 1523 ad
2996 1485 3189 1524 annum
3223 1472 3642 1526 trecentesimum
3671 1488 3819 1529 nena-

2262 1558 2523 1627 gesimum
2568 1560 2852 1628 septimum
2900 1558 3084 1615 referri
3124 1569 3362 1629 possum,
3404 1561 3591 1615 seriem
3627 1574 3817 1631 repeta—

2264 1664 2382 1705 mus
2406 1667 2419 1703 :
2445 1650 2781 1720 reponendus
2803 1660 2885 1704 est
2907 1651 3007 1705 hoc
3020 1665 3159 1705 anno
3176 1651 3376 1720 \lcgalii
3391 1650 3640 1706 Numidiae
3655 1653 3817 1709 decaui

2262 1740 2374 1795 sive
2403 1741 2641 1810 primatis
2678 1740 2875 1808 obitus,
2902 1756 3023 1795 cum
3063 1742 3113 1795 in
3154 1742 3383 1796 concilio
3424 1741 3815 1812 Carthaginensi,

2260 1831 2398 1899 quod
2424 1832 2741 1887 celebratum
2782 1840 2862 1887 est
2892 1831 2993 1887 hoc
3028 1847 3189 1897 armo,
3217 1834 3401 1902 quinto
3454 1830 3696 1889 kalendas
3741 1850 3819 1889 se-

2260 1922 2535 1989 ptembris,
2558 1923 2801 1977 Aurelius
2828 1938 2885 1977 se
2907 1922 3108 1977 litteras
3129 1938 3159 1976 a
3188 1923 3563 1978 Crescentiano
3584 1926 3817 1993 primaria:

2258 2011 2399 2066 sedis
2427 2012 2803 2077 Numidiarum,
2841 2022 2895 2066 ut
2920 2012 3330 2067 Crescentianus
3375 2013 3489 2081 ipse
3524 2015 3813 2081 insinuabat,

2258 2100 2529 2170 episcOpo,
2554 2116 2661 2155 non
2684 2102 2754 2156 ita
2776 2102 2979 2172 pridem
3006 2103 3275 2172 accepisse
3298 2112 3519 2157 tcstetur
3544 2102 3683 2173 (Cod.
3704 2104 3812 2159 Can.

2258 2190 2419 2260 Afric.
2449 2209 2563 2246 can.
2595 2193 2708 2264 '55).
2744 2192 2893 2249 Unde
2919 2193 3084 2264 liquet
3109 2194 3365 2248 nesciisse
3388 2202 3517 2247 tunc
3542 2194 3811 2260 Aurelium,

2259 2296 2379 2334 eum
2405 2297 2524 2336 esse
2552 2281 2847 2348 decanum;
2880 2283 3021 2353 quod
3062 2292 3236 2337 tamen
3269 2284 3319 2337 in
3356 2284 3535 2353 primis
3572 2284 3699 2337 scire
3730 2284 3812 2337 de-

2258 2371 2461 2427 buerat.
2504 2373 2706 2440 Quarto
2737 2385 2791 2430 et
2817 2376 3071 2431 vicesimo
3100 2376 3314 2430 circiter
3343 2376 3429 2430 die
3454 2374 3520 2427 ab
3558 2376 3691 2428 obitu
3718 2375 3808 2429 Me-

2256 2464 2379 2532 galii
2429 2466 2642 2534 scripsit
2685 2466 3010 2536 Augustinus
3053 2466 3119 2519 ad
3169 2464 3512 2519 Profuturum
3547 2463 3814 2519 Cirtensetn

2256 2556 2584 2625 episcopum,
2619 2567 2674 2611 ut
2699 2558 2861 2611 sciret
2888 2572 2954 2611 an
2980 2571 3344 2611 successorem
3372 2556 3423 2609 in
3456 2556 3585 2609 illius
3609 2554 3812 2625 primatu

2256 2646 2577 2701 invenisset:
2605 2647 2657 2702 id
2695 2649 2836 2701 enim
2874 2647 3217 2717 quaesiturum
3263 2661 3327 2701 se
3372 2646 3627 2714 pollicitus
3662 2644 3810 2699 fuerat

2258 2736 2444 2805 (Epist.
2475 2739 2564 2805 58,
2592 2755 2644 2792 n.
2666 2736 2746 2809 2).
2773 2738 2855 2792 Ad
2880 2736 3124 2793 eumdem
3147 2737 3357 2802 scribit,
3380 2751 3437 2791 se
3466 2752 3568 2806 pra:
3586 2734 3805 2804 rhagadis

2256 2828 2339 2881 vel
2362 2830 2645 2885 exochadis
2663 2830 2844 2885 dolore
2870 2844 2935 2883 ac
2960 2837 3185 2894 tumore,
3202 2843 3298 2883 nec
3332 2829 3536 2896 sedere,
3556 2844 3649 2883 nec
3666 2838 3806 2891 stare,

2255 2937 2355 2977 nec
2379 2921 2648 2977 ambulare
2670 2936 2843 2991 posse,
2858 2920 2954 2976 sed
2974 2921 3109 2975 lecto
3130 2920 3268 2990 afﬁgi
3291 2938 3305 2973 :
3328 2920 3679 2985 nihilominus,
3696 2932 3811 2986 quo-

2256 3016 2397 3070 niam
2428 3014 2480 3068 id
2519 3015 2740 3069 Domino
2774 3014 3038 3084 placeret,
3068 3028 3245 3066 secum
3270 3013 3357 3081 agi
3380 3011 3626 3087 przeclare
3648 3008 3806 3079 (Ibid.,

2256 3123 2311 3161 κ.
2341 3107 2415 3177 1).
2459 3107 2518 3160 ln
2547 3106 2732 3160 eadem
2756 3105 2978 3173 epistola
3008 3104 3166 3158 habet
3192 3104 3357 3173 longe
3396 3102 3728 3173 pulcherrima
3755 3099 3811 3155 de

2253 3198 2442 3253 affectu
2485 3198 2576 3251 ira:
2602 3195 2916 3261 cohibenda,
2951 3210 3019 3252 ne
3048 3196 3099 3249 in
3136 3195 3316 3249 odium
3348 3195 3624 3265 degeneret
3646 3192 3807 3262 (lbid.,

2254 3307 2306 3344 η.
2335 3291 2416 3358 2).
2455 3290 2567 3356 Qua
2597 3289 2664 3343 de
2692 3304 2749 3343 re
2775 3288 3015 3343 consulto
3038 3288 3294 3357 loquitur,
3331 3287 3402 3341 ob
3429 3287 3479 3341 id
3504 3285 3637 3357 quod
3662 3299 3808 3354 nuper

2254 3380 2351 3450 ipsi
2381 3380 2692 3435 Profuturus
2721 3381 2773 3434 in
2800 3380 2985 3434 itinere
3014 3378 3237 3433 dixerat.
3273 3378 3472 3433 Verum
3501 3378 3620 3448 quid
3647 3376 3715 3433 rei
3735 3376 3807 3441 sit,

2253 3470 2441 3539 conjici
2467 3486 2568 3524 non
2598 3478 2789 3539 potest.
2828 3469 3050 3538 Scripsit
3078 3468 3143 3522 ad
3170 3468 3513 3523 Profuturum
3542 3483 3630 3539 per
3656 3466 3807 3521 Victu-

2253 3576 2391 3627 rem,
2421 3561 2511 3630 qui
2549 3560 2945 3614 Constantinam
2974 3560 3233 3629 petiturus
3271 3574 3399 3613 eum
3438 3564 3806 3630 prmmonucrat.

2254 3651 2585 3721 QuaprOpter
2606 3652 2657 3705 in
2681 3651 2895 3705 dubium
2910 3651 3084 3705 vocari
3111 3665 3213 3703 non
3237 3660 3431 3718 potest,
3452 3650 3571 3720 quin
3594 3650 3684 3705 iste
3698 3647 3808 3703 Pro-

2250 3741 2458 3796 futurus
2496 3742 2582 3797 ille
2609 3742 2720 3811 ipse
2748 3742 2834 3805 sit,
2862 3741 2951 3810 qui
2978 3740 3099 3794 alibi
3134 3740 3328 3809 legitur
3354 3739 3515 3796 fuisse
3540 3739 3688 3795 Cirta:
3710 3737 3806 3791 sive

2251 3829 2607 3885 Constantina:
2636 3830 2930 3899 episcopus.
2954 3829 3124 3899 Rogat
3157 3844 3276 3882 eum
3313 3831 3643 3899 Augustinus,
3664 3835 3715 3880 ut
3733 3824 3807 3877 Vi-

2251 3928 2367 3975 ctor
2392 3936 2485 3990 per
2512 3920 2876 3975 Calamensem
2902 3920 3167 3975 civitatem
3190 3928 3399 3975 remeet
3423 3920 3518 3991 (sic
3541 3919 3672 3973 enim
3697 3930 3803 3986 pro-

2248 4010 2515 4081 miserat),
2538 4010 2607 4065 ob
2635 4012 2901 4079 negotium
2923 4010 3071 4079 cujus
3101 4010 3211 4078 ipse
3240 4011 3484 4064 notitiam
3512 4008 3731 4070 haberet,
3749 4004 3805 4058 de

2249 4115 2354 4171 quo
2402 4117 2433 4155 a
2458 4100 2703 4165 Nectario
2742 4103 2946 4170 majore
2986 4091 3334 4157 vehementer
3362 4109 3648 4172 urgeretur.
3686 4095 3803 4164 Quid

2249 4191 2376 4246 illud
2404 4193 2577 4258 fuerit,
2606 4207 2710 4246 non
2742 4193 2923 4261 liquet.
2965 4192 3315 4261 A'ugustinum
3339 4193 3522 4262 paucis
3540 4200 3653 4262 post
3674 4187 3804 4241 annis

2246 4282 2523 4349 scripsisse
2549 4282 2841 4336 videbimus
2877 4282 2945 4336 ad
2984 4283 3285 4337 Nectarium
3311 4284 3499 4355 (Epist.
3527 4281 3633 4354 91),
3664 4292 3801 4333 unum

2246 4387 2277 4428 c
2300 4372 2527 4427 Calama:
2547 4373 2883 4443 primoribus,
2905 4373 3189 4428 admodum
3211 4384 3368 4430 :utate
3388 4382 3705 4446 provectum,
3722 4366 3800 4423 sed

2245 4478 2526 4534 paganum,
2543 4463 2779 4533 quamvis
2796 4464 2931 4518 illius
2948 4474 3095 4533 pater
3108 4464 3452 4519 christianam
3474 4463 3623 4518 fidem
3639 4460 3802 4515 fuisset

2246 4552 2537 4622 professus.
2567 4552 2837 4623 Megalius,
2868 4562 2926 4607 ut
2953 4553 3200 4620 diximus,
3229 4553 3552 4609 Calamensis
3573 4558 3680 4606 erat
3700 4546 3797 4617 epi-

2245 4658 2466 4715 scopus;
2485 4644 2721 4713 adeoque
2742 4643 2814 4697 illi
2833 4644 3099 4699 Possidius
3117 4644 3392 4715 Augustini
3406 4641 3682 4712 discipulus
3698 4649 3799 4691 suc-

2244 4735 2466 4790 cesserit
2490 4749 2707 4789 necesse
2735 4744 2817 4789 est
2844 4752 2857 4787 :
2883 4749 3002 4788 eum
3030 4736 3170 4789 enim
3198 4734 3380 4789 sedem
3416 4733 3548 4787 hanc
3584 4730 3795 4786 laborum

2243 4840 2460 4879 suorum
2487 4835 2538 4880 et
2562 4825 2883 4880 fortitudinis
2910 4826 3071 4895 gloria
3105 4826 3454 4880 illustrantem
3485 4818 3697 4878 subinde
3722 4815 3791 4870 vi-

2242 4915 2501 4970 debimus.
2538 4916 2846 4985 Quanquam
2885 4924 3091 4984 oportet
3114 4916 3479 4971 Calamensem
3519 4910 3691 4967 sedem
3716 4911 3795 4958 aut

2242 5006 2543 5075 aliquandiu
2571 5022 2787 5061 vacasse
2816 5016 2933 5076 post
2962 5007 3259 5077 Megalium,
3283 5014 3373 5061 aut
3392 5007 3689 5075 episcopum
3708 4997 3791 5051 ha-

2242 5098 2419 5153 buisse
2456 5098 2524 5152 ad
2568 5098 2834 5152 modicum
2881 5108 3084 5168 tempus
3123 5100 3283 5153 alium
3325 5112 3357 5152 a
3395 5094 3647 5151 Possidio.
3676 5089 3791 5144 Nam

2242 5190 2507 5245 Profuturi
2538 5191 2771 5261 episcopi
2790 5190 3050 5246 Cirtensis
3076 5190 3143 5244 ad
3166 5186 3323 5260 Quem
3362 5187 3577 5259 Megalia
3594 5184 3692 5254 jam
3714 5178 3790 5233 de-

2240 5282 2422 5338 functo
2443 5282 2581 5337 data:
2610 5291 2733 5338 sunt
2757 5283 2823 5338 ab
2848 5283 3145 5353 Augustino
3168 5284 3379 5345 litterae,
3401 5290 3665 5334 successor
3680 5270 3790 5325 Foro

2243 5382 2455 5429 tunatus
2483 5374 2538 5428 in
2565 5372 2832 5429 Africanis
2857 5374 3051 5444 ubique
3089 5372 3326 5428 conciliis
3370 5379 3492 5425 ante
3520 5362 3786 5423 Possidiutn

2246 5464 2555 5519 collocatur.

2311 5555 2365 5608 2.
2399 5554 2511 5610 lloe
2539 5556 2653 5625 ipso
2681 5570 2841 5621 anno,
2873 5565 2933 5611 ut
2962 5555 3184 5621 videtur,
3218 5539 3681 5622 llieronymns.(lUi
3705 5550 3785 5625 P‘f'

2246 5647 2507 5700 Asterium
2536 5620 2672 5702 anno
2704 5648 2962 5717 superiori
2996 5620 3198 5703 litteras
3226 5644 3293 5701 ad
3332 5620 3663 5710 Augustinum
3695 5620 3781 5678 πηί-
