3990 6360
225 314 329 374 2.9

222 440 379 496 sent,
408 430 620 499 scripsit
647 443 857 483 rursum
879 426 944 480 ad
973 441 1092 480 eum
1110 422 1280 493 (Apud
1298 423 1456 493 Aug.,
1486 419 1649 490 Epist.
1680 419 1792 489 59),

221 524 686 580 commendaturus
716 521 789 575 illi
820 518 1132 574 Praesidium
1167 515 1474 570 familiarem
1502 528 1676 578 suum,
1706 512 1796 581 qui

221 615 378 667 certis
403 612 473 668 de
491 613 667 667 causis
695 610 748 665 in
774 609 1111 665 Occidentem
1138 606 1435 675 trajecerat.
1466 604 1513 658 Is
1537 604 1795 657 bonorum

221 704 482 759 amicitias
518 703 909 758 studiosissime
948 698 1383 764 consectabatur,
1427 711 1556 766 quas
1595 696 1639 751 si
1681 696 1796 764 quis

222 796 317 864 ipsi
340 795 703 860 conciliasset,
731 793 943 848 maximi
967 790 1203 847 beneﬁcii
1229 791 1343 844 loco
1364 788 1609 843 ducebat.
1630 787 1798 856 Rogat

220 884 379 954 igitur
420 885 777 955 Augustinum
832 884 1204 954 Hieronymus,
1234 890 1291 935 ut
1320 880 1420 934 hoc
1456 878 1528 934 illi
1562 886 1794 947 pricstct,

221 990 317 1029 nec
337 976 485 1030 enim
510 978 587 1031 rei
616 975 835 1029 alterius
862 974 1115 1043 indigere.
1148 972 1498 1042 Hieronymus
1536 970 1587 1023 in
1611 967 1797 1023 eadem

220 1067 446 1136 epistola
471 1066 720 1137 Alypium
752 1066 956 1120 salvere
980 1063 1150 1135 jubet,
1191 1078 1353 1132 seque
1384 1060 1651 1116 molestias
1677 1058 1799 1113 huic

217 1169 415 1213 nostra:
438 1156 849 1229 peregrinationi
869 1172 1100 1211 annexus
1120 1155 1404 1221 sustinere,
1424 1161 1476 1207 et
1498 1151 1657 1206 variis
1677 1150 1800 1204 hinc

217 1248 345 1305 inde
378 1248 630 1303 fluctibus
656 1248 707 1302 in
738 1246 1061 1301 monasterio
1081 1244 1270 1313 jactari
1292 1252 1448 1312 atque
1488 1241 1696 1296 concuti
1724 1248 1800 1294 te-

215 1348 408 1393 statur.
457 1340 791 1409 Quapropter
822 1338 959 1393 hane
1002 1338 1279 1407 epistolam
1322 1335 1557 1390 adhunc
1601 1348 1797 1388 annum

120 1496 123 1499 γ
217 1429 659 1483 trecentesimum
689 1428 1087 1498 nonagesimum
1117 1427 1399 1496 septimum
1429 1422 1629 1478 referre
1656 1421 1800 1492 (ξσεί-

214 1533 339 1571 mur
376 1528 666 1589 antequam
707 1519 845 1572 inter
874 1532 994 1572 eum
1033 1526 1086 1572 et
1113 1515 1371 1571 Joannem
1397 1514 1798 1585 Jerosolymita-

214 1624 343 1662 num
370 1608 474 1662 hoc
501 1611 618 1678 ipso
638 1625 778 1663 anno
799 1609 1166 1665 convenisset:
1190 1623 1309 1662 cum
1331 1607 1546 1662 minime
1563 1607 1801 1677 legamus

212 1713 338 1752 eum
381 1698 453 1752 ab
481 1700 570 1753 illa
614 1700 1044 1755 reconciliatione
1071 1698 1366 1754 concordiae
1405 1712 1526 1753 cum
1556 1698 1759 1754 Joanne
1781 1740 1796 1766 ,

216 1805 390 1858 usque
409 1789 477 1843 ad
498 1791 895 1859 persecutiones
915 1805 945 1844 a
969 1790 1266 1860 Pelagianis
1291 1803 1430 1843 anno
1449 1789 1801 1859 quadringen-

214 1881 411 1934 tesimo
431 1880 644 1935 decimo
669 1891 821 1937 sexto
848 1882 900 1936 in
928 1882 1101 1952 ipsum
1130 1881 1437 1947 concitatas,
1470 1882 1801 1937 occasionem

213 1971 283 2022 ita
307 1971 676 2040 conquerendi
700 1971 964 2026 habuisse.
999 1971 1156 2041 Papae
1179 1971 1328 2025 titulo
1347 1971 1509 2026 semel
1533 1981 1587 2026 et
1611 1972 1799 2027 iterum

211 2057 432 2129 insignit
447 2059 803 2131 Augustinum
828 2060 1009 2134 (Ibid,
1031 2061 1257 2131 inscript.
1282 2070 1327 2115 et
1348 2078 1399 2115 η.
1421 2060 1514 2131 9);
1541 2062 1679 2117 unde
1698 2078 1803 2118 non

211 2149 362 2217 prius
380 2164 528 2205 anno
558 2152 933 2207 trecentesimo
958 2151 1303 2222 nonagesimo
1322 2162 1472 2207 sexto
1498 2152 1802 2223 reponenda

210 2249 292 2293 est
336 2240 592 2309 epistola.
642 2242 771 2296 Cum
801 2252 979 2297 autem
1026 2243 1378 2314 Hieronymus
1422 2244 1711 2314 Augustino
1735 2242 1803 2298 ad

210 2329 582 2399 episcopatum
607 2332 937 2401 provectoin
966 2348 1025 2387 ea
1050 2348 1154 2386 non
1176 2332 1504 2402 gratuletur;
1534 2332 1804 2401 probabile

212 2430 313 2484 est,
360 2420 416 2476 id
448 2423 783 2491 praestitisse,
826 2437 948 2479 cum
993 2422 1060 2477 ad
1089 2438 1208 2477 eum
1240 2422 1499 2491 superiori
1529 2437 1668 2477 anno
1710 2438 1804 2491 per

211 2512 487 2566 Asterium
516 2513 750 2583 scripsit.
784 2513 1067 2569 Prazsidius
1085 2528 1240 2584 quem
1265 2512 1615 2583 Hieronymus
1635 2512 1687 2567 in
1706 2511 1805 2567 hac

212 2601 441 2670 epistola
466 2602 545 2656 illi
570 2602 930 2671 commendat,
958 2602 1167 2659 videtur
1187 2601 1403 2657 omnino
1427 2602 1472 2656 is
1493 2616 1631 2667 esse,
1653 2600 1805 2671 cujus

212 2705 379 2761 Opera
407 2707 542 2748 usus
563 2702 644 2749 est
660 2694 1005 2764 Augustinus,
1029 2702 1087 2749 ut
1107 2693 1476 2749 exaeerbatum
1504 2692 1667 2763 ipsius
1684 2691 1806 2747 Hie-

212 2781 423 2851 ronymi
457 2782 698 2836 animum
724 2782 825 2838 sibi
849 2792 1103 2838 excusato
1128 2782 1436 2838 conciliaret
1459 2780 1647 2855 (Epist.
1680 2778 1800 2853 74).

215 2870 292 2924 Ει
318 2871 554 2926 diacono
577 2871 689 2942 jam
713 2880 926 2927 creatus
948 2872 1118 2928 fuerat
1143 2873 1457 2942 episcopus;
1488 2879 1542 2926 et
1569 2888 1597 2925 a
1624 2871 1803 2925 conci-

213 2958 283 3014 lio
317 2957 729 3031 Carthaginensi
766 2961 834 3017 ad
878 2962 1257 3032 Imperatorem
1295 2971 1479 3018 contra
1507 2961 1806 3016 Donatistas

214 3048 422 3119 legatus
452 3066 595 3106 anno
621 3051 1145 3123 quadringentesimo
1172 3052 1379 3107 decimo
1404 3051 1807 3107 celeberrimam

215 3140 355 3195 iilam
377 3142 722 3197 collationem
745 3143 1238 3214 carthaginensem,
1258 3157 1374 3213 quae
1395 3156 1535 3196 anno
1561 3140 1807 3211 sequenti

216 3234 391 3291 habita
419 3245 524 3302 est,
549 3236 793 3292 obtinuit.
823 3235 968 3291 Idem
1009 3235 1247 3306 epistola:
1288 3235 1501 3289 concilii
1544 3233 1806 3288 Numidiae

215 3334 399 3380 contra
432 3326 749 3397 Pelagianos
778 3325 847 3380 ad
873 3324 1237 3381 Innocentium
1268 3339 1455 3394 papam
1494 3322 1808 3393 subscripsit

219 3433 355 3471 anno
385 3417 918 3487 quadringentesimo
943 3417 1151 3473 decimo
1170 3425 1321 3472 sexto
1347 3415 1536 3486 (Apud
1560 3415 1772 3485 August.
1789 3453 1805 3481 ,

222 3507 386 3575 Epist.
419 3508 580 3577 176).

286 3599 340 3651 5.
388 3598 505 3653 Sub
534 3598 583 3652 id
618 3600 840 3654 fortasse
879 3606 1089 3668 tempus
1128 3595 1455 3668 Augustinus
1472 3594 1749 3665 epistolam
1778 3609 1810 3649 a

221 3687 387 3742 Paulo
409 3688 778 3758 perferendam
798 3689 1008 3759 scripsit
1022 3689 1087 3743 ad
1105 3688 1484 3758 Hieronymum
1504 3678 1693 3757 (Epist.
1716 3686 1806 3754 40,

222 3794 262 3829 ε.
290 3779 339 3843 1,
365 3795 423 3831 η.
448 3776 528 3851 1).
558 3779 791 3833 Primum
826 3779 1037 3850 quidem
1068 3779 1284 3833 alterius
1317 3778 1589 3847 cujusdam
1623 3777 1810 3831 litteris

223 3869 570 3925 subscribens
595 3884 715 3923 eum
737 3868 974 3925 officiose
1009 3870 1352 3936 salutaverat,
1380 3875 1434 3923 et
1460 3867 1811 3937 Hieronymus

224 3973 317 4027 pro
337 3960 458 4029 ejus
484 3960 783 4015 urbanitate
808 3961 1126 4031 peculiarem
1156 3960 1228 4015 illi
1259 3960 1535 4030 epistolam
1563 3958 1811 4014 reddide-

225 4058 320 4103 rat.
353 4051 431 4105 Ea
458 4059 570 4114 est,
603 4054 657 4105 ni
688 4051 936 4116 fallimur,
964 4051 1189 4121 epistola
1214 4066 1373 4121 quam
1423 4066 1516 4120 per
1544 4050 1813 4105 Asterium

223 4140 505 4195 diaconum
522 4141 874 4213 Hieronymus
888 4142 955 4196 ad
970 4157 1091 4207 eum
1111 4142 1253 4194 misit
1267 4154 1406 4194 anno
1424 4140 1596 4195 forsan
1617 4150 1815 4197 trecen-

224 4231 416 4285 tesimo
437 4231 788 4301 nonagesimo
816 4240 965 4287 sexto
983 4273 999 4299 ,
1027 4240 1085 4285 ut
1111 4231 1187 4285 illi
1225 4231 1554 4286 salutationis
1581 4230 1814 4287 officium

226 4320 496 4376 redderet.
519 4319 649 4375 Cum
674 4322 830 4392 igitur
859 4322 909 4377 ei
940 4322 1235 4377 rescribere
1269 4328 1537 4377 teneretur
1567 4321 1814 4391 Augusti-

228 4424 343 4476 nus,
360 4412 701 4466 occasionem
719 4413 939 4483 arripuit
954 4412 1021 4467 ab
1036 4427 1099 4467 eo
1116 4412 1436 4479 sciscitandi,
1453 4412 1576 4482 quid
1594 4412 1659 4467 de
1674 4414 1813 4468 Petri

229 4510 278 4556 et
307 4500 461 4555 Pauli
489 4502 874 4571 disceptatione
898 4505 1136 4559 sentiret.
1167 4504 1237 4558 lbi
1261 4504 1419 4557 etiam
1438 4504 1676 4557 meminit
1696 4504 1815 4560 libri

230 4593 291 4645 ab
334 4592 537 4647 eodem
565 4593 853 4662 conscripti
898 4593 965 4649 de
1010 4593 1354 4663 scriptoribus
1396 4593 1767 4651 ecclesiasticis
1794 4634 1809 4660 ,

231 4696 388 4750 quem
441 4698 617 4752 nuper
644 4683 755 4752 ipse
784 4683 984 4755 legerat
1013 4699 1029 4737 :
1058 4684 1319 4753 simulque
1346 4684 1516 4739 amice
1542 4683 1811 4750 admonet,

227 4771 488 4841 siquidem
520 4773 571 4826 in
594 4787 658 4827 eo
685 4773 820 4828 libro
842 4788 941 4828 nec
964 4774 1271 4829 haeresiotas
1297 4773 1700 4844 prietermittere
1718 4788 1814 4828 voc

228 4862 450 4931 luisset,
497 4864 831 4919 commodius
874 4865 976 4920 sibi
1020 4863 1189 4919 videri
1235 4864 1492 4919 facturum
1534 4863 1725 4929 fuisse,
1770 4865 1816 4919 si

227 4956 519 5010 nominatis
558 4957 684 5023 illis,
714 4957 1072 5026 subjunxisset
1106 4958 1265 5012 etiam
1296 4958 1349 5011 in
1378 4959 1566 5026 quibus
1597 4958 1815 5013 cavendi

228 5056 427 5102 essent.
459 5048 594 5102 Eum
627 5049 822 5118 pariter
858 5048 1038 5118 rogat,
1076 5063 1182 5119 quo
1223 5048 1442 5103 consilio
1469 5048 1722 5118 quosdam
1751 5064 1816 5104 ex

230 5137 291 5192 iis
320 5139 375 5193 in
406 5139 599 5194 eodem
625 5154 789 5208 opere
818 5139 1167 5208 praeterierit;
1199 5148 1289 5192 aut
1317 5139 1360 5192 si
1399 5139 1681 5193 voluminis
1710 5154 1815 5193 non

231 5228 676 5299 onerandigratia
704 5230 808 5284 hoc
831 5229 1028 5285 factum
1055 5229 1142 5295 sit,
1164 5214 1259 5283 etii-
1283 5227 1547 5283 htereticis
1565 5228 1819 5284 duntaxat

229 5322 690 5389 commemoratis,
737 5337 842 5375 non
886 5321 1150 5377 addiderit
1177 5321 1228 5374 in
1267 5320 1456 5391 quibus
1493 5335 1586 5376 eos
1629 5320 1815 5375 catho-

229 5410 324 5467 lica
351 5412 622 5467 damnarit
640 5414 947 5467 auctoritas.
973 5412 1040 5466 Et
1058 5413 1179 5483 quia
1196 5412 1261 5467 de
1278 5412 1503 5483 Origene
1522 5412 1816 5468 rescribens

228 5499 591 5575 Hieronymus
622 5510 867 5558 innuerat
895 5520 1017 5558 eum
1047 5504 1098 5558 in
1125 5504 1243 5557 aliis
1281 5502 1494 5573 quidem
1523 5503 1818 5574 approban-

229 5590 351 5647 tium
378 5604 432 5648 et
459 5593 803 5659 laudandum,
830 5595 881 5647 in
922 5594 1038 5647 aliis
1063 5608 1189 5647 vero
1213 5592 1616 5662 improbandum
1659 5603 1816 5663 atque

230 5684 761 5749 reprehendendum;
789 5685 1067 5740 certiorem
1093 5700 1211 5741 cum
1236 5683 1354 5740 facit
1381 5698 1499 5741 sese
1523 5682 1633 5755 jam
1652 5688 1814 5756 scire,

1586 298 1788 360 LIBER
1825 300 2161 368 QUARTUS.

3368 308 3472 368 270

1907 432 2012 471 non
2040 424 2241 470 tantum
2267 415 2319 469 in
2349 415 2742 483 ecclesiasticis,
2786 417 2877 472 sed
2907 418 2961 473 in
2990 419 3232 477 omnibus
3259 422 3467 492 litteris,

1902 517 2046 564 recta
2075 518 2129 564 et
2168 523 2291 563 vera
2320 523 2436 578 quae
2464 508 2819 563 invenerimus
2847 512 3139 579 approbare
3167 522 3324 584 atque
3355 516 3470 572 lau-

1901 602 2050 667 dare,
2084 599 2211 655 falsa
2238 613 2365 654 vero
2395 607 2448 653 et
2487 614 2644 668 prava
2672 600 2968 670 improbare
2994 612 3150 672 atque
3178 605 3470 674 reprehen-

1901 692 2071 747 dere:
2102 692 2206 746 hoc
2248 699 2422 745 autem
2476 704 2534 745 se
2582 689 2929 757 desiderasse,
2983 704 3139 763 atque
3184 696 3473 753 etiamnum

1901 781 2222 847 desiderare,
2251 790 2308 835 ut
2336 792 2458 837 nota
2500 782 2600 837 sibi
2630 782 2827 839 faceret
2866 795 3059 852 errata,
3098 788 3288 857 quibus
3313 804 3344 844 a
3367 790 3473 847 fide

1901 874 2139 928 veritatis
2190 874 2279 928 ille
2323 874 2403 927 vir
2452 882 2630 929 tantus
2670 875 2955 931 recessisse
2999 879 3343 935 convincitur.
3396 880 3473 938 Ita

1903 964 2167 1019 scribebat
2208 965 2280 1019 illi
2312 981 2408 1035 per
2433 965 2673 1031 Paulum,
2700 966 2850 1034 cujus
2887 969 3153 1036 prmclara:
3205 970 3475 1026 existima-

1903 1054 2030 1109 tioni
2087 1056 2447 1111 testimonium
2490 1057 2689 1112 tribuit.
2743 1056 2848 1113 Sed
2893 1058 3084 1114 Paulus
3129 1062 3479 1133 navigationis

1901 1145 2181 1200 consilium
2221 1148 2441 1202 mutavit
2470 1164 2483 1201 :
2528 1146 2826 1218 factumque
2860 1158 2962 1212 est,
2992 1160 3049 1205 ut
3077 1153 3300 1221 epistola
3327 1155 3475 1225 prius

1900 1250 2242 1309 spargeretur
2267 1257 2362 1310 per
2402 1243 2624 1309 Italiam,
2656 1259 2815 1314 quam
2858 1245 2922 1299 ad
2951 1245 3328 1319 Hieronymum
3354 1265 3471 1319 per-

1900 1330 2111 1388 veniret
2134 1331 2325 1403 (Epist.
2354 1334 2441 1402 72,
2466 1352 2518 1388 η.
2546 1334 2619 1405 1).
2646 1335 2797 1401 Quod
2820 1338 2955 1393 inter
2976 1348 3254 1410 utrumque
3273 1342 3476 1397 discor-

1900 1425 2047 1481 diam
2084 1426 2380 1481 animorum
2407 1442 2585 1483 serere
2609 1438 2832 1498 poterat,
2866 1430 2965 1485 nisi
2995 1431 3263 1490 humilitas
3284 1434 3474 1491 mode-

1901 1518 2109 1588 stiaque
2151 1519 2447 1588 Augustini,
2496 1529 2551 1576 et
2595 1523 2863 1593 utriusque
2892 1524 3121 1582 cbaritas
3166 1527 3479 1586 offensionis

1902 1610 2106 1665 semina
2129 1610 2459 1665 suffocasset.

1975 1702 2029 1756 4.
2058 1701 2509 1768 Quemadmodum
2533 1703 2583 1756 in
2610 1704 2829 1772 epistola
2856 1708 3128 1775 superiore
3154 1711 3480 1781 Augustinus

1904 1806 2224 1862 magnopere
2249 1794 2379 1863 petit
2419 1793 2486 1848 ab
2512 1794 2853 1864 Hieronymo,
2883 1807 2939 1851 ut
2965 1798 3275 1855 litterariam
3310 1802 3480 1857 collo-

1904 1884 2169 1938 cntionem
2198 1898 2379 1939 secum
2409 1883 2629 1948 habeat;
2662 1886 2802 1953 quod
2834 1886 2883 1939 id
2910 1886 2960 1939 in
3008 1888 3190 1955 primis
3217 1891 3389 1945 valeat
3411 1892 3481 1946 ad
3540 1930 3543 1931 ν

1905 1972 2152 2027 tuendam
2195 1974 2496 2039 amicitiam,
2534 1975 2789 2044 faciatque
2818 1991 2883 2030 ne
2921 1977 3145 2032 multum
3173 1978 3240 2033 ad
3278 1980 3479 2037 amicos

1904 2063 2303 2135 disjungendos,
2336 2073 2393 2119 ut
2430 2066 2678 2135 loquitur,
2710 2067 2867 2122 liceat
2888 2066 3142 2122 absentiae
3179 2071 3479 2141 corporali:

1905 2153 1981 2208 sic
2018 2155 2068 2209 in
2110 2155 2219 2220 illa,
2247 2171 2403 2225 quam
2435 2155 2535 2211 hoc
2582 2156 2769 2211 eodem
2819 2166 3057 2227 tempore
3085 2158 3229 2214 dedit
3254 2161 3323 2217 ad
3348 2162 3486 2218 Pau-

1908 2245 2093 2312 linum,
2126 2247 2246 2300 huic
2267 2257 2449 2301 sancto
2475 2248 2609 2315 viro,
2643 2248 2791 2317 cujus
2834 2249 3119 2303 amicitiam
3147 2251 3359 2307 maximi
3385 2252 3485 2309 du-

1905 2337 2077 2402 cebat,
2110 2339 2449 2393 vehementer
2494 2339 2671 2404 instat,
2720 2355 2826 2409 quo
2852 2342 3106 2411 rescripta
3134 2344 3255 2408 sibi,
3303 2360 3366 2399 ca
3391 2345 3487 2401 diu

1905 2428 2259 2496 ardenterque
2286 2431 2573 2499 expetenti,
2617 2431 2902 2500 persolvat.
2952 2432 2995 2485 0
3018 2434 3106 2504 qui
3130 2450 3229 2501 res,
3266 2435 3482 2506 inquit,

1905 2527 2091 2571 vestras
2116 2518 2335 2587 quotidie
2363 2518 2579 2584 donatis,
2620 2519 2838 2574 debitum
2857 2521 3067 2575 reddite.
3094 2521 3212 2578 Jam
3236 2538 3407 2580 annus
3424 2536 3483 2581 et

1907 2605 2131 2675 amplius
2159 2605 2435 2661 efﬂuxerat
2457 2607 2524 2661 ab
2546 2607 2744 2662 ultimis
2768 2608 2956 2665 litteris
2980 2610 3183 2666 Paulini
3210 2627 3350 2668 anno
3377 2622 3485 2670 tre-

1909 2697 2204 2752 centesimo
2228 2698 2569 2768 nonagesimo
2598 2699 2781 2768 quinto
2802 2698 2899 2754 sibi
2921 2700 3139 2757 redditis
3162 2718 3175 2755 :
3197 2702 3339 2772 quod
3360 2719 3487 2774 per.

1908 2786 2089 2856 spicue
2137 2787 2336 2842 indicat
2388 2787 2477 2843 illa
2520 2789 2798 2859 Augustini
2854 2792 3207 2861 conquestio:
3240 2794 3375 2859 Quid
3409 2804 3489 2850 est

1907 2877 2042 2949 quod
2070 2878 2196 2932 duas
2221 2888 2435 2944 (estates,
2466 2879 2762 2951 easdemque
2785 2880 2838 2933 in
2864 2880 3054 2950 Africa,
3083 2882 3221 2936 sitire
3248 2899 3490 2953 cogamur

1911 2967 2104 3039 (Epist.
2132 2968 2221 3036 42,
2254 2986 2306 3023 n.
2339 2966 2414 3042 1).
2448 2968 2524 3023 lbi
2551 2969 2844 3024 Romanum
2867 2978 2919 3024 et
2942 2970 3146 3041 Agilem
3175 2972 3379 3029 salvere
3394 2972 3487 3044 ju-

1909 3056 2018 3122 bet,
2042 3075 2268 3130 quorum
2288 3059 2577 3115 honoriﬁce
2593 3060 2832 3115 meminit
2850 3060 3008 3115 etiam
3027 3061 3080 3116 in
3101 3061 3324 3131 epistola
3345 3076 3488 3119 anno

1911 3158 2166 3218 sequente
2192 3148 2259 3203 ad
2292 3148 2537 3204 eumdem
2566 3149 2724 3203 missa
2750 3166 2765 3214 ;
2797 3150 2849 3204 in
2876 3165 2975 3219 qua
3015 3166 3227 3206 rursum
3254 3152 3488 3221 insistit,

1910 3247 1969 3293 ut
1988 3238 2200 3294 demum
2224 3248 2342 3309 post
2356 3239 2552 3294 biennii
2569 3239 2831 3293 silentium
2850 3240 3126 3295 rescribat.
3156 3240 3492 3314 Nequaquam

1912 3343 2021 3391 nos,
2055 3328 2144 3394 ait,
2176 3328 2339 3381 nescio
2366 3344 2465 3397 qua
2501 3337 2662 3382 vestra
2691 3328 2919 3391 cessatio,
2947 3345 3044 3397 qua
3082 3346 3190 3384 ecce
3217 3348 3306 3401 per
3329 3340 3491 3388 totum

1913 3417 2185 3483 biennium,
2212 3434 2275 3471 ea:
2296 3433 2392 3487 quo
2418 3434 2449 3470 a
2476 3417 2617 3471 nobis
2643 3417 2920 3471 dulcissimi
2947 3418 3129 3486 fratres
3156 3419 3419 3476 Romanus
3441 3432 3492 3477 et

1911 3507 2071 3579 Agilis
2094 3508 2161 3560 ad
2186 3524 2268 3561 vos
2289 3517 2648 3575 remeaverunt,
2672 3508 2839 3561 nullas
2858 3524 2889 3560 α
2913 3509 3046 3561 vobis
3063 3509 3251 3563 litteras
3269 3511 3492 3580 sumpsi—

1912 3613 2043 3662 mus,
2076 3598 2243 3667 pigros
2271 3596 2338 3649 ad
2367 3597 2679 3650 scribendum
2708 3597 2842 3667 fecit.
2878 3595 3013 3649 Nunt
3039 3613 3154 3650 cum
3190 3598 3243 3651 in
3270 3598 3386 3653 aliis
3408 3616 3491 3653 re-

1913 3685 2024 3754 bus,
2072 3696 2257 3757 quanto
2304 3687 2510 3757 quisque
2546 3686 2763 3757 amplius
2806 3685 3052 3756 diligitur,
3103 3694 3241 3740 tanto
3291 3688 3492 3756 dignior

1914 3778 2186 3830 imitatione
2206 3777 2450 3843 videatur,
2475 3777 2526 3830 in
2552 3776 2647 3829 hac
2675 3792 2731 3830 re
2765 3785 2938 3829 contra
2963 3784 3053 3829 est.
3103 3775 3215 3839 Quo
3243 3776 3375 3831 enim
3404 3794 3490 3834 vos

1914 3887 2142 3923 amamus
2159 3870 2429 3934 ardentius,
2446 3884 2502 3923 eo
2519 3868 2681 3921 minus
2702 3870 2928 3939 ferimus,
2943 3868 3078 3937 quod
3089 3868 3229 3921 nobis
3248 3885 3346 3922 non
3359 3869 3486 3922 scri-

1916 3959 2068 4025 bitis;
2093 3976 2181 4013 nec
2207 3975 2292 4012 vos
2319 3958 2372 4011 in
2413 3975 2468 4012 eo
2506 3958 2733 4012 volumus
2757 3958 2943 4010 imitari
2970 3956 3169 4028 (Epist.
3198 3959 3287 4019 45.
3311 3975 3361 4011 η.
3397 3958 3485 4028 1).

1917 4050 1974 4105 In
1999 4060 2219 4119 utraque
2239 4050 2462 4120 epistola
2486 4057 2637 4119 rogat
2656 4048 2952 4113 Paulinum,
2971 4057 3035 4107 ,ut
3052 4049 3150 4103 sibi
3172 4050 3343 4103 mittat
3358 4064 3490 4119 opus

1917 4149 2103 4195 contra
2128 4140 2385 4211 Paganos,
2433 4138 2575 4210 quod
2604 4138 2671 4193 ab
2698 4139 2812 4209 ipso
2838 4139 3096 4193 elaborari
3125 4139 3345 4194 audivit.

2514 4227 2740 4284 CAPUT
2777 4227 2915 4283 XIV.

1920 4324 1944 4377 i
1981 4320 2288 4392 Augustinus
2316 4318 2505 4372 Cirtam
2532 4334 2584 4372 se
2628 4320 2889 4389 conferens
2915 4334 3027 4371 cum
3060 4318 3244 4388 Alypio
3287 4318 3354 4371 ad
3400 4336 3486 4373 or-

1989 4410 2267 4465 dinandum
2313 4408 2651 4462 Fortunatam
2708 4409 3021 4478 episc0pum,
3068 4409 3199 4461 venit
3237 4410 3290 4462 in
3330 4409 3490 4463 collo-

1987 4504 2156 4572 quium
2177 4517 2290 4553 cum
2310 4498 2554 4553 Fortunio
2585 4496 2963 4551 Donatistarum
2992 4497 3213 4551 Tuburci
3240 4499 3499 4568 episcopo.

1988 4596 2024 4649 2
2043 4594 2269 4659 Quonam
2292 4602 2511 4661 tempore
2525 4591 2749 4644 habitum
2763 4592 2825 4643 sit
2842 4591 2974 4645 istud
2994 4591 3315 4661 colloquium.
3336 4593 3370 4645 5
3390 4590 3496 4643 Lit-
3553 4613 3562 4628 υ

1990 4696 2108 4741 terte
2140 4685 2207 4738 ad
2256 4682 2484 4738 Clarium
2521 4682 2743 4752 aliosque
2767 4681 3060 4735 Donatistas
3103 4682 3344 4752 quosdam
3385 4692 3495 4751 post

1991 4775 2291 4845 colloquium
2332 4772 2551 4842 scriptaa.
2595 4772 2630 4826 4
2654 4769 2734 4825 De
2774 4771 2876 4825 alia
2910 4772 3127 4841 quadam
3166 4772 3496 4825 collocatione

1991 4881 2104 4918 cum
2141 4863 2315 4916 iisdem
2351 4862 2519 4914 habita
2548 4870 2663 4914 ante
2703 4876 3023 4931 congressum
3067 4876 3180 4912 eum
3222 4859 3491 4912 Fortunio.

1993 4958 2026 5011 5
2049 4956 2175 5011 Cum
2214 4954 2494 5008 Fortunato
2516 4951 2897 5006 Donatistarum
2925 4953 3156 5021 episwpo
3193 4949 3497 5020 disputatio-

1994 5063 2106 5101 nem
2130 5062 2219 5117 per
2242 5046 2432 5099 litteras
2456 5044 2765 5115 aggreditur.
2794 5042 2827 5097 6
2851 5041 2928 5096 De
2944 5041 3210 5096 Caelicolis.

1994 5141 2045 5193 1.
2077 5135 2247 5206 Supra
2265 5134 2511 5198 vidimus,
2539 5130 2888 5202 Augustinum
2913 5138 3097 5185 exacto
3114 5126 3496 5197 propemodum

1922 5244 2105 5285 mense
2151 5227 2219 5283 ab
2261 5227 2407 5282 obitu
2454 5224 2680 5295 Megalii,
2725 5223 3002 5291 scripsisse
3046 5220 3112 5275 ad
3157 5221 3498 5276 Profuturum

1924 5319 2218 5376 Cirtensem
2243 5318 2571 5387 episcopum.
2598 5312 2817 5367 Videtur
2842 5312 2888 5367 is
2910 5310 3065 5381 paulo
3086 5318 3207 5381 post
3225 5327 3256 5367 e
3276 5311 3379 5364 vita
3400 5310 3501 5365 mi-

1922 5423 2137 5481 grasse;
2169 5422 2269 5461 nec
2292 5406 2433 5461 enim
2467 5404 2557 5458 diu
2585 5403 2945 5473 episcopatum
2978 5401 3145 5456 tenuit
3178 5400 3381 5471 (Epist.
3405 5400 3494 5467 7i,

1924 5518 1971 5555 c.
1993 5501 2045 5567 1,
2067 5517 2120 5552 n.
2143 5499 2179 5553 2
2197 5498 2237 5569 ),
2269 5507 2323 5553 et
2350 5497 2503 5551 annis
2534 5496 2733 5565 aliquot
2771 5505 2894 5550 ante
2917 5495 3021 5549 vita
3047 5493 3310 5559 discessit,
3340 5507 3500 5564 quam

1928 5590 2247 5660 Augustinus
2262 5586 2458 5641 librum
2478 5586 2544 5641 de
2559 5586 2728 5642 Unico
2746 5585 3011 5655 Baptismo
3028 5585 3385 5640 conscriberet
3398 5579 3504 5654 (De

1930 5684 2090 5739 Unico
2137 5680 2423 5751 Baptismo,‘
2462 5695 2513 5733 η.
2561 5678 2681 5749 29).
2733 5677 3002 5735 Successit
3045 5677 3093 5732 ei
3137 5676 3498 5738 Fortunatus,
