3990 6360
510 239 604 294 9,71
1636 235 1793 292 VITA
1835 232 1891 286 S.
1935 226 2296 283 AUGUSTIM
2339 228 2649 286 EPISCUPI.

509 373 645 414 unus
669 372 734 413 ex
774 357 873 411 illis
903 366 1124 427 septem,
1156 358 1240 426 qui
1282 357 1343 410 ad
1374 356 1618 410 Ecclesia:
1660 369 1873 408 causam
1907 352 1956 404 in
1987 367 2073 404 ee-

504 444 788 523 lebcrrima
817 445 900 503 illa
939 447 1336 517 Carthaginensi
1363 446 1643 501 collatione
1673 452 1856 498 contra
1903 442 2072 496 Dona-

511 524 658 592 tis'ias
679 537 1132 609 prripugnandum.
1162 552 1299 590 anno
1319 534 1836 607 quadringentesimo
1862 529 2076 585 undeci-

511 645 619 697 mo,
666 626 732 684 ab
759 629 1018 683 universis
1047 628 1236 683 Africa:
1264 629 1527 699 episcopis
1567 619 1840 682 catholicis
1886 622 2072 677 delecti

511 727 652 773 sunt.
693 717 772 773 Ob
793 720 1021 773 studium
1055 719 1373 788 paupertatis
1402 718 1644 772 laudatur
1665 717 1732 770 ab
1760 715 2072 785 Augustino,

510 809 596 878 qui
618 809 730 878 ejus
756 804 1072 863 ordinationi
1091 807 1258 862 adfuit
1280 824 1399 863 cum
1421 809 1609 878 Alypio
1633 798 1841 879 (Contra
1860 805 2075 858 Litteras

514 899 774 966 Petiliani,
794 917 838 953 ε.
856 899 944 962 99,
960 919 1009 953 n.
1029 896 1176 968 2'28).
1196 897 1442 968 Legimus
1459 900 1596 952 enim
1610 892 1792 952 ambos
1807 899 1934 952 istos
1952 911 2076 964 pra:-

518 991 660 1045 snles
685 1007 786 1045 una
803 989 1002 1045 Cirtam
1035 992 1340 1045 festinanter
1370 1006 1427 1044 se
1447 984 1732 1044 contulisse
1756 987 1822 1041 ad
1845 985 2077 1056 episcopi

512 1079 894 1136 ordinationem
923 1081 1112 1151 (Epist.
1143 1081 1230 1145 44,
1255 1081 1328 1133 c.1
1346 1123 1360 1146 ,
1377 1098 1428 1133 η.
1453 1081 1503 1145 l,
1522 1089 1628 1132 etc.
1648 1078 1701 1143 5,
1721 1095 1772 1132 η.
1794 1071 1871 1148 ὓ).
1912 1077 2077 1131 Porro

430 1233 434 1236 ,
512 1178 722 1224 constat
741 1171 788 1225 id
808 1171 1089 1240 contigisse
1105 1181 1227 1224 ante
1243 1170 1576 1225 collationem
1588 1167 2074 1236 Carthaginensem,

512 1261 597 1315 cui
615 1260 1074 1321 Fortunatusinter
1095 1258 1209 1313 fuit.
1232 1260 1360 1312 Cum
1377 1259 1574 1312 Cirtam
1593 1265 1887 1326 pergerent,
1909 1264 2079 1310 trans-

513 1350 1013 1412 ieruntTubursico,
1043 1349 1192 1419 cujus
1224 1349 1364 1402 urbis
1395 1350 1670 1417 episcopus
1698 1364 1760 1400 ex
1795 1355 1939 1416 parte
1969 1346 2074 1398 Do-

518 1442 828 1494 natistarum
857 1448 969 1494 erat
1014 1439 1314 1504 Fortunius,
1361 1437 1517 1491 homo
1548 1437 1783 1490 confecta
1813 1444 1986 1497 a-tate,
2014 1449 2078 1487 cu

508 1531 597 1601 jus
613 1531 984 1599 benignitatem
1000 1529 1273 1583 laudarant
1290 1529 1422 1597 apud
1443 1527 1782 1597 Augustinum
1798 1525 2079 1579 Donatista:

512 1622 732 1691 aliquot,
756 1622 984 1687 Glorius,
1015 1621 1274 1684 Eleusius,
1299 1630 1350 1674 et
1378 1619 1542 1684 Felix,
1567 1619 1903 1698 qui-viejssim
1924 1616 2083 1669 hono-

511 1713 711 1768 rificam
762 1711 829 1769 de
861 1713 1150 1783 Augustino
1193 1713 1514 1766 mentionem
1548 1711 1798 1764 Fortunio
1830 1710 2076 1763 fecerant.

513 1804 746 1873 Apparet
773 1804 856 1858 vel
899 1820 962 1858 ex
992 1804 1152 1857 verbo
1190 1802 1378 1869 soletis,
1408 1817 1510 1870 quo
1535 1815 1626 1856 eos
1663 1800 1941 1869 alloquitur
1975 1800 2082 1853 Au-

510 1898 751 1968 gustinus
781 1898 799 1968 (
835 1897 997 1963 Ibid.,
1029 1913 1081 1949 n.
1119 1895 1193 1965 l),
1241 1895 1339 1965 ipsi
1384 1894 1543 1948 fuisse
1599 1908 1717 1947 cum
1775 1891 1878 1945 illis
1927 1906 2078 1944 usum

508 1999 565 2043 et
607 1987 1040 2043 consuetudinem
1071 2004 1083 2039 :
1115 1987 1238 2040 licet
1281 1983 1712 2054 Hippone-Regio
1757 1996 1860 2035 non
1906 1987 2082 2034 essent

506 2077 739 2143 oriundi,
771 2076 862 2131 sed
891 2077 990 2130 alia
1021 2076 1258 2141 civitate,
1290 2089 1456 2143 eaque
1478 2073 1671 2128 Gelizm
1687 2079 1849 2140 ‘alque
1881 2070 1998 2138 ipsi,
2027 2074 2083 2123 ut

473 2175 476 2178 ’
506 2168 736 2233 videtur,
753 2168 976 2238 llipponi
995 2166 1208 2220 finitima
1225 2165 1410 2236 (Epist.
1432 2163 1518 2230 45,
1540 2180 1586 2217 c.
1600 2158 1814 2232 112.5).
1832 2161 2082 2216 Solebant

506 2257 587 2311 illi
611 2257 980 2326 benignissime
998 2253 1230 2326 polliceri
1253 2253 1563 2322 Augustino,
1588 2265 1692 2306 non
1713 2259 2078 2306 recusaturum

508 2347 822 2402 Fortunium
850 2347 916 2402 de
945 2344 1313 2415 componendo
1349 2344 1700 2398 Ecelesiarum
1723 2342 1942 2396 discidio
1961 2356 2080 2395 cum

505 2453 576 2493 eo
592 2437 816 2506 colloqui
842 2436 1028 2507 (Epist.
1052 2437 1139 2501 44,
1163 2451 1208 2488 c.
1235 2436 1351 2498 l,n.
1379 2435 1452 2502 l).
1477 2433 1804 2502 Quapropter
1831 2446 1950 2486 cum
1977 2430 2084 2484 Tu-

509 2527 781 2582 bursicum
802 2527 1049 2589 venisset,
1076 2525 1388 2579 renuntiavit
1409 2523 1680 2610 Fortnniq,
1705 2536 1762 2576 se
1783 2520 1846 2574 iis
1874 2535 1989 2590 quae
2015 2518 2084 2573 de

511 2619 627 2688 ipso
655 2617 964 2680 inaudierat,
997 2613 1060 2669 ad
1079 2630 1199 2670 eum
1222 2623 1273 2668 et
1291 2611 1571 2668 videndum
1590 2623 1639 2667 et
1662 2610 2080 2681 compellandum

512 2710 708 2766 induci.
753 2707 950 2763 Annuit
997 2706 1106 2762 ille.
1152 2707 1270 2760 Mox
1321 2705 1662 2776 Augustinus.
1711 2703 2083 2759 comitantibus

501 2816 622 2856 non
656 2800 854 2870 paucis,
878 2814 1011 2869 quos
1042 2798 1112 2852 illi
1146 2796 1389 2851 fortuitus
1429 2811 1581 2850 casus
1607 2796 1933 2864 adjunxerat,
1961 2807 2082 2846 eum

512 2894 776 2953 convenit,
803 2891 903 2946 ho'c
930 2891 1066 2944 illius
1095 2890 1234 2944 {elati
1259 2886 1591 2943 tribuendum
1615 2887 1918 2941 arbitratus.
1950 2886 2082 2940 Cum

512 2984 646 3055 apud
668 2999 788 3039 eum
814 2982 1159 3047 consedisset,
1203 2979 1449 3049 frequens
1479 2978 1670 3034 civium
1692 2978 1882 3041 'tu‘rba,
1925 2992 2082 3048 quam

512 3074 672 3144 hujus
701 3072 948 3143 colloquii
977 3080 1158 3126 rbmor
1189 3080 1282 3140 per
1312 3071 1493 3124 urbem
1524 3069 1795 3139 dispersus
1830 3069 2078 3134 accierat,

507 3166 698 3222 eodem
724 3165 994 3219 confluxit.
1034 3161 1090 3217 In
1118 3172 1256 3216 tanta
1275 3165 1458 3216 tamen
1481 3159 1778 3231 frequentia
1807 3160 1957 3230 pauci
1985 3161 2082 3214 ad-

509 3255 726 3311 modum
767 3253 938 3309 studio
977 3250 1357 3322 cognoscenda:
1387 3251 1640 3315 veritatis,
1674 3264 1830 3319 quam
1871 3248 2083 3318 plurimi

513 3358 640 3402 vero
667 3345 777 3400 sola
819 3341 1187 3413 disputationis
1212 3339 1516 3396 curiositate
1538 3340 1786 3410 permoti,
1830 3333 1972 3393 velut
2015 3337 2082 3393 ad

486 3435 869 3507 'spectaculum
912 3440 1286 3489 convenerant.
1341 3431 1415 3485 Ex
1463 3429 1563 3484 isto
1604 3429 1780 3500 populi
1824 3443 2083 3506 concursu

511 3534 628 3580 'orta
651 3533 731 3580 est
761 3523 1081 3595 perturbatio
1107 3538 1119 3574 :
1147 3535 1315 3590 neque
1347 3534 1551 3589 preces,
1593 3532 1764 3587 neque
1793 3518 1947 3571 ruinae
1975 3525 2081 3571 tam

498 3613 787 3686 "Augustini
836 3629 992 3686 quam
1021 3612 1286 3673 Fortunii,
1339 3608 1696 3664 necessarium
1743 3607 2081 3677 disputationi

511 3700 776 3761 Silentium
795 3713 1111 3774 extorquere
1140 3709 1437 3772 potuerunt.
1470 3699 1574 3752 Res
1597 3705 1776 3752 tamen
1799 3707 2082 3765 utcumque

500 3797 593 3868 “agi
619 3803 791 3866 empta
810 3795 921 3860 'est,
949 3804 1002 3850 et
1028 3809 1122 3863 per
1149 3793 1304 3846 horas
1335 3789 1535 3858 aliquot
1555 3789 1777 3843 invicem
1809 3803 2082 3842 sermones

509 3887 866 3951 contulerunt.
900 3884 1221 3955 Augustinus
1259 3882 1326 3936 ab
1356 3882 1471 3951 ipso
1515 3879 1679 3934 ferme
1715 3878 2084 3948 disputationis

515 3975 733 4034 exordio
777 3975 1079 4047 poStulavit,
1123 3986 1179 4029 ut
1207 3973 1364 4028 verba
1409 3973 1546 4028 ultro
1595 3973 1832 4042 citroque
1881 3972 2082 4042 prolata

513 4071 878 4140 exciperentur
902 4083 932 4123 a
958 4066 1208 4136 nomriis;
1242 4082 1345 4136 quo
1370 4065 1603 4136 pacatior
1625 4073 1674 4121 et
1698 4065 1986 4120 modestior
2003 4066 2084 4120 fo-

510 4170 597 4216 ret
623 4160 925 4231 disputatio.
957 4156 1156 4213 Annuit
1184 4172 1324 4227 wgre
1353 4155 1658 4212 Fortunius.
1707 4154 1810 4211 Sed
1839 4157 2079 4224 notariis,

502 4252 605 4323 qui
653 4252 891 4316 aderant,
943 4250 1188 4319 excipere
1229 4249 1588 4315 renuentibus,
1617 4249 1703 4303 alii
1750 4248 1850 4304 hoc
1891 4265 2083 4306 munus

513 4342 768 4414 aggressi,
797 4342 866 4396 ob
895 4340 1215 4396 inordinatos
1242 4339 1682 4409 perstrepentium
1713 4340 2084 4409 interpellatio-

511 4423 612 4488 nes
639 4431 893 4487 desistere
914 4431 1082 4487 coacti
1114 4439 1253 4486 sunt.
1275 4421 1570 4484 Fortunius
1599 4431 1767 4500 primo
1792 4430 2078 4494 contendit,

510 4534 613 4594 ‘per
643 4531 805 4578 totum
844 4531 1099 4596 terrarum
1125 4521 1306 4578 orbem
1338 4516 1579 4576 diffusam
1606 4535 1723 4577 esse
1749 4523 2080 4577 communio—

517 4627 637 4671 nem
666 4628 856 4669 suam:
899 4613 990 4670 sed
1041 4611 1307 4669 affirmare
1356 4628 1460 4669 non
1503 4622 1585 4668 est
1611 4629 1790 4680 ausus,
1837 4630 1996 4687 posse
2025 4629 2083 4671 se

517 4702 717 4759 litteras
743 4704 1252 4759 'communieatorias
1291 4718 1622 4774 quocumque
1652 4705 1878 4759 mittere.
1931 4706 2081 4772 Quod

516 4794 562 4849 si
591 4795 922 4858 asseruisset,
953 4808 1072 4848 eum
1099 4788 1442 4862 compulisset
1465 4787 1806 4864 Augustinus,
1831 4801 1887 4849 ut
1903 4810 2082 4851 secum

515 4885 714 4957 pariter
735 4883 802 4938 ad
848 4882 1114 4938 Ecclesias
1143 4884 1193 4938 in
1221 4883 1507 4954 Scripturis
1547 4885 1849 4955 apostolicis
1878 4895 2082 4943 notabis

516 4976 791 5032 scriberet.
822 4972 956 5028 Tum
982 4972 1264 5028 Fortunius
1307 4973 1373 5029 ad
1424 4977 1812 5044 persecutiones
1839 4991 1869 5028 a
1898 4991 2084 5031 conse-

517 5065 715 5122 ctaneis
738 5064 865 5130 suis,
890 5070 946 5118 ut
969 5063 1197 5128 dicebat,
1230 5064 1476 5118 toleratas
1500 5062 1746 5134 delapsus
1765 5072 1863 5119 est.
1888 5063 2084 5120 Verum

518 5154 742 5225 subjecit
765 5154 1108 5225 Augustinus,
1138 5154 1533 5224 persecutiones
1559 5167 1652 5208 eos
1689 5154 1830 5208 solos
1866 5171 2086 5210 numero

519 5245 790 5302 beatorum
811 5247 893 5317 adj
904 5262 1119 5317 ungere,
1135 5245 1221 5316 qui
1245 5253 1458 5315 prOpter
1472 5245 1726 5314 justitiam
1746 5254 2082 5316 paterentur:

519 5339 742 5409 ideoque
766 5339 809 5392 si
839 5337 1116 5403 Macarius,
1146 5336 1212 5391 de
1232 5351 1334 5406 quo
1363 5345 1466 5390 tam
1493 5336 1680 5390 acerbe
1708 5337 2084 5405 querebantur,

517 5446 611 5486 eos
637 5424 703 5484 ab
722 5435 904 5484 exorto
927 5428 1094 5482 solum
1117 5426 1404 5482 schismate
1431 5425 1702 5479 divexarat
1724 5441 1863 5480 anno
1890 5435 2088 5481 trecen-

521 5521 707 5575 tesimo
733 5516 1136 5589 quadragesimo
1167 5527 1373 5584 octavo,
1408 5518 1604 5572 nullum
1632 5516 1754 5572 hinc
1779 5531 1887 5571 sua:
1913 5532 2086 5574 causae

519 5610 850 5667 commodum
892 5610 1008 5663 il‘os
1054 5627 1208 5675 posse
1252 5613 1527 5670 deducere.
1583 5611 1870 5682 Respondit
1900 5611 2086 5667 Fortu-

3647 237 3756 293 272

2184 346 2319 409 nius,
2351 349 2808 401 transmarinarum
2838 350 3059 418 partium
3097 351 3359 406 Ecclesias
3387 355 3643 409 mansisse
3670 355 3756 409 in-

2184 447 2454 504 nocentes,
2495 438 2664 492 donee
2691 440 3083 494 consensissent
3111 441 3160 494 in
3187 455 3370 496 eorum
3401 446 3708 513 sanguinem
3737 484 3753 506 ,

2181 543 2313 597 quos
2336 529 2624 582 Illacariana
2647 530 2939 598 persecutio
2967 533 3285 587 sustulisset.
3326 533 3429 587 Sed
3451 549 3572 588 eum
3599 551 3762 606 urge-

2182 629 2346 682 retur,
2401 627 2574 672 utrum
2618 620 2946 674 consectanei
2989 622 3066 674 sui
3114 621 3297 676 Saltem
3342 622 3409 676 ad
3454 623 3540 677 illa
3589 639 3762 693 usque

2183 719 2420 780 tempora
2446 725 2563 764 cum
2589 708 2938 765 Orientalibus
2977 710 3226 767 Ecclesiis
3254 714 3566 782 ca-terisque
3606 715 3760 770 orbis

2182 802 2416 870 partibus
2455 801 2505 854 in
2545 802 2741 855 unitate
2780 801 3094 858 mansissent
3127 822 3137 856 :
3169 805 3385 873 protulit
3424 807 3698 874 epistolam
3733 849 3753 873 ,

2182 907 2339 961 quam
2377 891 2651 945 concilium
2696 892 3006 948 Sardicense
3041 911 3180 947 anno
3217 895 3589 950 trecentesimo
3625 909 3758 964 qua-

2183 979 2478 1051 dragesimo
2504 984 2724 1052 septimo
2750 984 3031 1052 scripserat
3049 984 3113 1037 ad
3133 985 3410 1052 Donatum,
3427 1002 3581 1055 quem
3599 1002 3760 1041 suum

2183 1063 2646 1141 Carthaginiensem
2676 1088 2792 1128 esse
2830 1073 3196 1128 contendebat.
3231 1075 3379 1129 Patet
3409 1077 3762 1144 Augustinum

2184 1160 2378 1215 nullam
2402 1161 2658 1215 hactenus
2689 1163 2843 1232 hujus
2871 1164 3105 1232 epistola.-
3126 1172 3215 1216 aut
3246 1165 3451 1218 concilii
3478 1165 3766 1220 Sardicenb

2184 1255 2255 1308 sis
2306 1254 2549 1308 habuisse
2596 1256 2851 1308 notitiam.
2908 1255 3100 1309 Verum
3137 1271 3256 1309 cum
3300 1257 3352 1310 in
3397 1256 3495 1310 hae
3534 1258 3762 1325 epistola

2187 1345 2524 1418 Athanasium
2555 1345 2991 1412 Alexandrinum,
3025 1358 3075 1402 et
3100 1349 3292 1403 Julium
3321 1349 3614 1404 Romanum
3640 1353 3762 1418 epi-

2184 1449 2397 1506 scopum
2417 1437 2696 1505 improbari
2722 1437 2954 1505 vidisset,
2979 1453 3094 1492 eam
3117 1443 3181 1492 ex
3208 1440 3516 1493 Arianorum
3543 1441 3762 1495 officina

2187 1530 2442 1597 prodiisse
2470 1527 2618 1582 facile
2645 1529 3030 1583 animadvertit.
3063 1529 3221 1584 Petiit
3248 1529 3403 1598 igitur
3420 1529 3477 1582 tit
3503 1530 3565 1583 ad
3595 1546 3758 1585 accu-

2186 1619 2432 1673 ratiorem
2481 1628 2773 1686 temporum
2817 1619 3198 1673 discussionem
3251 1619 3348 1672 sibi
3403 1620 3586 1673 liceret
3638 1635 3762 1674 eam

2185 1709 2440 1778 accipere,
2481 1724 2541 1762 ac
2580 1724 2759 1762 secum
2801 1708 3027 1764 auferre.
3087 1709 3279 1763 Renuit
3325 1709 3626 1773 Fortunius,
3661 1727 3764 1764 nec

2185 1815 2304 1854 eum
2329 1800 2411 1853 vel
2438 1815 2595 1852 manu
2616 1813 2706 1852 sua
2733 1798 2995 1868 quidpiam
3023 1798 3278 1852 adnotare
3305 1799 3541 1866 permisit
3570 1816 3580 1850 :
3613 1798 3762 1868 quod

2188 1901 2359 1944 tmnen
2406 1891 2619 1959 Optabat
2671 1891 3024 1960 Augustinus,
3072 1906 3140 1945 ne
3185 1889 3283 1944 sibi
3326 1905 3484 1945 causa
3533 1889 3759 1945 forsitan

2185 1979 2426 2049 exigente
2464 1980 2691 2050 petenda
2720 1989 2859 2034 esset
2881 1981 2968 2033 illa
3005 1980 3247 2049 epistola,
3287 1989 3340 2035 et
3367 1981 3468 2034 alia
3494 1996 3766 2050 suppone-

2185 2085 2352 2128 retur.
2379 2069 2508 2126 Cum
2531 2081 2773 2142 pergeret
2798 2066 3077 2126 Fortunius
3098 2071 3352 2141 justitiam
3378 2087 3487 2126 suae
3511 2074 3672 2140 partis
3691 2087 3764 2126 ex

2186 2180 2250 2220 eo
2276 2172 2472 2219 certam
2501 2161 2636 2218 velle
2682 2159 2934 2234 intelligi,
2984 2164 3106 2233 quia
3153 2165 3572 2233 persecutionem
3601 2177 3761 2232 passa

2187 2251 2373 2321 fuerit;
2419 2255 2740 2325 Augustinus
2790 2257 3052 2322 ostendit,
3092 2256 3517 2326 persecutionem
3566 2256 3632 2310 ad
3672 2257 3764 2325 jus

2187 2361 2362 2400 causa:
2404 2345 2728 2415 probandum
2760 2357 2866 2399 nun
2891 2343 3019 2400 satis
3059 2345 3254 2400 habere
3288 2346 3537 2400 momenti
3563 2362 3578 2409 ;
3603 2345 3764 2413 idque

2187 2437 2514 2490 confirmavit
2557 2437 2812 2506 exemplis
2859 2435 3157 2490 Maximiani
3195 2437 3261 2490 ab
3302 2438 3430 2505 ipsis
3470 2437 3764 2490 Donatistis

2187 2527 2451 2596 exagitati,
2479 2537 2530 2580 et
2572 2527 2857 2594 Ambrosii,
2887 2542 3041 2596 quem
3088 2525 3432 2580 christianum
3481 2537 3533 2580 et
3556 2525 3765 2594 justum

2188 2609 2347 2672 fuisse
2371 2633 2562 2687 negare
2589 2617 2930 2687 cogebantur,
2953 2633 2982 2670 a
3009 2617 3214 2671 Justina
3249 2616 3498 2671 divexati.
3529 2617 3763 2683 Rursum

2189 2708 2469 2763 Fortunius
2497 2708 2867 2764 interventoris
2896 2705 3187 2777 cujusdam,
3218 2722 3372 2776 quem
3395 2721 3425 2760 a
3454 2706 3648 2760 nostris
3673 2721 3767 2760 oc-

2187 2803 2353 2858 cisum
2383 2803 2606 2868 dicebat,
2648 2811 2816 2857 morte
2842 2803 3068 2870 objecta,
3095 2802 3161 2856 ab
3190 2802 3479 2870 Augustino
3504 2801 3766 2854 instanter

2187 2909 2422 2964 qurercre
2447 2895 2624 2963 etrapit,
2657 2909 2813 2963 quem
2840 2894 3038 2962 justum
3083 2902 3310 2962 putaret,
3340 2886 3429 2962 qui
3459 2891 3669 2956 occidit,
3693 2907 3764 2945 an

2187 2985 2275 3054 qui
2302 2986 2504 3040 occisus
2522 2994 2682 3040 esset.
2711 2983 2899 3039 Statim
2922 2985 3008 3039 ille
3023 2985 3070 3039 ei
3091 2984 3181 3038 uni
3207 2999 3303 3053 nec
3319 2984 3554 3054 probata:
3575 2985 3762 3049 morti,

2186 3090 2305 3129 cum
2333 3076 2495 3129 multa
2521 3076 2643 3142 alia,
2687 3085 2796 3129 tum
2824 3076 3051 3128 maxime
3075 3074 3321 3143 opposuit
3358 3083 3597 3144 apertum
3640 3074 3766 3129 Cir-

2187 3165 2584 3220 cumcellionum
2609 3165 2836 3219 furorem
2859 3163 3266 3234 frequentesque
3287 3164 3479 3219 ezedes.
3511 3163 3617 3219 Sed
3636 3177 3767 3218 cum

2187 3254 2301 3309 hwc
2337 3254 2691 3309 dissimularet
2734 3253 3038 3320 Fortunius,
3093 3269 3266 3323 neque
3293 3268 3322 3306 a
3353 3254 3586 3324 quaesitis
3614 3252 3765 3308 desi-

2186 3350 2382 3410 steret;
2409 3344 2584 3399 allatis
2607 3345 2673 3398 ab
2692 3344 2983 3414 Augustino
3006 3343 3130 3398 Elia:
3150 3345 3331 3413 gestis,
3358 3344 3547 3412 quibus
3575 3344 3660 3398 hic
3679 3345 3768 3398 vir

2189 3437 2281 3492 Dei
2313 3439 2494 3508 plures
2520 3437 3008 3508 pseudoprophetas
3031 3452 3188 3491 manu
3215 3451 3307 3490 sua
3336 3435 3624 3505 peremisse
3651 3451 3768 3489 nar-

2186 3540 2354 3595 ratur,
2379 3530 2560 3584 videre
2601 3529 2812 3583 demum
2843 3529 3024 3598 rmpit,
3049 3528 3192 3598 justo
3230 3529 3412 3582 saltem
3442 3528 3636 3582 veteris
3662 3527 3767 3581 Te-

2187 3621 2431 3673 stamenti
2457 3619 2780 3688 temporibus
2801 3619 3013 3673 licuisse
3033 3617 3297 3673 occidere.
3329 3618 3564 3672 Perstitit
3585 3627 3765 3672 tamen

2186 3716 2244 3762 ut
2269 3716 2547 3777 quaereret,
2578 3722 2700 3760 num
2731 3716 2786 3760 et
2813 3708 2913 3762 hoc
2938 3707 3003 3760 de
3038 3721 3176 3760 novo
3219 3706 3557 3761 Testamento
3581 3715 3766 3775 posset

2188 3797 2421 3867 probari.
2451 3797 2531 3852 Ad
2558 3812 2714 3866 quem
2741 3797 3063 3866 Augustinus
3094 3814 3106 3850 :
3131 3796 3232 3850 sibi
3259 3795 3468 3865 quidem
3493 3797 3543 3849 in
3565 3810 3629 3851 eo
3656 3811 3764 3850 non

2188 3903 2466 3942 occurrere
2508 3887 2707 3956 justum
2755 3887 2920 3941 ullum
2969 3887 3058 3956 qui
3117 3887 3344 3955 aliquem
3393 3884 3762 3949 interfecerit,

2190 3988 2550 4036 verumtamen
2604 3979 2800 4048 liquido
2845 3979 2915 4032 ibi
2959 3978 3329 4044 demonstrari,
3380 3977 3666 4032 sceleratos
3694 3979 3765 4030 ab

2191 4070 2556 4124 innocentibus
2586 4070 2637 4122 in
2678 4067 2918 4123 Ecclesia
2949 4063 3247 4122 tolerandos
3275 4081 3430 4132 esse;
3461 4081 3582 4121 cum
3610 4064 3766 4119 Chri-

2189 4171 2304 4215 stus
2318 4162 2428 4229 ipse
2449 4159 2635 4214 Judam
2660 4158 2977 4225 toleraverit,
2993 4158 3105 4213 etei
3117 4158 3342 4226 primum
3360 4157 3764 4225 Sacrament-um

2192 4249 2428 4321 corporis
2449 4258 2501 4304 et
2524 4250 2792 4319 sanguinis
2811 4249 2890 4303 sui
2917 4249 3223 4317 porrexerit.
3254 4249 3367 4313 Quo
3383 4249 3625 4316 exemplo
3641 4263 3764 4302 cum

2192 4356 2356 4412 prope
2381 4354 2566 4395 omnes
2587 4348 2937 4404 moverentur,
2963 4337 3089 4392 illud
3108 4330 3388 4392 Fortunius
3405 4337 3622 4392 eludere
3649 4345 3766 4390 ten-

2162 4434 2338 4510 .tavit,
2355 4447 2601 4488 asserens
2628 4433 2764 4485 illam
2781 4446 2902 4486 cum
2924 4430 3181 4485 scelerato
3206 4431 3632 4485 communionem
3655 4445 3766 4483 non

2191 4524 2424 4578 obfuisse
2451 4523 2736 4592 Apostolis,
2763 4521 2899 4591 quod
2922 4537 3026 4575 non
3053 4522 3212 4576 alium
3241 4537 3396 4591 quam
3421 4521 3639 4576 Joannis
3668 4521 3765 4574 ba-

2192 4616 2437 4684 ptismum
2485 4624 2608 4668 tunc
2641 4614 2894 4682 temporis
2939 4613 3285 4682 accepissent.
3331 4612 3434 4667 Sed
3479 4626 3652 4681 neque
3679 4611 3766 4666 hic

2195 4707 2357 4761 valuit
2383 4707 2696 4776 Augustino,
2728 4719 2821 4760 eos
2859 4703 2969 4773 jam
3008 4711 3116 4758 tum
3149 4703 3413 4772 Baptismo
3441 4702 3635 4757 Christi
3665 4703 3764 4757 ab-

2193 4798 2332 4852 lutos
2349 4797 2507 4851 fuisse
2531 4795 2796 4866 probanti,
2817 4803 2973 4863 atque
2999 4793 3050 4846 in
3071 4808 3187 4858 eam
3213 4809 3324 4847 rem
3345 4792 3765 4848 confirmandam

2191 4889 2340 4958 plura
2368 4887 2538 4942 adhuc
2565 4887 2791 4957 paranti,
2821 4885 3088 4940 resistere.
3137 4885 3263 4939 Inde
3292 4901 3418 4940 vero
3459 4901 3766 4940 sermonem

2191 4982 2256 5035 ad
2286 4981 2335 5035 id
2353 4979 2628 5043 convertit,
2655 4979 2795 5033 unde
2821 4977 3108 5050 intelligere
3130 4977 3304 5041 liceat,
3329 4977 3625 5031 Donatistas
3643 4991 3768 5046 per-

2197 5072 2521 5127 secutionem
2560 5070 2784 5139 aliquam
2809 5069 2906 5122 sibi
2938 5077 3044 5122 tum
3075 5068 3465 5138 impendentem
3501 5067 3765 5122 timuisse.

2193 5155 2324 5217 Nam
2351 5160 2501 5231 petiit
2529 5160 2594 5212 ab
2616 5160 2928 5229 Augustino,
2959 5158 3207 5228 quidnam
3232 5159 3276 5213 si
3306 5174 3460 5212 casus
3486 5158 3765 5222 incideret,

2193 5256 2309 5326 ipse
2334 5262 2474 5309 esset
2516 5252 2768 5306 facturus.
2796 5251 3069 5305 Professus
3093 5260 3176 5306 est
3206 5251 3546 5320 Augustinus,
3597 5264 3658 5304 se
3688 5250 3768 5303 illi

2194 5362 2297 5401 non
2318 5360 2720 5409 eonsensurum,
2760 5343 2885 5413 quin
2939 5344 3097 5397 etiam
3152 5357 3249 5412 pro
3297 5343 3435 5396 virili
3475 5351 3626 5411 parte
3670 5342 3769 5397 ob-

2193 5418 2436 5489 stiturum
2485 5432 2687 5504 (lbid.,
2716 5450 2767 5485 n.
2808 5433 2865 5486 ll
2904 5430 2944 5502 ).
2977 5433 3168 5500 Reipsa
3225 5441 3350 5486 tunc
3396 5431 3650 5500 temporis
3694 5431 3770 5485 ita

2193 5525 2478 5586 sentiebat;
2498 5522 2588 5577 sed
2608 5538 2666 5576 es
2676 5521 2925 5591 perientia
2943 5536 3062 5574 eum
3079 5520 3144 5574 de
3158 5520 3415 5575 sententia
3430 5518 3767 5589 postmodum

2195 5616 2389 5687 depulit
2406 5614 2590 5684 (Epist.
2615 5614 2791 5680 l85,c.
2813 5614 2862 5680 7,
2886 5630 2935 5665 η.
2952 5613 3061 5682 ‘25).
3077 5612 3190 5666 Jam
3209 5611 3274 5666 de
3295 5610 3508 5666 sedibus
3530 5610 3636 5665 suis
3658 5605 3764 5662 diso
