3990 6360
198 397 304 452 επ

198 507 401 566 cessuri
437 510 779 560 surrexerant
801 543 814 565 ,
837 513 955 558 cum
974 497 1228 553 Fortunio
1244 494 1505 551 Gencthlii
1529 495 1774 550 decesso-

200 600 269 656 ris
291 597 490 652 Aurelii
514 597 566 648 in
595 594 722 648 sede
748 588 1144 667 Carthaginensi
1170 587 1437 641 lenitatem
1458 585 1775 654 praedicante

198 689 423 758 subjecit
451 687 776 757 Augustinus
805 701 818 734 :
848 682 938 736 llle
969 690 1141 733 tamen
1159 677 1490 743 Genethlius,
1514 677 1559 730 si
1589 677 1639 730 in
1666 691 1776 730 ma-

199 796 294 848 nus
323 789 530 835 vestras
555 776 841 839 incidisset,
875 769 1272 841 rebaptizandus
1298 777 1620 824 censeretur.
1659 767 1776 823 Fas-

197 887 282 927 sus
319 879 406 924 est
449 868 760 930 Fortunius,
808 863 1147 918 constitutum
1176 859 1312 930 apud
1342 874 1468 914 suos
1508 858 1687 923 fuisse,
1719 867 1778 912 ut

197 960 437 1030 quisquis
463 958 528 1012 ad
551 960 694 1027 ipsos
721 954 951 1008 fidelium
971 951 1193 1015 venerit,
1226 950 1573 1018 rebaptizctur
1596 965 1609 1000 :
1635 947 1776 1017 quod

197 1062 372 1105 tamen
415 1065 539 1102 cum
573 1047 793 1100 invitum
821 1052 1011 1098 etcum
1038 1040 1218 1095 dolore
1247 1039 1404 1093 animi
1432 1037 1566 1092 hanc
1591 1051 1774 1098 eorum

194 1138 639 1195 consuetudinem
669 1132 1016 1204 improbantis
1054 1131 1249 1196 dicere,
1284 1128 1435 1182 facile
1467 1126 1771 1196 apparebat.

195 1233 257 1287 Et
279 1247 343 1285 re
363 1229 580 1300 quidem
607 1227 717 1296 ipsa
742 1225 898 1279 tutius
925 1223 1146 1277 civitatis
1163 1217 1464 1275 testimonio
1479 1216 1768 1281 constabat,

193 1337 350 1390 quam
382 1327 528 1374 esset
568 1333 597 1371 a
625 1316 869 1371 violentis
911 1320 1070 1370 secta:
1099 1326 1210 1366 suae
1253 1309 1403 1363 factis
1446 1307 1681 1371 alienus,
1709 1304 1775 1359 de

193 1413 384 1482 quibus
405 1409 546 1480 apud
573 1422 698 1463 suos
723 1406 914 1474 sarpius
948 1401 1384 1472 conquerebatnr,
1422 1406 1481 1452 ut
1504 1413 1623 1454 cum
1647 1396 1775 1466 ipsis

191 1503 353 1558 etiam
403 1499 682 1560 catholicis
725 1497 778 1550 in
815 1496 916 1548 hoc
949 1491 1212 1560 colloquio
1251 1488 1581 1544 condolcbat.
1629 1486 1774 1552 Quo-

192 1593 336 1650 circa
388 1588 644 1653 convenit
692 1587 830 1641 inter
886 1598 1014 1649 eos,
1066 1582 1295 1646 violenta
1348 1579 1606 1642 facinora,
1655 1592 1775 1648 quae

193 1685 289 1746 sibi
333 1682 563 1736 invicem
593 1679 880 1733 Donatistte
899 1685 954 1731 et
981 1673 1242 1728 Catholici
1282 1670 1690 1740 exprobrabant,
1721 1669 1772 1723 in

193 1775 273 1828 his
305 1769 754 1842 disputationibus
793 1783 894 1821 non
925 1780 1044 1820 esse
1088 1762 1420 1834 proferenda.
1464 1761 1776 1816 Sebismatis

193 1866 454 1920 adversus
477 1862 814 1918 Caecilianum
835 1874 865 1912 a
883 1856 1168 1912 Donatistis
1185 1853 1392 1910 excitati
1423 1853 1644 1921 quaestio
1661 1852 1775 1921 agi-

191 1957 349 2011 tanda
381 1955 638 2010 restabat.
671 1953 848 2020 Itaque
891 1948 1200 2002 Fortunium
1239 1947 1530 2000 obtestatus
1555 1954 1635 1999 est
1663 1945 1772 1998 Au-

190 2046 458 2115 gustinus,
489 2052 546 2096 ut
573 2051 758 2112 pacato
784 2039 958 2100 animo
995 2037 1061 2091 ad
1090 2047 1194 2091 tam
1219 2050 1429 2106 gravem
1458 2044 1774 2089 controver-

191 2135 325 2188 siam
369 2131 795 2202 componendam
823 2143 998 2184 secum
1038 2127 1382 2180 adniteretur.
1416 2123 1774 2193 Respondenti

192 2223 475 2288 Fortunio,
505 2222 646 2276 nolle
665 2219 965 2274 Catholicos
989 2217 1054 2271 de
1080 2217 1162 2270 his
1191 2215 1535 2285 quaestionem
1570 2213 1771 2278 haberi,

193 2315 466 2384 pollicitus
504 2320 587 2367 est
627 2310 968 2379 Augustinus,
997 2322 1054 2362 se
1081 2307 1311 2375 collegas
1350 2319 1494 2370 suos,
1527 2311 1668 2357 certe
1695 2303 1774 2356 vel

193 2405 402 2468 decem,
437 2403 525 2472 qui
575 2417 686 2456 sua:
731 2399 1006 2453 sententia:
1052 2397 1460 2459 subscriberent,
1510 2393 1775 2448 exhibitu-

191 2513 327 2550 rnm.
379 2496 528 2550 Idem
558 2511 620 2548 ex
665 2501 813 2562 parte
844 2490 1240 2546 Donatistarum,
1265 2485 1546 2556 spopondit
1589 2484 1776 2539 Fortu-

193 2589 330 2641 nius.
363 2586 480 2641 Sub
506 2585 622 2638 hmc
652 2583 940 2637 discessum
968 2588 1072 2635 est.

255 2678 314 2730 ‘2.
339 2674 608 2729 Postridie
623 2673 905 2726 Fortunius
923 2668 1268 2739 Augustinum
1291 2666 1557 2732 convenit,
1581 2674 1633 2720 et
1654 2680 1775 2718 rur-

191 2783 282 2824 sus
311 2767 509 2824 eadem
546 2766 614 2821 de
657 2781 714 2819 re
742 2768 981 2833 egerunt,
1013 2761 1107 2815 sed
1139 2761 1352 2830 paucis;
1393 2758 1641 2828 quoniam
1674 2757 1780 2810 Au-

191 2861 440 2928 gustinus
479 2857 731 2924 Majorem
763 2853 1130 2909 leicolarnm
1168 2850 1538 2912 accersiverat,
1571 2863 1776 2903 sermo-

194 2965 312 3004 nem
344 2964 472 3003 eum
503 2962 568 3001 eo
594 2946 900 3008 habiturus;
924 2953 976 2999 et
1000 2942 1066 2997 ad
1095 2942 1397 3011 episc0pum
1428 2938 1776 2994 ordinandum

195 3041 590 3110 quamprimum
619 3045 734 3092 erat
763 3035 1090 3105 profecturus
1114 3051 1126 3086 :
1152 3034 1321 3102 ipsum
1347 3046 1558 3102 quoque
1586 3031 1778 3086 Fortu-

198 3126 342 3178 nium
378 3124 670 3193 cujusdam
701 3125 907 3177 itineris
937 3121 1231 3178 necessitas
1258 3119 1500 3189 urgebat.
1538 3117 1789 3188 Quando-

191 3218 403 3288 quidem
426 3219 634 3273 Cirtam
655 3231 713 3272 se
731 3215 1021 3281 conferret,
1046 3213 1284 3268 dubitari
1306 3229 1410 3266 non
1441 3219 1634 3281 potest,
1657 3210 1789 3280 quin

192 3311 339 3364 istius
370 3310 613 3365 civitatis
644 3308 972 3364 ordinandus
1010 3315 1156 3362 esset
1186 3305 1488 3374 episcopus,
1513 3302 1780 3368 Fortuna:

191 3410 269 3456 tus
295 3401 562 3457 videlicet
590 3399 865 3456 Profuturi
889 3412 1188 3453 successor.
1213 3395 1345 3450 Nam
1373 3393 1712 3466 Profuturus,
1729 3403 1788 3448 ut

192 3493 496 3561 docuimus,
525 3493 890 3564 Augustinum
924 3493 975 3546 in
1005 3490 1320 3560 episc0patu
1345 3487 1714 3556 antecedebat,
1733 3494 1791 3541 et

192 3587 298 3652 ejus
321 3600 619 3641 successor
639 3585 966 3639 Fortunatus
990 3584 1128 3637 inter
1151 3580 1432 3651 primarios
1463 3587 1579 3633 erat
1603 3578 1657 3632 iu
1677 3577 1789 3636 col-

193 3678 383 3731 latione
406 3675 824 3746 Carthagiuensi
851 3689 992 3736 anno
1009 3670 1539 3744 quadringentesimo
1565 3668 1790 3728 undeci-

193 3783 291 3823 mo.
312 3768 550 3830 Constat
570 3783 736 3838 porro
765 3768 905 3822 hunc
924 3766 1149 3837 Augusti
1163 3765 1214 3819 ni
1237 3778 1356 3818 cum
1385 3761 1647 3819 Fortunio
1662 3777 1793 3818 con-

203 3864 439 3918 gressum
487 3857 545 3902 et
590 3848 912 3916 colloquium
951 3847 1233 3914 contigisse
1277 3854 1399 3899 ante
1424 3860 1617 3898 annum
1645 3861 1779 3914 qua-

204 3939 681 4009 dringentesimum
713 3937 1074 3990 undecimum.
1103 3934 1252 4000 Quod
1273 3934 1673 4003 conjicerelicct
1698 3934 1778 3988 vel

203 4044 262 4082 ex
287 4029 407 4097 ipso
434 4027 717 4096 Augustini
747 4026 924 4080 animo
947 4041 978 4080 a
1005 4023 1385 4094 persequendis
1407 4023 1670 4078 haereticis
1688 4024 1778 4078 ad-

203 4119 302 4176 huc
343 4120 549 4173 alieno.
579 4118 922 4186 Perspicuum
967 4117 1128 4171 etiam
1163 4124 1262 4179 est,
1306 4115 1606 4169 Donatistas
1657 4123 1779 4170 tunc

201 4211 405 4280 quietos
431 4210 618 4272 fuisse,
641 4216 853 4277 totaque
873 4206 1092 4276 cpistola
1114 4220 1206 4260 eos
1234 4205 1383 4274 plena
1415 4205 1516 4258 frui
1539 4205 1778 4260 libertate

205 4283 428 4361 indicat;
457 4296 604 4366 quod
633 4311 898 4365 nunquam
940 4295 1131 4348 accidit
1160 4294 1226 4348 ab
1254 4308 1393 4347 anno
1421 4293 1776 4362 quadringen-

203 4387 386 4440 tesimo
412 4386 717 4439 undecimo.
743 4385 930 4454 Liquet
955 4383 1155 4451 pariter
1182 4383 1552 4452 Augustinum,
1581 4397 1699 4436 cum
1728 4383 1774 4437 ei

205 4476 486 4530 Fortunius
531 4475 922 4546 pseudesynodi
961 4474 1291 4531 Sardicensis
1320 4473 1594 4542 epistolam
1621 4473 1775 4528 exhi-

203 4564 321 4631 buit,
354 4566 486 4636 quid
530 4565 645 4620 hare
680 4573 822 4620 esset
866 4573 988 4618 tunc
1030 4565 1315 4634 ignorasse.
1345 4563 1488 4616 lllam
1521 4571 1696 4624 tamen
1723 4564 1774 4618 in

203 4655 340 4710 libris
367 4665 561 4712 contra
589 4655 932 4710 Cresconium
955 4663 1076 4708 ante
1101 4669 1294 4707 annum
1316 4653 1775 4722 quadringentesi-

201 4742 344 4802 mum'
377 4748 731 4802 undecimum
771 4747 1081 4816 conscriptis
1125 4752 1405 4810 memorat,
1443 4751 1497 4798 et
1537 4752 1595 4797 ut
1642 4759 1776 4813 opus

201 4841 468 4905 Arianum,
487 4839 632 4908 quod
651 4839 756 4908 jam
777 4838 866 4892 diu
890 4853 995 4907 pra:
1016 4836 1260 4890 manibus
1280 4835 1514 4899 haberet,
1541 4824 1776 4904 explodit

200 4930 404 4999 (Contra
429 4929 778 4994 Cresconium,
799 4929 884 4981 lib.
913 4929 972 4992 δι
997 4943 1041 4980 c.
1067 4927 1230 4998 34,.n.
1258 4925 1371 4993 '58).
1399 4925 1491 4978 llic
1520 4935 1775 4994 praeterea

200 5017 482 5074 Fortunius
510 5018 776 5087 antiquior
821 5016 1116 5093 Augustino
1154 5015 1432 5084 episcopus
1475 5013 1777 5083 decesserat

201 5125 329 5165 anno
345 5109 874 5181 quadringentesimo
895 5108 1172 5164 undecimo
1194 5124 1206 5159 :
1236 5107 1427 5175 quippe
1447 5120 1565 5160 cum
1584 5105 1776 5160 Janua-

201 5202 322 5266 rius,
349 5209 415 5257 ut
437 5201 727 5271 cpiscopus
745 5200 1147 5256 Tubursiccnsis
1172 5199 1224 5253 in
1247 5198 1511 5265 Numidia,
1538 5213 1600 5252 ex
1625 5206 1777 5269 parte

202 5293 593 5348 Donatistarum
617 5277 654 5357 ,i
684 5290 982 5347 interfuerit
1033 5290 1298 5346 collationi
1347 5288 1772 5358 Carthaginensi.

201 5382 297 5438 Sed
324 5385 417 5439 ille
441 5383 733 5438 Fortunius
759 5383 870 5452 ipse
908 5390 1011 5449 est,
1045 5381 1184 5435 haud
1220 5380 1397 5445 dubie,
1425 5381 1515 5450 qui
1542 5379 1776 5434 decimus

200 5484 512 5529 numeratur
545 5473 685 5536 inter
711 5480 974 5528 trecentos
998 5479 1052 5527 et
1076 5471 1259 5528 decem
1289 5471 1568 5540 episcopos
1598 5469 1778 5524 conci-

204 5563 254 5612 iii
293 5564 603 5634 Bagaiensis
645 5577 787 5616 anno
821 5563 1192 5624 trecentesimo
1220 5561 1560 5631 nonagesimo
1588 5568 1778 5630 quarto

205 5649 382 5718 (ΝΜ,
409 5654 494 5706 tib.
515 5655 566 5719 4,
587 5653 738 5720 c210,
757 5671 808 5707 η.
834 5655 945 5725 l2).
961 5654 1060 5709 Ubi
1088 5655 1138 5708 in
1159 5652 1409 5723 praedicto
1429 5652 1691 5722 colloquio
1712 5651 1778 5707 de

202 5741 479 5802 Ambrosio
499 5758 676 5799 sermo
709 5745 908 5814 incidit,
927 5746 1198 5817 Augustini
1214 5745 1370 5802 verba
1388 5744 1635 5801 inducere
1651 5758 1774 5816 pos-

1559 383 1756 438 LIBER
1797 383 2117 450 QUARTUS

3345 390 3446 444 271

1881 503 2024 565 sunt,
2045 505 2101 550 ut
2125 502 2362 550 sanctum
2390 496 2536 550 illum
2562 500 2835 566 praesulem
2865 515 2914 552 tn
2938 499 3067 552 vivis
3089 498 3258 552 adhuc
3281 501 3450 569 egisse

1881 584 2189 640 credamus:
2214 594 2372 656 atque
2399 587 2484 640 ubi
2511 595 2684 640 actum
2725 598 2806 642 est
2849 589 2915 644 de
2958 590 3321 658 persecutione
3349 591 3450 646 Do-

1882 673 2190 728 natistarum
2221 675 2272 728 in
2297 675 2732 741 Maximianistas,
2772 677 2944 730 nullus
2970 693 3144 732 sermo
3171 677 3340 732 factus
3367 693 3451 732 re-

1880 755 2083 830 peritur
2111 763 2176 818 de
2206 763 2523 818 Prtetextato
2549 775 2601 818 et
2629 764 2920 831 Feliciano,
2961 782 3094 837 quos
3139 777 3448 836 receperant

1881 855 1980 909 sub
2023 855 2228 909 initium
2274 857 2396 910 anni
2443 859 2796 912 trccentesimi
2847 860 3170 928 nonagesimi
3197 854 3446 929 septimi.

1881 946 2006 1007 "me
2033 947 2158 1004 v'ero
2180 948 2424 1006 videntur
2453 949 2735 1018 postulare,
2756 957 2814 1003 ut
2841 949 2977 1004 istud
2995 950 3312 1019 colloquium
3345 965 3448 1005 non

1881 1039 2052 1102 serius
2078 1040 2296 1101 ineunte
2310 1055 2449 1122 anno
2471 1041 2846 1096 trecentesimo
2868 1042 3208 1111 nonagesimo
3225 1043 3450 1110 septimo

1880 1132 2114 1186 habitum
2137 1147 2504 1202 agnoscamus.
2524 1133 2626 1188 Sed
2649 1133 2769 1202 quia
2791 1141 2997 1189 constat
3018 1133 3069 1186 id
3101 1134 3450 1204 Augustinum

1879 1221 2144 1286 habuisse,
2165 1237 2285 1277 cum
2314 1223 2380 1276 ad
2409 1221 2756 1277 ordinandum
2787 1222 3057 1278 Profuturi
3088 1238 3449 1278 successorem

1878 1313 2329 1383 proficisceretur;
2353 1315 2652 1382 ponendum
2681 1323 2828 1377 esset,
2845 1313 3138 1384 Megalium,
3161 1315 3245 1367 cui
3265 1329 3452 1384 super-

1878 1412 1986 1458 stes
2040 1402 2138 1458 fttit
2193 1402 2504 1466 Profuturus
2553 1411 2677 1464 tunc
2729 1403 3035 1469 defunctus,
3081 1403 3278 1459 obiisse
3327 1411 3451 1459 ante

1877 1496 2047 1566 ipsum
2075 1511 2268 1551 annum
2288 1496 2712 1551 trecentesimum
2728 1496 3123 1564 nonagesimum
3141 1495 3447 1566 septimum,

1878 1596 2033 1662 atque
2062 1587 2184 1641 anni
2212 1587 2317 1641 fere
2347 1586 2572 1655 spatium
2603 1586 2748 1657 prius
2769 1585 3056 1652 efﬂuxisse,
3075 1600 3230 1655 quam
3258 1585 3370 1654 ejus
3394 1585 3448 1639 in

1880 1679 2107 1748 primatu
2132 1691 2407 1738 successor
2434 1677 2841 1730 renuntiaretur.
2868 1675 2998 1729 Nam
3022 1673 3446 1740 Crescentianns,

1877 1771 1965 1840 qui
1987 1771 2035 1824 ci
2065 1770 2386 1829 successisse
2405 1768 2657 1833 creditur,
2681 1768 2877 1840 primas
2906 1781 3013 1820 non
3046 1765 3159 1829 fuit,
3185 1765 3283 1820 nisi
3308 1764 3473 1822 circa-

1877 1860 2081 1913 initium
2123 1860 2327 1928 augusti
2362 1858 2485 1912 anni
2528 1857 2682 1925 hujus
2727 1855 3079 1910 trcccntesimi
3124 1854 3447 1923 nonagesimi

1877 1949 2106 2025 septimi.
2138 1950 2286 2004 Licet
2322 1957 2498 2002 autem
2539 1947 2812 2016 Megalium
2856 1946 2994 2000 inter
3029 1954 3082 1999 et
3118 1944 3443 2000 Crescentia~

1880 2057 2004 2095 num
2029 2040 2227 2109 primas
2273 2040 2438 2109 possit
2472 2037 2736 2104 interseri,
2766 2052 2873 2090 non
2898 2045 3070 2089 tamen
3097 2044 3194 2096 est,
3225 2051 3317 2088 cur
3348 2033 3450 2088 hoc

1879 2129 1949 2182 ita
1975 2129 2259 2199 contigisse
2281 2143 2596 2182 asscramus.
2617 2126 2876 2192 Quocirca
2899 2124 3160 2177 malumus
3184 2122 3318 2176 istud
3343 2123 3452 2177 cols

1877 2218 2111 2287 loquium
2151 2227 2240 2272 aut
2269 2225 2493 2272 exeunte
2533 2230 2673 2270 anno
2700 2215 3077 2270 trecentesimo
3108 2213 3456 2282 nonagesimo

1879 2310 2102 2379 septimo
2125 2323 2402 2378 reponere,
2435 2316 2522 2361 aut
2551 2305 2726 2379 potius
2755 2306 2968 2359 ineunte
3010 2319 3149 2356 anno
3181 2310 3448 2357 trecente-

1877 2401 2012 2454 simo
2039 2399 2377 2469 nonagesimo
2399 2407 2606 2460 octavo,
2635 2397 2760 2450 dum
2783 2393 3021 2450 Gildonis
3046 2393 3289 2448 interitus
3325 2407 3449 2462 per-

1879 2489 2164 2543 secutionis
2213 2493 2410 2541 metum
2437 2485 2725 2540 Donatistis
2757 2492 2970 2554 propter
3015 2481 3260 2554 Optatum
3297 2495 3450 2534 suum

1879 2579 2117 2635 Gildonis
2138 2577 2398 2632 fautorem
2428 2577 2646 2646 injicere
2667 2584 2891 2646 poterat.

1950 2675 2002 2729 5.
2030 2671 2370 2727 Postmodttm
2411 2673 2732 2742 Augustinus
2763 2672 3029 2726 Eleusium
3079 2680 3134 2726 et
3175 2671 3328 2737 alios,
3360 2670 3452 2747 qui

1879 2763 1947 2818 de
1975 2763 2231 2818 Fortunio
2255 2763 2354 2832 ipsi
2381 2763 2537 2817 verba
2564 2762 2817 2827 fecerant,
2844 2763 3095 2833 colloquii
3122 2778 3241 2816 cum
3267 2777 3332 2816 eo
3360 2762 3454 2815 ha-

1879 2853 1972 2908 biti
2000 2855 2252 2907 certiores
2279 2851 2403 2906 fecit
2426 2868 2438 2905 :
2463 2861 2516 2906 et
2544 2851 2644 2905 hoc
2670 2852 2743 2904 illi
2773 2852 3128 2906 testimonium
3163 2849 3362 2917 tribuit,
3397 2851 3449 2904 in

1880 2945 2141 3014 episcopis
2165 2944 2452 2998 Donatistis
2474 2943 2784 2997 diflieillimc
2810 2952 3080 3011 repertum
3112 2942 3310 2996 iri‘tam
3345 2941 3450 2994 uti-

1881 3035 1985 3089 lem
2007 3035 2238 3088 animum
2267 3043 2319 3088 et
2350 3035 2689 3098 voluntatem,
2721 3048 2878 3111 quam
2898 3033 2948 3087 in
2966 3033 3066 3087 isto
3089 3046 3215 3086 sene
3235 3047 3451 3101 perspe-

1880 3127 2064 3180 xisset.
2095 3125 2201 3179 llos
2240 3125 2539 3178 Donatistas
2587 3139 2680 3192 per
2725 3122 2932 3178 Domini
2962 3123 3270 3192 sanguinem
3297 3123 3451 3176 obte-

1881 3223 2071 3281 statur,
2101 3229 2220 3280 eum
2245 3224 2301 3268 ttt
2323 3215 2403 3268 sui
2431 3214 2495 3269 de
2524 3214 2893 3284 prosequendo
2919 3215 3183 3283 colloquio
3206 3215 3450 3284 promissi

1881 3313 2278 3369 commoneant;
2309 3321 2412 3375 quo
2455 3321 2540 3359 res
2570 3306 2679 3375 jam
2715 3313 2886 3374 empta
2913 3314 2969 3360 et
2997 3321 3183 3374 magna
3210 3320 3273 3359 ex
3298 3313 3449 3374 parte

1881 3405 2051 3466 gesta,
2079 3394 2292 3454 tandem
2337 3395 2622 3464 aliquando
2669 3403 2964 3465 peragatur.
3007 3395 3086 3448 Ad
3127 3410 3280 3463 quam
3320 3394 3451 3450 diri-

1881 3487 2124 3541 ntendam
2157 3493 2356 3550 monet,
2387 3486 2557 3539 locum
2592 3485 2823 3554 aliquem
2873 3483 3110 3554 procula
3143 3484 3368 3538 tumultu
3397 3494 3454 3539 et

1883 3575 2181 3629 turbulenta
2208 3574 2482 3628 hominum
2516 3573 2806 3644 frequentia
2838 3589 2955 3629 esse
2997 3573 3338 3644 seligendum,
3377 3569 3452 3627 Si-

1882 3676 1968 3720 cut
1998 3675 2078 3720 est
2106 3666 2225 3719 villa
2252 3665 2477 3732 Titiana,
2507 3667 2590 3720 vel
2617 3665 2785 3735 quivis
2811 3665 2943 3719 alius
2978 3665 3029 3718 in
3073 3664 3452 3719 Tubnrsiccnsi

1881 3766 1972 3811 aut
1996 3757 2302 3826 Tagastensi
2334 3757 2548 3811 dicecesi
2579 3757 2747 3823 locus,
2774 3758 2824 3810 in
2861 3771 2964 3826 quo
2993 3757 3130 3810 nulla
3175 3741 3242 3810 sit
3275 3756 3449 3810 eccle-

1881 3848 1981 3912 sia,
2011 3848 2099 3917 qui
2141 3857 2314 3901 tamen
2346 3847 2412 3901 ab
2440 3846 2727 3901 Catholicis
2765 3859 2818 3901 et
2860 3847 3140 3901 Donatistis
3172 3846 3464 3913 incolatunt

1881 3948 1939 3994 ut
1966 3941 2187 4009 quisque
2226 3939 2362 4008 apud
2406 3938 2664 4007 hospitem
2694 3939 3092 4004 communionis,
3127 3953 3236 4004 suae
3285 3939 3452 4008 possit

1881 4031 2133 4086 diversari
2157 4049 2168 4082 :
2199 4031 2321 4084 illuc
2343 4028 2658 4083 deferendos
2679 4043 2797 4083 esse
2821 4029 3106 4082 canonicos
3135 4027 3366 4094 codices,
3397 4035 3452 4082 et

1882 4123 1924 4178 si
1951 4137 2049 4192 qua
2077 4121 2297 4190 proferri
2333 4120 2564 4182 debeant
2604 4120 2741 4174 ultro
2777 4120 3216 4190 citroquecausa:
3253 4121 3448 4175 instru-

1881 4222 2092 4277 menta;
2133 4211 2349 4279 singulis
2375 4210 2566 4264 deinde
2603 4210 2778 4274 dubiis
2803 4211 3164 4276 discutiendis,
3193 4220 3451 4293 quantum

1881 4316 1967 4356 res
1994 4301 2250 4371 exegerit,
2269 4300 2578 4360 vacandum.
2600 4300 2833 4368 Denique
2852 4300 3116 4372 Eleusium
3141 4309 3194 4353 et
3213 4300 3343 4354 alios
3360 4317 3452 4358 ro-

1879 4399 1986 4459 gat,
2016 4397 2076 4444 ut
2108 4389 2230 4459 quid
2268 4389 2364 4452 hac
2383 4389 2449 4443 de
2475 4405 2534 4444 re
2562 4389 2672 4444 sive
2699 4388 2826 4457 ipsis
2849 4391 2958 4444 sive
2988 4389 3240 4444 Fortunio
3265 4390 3448 4445 videa-

1883 4488 1988 4546 tur,
2021 4479 2317 4539 rescribam
2341 4477 2526 4555 (Epist.
2557 4479 2646 4545 44,
2673 4495 2716 4531 c.
2741 4479 2793 4544 6,
2821 4496 2872 4532 η.
2898 4479 3006 4550 12).
3039 4479 3188 4534 Latet
3216 4485 3313 4536 nos
3348 4480 3450 4536 bo-

1880 4585 2062 4624 rumce
2115 4570 2441 4639 negotiorum
2494 4579 2743 4638 eventus,
2790 4586 2908 4640 qure
2959 4572 3251 4643 Augustino
3303 4573 3462 4644 pacis

1879 4659 2220 4729 procurandae
2249 4672 2404 4712 causa
2430 4658 2661 4719 charitas
2690 4659 3009 4729 inSpirabat..

1949 4751 2001 4804 4.
2049 4750 2230 4802 Exstat
2269 4747 2443 4802 adhuc
2487 4748 2649 4803 altera
2691 4750 2966 4819 Augustini
3004 4752 3226 4822 epistola
3258 4752 3444 4820 iisdem

1879 4841 2079 4907 Glorio,
2110 4839 2342 4905 Eleusin,
2372 4839 2638 4910 Felicique
2678 4839 2958 4910 inscripta,
2991 4842 3180 4910 quibus
3208 4841 3444 4910 adjungit

1879 4931 2286 4987 Grammaticum
2310 4939 2361 4985 et
2392 4940 2614 4985 creteros
2641 4945 2826 4997 omnes
2863 4931 3052 5000 quibus
3098 4931 3199 4986 hoc
3237 4915 3442 5001 gratum

1879 5020 2036 5075 fuerit
2064 5021 2250 5092 (Epist.
2281 5021 2391 5089 4⁸5).
2422 5018 2476 5073 In
2507 5022 2604 5075 hac
2639 5021 2796 5076 etiam
2822 5021 3040 5089 epistola
3071 5021 3136 5075 de
3157 5021 3446 5076 schismate

1878 5111 2066 5179 agitur,
2100 5109 2340 5178 idemque
2369 5109 2533 5163 ferme
2570 5109 2635 5163 de
2661 5109 2975 5175 illaximiano
3007 5124 3184 5164 sermo
3206 5121 3322 5177 est,
3357 5114 3446 5181 qui

1881 5199 1933 5252 in
1963 5198 2232 5268 superiore
2264 5212 2276 5250 :
2303 5197 2537 5267 nihilque
2563 5198 2771 5252 videtur
2795 5198 3025 5262 obstare,
3051 5199 3174 5268 quin
3195 5215 3317 5267 eam
3347 5191 3472 5268 sub.

1880 5289 2020 5344 idem
2059 5297 2286 5358 tempus,
2329 5288 2435 5341 imo
2468 5288 2628 5358 paulo
2653 5275 3179 5357 ante,_eonscriptam
3215 5292 3447 5347 arbitre-

1879 5396 2018 5435 mur.
2058 5378 2232 5448 Optati
2261 5377 2711 5448 Thamugadensis
2756 5379 3086 5450 tyrannidem
3126 5381 3198 5437 ibi
3240 5399 3448 5439 summa

1880 5469 2090 5524 dicendi
2128 5469 2368 5522 libertate
2396 5476 2778 5521 commemorat
2803 5458 3147 5537 Augustinus,
3180 5472 3244 5526 iis
3269 5479 3444 5526 tamen

1881 5559 2074 5625 verbis,
2104 5573 2221 5630 quae
2259 5558 2402 5611 illam
2441 5557 2675 5612 nondum
2705 5559 2925 5616 desiisse
2949 5560 3186 5618 innuant.
3217 5564 3458 5636 Demon-t

1881 5657 2013 5705 strat
2038 5648 2250 5713 ibidem,
2281 5663 2438 5717 quam
2459 5647 2600 5718 juste
2624 5649 2864 5706 civilibus
2897 5653 3066 5720 pomis
3097 5663 3314 5722 possent
3344 5655 3447 5722 Do.

1883 5741 2086 5797 natistte
2116 5739 2353 5794 mulctari
2379 5755 2390 5789 :
2418 5737 2509 5793 sed
2540 5738 2588 5793 id
2612 5749 2780 5811 potest
2803 5740 2999 5811 optime
3019 5742 3203 5797 referri
3224 5742 3288 5798 ad
3310 5754 3462 5812 tem:
