3990 6360
548 332 657 389 275

550 461 680 518 pora
716 444 946 499 Macarii.
993 445 1116 498 llmc
1142 441 1367 512 epistola
1396 439 1665 495 memoria,
1692 438 1868 509 prodit
1896 436 2129 491 collocu-

551 539 747 592 tionem
769 536 947 599 aliam,
968 550 1125 604 quam
1142 549 1266 587 cum
1292 532 1477 586 iisdem
1504 530 1789 584 Donatistis
1813 529 1864 582 in
1892 529 2127 597 ipsorum

547 628 759 681 civitate
804 626 1058 681 habuerat
1101 625 1449 694 Augustinus.
1471 622 1603 675 Cum
1631 621 1770 675 enim
1799 619 1866 673 de
1891 633 2127 673 commu-

547 716 708 771 nione
733 714 1034 769 chrisdanze
1059 714 1279 768 unitatis
1303 727 1423 766 cum
1447 712 1550 765 illis
1567 718 1765 779 ageret,
1786 709 1986 779 prolata
2005 717 2127 762 sunt

546 803 615 861 ab
640 805 704 860 iis
727 815 875 876 gesta
902 804 1166 874 quaedam,
1193 803 1244 856 iu
1276 802 1468 872 quibus
1491 800 1802 854 Caecilianus
1839 806 1893 853 et
1920 797 2068 852 Felix
2093 812 2125 851 a

548 896 775 952 concilio
793 894 1193 965 Carthaginensi
1217 891 1449 947 damnati
1481 888 1910 958 perhibebantur.
1934 886 2125 943 Osten-

550 990 631 1045 dit
658 988 762 1043 illis
789 987 1132 1057 Augustinus,
1157 998 1313 1055 quam
1347 982 1589 1035 vitiosum
1618 984 1761 1035 esset
1790 978 1920 1032 illud
1947 976 2125 1031 conci-

546 1080 699 1145 lium,
720 1087 774 1133 et
800 1093 900 1147 qua
925 1076 1129 1130 ratione
1161 1074 1443 1128 rescissum
1475 1069 1657 1123 fuisset
1688 1068 1825 1122 illius
1850 1067 2120 1121 decretum

542 1184 575 1223 a
604 1169 829 1225 concilio
853 1169 1112 1233 Romano,
1138 1164 1275 1236 quod
1308 1180 1374 1219 ex
1413 1164 1673 1233 episcopis
1714 1177 1743 1215 a
1777 1159 2123 1215 Constantino

543 1261 778 1332 ipsorum
802 1260 1192 1314 Donatistarum
1214 1265 1395 1328 rogatu
1414 1257 1591 1309 missis
1611 1253 1914 1310 constabat:
1941 1269 1970 1307 a
1995 1269 2123 1307 con-

543 1351 667 1406 cilio
699 1349 1026 1414 Arelatensi;
1075 1348 1142 1403 ab
1186 1348 1413 1418 ipsomet
1457 1346 1824 1410 Constantino,
1858 1345 1923 1399 ad
1961 1360 2118 1415 quem

541 1440 641 1510 ipsi
683 1450 1128 1512 provocaverant;
1174 1438 1404 1509 denique
1443 1453 1472 1491 a
1524 1437 1866 1508 proconsule,
1895 1437 1983 1506 qui
2025 1451 2119 1491 sua

539 1532 800 1588 sententia
833 1532 1062 1587 Felicem
1109 1537 1445 1600 purgaverat.
1476 1527 1595 1582 Non
1632 1535 1784 1582 erant
1824 1526 2119 1597 Augustino

539 1638 653 1692 pra:
671 1624 913 1679 manibus
934 1624 1110 1677 omnia
1144 1622 1258 1677 haec
1286 1635 1458 1677 causm
1488 1621 1835 1675 instrumenta
1862 1635 1875 1671 :
1904 1618 1994 1673 sed
2013 1626 2121 1672 sta-

538 1715 635 1770 tim
658 1715 980 1772 accersenda
1007 1716 1229 1770 curavit.
1255 1715 1459 1769 Interea
1482 1712 1717 1768 excurrit
1734 1711 1799 1765 ad
1822 1710 2116 1765 Ecclesiam

538 1804 903 1861 Gclizitanam.
923 1805 1052 1869 Quae
1078 1813 1254 1860 autem
1276 1804 1363 1858 illa
1390 1803 1480 1869 sit,
1508 1802 1700 1872 quidve
1724 1801 1794 1855 ibi
1815 1801 2002 1870 egerit,
2026 1814 2119 1855 nc-

538 1897 757 1952 scimus.
791 1896 916 1952 lnde
944 1910 1344 1960 reversus,cum
1373 1894 1515 1950 bidui
1542 1908 1648 1948 non
1676 1893 1817 1962 pleni
1848 1890 2119 1945 intermis-

536 1989 688 2043 sione
727 1987 947 2058 quaesita
994 1988 1307 2056 accepisset,
1340 1985 1545 2056 singula
1572 1999 1678 2037 uno
1702 1983 1788 2038 die
1827 1981 2117 2037 Donatistis

536 2076 752 2132 recitari
778 2076 956 2146 jussit.
987 2077 1069 2132 Ab
1096 2077 1227 2131 actis
1256 2076 1418 2146 coepit
1444 2074 1700 2130 Cirtensis
1720 2073 1927 2129 concilii
1955 2089 1967 2124 :
1998 2087 2117 2142 quae

536 2166 661 2236 quia
688 2166 895 2220 illorum
924 2166 1165 2221 nonnulli
1195 2165 1414 2235 rejicere
1442 2164 1734 2227 tentabant,
1752 2163 1952 2217 causati
1979 2161 2118 2217 veri-

536 2257 711 2313 simile
736 2272 841 2312 non
867 2272 989 2313 esse
1013 2257 1080 2311 ab
1109 2256 1186 2312 eis
1215 2256 1303 2327 qui
1335 2255 1631 2311 traditionis
1654 2255 1862 2309 veniam
1896 2254 1948 2308 in
1979 2269 2112 2309 con-

536 2347 659 2403 cilio
673 2345 902 2403 Cirtensi
924 2347 1296 2413 obtinuissent,
1318 2347 1657 2402 Caecilianum
1684 2346 1871 2400 eodem
1895 2334 2117 2401 crimine

537 2435 704 2493 fuisse
730 2437 1168 2501 condemnatum;
1212 2446 1380 2492 totum
1434 2438 1486 2491 in
1531 2453 1593 2492 eo
1635 2437 1847 2507 negotio
1886 2436 2118 2492 Secundi

537 2527 816 2582 consilium
841 2528 998 2582 latius
1019 2528 1282 2597 exposuit.
1311 2528 1473 2582 Jnssit
1493 2528 1685 2583 deinde
1715 2528 1923 2583 recitari
1953 2528 2116 2583 Gesta

537 2616 941 2685 proconsularia
979 2615 1046 2671 de
1073 2631 1230 2670 causa
1257 2617 1450 2671 Felicis
1478 2618 1838 2687 Aptungitani.
1862 2616 1993 2671 Cum
2016 2633 2113 2671 au-

537 2713 648 2760 tem
677 2720 946 2760 nonnemo
970 2721 1033 2761 ex
1065 2706 1143 2760 eis
1172 2705 1401 2761 Felicem
1432 2708 1781 2776 suggillasset,
1812 2708 1963 2778 quasi
2003 2724 2117 2763 rem

541 2810 733 2865 passus
749 2803 896 2873 esset
923 2797 1175 2867 episcopo
1192 2797 1480 2869 indignam,
1498 2800 1633 2869 quod
1652 2801 2013 2869 proconsulari
2030 2800 2116 2869 ju-

538 2886 681 2942 dicio
700 2886 888 2944 fuisset
917 2888 1209 2954 absolutus,
1242 2899 1295 2945 et
1322 2891 1373 2944 in
1402 2891 1541 2946 illius
1567 2907 1722 2947 causa
1749 2892 1959 2962 quidam
1987 2893 2119 2949 fuis-

540 2985 624 3032 set
645 2979 923 3035 tormentis
947 2979 1217 3044 addictus;
1247 2980 1387 3035 illius
1416 2982 1699 3047 cavillatio,
1723 2992 1903 3053 utpote
1925 2985 2117 3038 absur-

544 3067 634 3135 da,
662 3069 872 3125 caeteris
906 3070 1190 3141 displicuit.
1219 3072 1312 3125 His
1337 3081 1458 3126 ante
1488 3071 1765 3126 meridiem
1789 3072 1960 3138 lectis,
2000 3079 2123 3143 post

545 3157 823 3214 meridiem
853 3160 1086 3215 recitata:
1113 3170 1239 3216 sunt
1271 3162 1659 3215 Donatistarum
1683 3177 1867 3230 preces
1883 3163 1946 3216 ad
1976 3160 2120 3217 Con-

543 3248 856 3317 stantinum,
885 3259 1001 3305 acta
1024 3252 1232 3305 concilii
1263 3253 1504 3316 Romani,
1536 3261 1590 3308 et
1616 3253 1944 3307 Constantini
1975 3253 2119 3308 litte-

544 3352 621 3392 ra:
648 3337 717 3394 de
740 3337 940 3407 judicio
965 3341 1105 3410 quod
1147 3342 1424 3397 Mediolani
1462 3342 1750 3398 secundum
1781 3343 2121 3398 Cmeilianum

546 3426 759 3482 tulerat.
781 3428 1066 3485 Curaverat
1082 3432 1279 3500 pariter
1296 3432 1618 3502 Augustinus
1634 3432 1914 3488 deferenda
1936 3433 2119 3503 Gesta,

546 3518 739 3586 quibus
766 3518 1121 3575 Nundinarius
1146 3522 1472 3588 ostenderat,
1495 3537 1634 3575 anno
1652 3522 2027 3576 trecentesimo
2046 3523 2126 3578 vi-

536 3608 782 3676 gesimo,
824 3625 1003 3665 coram
1051 3612 1362 3680 Zenophilo,
1390 3620 1669 3680 corruptos
1705 3610 1866 3665 fuisse
1904 3611 2124 3667 Lucillze

544 3698 767 3765 pecunia
795 3690 1178 3769 episc0jios,‘ut
1206 3700 1542 3753 Czccilianum
1563 3700 1975 3757 condemnarent
1996 3720 2009 3756 :
2029 3703 2124 3758 sed

545 3786 618 3839 ob
635 3788 887 3857 temporis
910 3789 1179 3858 angustias
1208 3790 1419 3843 recitari
1448 3805 1550 3842 non
1572 3798 1874 3859 potuerunt.
1899 3791 2123 3847 Omnem

545 3876 653 3931 illis
692 3875 806 3932 haec
840 3876 999 3933 Gesta
1028 3878 1340 3933 discutiendi
1381 3889 1434 3932 et
1479 3880 1811 3933 exseribcndi
1854 3880 2123 3935 licentiam

548 3968 752 4023 tribuit.
781 3969 891 4024 Sub
918 3969 1019 4025 hoc
1046 3970 1204 4039 igitur
1227 3972 1546 4040 colloquium
1575 3972 1784 4041 scripsit
1808 3971 1875 4025 ad
1906 3972 2123 4027 eosdem

547 4057 873 4125 Donatistas,
902 4060 1021 4113 illos
1050 4061 1423 4119 obtestaturus.
1454 4068 1507 4114 ut
1553 4060 1665 4114 haec
1694 4060 1850 4115 Gesta
1893 4062 2123 4131 inspice-

540 4156 667 4201 rent
690 4165 704 4201 :
730 4156 784 4202 et
812 4148 864 4202 in
891 4163 948 4203 re
978 4150 1105 4203 tanti
1145 4150 1395 4203 momenti
1423 4149 1501 4205 eis
1538 4151 1845 4205 inculcanda
1885 4152 2121 4221 pluribus

547 4236 885 4292 immoratur.
924 4238 1041 4306 Ipso
1070 4239 1307 4307 epistolae
1337 4255 1448 4294 suae
1486 4239 1704 4294 exordio
1752 4256 1857 4295 non
1896 4241 2121 4297 obscure

546 4324 765 4390 indicat,
794 4340 947 4394 posse
968 4341 997 4380 a
1023 4328 1287 4381 nonnullis
1312 4328 1619 4396 improbari,
1643 4328 1782 4398 quod
1799 4331 1863 4383 ad
1882 4330 2122 4387 homines

550 4429 580 4466 a
608 4412 865 4469 catholica
898 4417 1269 4470 communione
1295 4417 1495 4470 alienos
1521 4418 1586 4471 de
1613 4420 1798 4471 salutis
1825 4435 2007 4473 eorum
2030 4436 2124 4475 ne-

549 4504 695 4572 gotio
714 4504 998 4569 scriberet;
1028 4507 1115 4575 qui
1145 4516 1319 4561 tamen
1352 4510 1656 4575 probarent,
1683 4510 1725 4562 si
1755 4510 1819 4564 de
1847 4512 2122 4564 srcculari-

547 4596 649 4651 bus
677 4597 899 4665 negotiis
930 4596 981 4651 id
1010 4606 1321 4666 prmstarct:
1350 4598 1518 4668 Usque
1546 4600 1692 4665 adeo,
1722 4600 1910 4669 inqttil,
1942 4602 2123 4673 cltarus

546 4694 619 4739 est
641 4686 722 4739 hic
748 4674 965 4741 mundus
990 4688 1291 4752 hominibus,
1319 4698 1366 4743 et
1394 4691 1587 4742 sibimet
1616 4692 1712 4759 ipsi
1736 4692 2020 4745 viluerunt!
2044 4693 2123 4748 Eo

544 4777 793 4833 libentius
828 4779 895 4833 ad
923 4779 1082 4835 hosce
1111 4781 1410 4835 Donatistas
1441 4781 1726 4847 scribebat,
1756 4797 1860 4851 quo
1890 4797 2123 4852 propen-

543 4867 713 4923 siores
759 4884 851 4924 eos
887 4870 1099 4925 videbat
1140 4871 1207 4926 ad
1245 4872 1519 4926 veritatem
1550 4887 1613 4925 ex
1649 4873 1825 4927 animo
1853 4874 2124 4943 inquiren-

543 4959 686 5027 dam,
726 4969 783 5015 ut
820 4962 1024 5017 sincere
1052 4977 1186 5029 eam,
1218 4964 1403 5017 relicto
1422 5002 1437 5028 ,
1465 4977 1619 5031 quem
1648 4977 1676 5015 a
1704 4964 2008 5032 parentibus
2031 4979 2122 5020 ac-

544 5050 830 5120 cepissent,
849 5068 1050 5119 errore,
1071 5062 1421 5107 sectarentur.
1442 5053 1727 5107 Enimvero
1745 5053 1881 5107 illius
1898 5056 2120 5124 epistola

547 5142 615 5197 de
639 5144 924 5213 colloquio,
955 5144 1094 5214 quod
1124 5159 1244 5199 cum
1272 5144 1524 5198 Fortunio
1545 5143 1747 5210 habuit,
1771 5145 1899 5198 satis
1926 5146 2121 5201 iudicat

549 5247 642 5288 eos
665 5248 770 5288 non
799 5234 961 5291 fuisse
989 5249 1019 5289 a
1041 5234 1323 5289 concordia
1349 5244 1401 5289 et
1426 5249 1557 5305 pace
1580 5235 1801 5289 alienos.
1828 5236 2117 5304 Epistolam

528 5322 603 5376 in
631 5321 746 5379 haec
768 5323 1234 5382 verba.concludit
1256 5340 1268 5376 :
1294 5323 1408 5378 Erit
1444 5334 1610 5379 autem
1648 5324 1783 5378 vobis
1819 5324 1898 5379 hic
1932 5344 2116 5398 sermo,

546 5429 692 5467 auem
717 5414 779 5469 de
806 5430 1010 5468 munere
1034 5413 1127 5467 Dei
1153 5415 1284 5468 novit
1303 5414 1428 5483 ipse,
1451 5425 1637 5483 quanta
1658 5424 1704 5467 et
1732 5417 1867 5485 pacis
1891 5428 1937 5470 et
1958 5428 2120 5473 vestra

545 5501 809 5558 dilectione
833 5501 1254 5573 deprompsimus,
1285 5505 1525 5557 correctio
1550 5504 1593 5558 si
1622 5504 1802 5570 velitis,
1834 5507 1968 5562 testis
2004 5522 2118 5564 vero

542 5592 634 5644 etsi
657 5593 846 5646 nolitis.

611 5685 665 5740 5.
692 5684 937 5741 Nondqu
959 5685 1164 5741 veritati
1195 5686 1371 5740 animo
1396 5694 1501 5741 tam
1532 5686 1736 5743 infenso
1764 5688 2114 5747 adversaban-

1702 325 1854 381 vrra
1894 323 1948 380 s.
1991 320 2355 380 AUGUSTINI
2396 296 2713 383 Ertscori.

3696 330 3851 420 εἰει¹

2238 445 2323 491 tur
2349 437 2654 505 Donatistas,
2681 454 2746 495 ac
2779 438 2999 511 proinde
3038 457 3240 512 priores
3268 442 3441 501 adhuc
3465 445 3795 518 episcopatus

2232 542 2401 582 annos
2428 530 2614 599 agebat
2634 531 2974 599 Augustinus,
3005 548 3123 587 cum
3150 535 3447 591 Honoratus
3474 537 3609 592 illius
3633 542 3796 608 partis

2231 617 2530 687 cpisc0pns,
2559 628 2612 674 et
2639 621 2863 690 Hipponi
2894 622 3114 689 vicinus,
3143 626 3455 695 significavit
3478 629 3526 684 ei
3551 644 3649 699 per
3663 629 3793 684 Ero-

2232 715 2363 775 tem,
2388 724 2446 763 se
2476 710 2703 765 libenter
2734 726 2853 766 cum
2900 712 3012 783 ipso
3043 730 3135 783 per
3176 716 3379 770 litteras
3416 717 3482 771 de
3516 719 3798 776 schismate

2229 799 2560 865 collaturum,
2592 812 2646 856 ut
2681 803 2748 857 de
2786 818 2842 859 re
2878 805 3006 859 tanti
3047 807 3320 871 momenti,
3348 823 3409 863 ea
3434 824 3538 879 qua
3564 825 3658 879 par
3684 822 3796 865 erat

2229 890 2446 947 lenitate
2481 902 2533 948 et
2575 896 2733 949 animi
2767 898 3143 968 tranquillitate
3169 898 3510 955 dissererent.
3543 900 3793 972 Augusti-

2227 995 2348 1047 nus,
2380 984 2465 1051 qui
2489 984 2596 1051 jam
2628 985 2827 1053 pridem
2857 985 2995 1041 illius
3016 988 3337 1058 colloquium
3359 991 3657 1058 expetebat,
3685 990 3799 1061 ejus

2228 1071 2329 1126 sibi
2359 1074 2636 1127 consilium
2682 1076 2902 1130 multum
2944 1078 3151 1145 placere
3184 1079 3489 1148 rescripsit:
3513 1089 3565 1135 et
3590 1087 3648 1134 ut
3672 1095 3797 1135 cau-

2224 1178 2336 1217 sam
2355 1166 2746 1233 aggrederetur,
2758 1166 3138 1223 demonstravit
3156 1170 3402 1238 ipsi,cum
3416 1171 3686 1241 Scriptura
3699 1186 3798 1226 no-

2222 1252 2305 1306 bis
2333 1255 2641 1322 polliceatur
2660 1258 2944 1312 Ecclesium
2966 1260 3056 1314 Dei
3077 1275 3173 1329 per
3194 1260 3375 1315 orbem
3404 1270 3663 1316 terrarum
3681 1276 3799 1317 esse

2198 1341 2638 1408 ‘dill‘uudendam,
2667 1346 2806 1402 hanc
2834 1348 3164 1417 proiihetiam
3196 1350 3247 1402 in
3282 1350 3518 1404 Ecclesia
3538 1350 3798 1407 catholica

2221 1435 2495 1504 compleri.
2521 1436 2718 1503 Quaerit
2740 1437 2935 1508 itaque,
2968 1447 3027 1492 ut
3053 1438 3376 1508 respondere
3402 1455 3506 1494 non
3526 1448 3795 1510 gravetur,

2220 1539 2327 1593 quo
2357 1535 2527 1594 pacto,
2556 1542 2674 1582 cum
2707 1528 2775 1582 ita
2802 1543 2860 1583 se
2889 1544 2973 1582 res
3009 1529 3228 1597 haheat,
3261 1546 3384 1600 pars
3416 1531 3603 1585 Donati
3632 1531 3802 1601 possit

2220 1630 2339 1669 esse
2367 1617 2597 1672 Ecclesia
2629 1620 2713 1673 illa
2742 1620 2990 1674 divinitus
3016 1622 3369 1690 prmnuntiata
3390 1663 3405 1685 ,
3436 1630 3491 1677 et
3530 1623 3801 1689 quomodo

2220 1703 2459 1761 Christus
2488 1708 2849 1764 hacreditatem
2875 1725 3025 1764 suam
3057 1712 3108 1765 in
3139 1719 3250 1765 toto
3272 1720 3530 1766 terrarum
3551 1713 3682 1767 orbe
3698 1711 3800 1767 sibi

2220 1796 2533 1862 promissam
2579 1799 2655 1853 sic
2696 1800 2937 1855 amittere
2966 1803 3239 1870 potuisset,
3266 1812 3323 1856 ut
3358 1803 3411 1857 in
3452 1819 3556 1858 una
3592 1804 3801 1858 solum-

2218 1887 2378 1940 modo
2404 1889 2591 1944 Africa:
2617 1901 2763 1959 parte
2791 1893 3044 1948 resideret
3065 1893 3251 1966 (Epist.
3276 1895 3365 1960 49,
3394 1913 3446 1948 n.
3473 1895 3546 1965 l).

2289 1979 2343 2033 6.
2370 1980 2674 2037 Notavimus
2700 1999 2877 2052 supra,
2908 2000 3026 2039 eum
3055 1985 3340 2040 Fortunius
3358 1987 3562 2040 veniret
3581 1984 3646 2039 ad
3682 1986 3793 2039 Au-

2218 2070 2502 2137 gustinum,
2521 2072 2588 2126 ab
2605 2073 2704 2128 hoc
2718 2084 2900 2128 sancto
2914 2075 3143 2129 Prcesule
3160 2075 3408 2143 Majorcm
3428 2074 3799 2130 Coelicolarum

2218 2162 2444 2216 accitum
2472 2163 2651 2229 fuisse,
2682 2173 2738 2219 ut
2770 2180 2888 2219 cum
2919 2167 3006 2220 illo
3039 2166 3231 2235 aliquid
3270 2166 3574 2235 loqueretur
3601 2164 3799 2237 (Epist.

2218 2252 2306 2318 44,
2345 2272 2391 2307 c.
2424 2256 2476 2319 6,
2514 2273 2567 2308 η.
2606 2258 2723 2325 i5).
2754 2257 2939 2311 Exstat
2974 2258 3160 2311 horum
3194 2255 3561 2312 leicolarnm
3601 2271 3800 2310 nomen

2220 2343 2271 2397 in
2298 2346 2609 2413 quibusdam
2654 2347 2857 2418 legibus
2907 2349 3122 2402 lloiiurii
3173 2348 3391 2418 Augusti
3419 2346 3568 2419 (Cod.
3596 2346 3799 2401 Theod.

2220 2434 2282 2487 de
2311 2433 2521 2499 Παῖτοι,
2550 2438 2654 2507 lege
2673 2439 2762 2504 45,
2782 2448 2826 2492 et
2846 2438 2909 2491 de
2926 2437 3052 2491 Jud.
3077 2438 3246 2493 Coelio.
3273 2455 3350 2492 ac.
3376 2437 3521 2493 Sam.
3546 2436 3653 2508 lege
3680 2436 3799 2508 19);

2221 2539 2319 2580 nec
2357 2527 2486 2580 satis
2519 2527 2716 2597 liquet,
2748 2530 2959 2597 quinam
2993 2529 3066 2582 illi
3094 2527 3307 2583 fuerint.
3337 2528 3569 2597 Apparet
3594 2534 3803 2593 tamen,

2220 2630 2325 2669 non
2375 2616 2535 2672 fuisse
2582 2627 2781 2673 sectam
2832 2619 3232 2686 hzcreticorum,
3279 2634 3451 2688 neque
3498 2618 3805 2685 hominum,

2220 2707 2518 2775 opinamur,
2541 2708 2627 2776 qui
2642 2708 2912 2763 Judaicam
2932 2708 3314 2778 professionem
3337 2723 3457 2762 cum
3476 2707 3809 2773 Christiana,

2220 2797 2358 2850 sicut
2384 2796 2640 2860 Nazarmi,
2668 2798 3069 2861 consociantes,
3097 2797 3520 2852 Christianorum
3557 2796 3656 2851 sibi
3706 2810 3809 2849 no-

2220 2900 2343 2939 men
2370 2895 2678 2955 arrogarcnt
2701 2905 2712 2939 :
2736 2903 2856 2942 cum
2887 2888 3229 2957 Augustinus,
3262 2887 3350 2957 qui
3380 2901 3474 2941 cos
3500 2885 3666 2956 probe
3706 2900 3809 2940 no-

2222 2987 2391 3041 verat,
2420 2977 2471 3031 in
2497 2993 2594 3032 suo
2620 2979 2755 3032 libro
2780 2979 2848 3033 de
2875 2979 3199 3044 llaercsibus,
3230 2978 3438 3031 illorum
3474 2976 3810 3032 mentionem

2224 3085 2329 3125 non
2360 3070 2559 3125 fecerit.
2582 3058 2851 3126 Illonorius
2894 3073 2945 3125 in
2986 3072 3187 3142 legibus
3219 3069 3360 3125 anno
3387 3069 3813 3140 quadringente-

2225 3160 2360 3214 simo
2384 3170 2568 3223 octavo
2588 3170 2641 3215 et
2666 3162 3188 3232 quadringentesimo
3223 3175 3365 3214 nono
3402 3160 3541 3225 latis,
3572 3157 3815 3213 Caelico-

2227 3248 2307 3302 las
2343 3250 2514 3319 arguit
2540 3252 2659 3305 novi
2686 3251 2965 3320 dogmatis,
2996 3265 3145 3305 nova:
3184 3248 3593 3311 superstitionis,
3616 3256 3673 3303 et
3708 3264 3814 3302 no-

2225 3340 2383 3393 minis
2414 3340 2666 3395 haetcnns
2696 3340 2935 3395 inauditi.
2969 3341 3106 3396 Fieri
3130 3341 3270 3395 enim
3299 3340 3491 3407 potuit,
3521 3348 3578 3394 ut
3603 3353 3817 3409 paucos

2226 3440 2350 3487 ante
2386 3448 2553 3487 annos
2595 3448 2653 3488 se
2686 3448 2781 3502 per
2806 3432 3144 3488 Occidentem
3172 3440 3572 3501 propagassent,
3603 3438 3705 3485 aut
3744 3429 3819 3485 ibi

2224 3521 2595 3591 primigcnium
2624 3536 2775 3576 suum
2809 3536 3000 3576 nomen
3033 3522 3247 3575 nomine
3268 3520 3634 3575 C(nlicolarum
3666 3534 3820 3574 com-

2226 3620 2538 3665 tuutasscnt.
2566 3612 2829 3666 Prmterea
2866 3611 3120 3666 discimus
3167 3610 3235 3665 ab
3275 3611 3588 3681 Augustino,
3618 3623 3819 3664 eorum

2226 3701 2624 3769 antesignanum
2648 3716 2739 3754 seu
2766 3700 3039 3770 Majorem,
3072 3709 3130 3755 ut
3156 3708 3329 3767 vocat,
3361 3715 3516 3770 quem
3556 3700 3675 3769 ipse
3703 3700 3822 3753 Tu-

2227 3788 2437 3843 bnrsico
2484 3790 2744 3844 transiens
2787 3790 3061 3856 accersiit,
3105 3804 3300 3843 novum
3350 3788 3596 3859 baptismi
3635 3802 3824 3858 genus

2226 3878 2363 3946 apud
2383 3893 2474 3933 eos
2492 3879 2778 3933 instituisse
2804 3898 2816 3933 :
2839 3895 2943 3949 quo
2968 3879 3246 3949 sacrilegio
3264 3879 3370 3946 jam
3395 3877 3695 3948 permultos
3721 3877 3816 3932 ille

2225 3966 2501 4022 scduxeral
2524 3967 2710 4039 (Epist.
2726 3969 2815 4035 44,
2838 3985 2884 4022 c.
2899 3969 3022 4035 6,".
3042 3969 3149 4038 l5).
3164 3967 3824 4037 Quapropterhujusmodi

2226 4066 2391 4123 secta,
2420 4073 2537 4127 quae
2565 4059 2816 4128 quamdiu
2836 4059 2964 4113 nihil
2985 4060 3325 4127 conjunctum
3348 4069 3503 4126 atque
3523 4073 3828 4113 commune

2227 4161 2345 4201 cum
2380 4149 2613 4203 Ecclesia
2637 4149 2875 4214 haberet,
2905 4148 2957 4203 in
2988 4149 3132 4203 nullo
3163 4147 3330 4203 ferme
3357 4163 3580 4202 numero
3608 4146 3823 4212 fuerat,

2226 4251 2292 4291 eo
2318 4238 2650 4306 postmodum
2673 4239 2933 4294 exitialior
2952 4238 3170 4303 exstitit,
3196 4254 3299 4308 quo
3334 4238 3549 4307 prOpius
3595 4236 3667 4292 ad
3698 4253 3829 4294 eam

2226 4327 2532 4397 accedebat,
2562 4337 2617 4383 et
2646 4330 2786 4385 illius
2814 4336 3143 4385 sacramenta
3170 4329 3405 4384 tentabat
3428 4342 3718 4400 usurpare.

2819 4425 3042 4483 CAPUT
3089 4426 3207 4482 XV.

2228 4509 2253 4564 1
2282 4509 2587 4579 Augustinus
2606 4510 2674 4563 ad
2697 4509 2985 4563 Eudoxium
3014 4511 3241 4564 abbatem
3257 4509 3443 4563 scribit.
3468 4510 3504 4562 2
3523 4507 3831 4564 Conciona-

2298 4608 2380 4654 tur
2399 4600 2635 4654 adversus
2664 4600 2974 4654 Christianos
2995 4601 3080 4670 qui
3106 4599 3331 4671 Paganis
3373 4601 3426 4653 in
3454 4616 3624 4652 eorum
3674 4599 3824 4654 ,ςοιε-

2298 4690 2594 4744 mnitalibus
2609 4690 2979 4761 adjungunlur.
2994 4691 3026 4745 5
3041 4690 3383 4743 Simulacrum
3415 4688 3647 4742 Herculis
3688 4689 3831 4743 Car-

2296 4783 2497 4853 thagine
2524 4799 2638 4835 cum
2654 4782 2895 4837 dedecore
2915 4791 3201 4836 tractatum.
3224 4782 3257 4836 4
3276 4780 3556 4835 Publicolae
3569 4783 3833 4850 quarstio-

2240 4946 2247 4949 ν
2295 4889 2381 4926 nes
2421 4872 2700 4927 solvuntur.

2296 4964 2349 5019 l.
2372 4962 2527 5018 Gildo
2552 4963 2651 5017 sub
2679 4960 2898 5017 Comitis
2935 4973 2987 5018 et
3027 4962 3256 5033 Magistri
3293 4963 3494 5017 militia:
3524 4962 3686 5016 titulo
3722 4978 3835 5031 per

2223 5054 2407 5110 decem
2440 5062 2535 5108 aut
2573 5052 2854 5109 duodecim
2893 5068 3059 5110 annos
3085 5069 3261 5109 rerum
3290 5054 3487 5124 potitus
3517 5054 3567 5106 in
3598 5052 3828 5119 Africa,

2222 5154 2450 5199 exeunte
2498 5159 2637 5198 anno
2680 5144 3053 5199 trecentesimo
3089 5144 3429 5214 nonagesimo
3458 5143 3718 5213 septimo,
3754 5143 3833 5196 ab

2226 5235 2458 5290 llonorio
2482 5233 2675 5289 defecit
2700 5248 2765 5288 eo
2794 5219 3034 5302 obtentui,
3067 5244 3125 5289 ut
3145 5234 3374 5287 Africam
3397 5233 3449 5287 in
3477 5233 3696 5287 Arcadii
3731 5231 3835 5287 (11-

2224 5327 2421 5381 tionem
2452 5324 2797 5379 transferret:
2821 5324 2913 5379 sed
2941 5325 3182 5394 proximo
3206 5340 3332 5379 vere
3362 5325 3576 5379 ineunte
3602 5322 3838 5378 Masce-

2222 5419 2302 5474 zel
2328 5418 2442 5488 ejus
2471 5416 2632 5471 frater
2656 5432 2773 5470 cum
2800 5417 2967 5486 copiis
3003 5416 3071 5471 ab
3098 5416 3241 5471 Italia
3282 5416 3504 5481 missus,
3539 5414 3836 5483 insignem

2221 5510 2289 5565 de
2326 5509 2418 5563 illo
2452 5508 2724 5562 victoriam
2768 5506 2944 5561 divina
2980 5522 3083 5576 ope
3121 5506 3368 5563 obtinuit.
3400 5505 3525 5559 Post
3550 5503 3665 5573 ejus
3699 5503 3838 5558 cla—-

2221 5597 2343 5653 dem
2359 5596 2578 5665 Optatus
2594 5595 3045 5666 Thamugadensis
3059 5595 3338 5664 cpiscopus
3355 5591 3643 5654 Donatista,
3662 5604 3833 5645 uitus

2222 5704 2251 5743 c
2269 5687 2531 5759 primariis
2548 5687 2683 5741 illius
2701 5686 3030 5753 satellitibus,
3050 5686 3100 5741 in
3120 5698 3385 5741 carcerem
3413 5682 3677 5748 detrusus,
3699 5679 3834 5737 illic
