3990 6360
185 313 362 389 ,εῖτ

252 434 551 491 exstinctus
588 439 689 485 est.
722 425 1012 484 Petilianus
1048 421 1275 494 partium
1302 420 1693 475 Donatistarum
1726 415 1838 486 epi-

252 539 452 593 scopus
476 520 834 591 Augustinum
867 511 1404 586 posteainsimulavit,
1431 509 1571 580 quod
1600 508 1666 563 ad
1696 507 1837 563 illius

252 612 653 669 damnationem
668 625 763 665 sua
780 606 996 663 consilia
1014 604 1321 660 contulisset
1337 600 1502 673 (Cant.
1520 601 1642 656 Litt.
1661 601 1834 669 Petil.,

255 704 344 759 lib.
376 702 433 770 5,
459 719 506 756 ο.
532 701 623 769 40,
656 717 708 754 n.
732 699 847 770 48).
874 699 1008 753 Tum
1031 710 1182 760 vero,
1205 710 1324 749 cum
1344 694 1395 748 in
1424 694 1653 750 Africam
1681 692 1840 748 solvit

252 796 535 859 Mascczcl,
555 792 843 849 monachos
853 791 1053 859 aliquot
1066 787 1137 844 Ca
1145 788 1331 856 prariae
1345 785 1552 851 insulsa,
1572 786 1836 840 Etruriam

253 890 392 941 Inter
409 895 466 940 et
484 884 754 939 Corsicam
784 883 919 943 sitm,
946 894 1125 934 secum
1150 877 1438 932 adduxerat
1464 875 1664 946 (0r0s.,
1700 874 1828 929 Hist.

251 978 344 1032 lib.
358 978 416 1040 7,
436 994 549 1046 cap.
574 975 687 1046 36).
702 973 965 1028 Fortassis
990 971 1061 1025 illi
1080 970 1178 1040 ipsi
1193 976 1334 1035 sunt,
1354 968 1419 1023 de
1441 968 1631 1037 quibus
1657 968 1837 1036 Angu-

249 1071 430 1126 stinus
446 1070 501 1123 in
530 1068 750 1137 cpistola
778 1064 843 1119 ad
872 1062 1165 1119 Eudoxium
1188 1061 1429 1116 abbatem
1448 1068 1503 1114 et
1517 1060 1632 1127 ejus
1646 1058 1836 1112 fratres

251 1158 562 1228 conscripta
579 1154 1008 1225 loquilur(Epist.
1034 1152 1123 1218 48,
1142 1169 1194 1205 η.
1220 1149 1299 1222 4).
1319 1150 1565 1205 Testatur
1578 1162 1760 1202 eorum
1780 1162 1838 1202 se

252 1250 509 1319 pietatem
536 1247 764 1318 primum
795 1261 859 1299 ex
891 1246 1048 1307 fama,
1078 1242 1199 1297 dein
1226 1256 1290 1296 ex
1314 1240 1571 1295 relatione
1611 1235 1837 1292 Eustasii

249 1351 305 1396 et
336 1340 565 1397 Andreae
587 1341 833 1394 didicisse
858 1356 870 1391 :
895 1337 985 1406 qui
1009 1352 1074 1390 ex
1101 1349 1283 1389 eorum
1318 1331 1640 1387 monasterio
1664 1330 1837 1400 profe—

250 1433 350 1498 cti,
377 1433 577 1487 bonum
628 1431 769 1485 illius
813 1428 1028 1483 odorem
1076 1427 1129 1480 in
1174 1425 1405 1479 Africam
1451 1422 1752 1487 attulerant,
1783 1429 1836 1475 ct

250 1533 497 1578 sanctam
514 1538 699 1578 eorum
722 1518 1175 1576 conversationem
1195 1516 1545 1584 divulgarant.
1567 1514 1836 1568 Certiores

248 1627 348 1668 eos
378 1612 505 1668 fecit
538 1612 713 1665 obitus
752 1609 1001 1673 Eustasii,
1026 1607 1113 1676 qui
1143 1622 1246 1659 non
1274 1604 1499 1674 amplius
1528 1602 1832 1672 Caprariam

248 1702 611 1767 desideraret,
633 1701 757 1770 quia
775 1714 873 1754 nec
893 1698 1061 1752 cilicio
1077 1697 1184 1766 jam
1211 1702 1475 1766 qutererct
1495 1694 1659 1747 indui.
1684 1693 1837 1748 Unde

250 1792 511 1861 colligere
559 1791 704 1853 licet,
734 1788 953 1842 Eudoxii
991 1785 1391 1849 monasterium,
1423 1800 1486 1839 ex
1515 1798 1620 1853 quo
1649 1783 1837 1837 Busta-

250 1881 365 1935 sius
391 1887 535 1945 erat,
560 1879 612 1932 in
638 1894 701 1932 ea
726 1878 883 1931 situm
915 1876 1075 1930 fuiszc
1106 1875 1296 1929 insula.
1332 1874 1465 1927 llinc
1493 1872 1836 1943 consequitur

250 1982 307 2025 et
352 1970 506 2033 illud,
543 1969 842 2034 monachis,
880 1977 970 2021 aut
1006 1976 1151 2022 certe
1199 1966 1441 2021 Eustasio
1488 1965 1561 2018 illi
1595 1964 1839 2019 solemne

251 2060 419 2115 fuisse
448 2060 626 2115 cilicio
652 2076 713 2113 ex
743 2058 973 2129 caprinis
1002 2056 1124 2127 pilis
1162 2064 1411 2112 contexto
1454 2054 1619 2109 indui.
1652 2055 1836 2124 Augu-

253 2154 427 2208 stinus
470 2154 631 2223 igitur
674 2151 912 2206 Eudoxio
949 2149 1172 2219 ejusque
1214 2147 1488 2202 monachis
1515 2146 1703 2216 aperit,
1730 2160 1837 2216 quo

250 2254 496 2299 sanetam
524 2259 709 2298 eorum
732 2242 965 2312 quietem
988 2238 1169 2294 animo
1196 2238 1488 2308 atl‘ectuque
1512 2238 1741 2305 cogitet:
1769 2238 1835 2292 il-

247 2336 424 2389 lorum
470 2349 660 2402 preces
697 2331 976 2401 efflagitat,
998 2338 1053 2385 et
1093 2345 1198 2399 quo
1236 2328 1561 2383 efficaciores
1584 2328 1709 2392 sint,
1736 2327 1838 2396 piis

248 2423 735 2487 adhortationibus,
756 2421 948 2491 quibus
970 2420 1091 2475 illos
1109 2418 1175 2473 ad
1198 2416 1489 2489 profectum
1513 2426 1567 2473 et
1591 2432 1840 2487 persevc-

244 2513 484 2568 rantiam
514 2511 840 2575 exstimulat,
872 2523 962 2565 eas
989 2508 1252 2564 demereri
1286 2506 1482 2563 studet.
1520 2506 1642 2561 lllos
1668 2506 1836 2575 potis-

245 2603 449 2658 simum
496 2608 699 2664 monet,
739 2608 799 2653 ut
848 2600 902 2653 in
954 2598 1199 2653 omnibus
1238 2597 1392 2653 bonis
1439 2597 1686 2666 operibus
1728 2596 1836 2649 suis

246 2706 413 2747 unam
461 2692 555 2746 Dei
596 2690 819 2760 gloriam
858 2696 1126 2758 spectent;
1156 2686 1225 2740 ita
1266 2686 1374 2740 siut
1400 2686 1698 2741 solitudinis
1727 2692 1841 2738 stu-

247 2782 414 2848 diosi,
448 2792 506 2837 ut
534 2797 633 2837 nec
657 2795 750 2838 eos
774 2779 926 2835 avida
953 2779 1111 2833 elatio
1137 2777 1204 2832 ad
1241 2777 1621 2847 capessendum
1648 2776 1837 2830 Eccle-

249 2873 457 2927 siarum
501 2872 741 2939 regimen
776 2870 902 2924 inde
939 2868 1204 2933 detrahat,
1233 2881 1332 2920 nec
1356 2865 1420 2919 ad
1449 2866 1696 2920 Ecclesiae
1724 2880 1840 2918 mu-

250 2962 341 3017 nia
393 2971 618 3017 vocatos
671 2959 947 3015 blandiens
995 2957 1197 3013 desidia
1243 2956 1469 3012 retineat
1514 2954 1702 3025 (Epist.
1746 2954 1836 3023 48,

252 3071 343 3109 nn.
362 3054 424 3121 2,
453 3052 533 3124 3).

317 3142 378 3197 Ξ.
407 3143 522 3197 Hoc
549 3142 684 3211 ipso,
707 3149 767 3196 ut
784 3140 1012 3204 videtur,
1040 3153 1181 3193 anno
1205 3137 1579 3193 trecentesimo
1605 3151 1839 3207 nonage-

251 3235 391 3289 simo
416 3241 630 3300 octavo,
646 3240 793 3287 certe
813 3232 1026 3301 quidem
1054 3240 1174 3285 aute
1194 3245 1388 3284 annum
1407 3230 1838 3299 subsequentem,

254 3326 468 3381 habitus
493 3334 581 3380 est
605 3324 833 3381 eximius
862 3324 951 3378 ille
969 3338 1145 3378 sermo
1166 3365 1179 3389 ,
1207 3338 1313 3392 quo
1338 3323 1659 3392 Augustinus
1685 3321 1839 3375 Chri-

252 3414 459 3471 stianos
490 3414 799 3484 redarguit,
842 3414 932 3483 qui
962 3429 1029 3468 ne
1067 3413 1119 3467 in
1157 3421 1456 3481 magnatum
1497 3412 1842 3465 offensionem

253 3508 613 3575 incurrerent,
641 3515 733 3563 aut
757 3506 826 3561 ab
853 3507 916 3562 iis
936 3505 1177 3575 injuriam
1200 3512 1523 3574 paterentur,
1546 3503 1845 3559 detrectare

251 3613 443 3654 eorum
468 3599 620 3667 jussa
645 3612 752 3652 non
779 3595 1063 3659 audebant,
1093 3609 1212 3648 cum
1235 3594 1307 3647 illi
1333 3608 1389 3647 se
1415 3594 1480 3646 ah
1499 3593 1577 3647 eis
1594 3593 1659 3646 ad
1680 3593 1842 3646 simn—

252 3689 396 3746 lacra
429 3687 623 3743 deduci
646 3687 1024 3758 praeciperent;
1046 3700 1145 3740 nec
1163 3700 1293 3739 vero
1318 3684 1490 3739 solum
1516 3698 1610 3738 eos
1633 3683 1698 3738 ad
1724 3683 1844 3738 fana

252 3788 447 3835 euntes
466 3779 757 3848 stipabant,
790 3778 884 3833 sed
909 3792 1029 3831 cum
1057 3777 1163 3830 illis
1186 3777 1344 3831 etiam
1372 3776 1425 3829 in
1454 3774 1613 3829 idolio
1633 3789 1844 3829 recum-

252 3868 476 3924 bebant.
520 3867 675 3934 Quod
719 3867 1051 3923 ethnicorum
1080 3865 1298 3935 impium
1338 3879 1573 3919 errorem
1616 3864 1841 3930 fovebat,

255 3971 380 4012 cum
408 3957 498 4012 vel
539 3958 605 4012 ab
647 3956 778 4027 ipsis
817 3955 1134 4011 Christianis
1158 3954 1296 4009 idola
1321 3968 1415 4008 sua
1444 3952 1691 4007 honorari
1719 3968 1846 4007 con-

258 4050 552 4119 spicerent.
579 4048 669 4105 Sic
697 4048 874 4105 omnis
900 4049 989 4103 ille
1014 4047 1183 4110 labor,
1212 4062 1367 4116 quem
1393 4047 1445 4100 in
1474 4045 1848 4100 convcrtcndis

259 4140 555 4196 Gentilium
595 4141 835 4210 reliquiis
865 4138 1241 4207 impendebant
1271 4138 1525 4207 episcopi,
1557 4152 1697 4206 srepe
1724 4136 1845 4191 irri-

263 4240 345 4285 tus
368 4240 507 4285 erat.
545 4230 676 4285 Nam
708 4230 904 4299 Pagani
939 4229 1196 4283 horumce
1220 4226 1636 4282 Christianorum
1666 4242 1846 4281 exem-

261 4322 347 4391 plo
366 4321 677 4375 eontirrnati
698 4319 944 4374 dicebant
971 4319 1105 4372 intra
1131 4331 1189 4372 se
1214 4334 1226 4369 :
1255 4316 1429 4382 Quare
1455 4331 1552 4369 nos
1578 4316 1846 4385 relinqua-

262 4426 379 4466 mus
409 4411 562 4475 dcos,
591 4425 729 4479 quos
757 4408 1043 4465 Christiani
1065 4408 1163 4476 ipsi
1192 4406 1465 4461 nobiscum
1492 4407 1849 4460 venerantur?

262 4500 317 4557 In
344 4502 431 4556 his
473 4509 735 4571 pncterea
760 4499 1014 4555 conviviis
1042 4497 1323 4551 Christiani
1354 4505 1408 4551 et
1434 4497 1768 4566 bIaSphemas
1794 4497 1846 4552 in

263 4593 537 4649 Christum
566 4605 727 4646 voces
763 4604 1041 4651 evomere,
1083 4598 1136 4643 et
1164 4588 1280 4657 ejus
1320 4586 1646 4642 divinitatem
1672 4586 1724 4640 in
1750 4586 1848 4640 du-

262 4682 408 4738 bium
436 4696 636 4736 vocare
660 4680 952 4735 discebant.
980 4678 1091 4732 Hoc
1115 4677 1363 4733 seandalo
1393 4686 1662 4746 permotus
1689 4676 1849 4729 vehe-

262 4781 475 4827 menter
516 4770 839 4840 Augustinus
862 4809 877 4831 ,
909 4768 976 4822 de
1004 4768 1096 4822 illo
1136 4783 1237 4837 qua
1270 4767 1441 4836 potuit
1476 4766 1709 4828 lenitate,
1741 4766 1848 4820 acri

264 4874 442 4918 tamen
488 4870 546 4917 ct
586 4860 735 4931 gravi
775 4860 1014 4914 oratione
1050 4868 1370 4927 conquestus
1394 4868 1476 4913 est
1500 4859 1690 4931 (Serm.
1722 4859 1846 4928 62);

262 4960 317 5008 et
355 4951 574 5021 quidem
605 4948 922 5019 Carthagine
941 4991 956 5012 ,
983 4957 1042 5003 ut
1068 4949 1303 5015 videtur;
1343 4963 1464 5002 eum
1492 4949 1708 5003 alterius
1737 4964 1850 5002 ser-

263 5042 440 5117 mpnis
461 5041 786 5095 mentionem
816 5039 990 5102 faciat,
1014 5053 1169 5108 quem
1199 5038 1376 5106 paucis
1404 5046 1527 5093 ante
1545 5038 1732 5093 diebus
1759 5038 1850 5093 ha-

266 5133 455 5188 buerat
481 5132 534 5185 in
558 5131 886 5201 Mappalibus
905 5172 919 5197 ,
952 5130 1041 5183 ubi
1068 5138 1269 5201 martyr
1295 5129 1587 5199 Cyprianus
1613 5131 1852 5200 quiesce-

267 5222 376 5277 bat.
406 5222 569 5278 Natat
594 5232 846 5291 praeterea
877 5220 974 5275 hos
1001 5220 1329 5275 Christianos
1353 5220 1531 5276 dicere
1555 5222 1760 5289 solitos,
1792 5238 1851 5279 se

268 5330 374 5370 non
399 5315 539 5385 apud
570 5315 732 5369 falsos
770 5313 901 5368 deos
942 5312 1297 5380 discumbere,
1328 5312 1421 5367 sed
1461 5312 1599 5382 apud
1638 5314 1851 5384 genium

268 5407 629 5477 Carthaginis,
656 5422 859 5461 merum
888 5405 1136 5474 lapidem,
1166 5405 1253 5473 qui
1282 5414 1455 5459 tamen
1478 5412 1537 5459 ut
1556 5404 1685 5460 deus
1704 5421 1735 5461 a
1755 5406 1854 5461 Pa-

269 5499 420 5569 ganis
445 5499 739 5561 colebatur,
772 5496 923 5565 cujus
952 5496 1193 5550 videlicet
1218 5504 1340 5549 ante
1366 5503 1594 5550 statuam
1623 5510 1713 5551 ara
1739 5503 1854 5551 erat

271 5590 461 5658 posita.
507 5588 669 5641 Doret
694 5586 887 5639 ibidem
918 5585 1260 5655 Augustinus,
1288 5584 1423 5639 hanc
1448 5586 1586 5639 viam
1612 5585 1679 5640 ad
1708 5586 1853 5642 Gen-

271 5677 392 5734 tiles
415 5679 706 5735 vincendos
740 5686 793 5733 et
817 5676 1129 5733 Christianze
1162 5676 1278 5731 fidei
1310 5679 1667 5749 aggregandos
1703 5682 1851 5751 quasi

1642 298 1839 354 LIBER
1879 298 2217 364 QUARTUS.

3418 320 3521 376 278

1942 417 2385 484 compendiariam
2408 433 2547 486 esse,
2576 421 2618 477 si
2638 417 2919 478 Christiani
2946 424 3305 481 solemnitatcs
3337 448 3518 487 eorum

1942 505 2224 578 deserant,
2252 526 2351 566 nec
2386 526 2443 566 se
2474 511 2683 567 illorum
2723 516 2877 585 nugis
2905 515 3237 573 immisceant
3263 538 3273 573 :
3303 536 3407 590 quo
3427 564 3442 587 ,
3475 521 3519 578 si

1944 615 2043 655 non
2064 603 2372 656 consentiunt
2397 603 2591 658 veritati
2616 615 2819 673 nostra,
2852 607 3048 677 inquit,
3079 610 3368 677 erubescant
3396 630 3520 683 pau-

1941 693 2078 746 citati
2112 707 2234 747 suw.
2262 691 2317 747 In
2347 693 2447 750 hoc
2476 709 2720 751 sermone
2744 698 3016 767 cujusdam
3045 701 3303 769 meminit,
3337 704 3425 773 qui
3455 704 3520 759 ad

1942 782 2099 838 fidem
2142 798 2429 841 conversus
2470 786 2690 843 fundum
2734 790 2981 847 Ecclesia:
3028 794 3276 861 dederat,
3320 797 3371 852 in
3415 808 3521 867 quo

1942 885 2089 930 erant
2137 877 2274 933 idola
2318 894 2435 949 quae
2474 879 2637 952 frangi
2683 894 2918 953 cuperet.
2952 886 3219 942 Voluntati
3265 888 3380 960 ejus
3413 891 3517 946 cito

1941 964 2363 1022 obsecundarunt
2403 968 2724 1037 Christiani,
2768 972 3113 1033 frementibus
3164 977 3419 1047 Ethnicis,
3466 991 3517 1039 et

1940 1058 2386 1125 conquerentibus
2406 1059 2541 1114 idola
2558 1062 2752 1131 passim
2771 1064 2837 1117 ab
2858 1066 3119 1136 episcopis
3146 1068 3519 1140 perfringcuda

1939 1149 2198 1217 conquiri.
2225 1149 2389 1219 Negat
2417 1152 2756 1222 Augustinus,
2784 1170 3030 1212 asserens
3061 1158 3175 1214 loca
3205 1176 3322 1217 esse
3351 1163 3517 1232 pluri-

1939 1251 2024 1290 ma
2054 1237 2108 1291 in
2136 1238 2328 1308 quibus
2356 1241 2554 1297 scirent
2586 1258 2705 1298 esse
2737 1245 3017 1301 simulacra
3037 1290 3052 1315 ,
3081 1262 3197 1318 quzc
3226 1258 3403 1307 tamen
3433 1251 3516 1307 in-

1941 1336 2078 1385 tacta
2109 1330 2501 1402 relinquerent,
2536 1336 2675 1404 quod
2715 1352 2776 1391 ea
2820 1338 2957 1393 Deus
2994 1341 3241 1408 potestati
3282 1343 3517 1412 ipsorum

1941 1435 2048 1475 non
2096 1422 2455 1491 permisisset;
2484 1424 2614 1478 nihil
2656 1440 2748 1481 eos
2774 1427 2982 1497 aggredi
3008 1470 3024 1495 ,
3052 1429 3118 1484 de
3147 1445 3253 1501 quo
3278 1432 3516 1489 locorum

1939 1511 2141 1569 domini
2184 1516 2435 1584 conqueri
2482 1517 2714 1586 possint;
2757 1518 2904 1588 prius
2948 1536 3106 1590 agere
3158 1531 3218 1577 ut
3266 1524 3405 1579 idola
3463 1526 3516 1581 in

1941 1620 2124 1660 corum
2177 1606 2339 1662 corde
2382 1607 2658 1678 frangant;
2703 1624 2800 1679 pro
2853 1609 3126 1667 hominum
3170 1616 3518 1671 conversione

1942 1695 2107 1749 Deum
2137 1695 2407 1765 deprecari
2439 1715 2453 1751 :
2484 1697 2551 1752 ab
2575 1696 2803 1753 dominis
2825 1698 3062 1754 locorum
3098 1701 3165 1756 ad
3204 1703 3359 1758 fidem
3384 1718 3517 1760 con-

1939 1786 2109 1840 versis
2145 1796 2358 1857 rogatos
2391 1788 2528 1843 idola
2564 1788 2617 1842 in
2654 1789 2731 1843 eis
2759 1798 2965 1859 reperta
2997 1790 3364 1862 confringere;
3396 1809 3519 1849 reos

1940 1877 2055 1932 fore
2084 1878 2128 1933 si
2157 1878 2332 1932 desint
2365 1895 2380 1932 :
2411 1880 2605 1948 saepius
2651 1880 2718 1935 ab
2765 1880 3006 1948 ipsismet
3034 1896 3219 1937 recens
3248 1885 3519 1938 conversis

1941 1968 2080 2024 idola
2108 1971 2397 2025 connninui
2423 1989 2435 2025 :
2464 1974 2744 2039 pravorum
2777 1970 3049 2025 hominum
3072 1986 3191 2027 esse
3216 1983 3267 2027 et
3294 1973 3522 2028 furioso-

1939 2077 2057 2116 rum
2096 2061 2595 2117 Circumcellionum
2643 2078 2726 2129 ea,
2771 2080 2889 2132 qua:
2918 2078 3022 2118 non
3050 2072 3173 2118 sunt
3216 2064 3267 2118 in
3306 2064 3516 2118 illorum

1941 2162 2230 2224 potestate,
2261 2155 2396 2209 velle
2421 2154 2634 2209 diruere
2655 2196 2669 2219 ,
2697 2168 2860 2223 seque
2897 2155 3013 2210 vitae
3049 2155 3286 2224 periculo
3321 2163 3519 2209 temere

1940 2259 2225 2313 exponere.
2255 2245 2405 2299 Patet
2433 2245 2553 2300 inde
2576 2286 2589 2309 ,
2621 2245 2741 2299 licet
2779 2245 2827 2297 in
2861 2245 3099 2314 Paganos
3118 2245 3228 2314 jam
3255 2245 3398 2315 leges
3420 2245 3520 2299 ali-

1940 2343 2066 2404 quot
2106 2334 2224 2387 latrc
2253 2333 2504 2392 fuissent.
2534 2333 2764 2387 nondum
2801 2341 2975 2386 tamen
3020 2333 3333 2402 rescriptum
3366 2333 3515 2392 illud.

1940 2437 2045 2492 quo
2087 2422 2376 2491 Imperator
2413 2421 2694 2476 simulacra
2742 2421 2970 2475 tollenda
2999 2436 3118 2479 esse
3154 2421 3422 2485 decrevit,
3451 2420 3519 2475 de

1939 2529 2044 2583 quo
2070 2515 2233 2569 acturi
2261 2528 2467 2580 sumus,
2492 2528 2632 2568 anno
2658 2516 2900 2583 proximo
2925 2512 3085 2568 fuisse
3107 2514 3514 2583 promulgatum.

1940 2605 2071 2659 Nam
2098 2605 2163 2659 ab
2203 2605 2301 2659 hoc
2336 2606 2596 2673 rescripto
2621 2606 2706 2659 illa
2734 2605 2956 2674 l‘aganis
2984 2603 3191 2658 nonnisi
3219 2602 3516 2657 clanculum

1942 2710 2153 2751 servare
2177 2695 2343 2749 licuit.
2366 2695 2478 2750 Sub
2508 2695 2742 2764 ejusdem
2779 2694 3041 2749 sermonis
3073 2694 3229 2747 finem
3260 2692 3402 2763 loqui
3435 2692 3519 2747 vi-

1941 2787 2096 2842 detur
2121 2787 2189 2842 de
2214 2786 2365 2841 novis
2390 2787 2588 2855 aliquot
2616 2785 2818 2856 legibus
2843 2794 3025 2840 contra
3064 2784 3386 2850 Donatistas,
3418 2797 3518 2852 po~

1942 2878 2045 2931 tius
2071 2886 2244 2931 tamen
2275 2876 2326 2931 in
2360 2876 2681 2946 privatorum
2703 2917 2715 2939 ,
2754 2891 2909 2943 quam
2951 2876 3210 2929 universa:
3236 2881 3396 2927 secta:
3424 2870 3520 2926 fla-

1941 2969 2064 3039 gitia
2095 2969 2234 3022 latis.
2259 2968 2453 3022 Scribit
2473 2969 2638 3033 enim,
2671 2966 2952 3021 barreticos
2975 2966 3163 3020 alicubi
3190 2979 3299 3019 sum
3332 2963 3519 3033 impiea

1944 3062 2064 3115 tatis
2092 3069 2146 3115 et
2175 3059 2371 3114 furoris
2403 3073 2589 3129 ptenas
2615 3074 2677 3113 ex
2712 3059 2883 3128 legum
2924 3057 3235 3127 praescripto
3277 3056 3518 3121 dedisse,

1944 3150 2085 3205 unde
2130 3151 2231 3205 sibi
2277 3165 2307 3203 a
2350 3148 2635 3204 Catholicis
2680 3149 2939 3217 publicam
2989 3147 3406 3216 persecutionem
3451 3144 3520 3199 ad

1944 3254 2095 3293 suam
2124 3240 2409 3308 perniciem
2456 3238 2658 3293 moveri
2693 3246 3063 3306 quererentur.
3121 3236 3431 3304 lusupcret
3467 3250 3519 3288 ιιι

1943 3330 2131 3385 eadem
2160 3343 2405 3384 sermone
2434 3336 2849 3391 commemorat,
2875 3326 3115 3390 Judzcos,
3149 3341 3267 3378 eum
3306 3324 3523 3393 quibus.

1944 3421 2065 3475 dam
2097 3421 2149 3474 in
2175 3419 2305 3474 locis
2333 3418 2401 3473 ob
2430 3417 2800 3487 improbitatcs
2840 3431 2962 3469 suas
3000 3415 3228 3482 correpti
3269 3414 3519 3476 fuissent,

1947 3512 2071 3568 hinc
2096 3526 2278 3565 ansam
2319 3509 2604 3579 arripuisse
2645 3506 2985 3572 criminandi,
3017 3506 3097 3560 v‘cl
3142 3504 3403 3573 fingendi,
3432 3512 3523 3556 aut

1946 3601 2243 3671 suspicandi
2264 3644 2281 3667 ,
2310 3601 2362 3654 in
2390 3599 2441 3654 id
2465 3613 2676 3667 semper
2699 3598 2976 3666 episcopos
2998 3595 3331 3657 incumbere,
3364 3602 3421 3646 ut
3448 3593 3525 3646 fa-

1945 3691 2197 3745 cultatem
2236 3689 2364 3759 ipsis
2392 3687 2619 3743 nocendi
2662 3695 2980 3756 quaererent.
3022 3685 3098 3739 Eo
3136 3691 3291 3754 pacto
3329 3681 3518 3746 Juda‘i,

1946 3782 2139 3851 Pagani
2161 3790 2213 3835 ct
2241 3779 2495 3844 haeretici,
2525 3794 2644 3833 cum
2673 3777 2973 3832 universam
2995 3776 3286 3830 Ecclesium
3309 3775 3405 3827 sibi
3431 3774 3523 3826 hac

1948 3869 2136 3924 berent
2174 3870 2428 3923 infensam
2455 3908 2471 3933 ,
2512 3865 2940 3936 conspirantibus
2982 3863 3173 3918 animis
3220 3865 3523 3916 εοοῐιιιειιιιιιι

1947 3960 2281 4028 querelarum
2310 3957 2565 4012 adversus
2584 3972 2701 4012 eam
2728 3955 2961 4020 coibant,
2987 3954 3241 4009 unitatem
3273 3951 3526 4006 facientes

1948 4057 2133 4104 contra
2160 4050 2437 4103 unitatem.

2019 4140 2073 4194 5.
2114 4138 2195 4193 Ad
2222 4138 2324 4194 hoc
2347 4138 2536 4192 saltem
2560 4145 2770 4206 tempus
2799 4134 3104 4191 referendus
3140 4149 3350 4203 quoque
3378 4133 3527 4187 vidc-

1950 4237 2036 4284 tur
2055 4243 2232 4283 sermo
2255 4230 2307 4282 in
2332 4243 2543 4283 versum
2565 4227 2755 4282 Psalmi
2778 4225 3083 4295 octogesimi
3104 4223 3341 4285 secundi,
3366 4220 3524 4284 Deus,

1950 4321 2061 4389 quis
2087 4319 2265 4373 similis
2286 4318 2374 4372 tibi
2392 4318 2585 4391 (Serm.
2610 4318 2679 4372 24
2702 4316 2757 4391 )?
2777 4315 3198 4386 quandoquidem
3226 4314 3399 4368 adhuc
3422 4312 3530 4366 ido-

1950 4413 2015 4466 lis
2036 4412 2301 4474 litabatur,
2325 4418 2379 4464 et
2402 4424 2582 4463 eorum
2605 4410 2775 4462 cultus
2798 4407 3116 4475 Carthagine
3143 4405 3367 4474 vigebat.
3396 4404 3527 4457 Erat

1952 4502 2059 4555 illic
2088 4503 2225 4555 inter
2249 4510 2439 4555 ett-tera
2468 4500 2805 4553 simulacrum
2837 4514 2900 4550 ex
2942 4498 3141 4565 lapide,
3176 4488 3416 4550 llerculis
3443 4493 3529 4548 dei

1952 4610 2145 4648 nomen
2176 4594 2228 4647 in
2261 4592 2414 4647 titulo
2454 4590 2759 4661 prteferens.
2791 4590 2986 4646 Statua:
3013 4590 3171 4658 hujus
3203 4589 3441 4653 barbam,
3475 4587 3528 4640 in

1952 4701 2052 4755 qua
2082 4692 2185 4737 tota
2210 4683 2449 4737 Ilerculis
2473 4681 2637 4735 virtus
2666 4679 2971 4749 putabatur,
2996 4696 3159 4733 novus
3187 4678 3531 4746 magistratus

1952 4788 1981 4826 a
2003 4773 2224 4843 Paganis
2249 4771 2495 4826 seductus
2519 4785 2649 4824 auro
2677 4768 2917 4838 perfundi
2954 4767 3284 4837 permiserat.
3322 4760 3525 4818 Verum

1954 4863 2020 4917 ad
2044 4863 2269 4917 dedecus
2293 4863 2550 4916 cultorum
2573 4862 2687 4929 ejus
2712 4876 2840 4914 auro
2863 4858 3069 4914 refulsit
3089 4858 3277 4911 falsum
3308 4870 3522 4909 numen.

1952 4951 2079 5006 Inde
2104 4953 2244 5006 enim
2272 4968 2376 5006 non
2404 4952 2468 5005 ad
2509 4949 2866 5016 adorandum,
2903 4948 2994 5003 sed
3038 4947 3102 5001 ad
3148 4944 3523 4999 vindicandum

1953 5051 2225 5112 permotus
2271 5043 2638 5105 Christianus,
2698 5038 3060 5109 superstitioni
3120 5036 3193 5089 illi
3246 5050 3369 5088 sese
3424 5034 3526 5087 im-

1956 5134 2200 5199 miscuit,
2231 5141 2288 5187 ut
2311 5134 2525 5187 barbam
2553 5132 2667 5201 ejus
2702 5130 2927 5183 raderet.
2967 5126 3048 5180 An
3078 5127 3178 5179 hoc
3203 5139 3338 5183 unus
3363 5138 3524 5178 ausus

1955 5226 2044 5292 sit,
2075 5224 2291 5280 dubium
2321 5236 2420 5288 est,
2449 5238 2567 5276 cum
2592 5236 2712 5275 mox
2739 5218 3060 5290 Augustinus
3093 5214 3370 5285 subjiciat,
3402 5214 3527 5268 bar-

1953 5315 2076 5371 bam
2116 5315 2356 5370 Herculis
2398 5329 2427 5367 a
2461 5313 2573 5367 Deo
2610 5304 2781 5364 rasam
2806 5323 2923 5364 esse
2946 5323 3033 5377 per
3061 5306 3233 5375 ﬁdeles
3258 5321 3399 5371 suos,
3441 5320 3531 5374 per

1956 5406 2266 5461 Christianos
2290 5421 2421 5468 suos,
2453 5419 2541 5473 per
2566 5410 2827 5471 potestates
2851 5415 2882 5452 a
2905 5416 2959 5454 se
2990 5398 3265 5453 ordinatas.
3299 5395 3408 5450 Hac
3438 5394 3527 5447 ille

1956 5495 2234 5550 occisione
2257 5507 2577 5559 sermonem,
2596 5491 2663 5546 de
2682 5505 2786 5560 quo
2806 5490 3087 5560 loquimur,
3112 5486 3311 5542 habuit.
3340 5485 3527 5539 Dicen—

1956 5595 2061 5641 tem
2086 5582 2439 5653 interpellavit
2458 5582 2699 5653 populus,
2722 5579 3017 5637 vociferans
3037 5587 3090 5634 et
3108 5578 3364 5639 clamans,
3390 5573 3528 5640 Quo-

1958 5676 2105 5733 modo
2136 5676 2320 5733 Roma.
2356 5673 2425 5730 sic
2454 5682 2498 5728 ct
2525 5672 2808 5732 Carthago!
2835 5672 2883 5727 id
2924 5688 2981 5727 sc
3011 5669 3255 5723 nimirum
3287 5665 3441 5729 velle,
3474 5662 3528 5719 id
