3990 6360
412 5592 422 5664 ἓ

492 267 596 331 279

442 410 449 422 ε
491 388 783 461 postulare,
806 394 867 443 ut
886 387 1061 445 omnis
1083 372 1431 446 Ethnicorum
1455 392 1758 461 superstitio
1778 392 2068 460 deleretur,

489 474 722 552 nec'jam
737 479 1055 552 Carthagine
1068 482 1498 550 permitterentur
1511 482 1763 541 Hercules
1780 484 1975 553 aliique
1997 484 2070 543 dii

490 570 741 637 Romani,
766 571 858 644 qui
886 571 939 626 in
962 571 1076 642 ipsa
1095 572 1253 627 etiam
1279 572 1411 627 urbe
1431 572 1599 627 Roma
1622 572 1955 641 defecerant;
1976 576 2068 630 sed

461 713 464 717 .
491 664 545 718 in
578 662 680 717 hoc
708 663 891 717 Romae
917 660 1179 732 Carthago
1207 663 1435 731 omnino,
1454 663 1745 719 consimilis
1772 675 1931 720 esset.
1964 666 2068 721 Po-

455 742 597 831 ipuli
635 752 890 825 pietatem
916 760 971 809 et
991 753 1223 808 studium
1258 753 1336 818 sic
1368 752 1608 814 laudibus
1635 753 1793 815 ell‘ert
1814 756 2067 825 Augusti-

452 868 459 891 τ
488 862 619 911 nus,
650 856 707 901 ut
739 845 984 903 videatur
1012 853 1187 907 tamen
1227 853 1493 910 metuere,
1520 860 1588 905 ne
1611 846 1743 916 quid.
1760 848 1848 901 ille
1872 848 2066 903 tumul:

438 1276 454 1310 3

486 945 644 990 tuose
667 945 721 991 et
746 952 849 991 non
875 935 1005 993 satis
1024 936 1252 1007 legitima
1282 937 1594 991 auctoritate
1621 938 1887 992 moliatur.
1921 939 2067 993 Prae-

486 1027 632 1096 cipiti
656 1026 825 1096 plebis
844 1039 953 1082 sua:
973 1027 1166 1089 studio,
1190 1028 1239 1080 ui
1259 1036 1436 1080 nostra
1461 1042 1564 1089 nos
1588 1027 1717 1086 fallit
1740 1028 2065 1098 conjectura,

483 1120 595 1190 jam.
623 1120 738 1190 ipso
780 1135 939 1185 mane
973 1120 1151 1184 frenos
1188 1120 1443 1189 injecerat
1484 1120 1766 1190 episcopus
1792 1120 2066 1191 Carthagie

486 1212 691 1273 nensis,
719 1213 887 1280 Quam
932 1214 1070 1268 enim
1111 1211 1268 1280 aliam
1296 1211 1365 1267 ob
1391 1227 1602 1273 causam
1633 1213 1709 1267 eis
1734 1214 2064 1283 gratulatur,

486 1303 628 1372 quod
662 1304 911 1374 episcopo
934 1318 1030 1366 suo
1051 1303 1102 1357 in
1124 1318 1188 1361 eo
1218 1302 1355 1372 quod
1381 1303 1507 1372 ipsis
1526 1319 1679 1359 mane
1699 1304 1906 1359 locutus
1929 1314 2062 1372 erat,

486 1394 805 1464 obedicrint,
831 1403 987 1465 atque
1012 1404 1066 1448 ut
1096 1410 1217 1449 eum
1245 1402 1564 1468 sequantur,
1583 1404 1637 1449 et
1662 1394 1730 1450 ab
1758 1410 1819 1451 ea
1845 1397 1926 1450 via
1958 1412 2066 1453 non

486 1484 741 1550 recedant
762 1485 1093 1544 obtestatur?
1113 1483 1317 1543 Interea
1338 1500 1432 1541 eos
1447 1484 1715 1547 cohortari
1742 1501 1846 1541 non
1867 1497 2064 1554 cessat,

484 1585 545 1641 ut
571 1591 722 1632 suam
748 1576 815 1633 de
842 1576 1100 1638 abolenda
1139 1577 1513 1648 superstitione
1536 1576 1858 1633 voluntatem
1885 1586 2068 1640 notam

483 1674 539 1722 ct
563 1674 806 1722 testatam
836 1666 1022 1733 iccisse
1046 1666 1281 1723 contenti
1300 1709 1318 1732 ,
1343 1666 1457 1737 ejus
1482 1667 1763 1737 implenda:
1787 1668 2063 1724 consilium

483 1771 547 1811 ac
572 1756 787 1821 modum
830 1756 906 1813 ab
937 1758 1199 1828 episcopis
1235 1758 1577 1828 exspectent;
1610 1774 1707 1815 nec
1742 1761 1959 1815 timeant
1997 1776 2065 1817 ne

483 1847 562 1902 illi
591 1847 643 1901 in
671 1846 771 1912 hac
793 1858 940 1918 parte
960 1847 1135 1913 officio
1158 1863 1256 1908 suo
1278 1848 1473 1903 desint.
1497 1849 1658 1918 Spem
1686 1866 1894 1920 quoque
1918 1852 2067 1922 facit,

484 1936 599 1992 fore
626 1945 684 1994 ut
709 1952 889 1994 eorum
914 1953 1104 2009 preces
1139 1937 1347 1993 felicem
1376 1940 1573 1995 exitum
1602 1941 1911 2008 sortiantur,
1940 1956 2061 1996 cum

482 2028 626 2085 Deus
652 2030 1058 2098 superstitiones
1076 2029 1359 2085 Gentilium
1386 2030 1639 2087 delendas
1661 2032 1982 2100 prmdiserit,
2008 2041 2066 2089 et

482 2119 779 2189 multisjam
795 2127 1051 2188 terrarum
1068 2121 1218 2187 locis,
1232 2121 1606 2188 etiamRomae,
1625 2124 1894 2179 oraculum
1907 2140 2061 2181 suum

482 2209 845 2279 compleverit.
875 2211 950 2265 Ex
989 2210 1089 2272 hoc
1107 2226 1352 2266 sermone
1371 2253 1385 2276 ,
1410 2227 1563 2280 quem
1582 2211 1897 2284 Carthagine
1914 2215 2065 2273 habia

484 2309 596 2354 tum
624 2301 784 2356 fuisse
809 2317 965 2357 nemo
995 2318 1100 2355 non
1126 2302 1395 2371 agnoscit,
1419 2302 1569 2358 facile
1597 2304 1923 2374 intelligitur,
1949 2305 2062 2375 jam

482 2399 593 2449 tmn
628 2392 694 2448 ab
723 2392 1005 2461 cpiSCOpis,
1031 2394 1201 2463 quiin
1226 2409 1287 2449 ea
1324 2395 1455 2450 urbe
1481 2396 1844 2459 versabantur.
1870 2397 2061 2455 decre-

482 2490 591 2535 tum
622 2481 781 2538 fuisse
813 2493 867 2539 ut
905 2482 977 2543 ad
1006 2483 1293 2545 Honorium
1329 2489 1621 2555 Augustum
1650 2501 1747 2556 pro
1775 2487 2059 2543 obtinenda

481 2572 873 2642 superstitionis
893 2574 1245 2636 exstinctione
1269 2576 1567 2642 mitterent;
1601 2593 1664 2632 ac
1679 2578 1900 2634 subinde
1921 2580 2061 2648 ipso.

481 2677 623 2729 rum,
645 2663 734 2732 qui
761 2661 827 2716 ad
857 2663 908 2729 i_d
935 2665 1321 2733 procurandum
1348 2658 1507 2737 legali
1532 2676 1685 2736 sunt,
1718 2672 2065 2738 persuasione

480 2764 536 2814 et
571 2755 784 2809 inductu
825 2756 1062 2813 celebres
1104 2756 1222 2813 illas
1259 2757 1403 2828 leges
1430 2758 1529 2819 hac
1555 2759 1623 2817 de
1647 2776 1705 2816 re
1730 2762 1864 2818 latas
1898 2762 2067 2819 fuisse

481 2861 622 2911 anno
658 2847 1043 2905 trecentesimo.
1067 2849 1409 2918 nonagesimo
1442 2857 1656 2917 octavo,
1695 2860 1751 2908 et
1786 2867 1927 2914 anno
1969 2868 2063 2914 se—.

483 2937 665 3006 quenti
692 2937 743 2991 in
777 2936 960 3000 Africa
979 2938 1310 2995 exsecutioni
1330 2939 1625 3006 mandatas.

554 3029 607 3085 ὁ.
649 3030 764 3097 Quo
808 3038 1043 3098 tempore
1067 3028 1225 3086 dubia
1250 3045 1344 3087 sua
1385 3030 1453 3096 ad
1492 3032 1841 3103 Augustinum
1879 3034 2064 3091 retulit

483 3117 753 3175 Publicola
785 3118 971 3188 (Epist.
1000 3118 1113 3188 46),
1134 3134 1199 3174 eo
1222 3128 1369 3175 certe
1393 3120 1653 3177 idolorum
1678 3122 1938 3179 sacriﬁcia
1961 3123 2060 3179 ad-

485 3208 588 3262 huc
612 3208 880 3277 vigebant.
908 3208 1035 3262 Nam
1062 3208 1205 3278 quod
1230 3208 1283 3264 in
1310 3212 1658 3280 responsione
1689 3212 1966 3284 Augustini
1987 3212 2063 3267 le-

482 3298 624 3366 gitur
645 3297 710 3352 de
734 3299 1049 3368 templorum
1070 3306 1124 3354 et
1140 3298 1401 3354 idolorum
1424 3300 1768 3372 lucorumque
1785 3302 2062 3360 eversione

484 3386 681 3459 (Epist.
702 3388 789 3451 47,
820 3405 873 3441 n.
905 3387 986 3459 5),
1028 3388 1081 3444 id
1108 3388 1175 3444 ad
1212 3398 1526 3458 potestatem
1555 3406 1618 3447 ea
1655 3392 1924 3448 evertendi
1953 3408 2061 3449 non

481 3479 597 3547 lege
645 3478 851 3548 publica
876 3478 990 3535 sive
1016 3480 1285 3550 generali,
1329 3480 1423 3536 sed
1450 3482 1664 3552 speciali
1687 3483 1913 3553 quadam
1944 3484 2061 3554 jus-

482 3570 632 3636 sione
660 3570 819 3631 certis
844 3569 895 3628 in
925 3570 1100 3629 causis
1131 3571 1311 3640 datam
1341 3580 1582 3642 spectare
1614 3572 1798 3643 liquet.
1821 3574 1950 3641 Quis
1975 3576 2064 3635 ille

483 3658 755 3727 Publicola
782 3658 955 3726 fuerit,
1001 3659 1264 3715 incertum
1299 3670 1407 3730 est.
1450 3661 1512 3725 lsi,
1538 3661 1732 3730 praedia
1762 3663 2063 3732 possidebat

483 3748 542 3805 in
567 3749 880 3819 Arzugibus,
907 3764 1025 3819 quae
1051 3750 1456 3809 natiobarbaris
1484 3750 1781 3809 Gentilibus
1807 3762 1919 3809 erat
1947 3754 2064 3808 fini~

484 3838 633 3896 lima.
683 3839 1014 3908 QuaprOpter
1060 3840 1323 3910 indigena:
1365 3840 1684 3905 eorumdem,
1714 3841 2063 3909 barbarorum

482 3944 643 3998 opera
675 3929 990 3996 utebantur,
1028 3931 1177 4000 prius
1210 3932 1442 4001 ipsorum
1476 3932 1579 3992 (ide
1603 3934 1948 4003 jurejurando
1969 3936 2065 3991 ad—

483 4021 685 4075 stricta.
711 4020 788 4076 De
811 4034 916 4090 quo
940 4020 1251 4090 juramento.
1269 4037 1391 4078 eum
1420 4023 1579 4077 varia:
1603 4024 1942 4083 difficultates
1968 4041 2064 4080 an-

483 4109 696 4180 gebant,
728 4118 782 4168 ut
810 4118 871 4166 et
890 4110 959 4167 de
986 4127 1088 4168 usu
1114 4111 1393 4167 multarum
1425 4128 1627 4181 rerum,
1652 4130 1773 4185 qua:
1800 4114 2062 4171 idolorum

482 4202 625 4257 cultu
664 4203 825 4273 [milui
853 4203 1184 4260 videbantur.
1212 4203 1338 4260 Haec
1378 4212 1433 4260 et
1458 4205 1651 4270 similia
1674 4205 1833 4260 dubia
1865 4221 2063 4276 propo-

483 4292 564 4347 nit
588 4293 908 4363 Augustino,
936 4303 992 4349 ut
1025 4295 1184 4364 patri,
1214 4304 1273 4351 ut
1297 4294 1517 4360 seniori,
1544 4303 1602 4349 ut
1631 4296 1884 4365 pontifici,
1912 4297 2063 4365 cujus

485 4397 553 4445 ex
577 4397 669 4439 ore
700 4384 1010 4453 requirenda
1041 4385 1124 4439 lex
1155 4384 1309 4439 foret.
1337 4385 1416 4439 Ad
1446 4384 1561 4455 ejus
1584 4386 1844 4455 postulata
1867 4386 2061 4441 rescri-

485 4472 592 4539 psit
617 4473 966 4543 Augustinus,
995 4483 1048 4529 et
1073 4474 1211 4530 inter
1233 4475 1335 4529 alia
1378 4475 1697 4545 respondet,
1737 4491 1923 4531 eorum
1961 4475 2063 4533 sibi

486 4562 771 4629 consilium
789 4580 892 4621 non
916 4565 1150 4634 probari,
1171 4566 1259 4636 qui
1284 4576 1585 4633 censerent,
1612 4566 1881 4622 hominem
1908 4582 2063 4637 posse

484 4650 646 4713 alium
680 4653 952 4718 occidere,
986 4670 1052 4709 ne
1094 4656 1162 4711 ab
1188 4669 1253 4711 co
1294 4655 1593 4722 occidatur;
1636 4655 1737 4717 nisi
1767 4656 1943 4710 forsan
1974 4656 2063 4722 ille

485 4740 716 4812 legitima
747 4753 1006 4813 potestate
1047 4744 1213 4803 fretus
1240 4746 1306 4800 ad
1333 4747 1555 4810 aliorum
1586 4748 1804 4803 tutelam
1833 4746 1885 4801 id
1914 4746 2061 4803 face-

481 4841 584 4894 ret.
620 4833 800 4902 Itaque
827 4843 1030 4891 tantum
1055 4838 1333 4907 approbat,
1364 4846 1423 4892 ut
1455 4851 1733 4907 aggressor
1757 4844 1812 4892 et
1841 4836 2060 4897 insidia-i

484 4931 568 4983 tor
594 4933 795 4979 terrore
820 4926 1107 4994 repellatur
1134 4925 1326 4998 (Ibid,
1344 4943 1395 4980 n.
1422 4926 1498 4996 5).
1521 4924 1714 4981 Censet
1744 4925 1940 4995 pariter
1966 4925 2062 4985 ho-

484 5012 646 5081 mini,
673 5014 812 5073 fame
838 5025 1150 5086 premente,
1176 5017 1222 5071 si
1251 5016 1381 5071 nihil
1412 5017 1615 5085 uspiam
1646 5016 1927 5083 invenerit,
1960 5016 2059 5085 nisi

484 5104 662 5165 cibum
688 5122 845 5175 quem
891 5115 1038 5161 certo
1066 5107 1166 5167 scit
1211 5106 1368 5168 idolis
1402 5106 1660 5175 oblatum,
1707 5106 1872 5171 satius
1918 5122 2057 5173 esse,

484 5196 652 5262 etiam
674 5197 886 5259 nemine
908 5199 1145 5268 conscio,
1169 5214 1289 5256 eum
1316 5198 1601 5263 christiana
1629 5198 1820 5261 virtute
1844 5213 2061 5268 respue.-

484 5298 544 5338 re
571 5282 759 5353 (Ibitis,
784 5303 836 5350 ne.
856 5288 930 5357 61.

1065 5378 1292 5441 CAPUT
1330 5377 1470 5444 XVI.

487 5469 512 5524 ί
548 5467 761 5539 Pagana
780 5469 1066 5539 superstitio
1087 5480 1204 5530 tunc
1224 5471 1402 5542 ubique
1417 5486 1589 5529 eversa
1605 5510 1621 5537 ,
1649 5484 1765 5537 cum
1787 5485 1849 5524 ex
1867 5469 2059 5527 darmo-

558 5576 679 5611 num
704 5560 922 5614 oraculis
946 5560 1275 5614 instauranda
1299 5571 1424 5616 erat.
1455 5560 1492 5629 2
1520 5559 1590 5622 In.
1609 5559 1809 5625 Oriente
1832 5559 2061 5629 prohibeo

556 5659 636 5703 tur
682 5666 739 5702 ac
782 5650 974 5705 deletur
1013 5652 1311 5706 auctoritate
1344 5651 1564 5706 Arcadii.
1611 5653 1644 5706 '5
1684 5649 1747 5704 In
1795 5649 2059 5743 Qccidente

1587 272 1742 332 VITA
1782 276 1839 334 S.
1885 277 2244 335 AUGUSTINI
2284 278 2596 337 EPISCOPI.

3651 294 3757 351 Ξεσ

2247 413 2438 466 quoque
2461 398 2752 452 auctoritate
2779 398 3013 455 Honorii.
3056 404 3090 457 4
3122 403 3289 475 Ilujus
3322 406 3477 477 legem
3517 425 3577 463 ea
3613 409 3676 463 de
3697 427 3755 467 re

2246 491 2402 543 latam
2440 492 2797 559 exsequendum
2833 503 3009 548 curant
3049 496 3229 551 Jovius
3265 508 3311 552 et
3351 498 3682 554 Gaudentius.
3714 502 3751 557 5

2248 579 2470 634 Cwlestis
2500 583 2606 636 dea:
2631 584 2866 651 templunt
2906 583 3211 657 Carthagine
3235 588 3433 644 Christo
3459 592 3750 648 dedicatum

2243 672 2306 725 ab
2328 673 2550 726 Aurelio.
2583 674 2617 729 6
2654 675 2915 729 Nonnulla
2956 678 3259 735 idololatriae
3292 682 3589 751 quibusdam
3634 685 3759 746 locis.

2242 762 2416 816 relicta
2442 766 2665 835 vestigia.
2694 767 2724 819 7
2755 766 3035 833 Su/I'ectani
3058 782 3320 841 martyres.
3349 774 3665 842 Augustinus
3683 779 3753 829 ad

2243 852 2491 921 principes
2531 853 2751 909 Coloniae
2780 854 3089 922 Su/fectana:
3121 862 3310 915 scribit.
3354 862 3388 918 8
3430 862 3755 933 Rescriptunt

2241 943 2535 998 adulator-iis
2556 944 2933 1002 Donatistarum
2962 953 3189 1020 precibus
3215 970 3247 1007 a
3268 952 3476 1010 Iuliano
3498 954 3759 1017 indultum

2231 1033 2437 1102 jubetur
2460 1034 2671 1105 publicis
2703 1036 2825 1092 locis
2849 1041 3003 1110 aﬂigi.

2243 1122 2294 1175 1.
2334 1121 2469 1177 Cum
2501 1124 2741 1181 viderent
2774 1127 3041 1198 Gentiles,
3073 1148 3163 1185 nec
3200 1141 3269 1187 tot
3297 1136 3547 1204 tantisque
3574 1152 3751 1205 perse-

2169 1211 2477 1280 cutionibus,
2508 1230 2643 1283 quas
2666 1231 2761 1285 per
2785 1226 3051 1277 trecentos
3089 1220 3200 1277 fere
3228 1239 3397 1280 annos
3437 1226 3748 1294 pertulerat,

2170 1300 2476 1371 religionem
2517 1302 2864 1362 Christianam
2929 1311 3163 1379 potuisse
3202 1316 3479 1380 consumi,
3530 1316 3619 1371 sed
3663 1319 3750 1371 his

2168 1392 2335 1457 potius
2360 1394 2486 1447 mira
2527 1395 2829 1452 incrementa
2868 1402 3171 1471 sumpsisse;
3213 1407 3615 1474 excogitaverunt
3654 1425 3747 1463 ne.

2167 1483 2270 1537 scio
2312 1499 2437 1555 quos
2475 1500 2642 1541 uersus
2681 1504 2903 1556 greces,
2944 1500 3182 1561 tanquam
3232 1496 3505 1549 consulenti
3542 1498 3749 1552 cuidam

2167 1573 2334 1635 divino
2372 1576 2578 1635 oraculo
2624 1576 2846 1647 e/fusos,
2881 1581 2966 1634 ubi
3003 1580 3256 1636 Christum
3291 1585 3491 1655 quidem
3531 1587 3592 1641 ab
3640 1587 3751 1641 hu~.

2157 1662 2247 1730 jus
2312 1671 2551 1733 tanquam
2606 1667 2855 1737 sacrilegii
2901 1670 3110 1726 crimine
3159 1674 3353 1742 faciunt
3398 1675 3753 1742 innocentem;

2168 1750 2375 1809 Petrum
2395 1764 2573 1810 autem
2584 1757 2844 1826 maleﬁciis
2868 1760 3043 1829 fecisse
3068 1762 3394 1834 subjungunt,
3416 1775 3472 1818 ut
3498 1767 3753 1821 coleretur.

2166 1838 2351 1894 Christi
2387 1859 2567 1901 nomen
2606 1862 2694 1914 per
2733 1855 2973 1907 trecentos
3011 1852 3271 1922 sexaginta
3301 1854 3517 1924 quinque
3542 1872 3746 1922 annos,

2164 1933 2343 1987 deinde
2370 1936 2614 2005 completo
2646 1949 2917 1994 memorato
2941 1957 3147 2005 numero
3160 1959 3427 2010 armorum,
3452 1946 3560 1999 sine
3594 1962 3754 2004 mora

2164 2034 2378 2085 sumeret
2403 2026 2554 2095 finem
2577 2026 2679 2098 (De
2715 2026 2862 2084 Civil.
2904 2028 3020 2099 Dei,
3064 2031 3150 2086 lib.
3183 2032 3271 2098 l8,
3312 2051 3426 2104 cap.
3453 2035 3542 2101 5'5,
3569 2053 3622 2089 η.
3654 2036 3741 2106 2).

2163 2114 2226 2169 Hi
2258 2117 2477 2172 trecenti
2518 2119 2787 2189 sexaginta
2809 2120 3042 2191 quinque
3069 2123 3196 2178 anui
3223 2126 3501 2180 sumebant
3526 2127 3753 2184 initium.

2162 2205 2349 2260 saltem
2374 2222 2401 2259 a
2423 2206 2507 2267 die
2531 2224 2651 2279 quo.
2667 2210 2869 2265 missus
2884 2221 2968 2266 est
2992 2212 3220 2282 Spiritus
3242 2224 3475 2282 sanctus,
3513 2217 3612 2272 hoc
3631 2227 3746 2284 est,

2161 2311 2225 2351 ex
2255 2306 2431 2357 mente
2459 2298 2758 2368 Augustini,
2798 2300 2867 2355 ab
2893 2301 3067 2357 idibus
3108 2304 3278 2370 maiis,
3324 2304 3531 2360 duobus
3557 2306 3754 2365 Gemi-.

2162 2387 2245 2441 uis
2276 2386 2518 2452 Rubellio
2543 2398 2598 2443 et
2622 2389 2758 2443 Rufo
2786 2392 3121 2458 consulibus,
3159 2394 3247 2463 qui
3283 2410 3404 2449 arra:
3444 2398 3752 2450 communis

2161 2490 2333 2533 annus
2360 2485 2443 2543 est
2466 2477 2746 2533 vicesimus
2775 2496 2968 2535 nonus.
3006 2481 3095 2536 Sic
3118 2483 3189 2537 illi
3218 2485 3436 2538 trecenti
3467 2485 3746 2555 sexaginta

2161 2568 2393 2637 quinque
2427 2570 2550 2624 anni
2591 2571 2889 2641 complendi
2916 2584 3068 2629 erant
3099 2574 3271 2631 idibus
3296 2576 3449 2631 maiis
3477 2578 3598 2632 anni
3635 2589 3755 2633 trco.

2162 2661 2438 2716 centesimi
2479 2664 3016 2734 nonagesimiquarti.
3046 2666 3368 2736 Augustinus
3407 2678 3581 2723 tamen
3608 2669 3753 2734 vult,t

2162 2766 2257 2807 eos
2281 2754 2437 2806 finem
2458 2753 2667 2822 cepisse
2686 2755 2962 2808 consulatu
2987 2755 3206 2821 llonorii
3226 2765 3287 2820 et
3300 2757 3633 2827 Eutychiani,
3649 2758 3755 2827 qui

2163 2842 2341 2901 incidit
2369 2843 2421 2898 in
2447 2858 2643 2899 annum
2668 2842 2863 2911 Christi
2890 2848 3317 2905 trecentesimum
3343 2848 3749 2918 nonagesimum

2162 2941 2438 2999 octavum;
2468 2950 2577 3004 quo
2601 2937 2773 3004 reipsa
2798 2935 3216 3005 complebantur,
3244 2937 3290 2993 si
3312 2953 3571 3008 ponamus
3591 2936 3756 2995 Chria

2164 3031 2300 3078 stum
2331 3039 2546 3094 passum
2585 3022 2749 3081 fuisse
2787 3040 2928 3080 anno
2958 3026 3228 3096 trigesimo
3258 3028 3416 3083 tertio
3443 3044 3563 3083 aera:
3590 3043 3750 3083 com-

2165 3114 2359 3168 munis.
2405 3113 2566 3185 Igitur
2605 3114 2897 3169 secundum
2946 3114 3078 3169 illud
3119 3116 3389 3171 oraculum
3438 3117 3747 3172 daemonum

2169 3220 2371 3276 pagana
2417 3216 2527 3260 tum
2566 3207 2878 3275 superstitio
2918 3221 3228 3277 resurgere,
3259 3217 3313 3263 et
3339 3207 3622 3263 christiana
3658 3224 3755 3265 re-t

2165 3296 2290 3364 ligio
2344 3295 2535 3353 cadere
2598 3296 2802 3352 debuit.
2866 3297 3063 3352 Verum
3119 3299 3278 3366 Deus,
3304 3308 3365 3365 ut
3420 3299 3576 3370 hujus
3622 3316 3751 3357 ora-

2167 3385 2274 3448 culi
2321 3386 2631 3457 ﬁgmentum
2678 3385 3090 3455 demonstraret,
3141 3388 3483 3454 Christianam
3534 3391 3754 3460 religio-

2164 3491 2288 3541 nem
2328 3477 2477 3532 novis
2528 3477 2585 3543 in
2623 3477 2739 3544 dies
2788 3478 3130 3533 incrementis
3158 3478 3349 3535 florere
3385 3481 3565 3536 voluit.
3593 3481 3752 3548 Quod

2165 3567 2444 3624 manifeste
2494 3568 2663 3636 patuit
2704 3568 2815 3638 jam
2868 3567 2991 3627 inde
3042 3569 3109 3623 ab
3161 3584 3304 3627 anno
3358 3571 3751 3641 consequenti,

2164 3671 2272 3726 quo
2314 3656 2520 3721 Mallius
2564 3658 2877 3723 Theodorus
2914 3660 3243 3721 consulatum
3273 3663 3457 3731 gessit,
3494 3663 3593 3717 hoc
3641 3671 3751 3728 est,

2165 3762 2307 3817 anno
2344 3749 2719 3812 trecentesimo
2760 3751 3104 3820 nonagesimo
3150 3766 3312 3818 nono,
3342 3751 3397 3817 in
3449 3765 3554 3821 quo
3605 3766 3755 3809 nunc

2165 3852 2460 3900 versamur.
2491 3837 2731 3908 Sequenti
2757 3855 2912 3905 anno,
2948 3839 3133 3893 scribit
3158 3840 3514 3909 Augustinus,
3544 3840 3757 3894 consul:

2168 3926 2348 3982 Mallio
2374 3927 2658 3994 Theodoro,
2677 3929 2895 3999 quando,
2901 3932 3013 4000 jam
3035 3931 3313 3984 secundant
3333 3931 3462 3995 illud
3480 3932 3752 3991 oraculum

2165 4018 2467 4083 dtemonum,
2494 4029 2580 4073 aut
2609 4021 2909 4091 ﬁgmentum
2938 4022 3228 4090 hominum,
3262 4024 3404 4077 nulla
3437 4039 3539 4078 esse
3577 4023 3751 4077 debuit

2165 4108 2339 4177 religio
2376 4109 2668 4175 christiana,
2700 4110 2823 4180 quid
2852 4127 2941 4181 per
2965 4112 3093 4166 alias
3128 4120 3371 4173 terrarum
3400 4121 3565 4182 partes
3598 4114 3756 4183 forsi-

2167 4207 2253 4251 tan
2279 4201 2468 4270 {actum
2491 4198 2574 4264 sit,
2598 4216 2697 4254 non
2717 4201 2813 4271 fuit
2833 4217 3029 4257 necesse
3053 4204 3354 4271 perquirere.
3379 4202 3586 4256 Interim
3610 4204 3753 4274 quod

2164 4290 2368 4356 scimus,
2400 4290 2452 4343 in
2495 4290 2691 4345 civitate
2723 4291 2980 4346 notissima
3018 4303 3064 4345 et
3105 4293 3491 4353 muinentissima
3529 4292 3751 4347 Carthaw

2164 4379 2278 4448 gine
2317 4379 2525 4447 Africis,
2557 4379 2866 4434 Gaudentius
2900 4391 2946 4433 et
2980 4380 3159 4435 Jovius
3193 4383 3397 4436 comites
3432 4383 3753 4452 imperatoris

2166 4465 2407 4538 Honorii,
2438 4480 2616 4539 quarto
2640 4470 2833 4525 decimo
2866 4470 3105 4525 kalendas
3128 4473 3323 4541 aprilis,
3359 4474 3601 4544 falsorum
3622 4475 3751 4527 deos

2163 4576 2276 4623 rum
2317 4560 2505 4630 templa
2547 4570 2839 4629 everterunt,
2882 4572 2929 4617 et
2965 4562 3235 4617 simulacra
3272 4568 3523 4635 fregerunt
3558 4565 3747 4636 (Ibid,

2165 4664 2280 4718 cap.
2308 4651 2396 4717 54-,
2419 4667 2473 4704 n.
2500 4649 2573 4722 l).
2595 4651 2921 4721 Augustinus
2940 4651 3115 4722 itaque
3135 4652 3203 4707 de
3229 4653 3389 4708 rebus
3418 4662 3617 4707 tantum
3644 4654 3752 4708 sibi

2165 4742 2424 4811 cognitis,
2460 4752 2660 4813 etquae
2698 4742 3017 4814 Carthagine
3056 4744 3416 4813 contigerant,
3445 4754 3747 4809 memorat;

2164 4848 2265 4888 nec
2288 4833 2416 4903 quid
2445 4833 2496 4887 in
2522 4833 2640 4891 aliis
2665 4842 2923 4888 terrarum
2948 4834 3186 4903 partibus
3210 4834 3506 4899 accidisset,
3534 4835 3752 4904 perqui-

2164 4924 2306 4979 sivit.
2331 4924 2525 4981 Yerum
2557 4926 2612 4987 in
2649 4923 2809 4980 Idacii
2837 4923 2992 4989 fastis
3016 4926 3260 4995 legimus,
3291 4925 3541 4981 falsorum
3566 4927 3750 4980 numi-

2165 5029 2299 5069 num
2317 5014 2511 5084 templa
2539 5014 2639 5068 hoc
2663 5028 2803 5068 anno
2830 5013 2991 5069 fuisse
3015 5015 3297 5078 demolita;
3323 5024 3575 5084 notatque
3602 5015 3751 5085 Tyro

2166 5105 2393 5175 Prosper
2412 5104 2719 5169 adannum,
2743 5105 2831 5174 qui
2852 5104 3216 5160 Gildonianam
3240 5104 3445 5160 cladem
3470 5105 3748 5175 subsequi-

2166 5203 2284 5261 tur,
2320 5194 2423 5249 hoc
2458 5204 2539 5251 est
2557 5236 2572 5260 ,
2595 5194 2661 5250 ad
2690 5210 2887 5252 annum
2932 5206 3246 5267 praesentem
3268 5236 3284 5261 ,
3311 5196 3541 5265 antiqua:
3560 5210 3747 5265 supcr-

2165 5287 2396 5353 stitionis
2422 5288 2627 5357 templa.
2649 5296 2759 5342 toto
2788 5287 2921 5343 orbe
2950 5287 3383 5351 liomanoluisse
3401 5287 3702 5346 destructa.

2235 5377 2290 5430 2.
2319 5376 2530 5433 Grande
2558 5377 2661 5433 hoc
2686 5391 2820 5447 opus
2845 5391 3071 5435 exorsus
3098 5376 3265 5432 fuerat
3285 5376 3618 5433 Theodosius
3641 5375 3751 5430 im-

2166 5476 2399 5538 perator.
2432 5467 2511 5521 Eo
2540 5478 2660 5537 post
2696 5467 2988 5523 Ecclesiam
3019 5468 3175 5538 longe
3212 5469 3419 5536 lateque
3446 5466 3749 5537 amplificat.

2168 5566 2273 5613 tam
2306 5558 2409 5612 vita
2435 5557 2633 5626 functo,
2658 5557 2917 5613 Arcadius
2944 5565 2999 5612 et
3021 5557 3283 5612 llonorius
3310 5557 3424 5627 ejus
3453 5556 3605 5612 liberi
3633 5574 3744 5612 non

2169 5649 2336 5721 magis
2360 5649 2812 5725 imperii-paterni,
2844 5664 3001 5719 quam
3023 5648 3232 5723 pietatis
3254 5663 3377 5720 erga
3402 5647 3750 5712 christianam
