3990 6360
215 305 310 368 Nl

215 419 522 494 religionem
549 412 790 471 breredes
809 409 1081 467 exstitere.
1112 403 1295 460 Crevit
1319 400 1491 457 adhuc
1517 399 1572 455 in
1609 413 1793 454 eorum

215 491 404 568 annuis
452 507 578 563 illud
630 502 898 574 religionis
946 497 1176 553 studium
1204 511 1234 550 a
1260 491 1504 549 secundis
1544 491 1703 546 rebus
1740 499 1794 545 et

189 616 194 624 ·
221 602 456 660 obtentis
493 597 746 653 divinitus
772 590 1008 647 victoriis
1037 589 1090 643 in
1119 587 1240 641 illos
1258 627 1274 652 ,
1303 585 1394 654 qui
1427 583 1794 638 auctoritatem

216 695 452 762 ipsorum
499 687 584 742 vel
628 692 814 757 aperto
847 689 1013 735 marte
1054 678 1141 732 vel
1179 675 1520 732 clandestinis
1555 671 1794 727 consiliis

216 788 608 852 oppugnarunt.
639 776 878 845 Cumque
903 772 1206 826 felicitatem
1235 782 1385 822 suam
1413 776 1645 836 paternae
1676 764 1788 832 pie-

216 873 304 926 tati
343 878 622 938 acceptam
658 865 952 926 referrent,
995 857 1261 930 privilegia
1291 871 1322 911 a
1360 854 1646 924 majoribus
1682 852 1794 906 suis

215 961 468 1018 Ecclesia:
513 957 702 1014 collata
740 949 1124 1010 vehementiori
1177 945 1352 1004 studio
1393 945 1710 1010 tuebantur,
1741 950 1795 996 et

215 1053 362 1114 novis
388 1050 578 1106 edictis
605 1045 963 1104 cumulabant.
996 1043 1192 1097 Eorum
1225 1039 1392 1109 pietas
1417 1035 1585 1091 facem
1612 1033 1794 1089 subdi-

214 1147 280 1198 tis
303 1142 642 1213 prreferebat.
672 1137 880 1193 Ethnici
907 1135 973 1190 ad
1002 1133 1196 1190 Christi
1227 1130 1380 1186 [idem
1411 1128 1554 1183 nullo
1580 1124 1794 1195 negotio

214 1236 615 1292 adducebantur
643 1250 657 1286 :
689 1240 742 1286 et
765 1227 1000 1285 hazretici
1023 1224 1256 1281 discidiis
1275 1262 1291 1290 ,
1319 1222 1508 1293 quibus
1531 1234 1624 1274 eos
1655 1218 1794 1272 Deus

214 1329 436 1384 lacerari
452 1327 682 1389 sinebat,
708 1319 1000 1390 defatigati,
1022 1318 1087 1373 ad
1107 1315 1361 1376 Ecclesiae
1381 1311 1654 1368 catholicae
1675 1308 1794 1362 uni-

216 1429 375 1473 tatem
401 1417 546 1471 ultro
571 1412 836 1468 redibant.
867 1409 938 1464 Ut
966 1416 1140 1462 autem
1165 1405 1230 1459 de
1257 1404 1320 1458 iis
1349 1402 1522 1458 solum
1542 1441 1556 1466 ,
1583 1413 1700 1467 qua:
1726 1394 1794 1450 ad

216 1508 458 1576 Paganos
485 1510 758 1575 spectant,
781 1500 872 1556 hic
895 1498 995 1554 loci
1025 1497 1346 1552 disseramus
1363 1534 1378 1557 ,
1408 1501 1462 1547 ct
1487 1490 1553 1544 ab
1582 1489 1797 1544 Oriente

211 1599 583 1667 auspicetnur;
609 1591 968 1663 comperimus
991 1587 1304 1656 rescriptum
1327 1582 1535 1638 Arcadii
1561 1580 1628 1635 ad
1648 1579 1797 1637 Rufi-

213 1702 337 1741 num
367 1685 679 1756 praefectum
717 1681 966 1752 praetorio
996 1679 1046 1732 in
1074 1678 1322 1740 Oriente,
1353 1673 1532 1728 datum
1571 1669 1796 1740 septimo

213 1777 329 1837 idus
358 1773 578 1844 augusti
596 1773 722 1827 anni
743 1769 1095 1826 trecentesimi
1122 1763 1447 1835 nonagesimi
1475 1761 1664 1831 quinti,
1692 1773 1797 1830 quo

212 1865 458 1936 Paganos
479 1863 640 1920 minis
663 1860 933 1916 intentatis
955 1855 1382 1928 gravissimisque
1411 1851 1580 1922 ptenis
1603 1847 1799 1906 constit-

212 1956 359 2022 tutis,
392 1956 448 2009 in
479 1953 602 2009 fana
632 1961 687 2008 et
709 1950 928 2008 delubra
957 1948 1189 2018 ingredi,
1223 1955 1276 2001 et
1305 1945 1457 1999 idolis
1482 1943 1797 2011 ubicumque

213 2050 519 2106 sacrificare
539 2033 816 2119 prohibet,
843 2053 898 2100 et
925 2045 1062 2098 hanc
1088 2043 1156 2096 ob
1192 2053 1405 2094 causam
1429 2037 1574 2106 leges
1611 2046 1796 2090 omnes

211 2141 267 2196 in
293 2139 585 2194 haereticos
628 2137 973 2207 Paganosque
1013 2148 1044 2187 a
1084 2141 1234 2201 patre
1273 2144 1369 2183 suo
1403 2128 1536 2182 latas
1577 2130 1823 2181 reuovat‘

212 2231 422 2300 (Codice
451 2230 645 2284 Themi.
675 2228 738 2281 de
761 2227 895 2297 Pag.
921 2241 1051 2280 sacr.
1080 2220 1344 2290 etlempf.,
1373 2221 1480 2290 lege
1501 2219 1612 2288 15).
1642 2217 1796 2270 Anno

210 2322 480 2392 sequenti,
512 2329 668 2376 sexto
704 2319 824 2374 idus
863 2315 1186 2380 decembris,
1218 2313 1477 2368 idolorum
1511 2308 1798 2364 sacerdoti?

211 2412 310 2470 bus
336 2422 396 2468 et
423 2411 687 2468 ministris
728 2408 998 2496 privilegia
1017 2446 1036 2473 ,
1075 2420 1193 2475 qua:
1221 2405 1348 2474 ipsis
1378 2403 1508 2455 alias
1541 2413 1795 2456 concessa

211 2501 450 2566 fuerant,
496 2501 715 2562 ademit.
756 2507 815 2554 ut
853 2488 942 2552 iis'
960 2510 1181 2566 quorum
1232 2491 1491 2564 professio
1518 2497 1632 2545 erat
1669 2488 1797 2558 ipsis

209 2592 464 2647 damnata
489 2592 695 2662 legibus
721 2588 924 2660 (Ibid.,
952 2587 1058 2656 lege
1085 2586 1204 2656 14).
1226 2583 1455 2638 Plurima
1494 2596 1586 2651 per
1610 2579 1800 2634 Oriens

211 2692 318 2738 tem
348 2682 575 2737 delubra
615 2679 668 2734 id
696 2679 950 2748 temporis
984 2677 1160 2732 excisa
1190 2672 1387 2728 fuerint
1421 2685 1642 2726 necesse
1679 2677 1795 2733 est;

211 2787 331 2826 cum
366 2772 426 2826 in
456 2770 720 2838 rescripto
751 2768 818 2822 ad
848 2767 1113 2822 Asterium
1143 2763 1374 2819 Orientis
1399 2761 1646 2816 comitem
1673 2758 1798 2813 dato

212 2861 458 2921 kalendis
507 2858 820 2915 novembris
880 2859 1005 2912 anni
1060 2854 1412 2911 trecentesimi
1471 2850 1797 2921 nonagesimi

211 2950 428 3020 septimi
458 2957 660 3009 statuat
688 2947 978 3012 Arcadius,
1010 2946 1306 3004 dirutorum
1336 2943 1575 2996 fanorum
1607 2940 1796 2995 rudera

211 3038 580 3095 instaurandis
609 3037 876 3108 pontibus,
909 3037 1007 3090 viis
1034 3035 1272 3105 publicis,
1305 3031 1718 3103 aquaeductibus,
1746 3039 1800 3085 et

212 3131 422 3188 urbium
450 3130 724 3186 manibus
748 3142 870 3184 esse
898 3125 1206 3181 insumenda
1231 3125 1249 3195 (
1274 3124 1348 3178 De
1374 3123 1470 3192 0p.
1497 3123 1660 3192 publ.,
1692 3123 1799 3191 lege

212 3223 278 3278 36
298 3223 338 3293 ).
367 3223 486 3277 Hoc
516 3231 696 3276 autem
716 3234 858 3274 anno
885 3219 1258 3272 trecentesimo
1274 3217 1611 3285 nonagesimo
1635 3228 1792 3279 nono,

212 3312 367 3366 tertio
389 3309 666 3379 idusjulii,
695 3307 955 3363 Arcadius
975 3306 1039 3360 ad
1068 3305 1351 3360 tollendam
1378 3319 1590 3358 omnem
1614 3317 1799 3371 super-

211 3402 446 3457 stitionis
474 3401 786 3467 materiem,
817 3399 989 3468 legem
1023 3398 1140 3452 tulit
1176 3397 1242 3451 de
1271 3396 1516 3450 omnibus
1553 3408 1797 3464 agrorum

211 3492 342 3548 lanis
379 3489 782 3554 exscindendis,
815 3488 887 3544 ita
915 3497 1088 3542 tamen
1111 3495 1167 3541 ut
1197 3486 1248 3540 id
1280 3487 1412 3540 citra
1441 3484 1797 3554 perturbatio-

212 3597 329 3648 nem
351 3591 410 3638 et
433 3582 718 3637 tumultum
738 3589 1077 3648 perageretur
1098 3578 1211 3650 (De
1236 3577 1364 3645 Pag.
1387 3593 1518 3630 sacr.
1539 3585 1582 3629 el
1599 3573 1795 3644 lempl.,

212 3673 315 3742 lege
340 3672 413 3726 16
437 3671 478 3742 ).
510 3669 619 3725 Lex
645 3669 742 3730 ista
775 3669 1012 3724 Damasci
1043 3668 1146 3720 lata
1172 3677 1275 3734 est,
1303 3666 1386 3720 vel
1418 3665 1590 3734 potius
1619 3664 1716 3717 fixa
1745 3671 1800 3718 et

213 3760 549 3830 promulgata
575 3799 592 3825 ,
637 3745 702 3813 ut
753 3757 965 3828 quidam
1007 3757 1220 3817 volunt,
1263 3756 1624 3809 existimantes
1661 3753 1799 3809 hanc

214 3850 379 3921 ipsam
401 3850 578 3920 legem
602 3861 742 3912 esse,
765 3861 890 3916 qua,
920 3855 977 3900 ut
1002 3846 1184 3900 scribit
1212 3845 1600 3907 Thcodoretus,
1625 3842 1796 3913 Chry-

214 3950 485 3995 sostomus
514 3936 1115 4006 Constantinopolitanae
1145 3935 1400 3990 Ecclesia:
1429 3933 1583 3990 tertio
1612 3932 1797 3988 kalen-

216 4030 305 4085 das
325 4029 506 4084 martii
528 4027 654 4082 anni
676 4027 1035 4082 trecentesimi
1053 4025 1377 4096 nonagesimi
1398 4025 1570 4079 octavi
1590 4033 1799 4086 creatus

215 4121 532 4190 episcopus,
573 4119 803 4173 armavit
834 4117 1079 4174 ardorem
1121 4116 1502 4172 monachorum
1522 4159 1537 4184 ,
1573 4133 1706 4186 quos
1732 4116 1799 4174 ad

216 4211 326 4265 haue
356 4211 482 4265 fana
501 4209 843 4266 demolienda
870 4210 1014 4264 misit
1038 4210 1095 4269 in,
1117 4208 1463 4272 Phoeniciam,
1486 4208 1635 4277 cujus
1661 4208 1798 4264 inter

215 4301 494 4371 primarias
536 4299 699 4356 urbes
739 4301 1027 4355 Damascus
1056 4310 1361 4356 recensetur
1398 4299 1795 4372 (Tlieodoretns,

221 4389 354 4457 (list.
386 4391 518 4445 eccl.
548 4390 636 4444 lib.
660 4392 714 4457 5,
738 4407 851 4460 cap.
881 4389 950 4445 29
968 4389 1012 4461 ).

283 4483 336 4548 5,.
367 4481 525 4550 Quod
568 4481 635 4536 ad
677 4482 1050 4550 imperatorem
1092 4479 1377 4540 llouorium
1408 4480 1622 4548 attinet,
1657 4479 1799 4541 nulla

215 4572 294 4628 lex
334 4582 517 4628 exstat
559 4572 627 4628 ab
655 4589 720 4628 eo
751 4573 847 4627 hac
879 4571 946 4627 de
974 4587 1034 4630 re
1080 4571 1407 4641 promulgata
1442 4581 1566 4627 ante
1605 4587 1800 4626 annum

221 4663 655 4720 trecentesimum
685 4662 1083 4732 nonagesimum
1107 4676 1324 4716 nonum.
1355 4662 1595 4717 Vidimus
1625 4671 1799 4718 tamen

221 4750 356 4805 idola
386 4750 576 4808 Roma:
615 4750 781 4806 fuisse
805 4751 1136 4816 disturbata,
1163 4766 1284 4806 cum
1314 4751 1486 4806 adlntc
1531 4753 1585 4806 in
1623 4752 1800 4808 Africa

219 4851 441 4907 starent,
462 4843 609 4896 nulla
637 4852 767 4909 tum,
791 4850 850 4897 ut
873 4841 1079 4896 videtur
1100 4841 1216 4912 lege
1237 4841 1514 4909 adversus,
1535 4843 1800 4901 idolorum

220 4933 423 4996 cultum
453 4932 508 4984 in
537 4930 824 4988 Occidente
850 4931 1143 5001 generatim
1185 4931 1488 4984 constituta.
1517 4930 1801 4986 Verumta-

223 5041 340 5079 men
380 5025 611 5078 infertur
649 5038 713 5078 ex
746 5018 860 5093 lege
903 5023 1006 5077 lata
1051 5031 1239 5092 quarto
1265 5021 1516 5082 kalendas
1554 5021 1802 5079 februarii

222 5117 340 5171 anni
388 5113 750 5170 trecentesimi
796 5114 1123 5182 nonagesimi
1167 5113 1331 5178 noni,
1360 5114 1468 5181 jam
1511 5113 1802 5168 Honorium

223 5219 361 5264 anno
405 5203 672 5272 superiori
726 5202 1042 5272 rescriptum
1085 5201 1152 5257 de
1201 5202 1446 5266 omnibus
1492 5202 1804 5264 idololatria:

225 5297 459 5366 vestigiis
480 5295 692 5366 penitus
721 5293 964 5354 delendis
998 5293 1357 5363 promulgasse
1383 5293 1596 5362 (Codice
1611 5294 1802 5350 Theod.

226 5390 286 5442 de
313 5387 471 5457 Pag.,
500 5395 621 5452 σία,
656 5385 764 5455 lege
793 5382 922 5455 15).
956 5383 1020 5438 Et
1060 5382 1160 5438 hoc
1180 5383 1352 5452 ipsum
1373 5424 1386 5448 ,
1418 5384 1519 5437 nisi
1554 5383 1803 5451 fallimur,

226 5487 371 5533 notat
390 5485 578 5532 auctor
605 5475 724 5530 libri
747 5474 815 5529 de
841 5474 1292 5540 Przedictionibus,
1319 5475 1406 5544 qui
1441 5475 1684 5544 Prosperi
1712 5490 1808 5530 no-

226 5584 345 5628 llen
376 5585 486 5639 pra:
514 5583 576 5622 se
603 5567 726 5632 fert,
758 5565 883 5620 dum
900 5565 1212 5629 Honorium,
1245 5564 1428 5635 pietati
1452 5581 1564 5621 suae
1590 5581 1808 5636 prorsus

227 5662 526 5723 christiana:
547 5659 1027 5727 obsecundantem,
1043 5657 1237 5733 templa
1258 5657 1472 5723 deorum
1492 5658 1663 5716 omnia
1689 5674 1807 5720 cum

1583 279 1785 337 LIBER
1821 279 2159 346 QUARTUS.

3363 283 3471 342 382

1897 399 2006 453 suis
2036 399 2396 470 adjacentibus
2424 401 2608 470 spatiis
2639 409 2761 458 tunc
2791 401 3040 458 Ecclesiis
3065 404 3351 461 contulisse
3371 448 3384 472 ,
3411 416 3467 462 et

1896 487 2208 544 Christianis
2249 489 2527 544 simulacra
2557 491 2733 544 omnia
2771 490 3133 560 confringendi
3167 492 3467 551 facultatem

1897 579 2107 635 dedisse
2139 588 2359 636 testatur
2380 580 2492 651 (De
2515 581 2841 636 Prwdiclion.
2866 583 2952 636 lib.
2977 585 3010 639 5
3031 625 3046 649 ,
3070 600 3184 651 cap.
3209 585 3277 638 55
3297 586 3339 654 ).
3363 586 3470 640 Au—

1895 670 2134 738 gustinus
2165 670 2300 725 libro
2325 671 2571 739 quodam,
2602 687 2759 741 quem
2789 686 2927 727 anno
2954 687 3193 741 proxume
3225 674 3469 742 sequenti

1897 760 2250 828 conscriptum
2295 759 2361 814 ab
2389 775 2454 814 eo
2495 759 2654 814 fuisse
2695 761 3048 828 arbitramur,
3079 761 3261 816 scribit
3286 761 3470 817 Centi-

1899 848 2023 902 hum
2053 849 2329 904 simulacra
2355 851 2519 905 everti
2548 860 2602 904 et
2627 850 2887 921 confringi
2917 853 3059 908 iussa
3095 868 3213 908 esse
3236 853 3468 908 recenti-

1899 937 1996 992 bus
2012 939 2230 1009 legibus,
2253 940 2470 994 inhibita
2499 955 2704 1011 quoque
2719 941 2979 998 sacriﬁcia
3002 944 3273 998 sanctione
3297 958 3472 1014 poena

1897 1029 2154 1097 capitalis.
2184 1028 2427 1087 Testatur
2466 1029 2694 1093 ibidem,
2727 1045 2864 1100 pene
2895 1041 3004 1086 toto
3041 1033 3172 1089 orbe
3213 1042 3470 1088 terrarum

1898 1132 2085 1186 reapse
2113 1117 2334 1171 delubra
2365 1119 2621 1185 exscindi,
2654 1121 2790 1174 idola
2819 1123 3128 1187 comminui,
3157 1123 3355 1179 aboleri
3379 1139 3469 1182 sa—

1898 1209 2128 1275 criticia,
2175 1208 2476 1264 daemonum
2522 1211 2752 1268 cultores
2797 1212 3157 1282 deprehensos
3199 1215 3471 1284 suppliciis

1897 1299 2033 1353 afﬁci
2055 1298 2263 1366 (Contra
2290 1298 2455 1369 Epist.
2482 1300 2738 1368 Parmen.,
2767 1302 2851 1356 lib.
2869 1303 2920 1367 1,
2938 1303 3055 1370 c.9,
3079 1321 3130 1357 η.
3151 1305 3264 1373 15).
3282 1303 3472 1361 Narrat

1897 1390 2042 1455 alibi,
2070 1386 2370 1445 Catholicos
2389 1400 2444 1446 et
2470 1392 2764 1448 Donatistas
2791 1393 2848 1450 in
2877 1394 3202 1464 Paganorum
3237 1396 3465 1465 templis,

1899 1479 1985 1534 uhi
2010 1488 2324 1548 potuerunt,
2351 1481 2652 1536 evertendis
2678 1483 2874 1550 pariter
2893 1483 3181 1540 desudasse
3201 1525 3214 1549 ,
3244 1496 3296 1540 et
3323 1499 3470 1554 sym-r

1898 1570 2278 1640 phoniacorum
2331 1571 2588 1626 daemonis
2639 1573 2791 1628 tibias
2845 1582 2900 1628 et
2947 1574 3173 1629 scabella
3245 1573 3468 1644 fregisse

1900 1661 2122 1731 (Contra
2151 1661 2507 1728 Gaudentium,
2532 1663 2617 1716 lib.
2645 1664 2696 1729 1,
2722 1679 2775 1715 n.
2799 1663 2918 1733 51).
2949 1664 3078 1718 Cum
3106 1665 3186 1718 lex
3216 1665 3470 1720 adversus

1899 1752 2034 1805 idola
2067 1768 2179 1807 rem
2208 1753 2402 1807 nullam
2428 1754 2710 1819 eximeret,
2734 1752 2800 1806 ad
2827 1754 3001 1807 omnia
3026 1756 3314 1823 generatim
3349 1769 3469 1825 qua}

1898 1844 1964 1897 ad
1995 1843 2251 1898 idolorum
2287 1844 2484 1899 cultum
2523 1851 2856 1912 spectarent,
2897 1843 3107 1898 videtur
3145 1853 3384 1911 extenta,
3414 1853 3470 1904 et

1899 1933 2160 1988 excidium
2188 1933 2385 2002 pariter
2409 1933 2538 2002 ipsis
2575 1933 2733 1987 etiam
2763 1931 2967 1999 statuis,
3003 1948 3121 2002 qua:
3158 1942 3474 1988 ornamento

1899 2025 2133 2080 :rdilieiis
2158 2025 2380 2094 publicis
2397 2034 2564 2090 erant,
2592 2024 2752 2078 fuisse
2779 2024 3110 2077 intentatum.
3136 2023 3244 2078 Hoc
3272 2031 3328 2076 ut
3350 2038 3471 2090 pro-

1901 2117 2108 2172 hiberet
2153 2116 2446 2183 Honorius,
2477 2116 2788 2183 rescriptum
2821 2115 2968 2168 dedit
2999 2125 3184 2183 quarto
3222 2113 3475 2167 kalendas

1901 2207 2148 2263 februarii
2177 2208 2301 2262 anni
2345 2207 2701 2262 trecentesimi
2739 2205 3061 2273 nonagesimi
3107 2205 3228 2257 noni
3263 2203 3329 2256 ad
3362 2203 3472 2255 Ma-.

1898 2299 2136 2358 crobium
2158 2309 2209 2353 et
2230 2299 2563 2353 Proclianum
2587 2297 2953 2366 prmfcctorum
2984 2296 3209 2349 vicarios
3251 2294 3475 2364 (Codice

1903 2391 2092 2446 'I'Iteod.
2125 2391 2187 2445 de
2213 2389 2470 2460 Paganis,
2499 2399 2616 2456 elc.,
2650 2390 2756 2459 lege
2783 2389 2848 2442 15
2867 2387 2886 2457 )
2905 2428 2917 2447 .
2945 2386 3168 2439 alterum
3200 2387 3250 2438 in
3286 2384 3473 2452 Hispa-

1899 2483 2015 2549 nia,
2047 2481 2269 2536 alterum
2303 2481 2352 2534 in
2397 2479 2627 2550 quinque
2665 2477 2952 2533 Galliarum
2994 2475 3277 2544 provinciis
3302 2513 3316 2536 ,
3354 2488 3471 2540 qua:

1901 2583 2039 2638 sunt,
2068 2580 2127 2627 ut
2149 2580 2353 2642 putant,
2375 2571 2542 2640 prima
2565 2579 2618 2624 et
2637 2567 2868 2622 secunda
2891 2566 3190 2636 Aquitania,
3221 2563 3470 2629 secunda,

1901 2667 2052 2721 tertia
2080 2675 2134 2720 et
2163 2673 2350 2734 quarta
2380 2661 2765 2731 Lugdunensis.

1970 2757 2024 2811 4.
2057 2756 2210 2825 Legis
2254 2751 2471 2808 Honorii
2521 2751 2588 2805 de
2624 2748 2894 2804 diruendis
2933 2745 3217 2802 Gentilium
3267 2742 3477 2811 templis

1900 2847 2250 2917 exsequenda:
2276 2843 2543 2915 provincia
2566 2841 2845 2897 comitibus
2871 2839 3020 2893 Jovio
3043 2838 3155 2893 sive
3174 2836 3394 2891 Joviano
3422 2843 3477 2887 et

1900 2935 2196 2996 Gaudentio
2241 2935 2448 2988 videtur
2495 2933 2656 2986 fuisse
2686 2929 3032 2989 demandata.
3065 2941 3184 2982 cum
3231 2926 3281 2978 in
3317 2923 3481 2980 ldacii

1900 3027 2048 3082 fastis
2086 3027 2320 3096 legamus
2359 3023 2556 3094 templa
2601 3022 2702 3076 hoc
2740 3034 2879 3074 anno
2911 3034 2940 3072 a
2980 3015 3274 3072 Comitibus
3313 3014 3476 3069 fuisse

1900 3117 2172 3181 demolita,
2203 3125 2257 3170 et
2280 3115 2510 3184 Prosper
2537 3111 2732 3180 templa
2758 3109 2934 3166 omnia
2962 3124 2990 3160 a
3021 3106 3302 3161 comitibus
3324 3103 3476 3160 Jovio

1901 3219 1954 3265 et
1982 3207 2277 3265 Gaudentio
2303 3207 2525 3277 spoliata
2561 3204 2721 3258 fuisse
2754 3199 3094 3270 asserat(De
3127 3198 3480 3262 Ρνατιιὶειὶοη.ι

1901 3303 1990 3367 lib,
2020 3303 2071 3364 5,
2102 3317 2217 3370 cap.
2247 3299 2370 3369 58).
2409 3297 2466 3352 1d
2490 3296 2700 3367 quidem
2742 3295 2855 3364 ipse
2887 3292 2950 3346 ad
2979 3290 3263 3346 Theodosii
3301 3287 3480 3358 magni

1903 3402 2138 3462 tempora
2166 3389 2330 3446 refert
2361 3407 2374 3444 :
2402 3403 2586 3443 verum
2617 3395 2707 3440 aut
2736 3385 2837 3439 illis
2866 3383 3049 3438 eadem
3081 3396 3204 3435 cura
3235 3379 3398 3435 semel
3423 3385 3478 3434 et

1901 3485 2092 3542 iterum
2117 3482 2434 3538 demandata
2454 3487 2554 3544 est,
2575 3479 2800 3548 primum
2828 3476 2925 3531 sub
2945 3474 3261 3537 Theodosio,
3284 3470 3478 3527 deinde

1901 3577 2001 3632 sub
2032 3575 2288 3639 Honorio,
2321 3573 2459 3644 quod
2484 3573 2657 3627 minus
2678 3570 2886 3625 videtur
2916 3567 3220 3638 probabile;
3249 3575 3336 3619 aut
3363 3566 3477 3636 ipse

1901 3674 2103 3733 auctor,
2135 3664 2220 3719 his
2247 3663 2574 3733 temporibus
2602 3662 2775 3715 adhuc
2795 3660 2994 3730 jnnior,
3028 3672 3132 3711 non
3159 3657 3285 3710 satis
3315 3670 3473 3710 accu-

1901 3765 2068 3812 ratam
2107 3771 2285 3811 rerum
2317 3755 2624 3810 memoriam
2667 3753 2852 3807 tenuit.
2886 3750 3182 3805 Mandatum
3214 3747 3478 3818 siquidem

1902 3846 2109 3902 duobus
2137 3845 2241 3899 illis
2267 3844 2447 3899 datum
2479 3842 2775 3898 Comitibus
2812 3850 3022 3896 notatur
3045 3853 3183 3892 anno
3210 3847 3473 3892 trecente-

1903 3937 2037 3990 simo
2083 3935 2426 4004 nonagesimo
2456 3949 2624 3999 nouo,
2665 3949 2771 3986 non
2813 3932 2978 3986 solum
3016 3931 3069 3983 iu
3110 3927 3266 3982 ldacii
3304 3927 3473 3994 fastis,

1904 4026 1995 4080 sed
2021 4026 2178 4080 etiam
2205 4024 2344 4094 apud
2377 4023 2725 4094 Augustinum
2747 4061 2760 4084 ,
2803 4021 2890 4090 qui
2935 4020 3034 4073 hoc
3077 4033 3235 4086 anno,
3265 4017 3476 4072 decimo

1904 4125 2092 4187 quarto
2113 4114 2366 4170 kalendas
2393 4099 2591 4183 aprilis,
2625 4113 2836 4167 delubra
2866 4110 3181 4180 Carthagine
3215 4125 3242 4161 a
3267 4110 3475 4162 comiti-

1904 4209 2001 4264 bus
2031 4206 2328 4263 Gandentio
2370 4214 2424 4260 et
2457 4205 2607 4260 Jovio
2647 4203 2892 4258 demolita
2913 4243 2927 4265 ,
2955 4212 3006 4264 et
3040 4201 3315 4255 simulacra
3350 4213 3476 4252 con-

1903 4298 2064 4355 fracta
2096 4297 2258 4351 fuisse
2285 4303 2555 4351 testantur
2578 4293 2596 4364 (
2617 4293 2689 4346 De
2714 4292 2922 4347 Ciritatc
2949 4291 3072 4356 Dei,
3105 4290 3192 4344 lib.
3232 4289 3324 4355 l8,
3356 4304 3472 4357 cap.

1903 4387 2026 4460 54).
2062 4386 2212 4442 Haud
2241 4386 2439 4441 scimus
2481 4401 2546 4438 an
2589 4385 2687 4438 iste
2713 4383 2893 4437 Jovins
2933 4382 3070 4436 idem
3101 4382 3188 4448 sit,
3220 4381 3306 4450 qui
3337 4395 3477 4434 anno

1903 4476 2425 4550 quadringentesimo
2469 4488 2609 4528 nono
2655 4472 2752 4526 fuit
2796 4471 3072 4542 praefectus
3119 4471 3382 4540 praetorio.
3411 4472 3480 4524 At

1904 4583 2031 4625 vero
2059 4568 2343 4624 verisimile
2372 4566 2526 4620 nobis
2550 4574 2631 4619 est
2661 4563 3012 4620 Gaudentium
3051 4578 3169 4616 eum
3197 4577 3314 4616 esse
3335 4603 3348 4625 ,
3385 4559 3476 4630 qui

1905 4674 2086 4716 comes
2133 4660 2230 4713 fuit
2276 4656 2466 4711 Africae
2513 4656 2728 4709 ineunte
2775 4669 2915 4708 anno
2963 4651 3480 4722 quadringentesimo

1907 4751 2111 4820 primo,
2156 4757 2214 4802 ut
2242 4749 2405 4818 legis,
2437 4748 2488 4801 in
2515 4762 2618 4817 qua
2664 4745 2803 4800 illius
2831 4744 3028 4799 mentio
3064 4744 3151 4807 fit,
3194 4740 3479 4808 adscriptio

1907 4849 2127 4896 testatur
2157 4837 2374 4911 (Codice
2406 4838 2596 4893 Tlteod.
2629 4838 2691 4892 de
2735 4836 2927 4907 Equor.
2960 4835 3091 4889 conl.
3127 4834 3233 4904 lege
3256 4833 3343 4902 5).
3372 4830 3481 4884 Ve-

1906 4947 2022 4986 rum
2053 4948 2171 4985 cum
2199 4931 2282 4986 lex
2312 4933 2408 4986 ista
2436 4930 2779 4984 lndicﬁonem
2807 4926 3173 4981 duodecimam
3212 4921 3478 4992 prmferat,

1909 5024 2044 5080 forte
2097 5025 2269 5080 locum
2312 5023 2562 5092 opinandi
2607 5021 2886 5089 relinquit,
2936 5034 3050 5073 eam
3095 5017 3271 5087 potius
3320 5014 3480 5068 latam

1909 5113 2071 5170 fuisse
2110 5129 2250 5168 anno
2295 5112 2668 5167 trecentesimo
2721 5109 3060 5178 nonagesimo
3106 5119 3275 5170 nono,
3323 5117 3482 5172 quam

1909 5203 2426 5275 quadringentesimo
2454 5203 2642 5270 primo,
2670 5214 2775 5268 quo
2806 5213 2943 5251 anno
2972 5195 3314 5250 lndictionem
3338 5193 3483 5249 deci~
3559 5259 3578 5270 ρ

1912 5311 2052 5351 mam
2087 5305 2325 5365 quartam
2372 5302 2518 5347 notat
2560 5289 2848 5345 Marcellini
2895 5287 3217 5342 Chronicon.
3261 5285 3484 5346 Constat

1911 5386 2069 5441 etiam
2093 5385 2198 5454 jam
2223 5383 2346 5438 inde
2375 5399 2403 5434 a
2425 5381 2631 5437 decimo
2662 5379 2813 5434 tertio
2839 5378 2922 5434 die
2945 5378 3066 5434 Julii
3089 5376 3213 5432 anni
3234 5377 3483 5447 quadrina

1912 5474 2189 5544 gentesimi
2212 5473 2388 5542 primi,
2412 5469 2786 5525 Bathanarium
2813 5469 2973 5524 fuisse
2998 5467 3188 5522 Africae
3209 5468 3477 5522 comitem.

1911 5567 1999 5622 Sic
2044 5565 2326 5619 admodum
2377 5563 2647 5634 probabile
2672 5571 2751 5616 est
2769 5603 2784 5628 ,
2817 5561 3164 5618 Gaudentium
3189 5560 3302 5630 ejus
3329 5572 3480 5613 ante-

1916 5672 2180 5715 ccssorem
2229 5654 2438 5712 Gildoui
2477 5655 2529 5710 in
2571 5654 2670 5711 hoc
2713 5670 2930 5725 munere
2972 5653 3290 5714 successisse
3353 5649 3483 5712 Illud
