3990 6360
516 274 623 333 283

519 392 657 443 inter
678 394 869 443 ctetera
900 384 966 440 de
1003 383 1105 439 hoc
1133 381 1431 439 Gaudentio
1467 386 1811 442 memoratur,
1844 392 1963 431 cum
2001 391 2093 445 pa-

516 487 651 533 trem
684 476 844 531 fuisse
872 474 1027 538 Aetii,
1060 470 1391 526 celeberrimi
1419 468 1561 524 illius
1588 467 1737 522 ducis
1766 466 2092 535 temporibus

519 566 867 624 Valentiniani
893 562 1247 634 imperatoris.
1272 559 1526 627 Quamvis
1545 566 1720 613 autem
1743 557 2088 627 Augustinus,

515 657 720 715 ldacius
744 665 797 711 et
823 656 1048 723 Prosper
1069 653 1394 721 Paganorum
1425 648 1617 718 templa
1642 662 1736 717 per
1757 647 1807 700 id
1836 647 2092 715 temporis

515 748 691 801 excisa
723 744 885 800 fuisse
912 749 1369 807 commemorent,
1399 753 1498 793 ncc
1532 737 1727 806 ambigi
1752 736 1936 805 possit,
1962 737 2090 805 quin

515 836 738 907 plurima
770 848 956 904 reapse
981 832 1152 886 diruta
1182 830 1404 895 fuerint;
1433 829 1610 883 omnia
1639 836 1814 882 tamen
1842 828 2091 882 demolita

516 930 697 992 fuisse,
725 928 905 982 dicere
935 941 1038 979 non
1063 937 1362 994 possumus.
1396 921 1524 975 Nam
1557 920 1836 975 concilium
1865 918 2091 974 Cartha-

515 1021 735 1090 ginense
759 1018 932 1072 adhuc
964 1030 1104 1069 anno
1137 1011 1659 1085 quadringentesimo
1685 1011 1854 1080 primo
1892 1017 2094 1065 statue-

518 1109 628 1177 bat,
670 1109 971 1165 facultatem
1007 1106 1208 1175 aliquot
1239 1102 1432 1171 templa
1471 1100 1713 1155 dirueudi
1757 1099 1826 1154 ab
1863 1100 2093 1168 Impera-

515 1209 633 1257 tore
653 1215 772 1256 esse
787 1196 1149 1269 postulandam
1172 1193 1385 1265 (Codice
1408 1191 1602 1245 Conon.
1627 1190 1810 1260 Afric.,
1839 1205 1952 1242 can.
1976 1187 2089 1258 Si).

517 1290 588 1346 Et
625 1306 691 1345 cx
732 1298 949 1344 auctore
988 1286 1106 1340 libri
1154 1284 1221 1339 de
1267 1281 1738 1347 Prmdictionibus,
1787 1280 2091 1334 mandatum

516 1381 670 1437 Jovio
698 1387 751 1434 et
773 1377 1066 1434 Gaudentio
1091 1374 1158 1429 de
1189 1372 1435 1429 tollendis
1462 1371 1655 1442 potius,
1677 1385 1834 1440 quam
1854 1369 2091 1424 confrin-

518 1473 706 1543 gendis
748 1471 930 1529 idolis.
963 1469 1141 1522 datum
1194 1466 1365 1521 fuerat
1407 1465 1519 1536 (De
1548 1462 1896 1527 Prwdiction.,
1926 1461 2012 1515 lib.
2037 1462 2086 1524 ὅ,

514 1579 631 1632 cap.
660 1562 784 1625 58).
811 1560 1004 1613 Verum
1032 1574 1151 1612 cum
1194 1556 1246 1610 in
1284 1556 1538 1611 Ecclesia:
1567 1568 1776 1621 manus,
1814 1562 1872 1608 ut
1905 1552 2091 1607 verisi-

519 1654 644 1707 mile
663 1661 764 1717 est,
794 1651 1159 1713 traderentur;
1188 1648 1379 1701 mirum
1400 1646 1565 1701 videri
1591 1660 1696 1700 non
1715 1644 1892 1711 debet,
1911 1643 1954 1698 si
1981 1643 2094 1712 epi-

516 1745 663 1814 scopi
698 1741 921 1812 plurima
949 1740 1229 1794 diruerint.
1264 1740 1512 1792 Attamen
1542 1737 1655 1791 sive
1683 1735 1823 1806 quod
1860 1735 2095 1803 Impera-

516 1834 648 1888 toris
678 1831 991 1900 rcscriptum
1032 1844 1138 1883 non
1176 1826 1229 1883 id
1254 1827 1526 1896 conceptis
1551 1825 1726 1881 verbis
1761 1826 2089 1894 prtccipcrct,

514 1925 630 1981 sive
654 1923 793 1995 quod
815 1922 1097 1979 Gentilium
1123 1921 1351 1991 querela:
1379 1919 1517 1973 illius
1541 1917 1775 1973 animum
1804 1916 2095 1986 permovis-

518 2025 672 2079 sent;
713 2030 854 2069 anno
909 2014 1282 2069 trecentesimo
1318 2012 1662 2081 nonagesimo
1707 2025 1848 2064 nono
1873 2050 1887 2070 ,
1938 2008 2094 2061 tertio

515 2104 770 2161 kalendas
789 2104 1123 2174 septembris,
1154 2103 1293 2157 aliud
1324 2103 1635 2171 rescriptum
1664 2100 1810 2155 dedit
1836 2099 1900 2153 ad
1931 2099 2093 2165 Apol-

518 2197 760 2253 lodorum
806 2195 997 2249 Africae
1045 2194 1416 2264 proconsulem
1441 2234 1454 2257 ,
1486 2207 1591 2262 quo
1634 2191 1873 2246 decernit
1903 2190 2093 2254 templa

515 2287 677 2342 rebus
706 2286 954 2340 omnibus
982 2285 1210 2349 illicitis,
1247 2283 1353 2337 aris
1396 2282 1641 2336 nimirum
1673 2290 1727 2334 et
1753 2279 1937 2341 idolis,
1969 2292 2094 2345 spo-

517 2376 660 2439 liuta,
690 2376 898 2430 intactis
923 2388 1139 2444 prorsus
1170 2373 1426 2437 mdiﬁciis,
1459 2386 1578 2427 esse
1604 2368 1944 2439 relinquenda
1970 2366 2095 2438 (Co-

516 2468 626 2520 dice
649 2466 839 2521 Tlteod.
867 2465 930 2519 de
955 2465 1106 2535 Pag.,
1133 2475 1253 2531 etc.,
1272 2465 1378 2534 lege
1406 2461 1529 2535 18

588 2558 642 2611 5.
683 2557 865 2611 Refert
886 2556 950 2609 ad
974 2555 1075 2609 hoc
1100 2562 1309 2623 tempus
1339 2554 1596 2608 Baronius
1614 2594 1630 2619 ,
1658 2552 1799 2605 velut
1827 2551 2095 2621 quidpiam

517 2646 889 2702 demandatum
934 2644 1087 2699 Jovio
1129 2652 1185 2699 et
1221 2643 1517 2698 Gaudentio
1545 2642 1865 2711 provinciam
1907 2657 2099 2696 conse-

517 2751 688 2806 quens
715 2736 1016 2808 (Baronins,
1046 2735 1113 2787 ad
1132 2752 1256 2787 anu.
1286 2735 1420 2798 599,
1450 2751 1501 2787 η.
1534 2732 1648 2804 62>),
1678 2733 1726 2785 id
1753 2734 1891 2802 quod
1918 2744 2095 2787 auctor

519 2826 640 2880 libri
670 2826 736 2881 de
782 2826 1219 2879 Phi-dictionibus
1265 2824 1550 2893 contigisse
1597 2808 1780 2876 scribit
1810 2825 1875 2876 de
1903 2824 2100 2892 templo

516 2918 789 2981 leestis,
821 2916 1054 2971 llonorio
1082 2920 1374 2986 imperante
1396 2956 1410 2979 ,
1438 2922 1561 2969 ante
1588 2915 1934 2983 principatum
1959 2912 2101 2967 Con-

521 3009 698 3061 stantii
720 3050 733 3069 ,
762 3009 847 3079 qui
879 3009 945 3063 ab
968 3008 1198 3062 llonorio
1225 3009 1274 3059 in
1298 3008 1553 3076 collegam
1582 3007 1784 3075 imperii
1807 3022 1946 3060 anno
1977 3023 2105 3073 qna-

522 3101 937 3170 dringentesimo
966 3101 1219 3171 vigesimo
1238 3143 1253 3167 ,
1284 3112 1373 3155 aut
1401 3100 1920 3171 quadringentesimo
1955 3103 2103 3171 vige-

519 3192 657 3244 simo
695 3191 865 3259 primo
906 3200 1211 3262 assumptus
1251 3201 1353 3247 est.
1387 3193 1459 3246 De
1489 3191 1585 3245 hac
1608 3190 1837 3246 leeste
1868 3193 2104 3261 pluribus

519 3279 733 3335 disserit
760 3281 1037 3347 Baronius,
1063 3296 1220 3350 quam
1251 3289 1396 3351 putat
1432 3280 1673 3335 eamdem
1705 3296 1768 3335 ac
1806 3282 2095 3336 Astarthen

520 3369 857 3427 Sidoniorum
883 3372 1057 3427 deam.
1084 3371 1159 3426 ‘In
1188 3371 1432 3427 confesso
1465 3380 1579 3437 est,
1622 3387 1929 3441 supremum
1978 3373 2105 3427 illud

523 3460 683 3515 fuisse
702 3461 1032 3532 Carthaginis
1053 3477 1248 3517 numen
1268 3503 1283 3527 ,
1310 3462 1398 3517 ubi
1430 3462 1683 3531 templum
1706 3462 1977 3531 stupendae
2003 3477 2109 3517 mo-

522 3550 588 3605 lis
616 3551 691 3606 illi
714 3561 1075 3608 constructum
1105 3552 1280 3608 fuerat
1304 3554 1595 3608 minoribus
1621 3553 1841 3608 deorum
1866 3555 2105 3609 omnium

523 3641 735 3711 templis
774 3642 1056 3707 vallatum,
1106 3641 1306 3695 ambitu
1344 3641 1567 3695 duorum
1614 3643 1722 3696 fere
1764 3642 2104 3711 milliarium,

522 3733 672 3802 cujus
728 3733 898 3802 platea
941 3732 1240 3787 lithostrata
1286 3732 1588 3801 pavimento
1643 3747 1706 3785 ac
1745 3732 1990 3801 pretiosis
2019 3749 2109 3788 co-

523 3825 720 3879 lumnis
743 3833 798 3878 ct
822 3824 1082 3879 mmnibus
1113 3832 1227 3879 erat
1251 3822 1497 3881 decorata
1522 3822 1620 3894 (De
1643 3822 1907 3889 Prtedict.,
1932 3825 2020 3879 lib.
2052 3828 2103 3891 5,

523 3932 639 3983 cup.
668 3914 782 3983 58).
829 3913 945 3969 Jam
985 3914 1191 3983 pridem
1235 3915 1489 3983 templum
1536 3915 1639 3969 hoc
1678 3916 1914 3970 clausum
1958 3926 2106 3983 erat,

525 4006 701 4061 forsan
727 4005 794 4059 ab
818 4019 957 4059 anno
1001 4005 1375 4060 trecentesimo
1399 4007 1740 4075 nonagesimo
1771 4008 1943 4075 primo
1962 4049 1976 4073 ,
2005 4022 2110 4076 quo

525 4094 764 4165 geminas
803 4094 948 4163 leges
975 4094 1350 4162 comperimus,
1377 4094 1567 4163 quibus
1594 4097 1906 4164 templorum
1938 4096 2111 4150 aditus

527 4183 835 4253 prohibetur
871 4183 1023 4254 (Cod.
1072 4183 1261 4237 Theod.
1303 4184 1365 4237 de
1407 4183 1661 4254 Paganis,
1698 4195 1819 4253 etc.,
1845 4188 1948 4256 lege
1978 4186 2041 4241 10
2067 4194 2112 4239 ct

529 4273 638 4343 lege
668 4273 780 4342 ll).
811 4272 985 4335 Etha:
1011 4272 1194 4342 prima:
1221 4282 1345 4327 sunt
1370 4272 1468 4327 hac
1492 4274 1557 4327 de
1588 4274 1781 4329 relatae
1810 4290 1840 4327 a
1864 4276 2113 4346 tempori-

527 4364 628 4418 bus
654 4363 849 4419 Juliaui
879 4373 1153 4433 apostatrc.
1181 4363 1310 4417 Cum
1338 4364 1496 4433 igitur
1520 4364 1847 4419 inaccessum
1876 4366 1964 4419 diu
1988 4382 2111 4435 per-

532 4454 849 4517 mansisset,
886 4454 1098 4522 spinosa
1137 4454 1358 4523 virgulta
1400 4454 1529 4508 illud
1560 4456 1971 4525 citcumseptum
2019 4456 2113 4511 ob-

531 4552 747 4597 rueraut
777 4558 792 4595 :
821 4552 874 4596 et
898 4543 1210 4598 Christianis
1236 4542 1438 4614 ingredi
1462 4543 1761 4600 volentibus
1785 4585 1799 4608 ,
1825 4555 1883 4600 ut
1904 4546 2033 4600 illud
2050 4547 2102 4601 in

532 4646 682 4685 usum
713 4646 856 4687 verte
881 4632 1150 4704 religionis
1176 4642 1554 4689 eonsecrarent
1578 4676 1594 4701 ,
1622 4644 1900 4705 postquam
1933 4636 2113 4690 Hono-

532 4722 641 4775 rius
686 4722 935 4777 Ecclesiis
985 4724 1163 4777 omnia
1204 4724 1400 4793 templa
1452 4725 1796 4793 contulisset,
1846 4742 2113 4781 rumorem

530 4825 840 4881 sparserunt
858 4815 1114 4881 Gentiles,
1136 4815 1187 4868 in
1209 4814 1291 4870 his
1315 4815 1489 4870 dumis
1509 4832 1572 4872 ac
1600 4818 1837 4871 sentibus
1856 4818 2115 4874 dracones

527 4916 581 4965 et
609 4905 817 4973 aspides
844 4906 908 4959 ad
936 4907 1119 4977 templi
1146 4906 1439 4961 custodiam
1470 4908 1656 4974 latere,
1688 4911 1776 4977 qui
1806 4910 2004 4963 aditum
2029 4926 2117 4964 ac-

527 5009 844 5064 cessumque
872 4996 1231 5064 prohiberent.
1278 4997 1388 5061 Quo
1421 4998 1579 5066 magis
1618 4997 1892 5052 Christiani
1922 5001 2115 5066 femore

525 5088 752 5141 succensi
767 5128 781 5152 ,
808 5104 866 5140 ea
887 5088 1129 5155 facilitate
1154 5088 1321 5140 omnia
1342 5096 1632 5141 amoverant
1654 5088 1800 5142 illwsi
1818 5130 1832 5153 ,
1866 5106 1961 5154 quo
1986 5099 2113 5142 tem-

442 5230 455 5241 ,
528 5180 675 5248 plum
716 5193 830 5232 vero
866 5180 1051 5231 cmlesti
1084 5178 1207 5248 Regi
1248 5187 1293 5231 el
1334 5176 1556 5232 Domino
1583 5188 1945 5232 consecrarent.
1980 5179 2117 5233 Nam

528 5287 641 5324 cum
659 5279 833 5325 sancta
858 5270 1071 5325 Pascha:
1099 5272 1337 5325 solemnis
1363 5281 1594 5340 ageretur
1621 5272 1882 5341 festivitas,
1901 5272 2109 5325 collecta

529 5362 636 5415 illic
674 5370 722 5416 et
744 5362 963 5431 undique
991 5362 1124 5415 omni
1155 5363 1438 5415 curiositate
1472 5363 1623 5415 etiam
1646 5362 1913 5416 adueniens
1942 5362 2117 5415 multi-

531 5453 674 5520 tudo,
691 5455 1003 5508 sacerdotum
1025 5454 1299 5507 multorum
1326 5464 1467 5524 pater
1488 5463 1533 5508 et
1559 5454 1729 5525 digna:
1753 5448 2005 5507 memoria:
2023 5470 2117 5507 no-

533 5546 803 5600 minandus
828 5548 1031 5600 antistes
1058 5545 1291 5600 Aurelius
1311 5588 1324 5609 ,
1354 5546 1568 5601 cwlestis
1597 5548 1712 5617 jam
1756 5547 1933 5616 patriw
1959 5547 2079 5601 civis
2097 5587 2114 5614 ,

533 5636 827 5691 cathedram
861 5635 967 5690 illic
1011 5637 1118 5689 loco
1149 5636 1370 5689 (Icelestis
1408 5646 1452 5690 et
1496 5637 1687 5696 habuit.
1733 5647 1779 5691 et
1818 5636 1962 5692 sedit.
2000 5636 2118 5705 Ipse

1632 267 1784 322 VlTA
1823 264 1879 321 S.
1922 261 2280 319 AUGUSTINI
2320 261 2633 321 EPlSCOPl.

3666 275 3774 335 285

2202 384 2319 428 tunc
2345 376 2550 431 aderam
2569 418 2584 445 ,
2614 377 2783 449 inquit
2807 380 3008 447 auctor,
3038 396 3151 435 cum
3188 382 3335 441 sociis
3378 390 3423 438 et
3461 386 3662 454 amicis,
3692 401 3775 443 at-

2197 484 2312 535 que,
2347 478 2403 522 ut
2443 485 2497 523 se
2539 470 2927 525 adolescentium
2949 480 3072 528 tetas
3099 474 3363 544 impatiens
3391 478 3774 550 circumquaque

2197 561 2410 613 vertebat
2427 600 2442 625 ,
2470 560 2592 614 dum
2630 563 2815 617 curiosi
2854 563 3056 634 singula
3083 581 3289 636 qumque
3313 583 3404 636 pro
3429 569 3772 638 magnitudine

2197 652 2489 721 inspicimus
2507 694 2521 718 ,
2548 655 2732 707 mirum
2755 654 3005 721 quoddam
3039 666 3084 711 et
3113 658 3399 712 incredibile
3426 670 3595 713 nostro
3623 679 3672 714 se
3689 664 3772 715 in-

2197 741 2347 809 gessit
2371 744 2593 810 aspectui
2611 784 2626 809 ,
2658 744 2832 798 titulus
2858 745 3009 799 aeneis
3036 746 3482 816 grandioribusque
3512 749 3688 804 litteris
3717 752 3773 803 in

2198 832 2508 901 frontispicio
2531 835 2700 904 templi
2726 835 3074 905 conscriptus:
3099 826 3366 893 Aeneans
3390 839 3654 895 PONTIFEX
3679 858 3776 894 or:-

2198 936 2429 975 DlCAVlT.
2464 921 2613 976 Hunc
2634 924 2846 994 legentes
2871 924 3049 996 papuli
3071 927 3382 981 mirabantur
3406 945 3630 999 prtesago
3653 940 3774 984 tunc

2197 1010 2377 1077 spiritu
2401 1021 2512 1064 acta
2533 1053 2548 1077 ,
2578 1029 2691 1080 qum
2713 1015 2951 1084 praescius
2981 1015 3070 1069 Dei
3099 1016 3222 1069 ordo
3243 1026 3375 1071 certo
3403 1020 3494 1072 isto
3522 1019 3623 1086 ﬁne
3646 1037 3773 1073 con-

2198 1098 2410 1153 cluserat
2432 1099 2531 1170 (De
2558 1100 2822 1170 Prtedict.,
2853 1105 2940 1158 lib.
2973 1106 3027 1171 5,
3069 1122 3188 1175 cap.
3228 1106 3340 1178 58).
3370 1107 3644 1177 Templum
3672 1110 3775 1163 hoc

2198 1200 2381 1260 postea
2410 1193 2526 1248 solo
2569 1204 2832 1264 aequatum
2856 1192 2938 1251 est
2970 1212 3109 1251 anno
3138 1198 3660 1268 quadringentesimo
3690 1200 3774 1255 vi-

2195 1281 2397 1349 gesimo
2422 1283 2610 1351 primo.
2639 1284 2815 1355 Itaque
2840 1301 2945 1341 non
2971 1285 3038 1340 de
3063 1287 3261 1355 templo
3287 1289 3549 1353 Ctelestis,
3583 1289 3673 1342 sed
3706 1289 3776 1343 de

2198 1370 2340 1425 idolo
2366 1371 2679 1442 loquebatur
2708 1376 3059 1445 Augustinus,
3089 1392 3209 1431 cum
3236 1378 3391 1445 paulo
3417 1388 3535 1447 post
3563 1388 3775 1447 captam

2198 1461 2419 1517 Romam
2445 1463 2644 1519 diceret
2677 1484 2689 1519 :
2719 1466 2966 1536 (.‘artlmgo
3006 1468 3061 1520 in
3108 1469 3309 1521 nomine
3344 1467 3526 1522 Citriin
3573 1478 3775 1531 manet,

2196 1564 2242 1607 et
2269 1554 2389 1607 olim
2416 1571 2585 1609 eversa
2609 1566 2679 1609 est
2707 1556 2962 1622 Ctrlestis;
2998 1558 3115 1627 quia
3156 1575 3254 1611 non
3284 1560 3379 1627 fuit
3406 1559 3614 1612 caelestis
3632 1602 3647 1625 ,
3690 1559 3780 1611 sed

2197 1646 2439 1699 terrestris
2465 1644 2656 1717 (Serm.
2686 1647 2816 1713 103,
2840 1664 2885 1699 c.
2914 1648 2966 1711 9,
2999 1665 3051 1700 n.
3077 1647 3187 1718 η).

2268 1738 2323 1792 ϐ.
2363 1739 2563 1793 Auctor
2601 1739 2721 1792 libri
2762 1741 2826 1792 de
2854 1740 3288 1794 Prxdietiouibus
3312 1738 3525 1806 scribit,
3553 1739 3604 1792 in
3644 1754 3779 1808 qua-

2197 1828 2319 1883 dam
2348 1830 2478 1884 urbe
2504 1830 2826 1885 Mauritania;
2854 1841 2999 1884 eruta
3031 1832 3191 1885 fuisse
3230 1831 3452 1901 plurima
3480 1846 3509 1886 e
3533 1832 3781 1886 cavernis

2196 1920 2475 1975 simulacra
2505 1930 2682 1976 vetera
2702 1963 2719 1987 ,
2756 1938 2872 1993 quae
2898 1923 2948 1975 in
2979 1938 3068 1976 cas
3092 1923 3333 1977 abstrusa
3359 1922 3596 1987 fuerant;
3622 1932 3681 1978 et
3710 1923 3783 1979 ob

2198 2008 2334 2063 hanc
2362 2010 2716 2064 inventionem
2747 2019 2907 2064 totam
2935 2011 3200 2065 civitatem
3222 2052 3237 2075 ,
3266 2012 3410 2080 ipsos
3435 2013 3592 2067 etiam
3616 2013 3782 2066 cleri-

2196 2112 2289 2151 cos
2317 2113 2438 2153 reos
2476 2098 2672 2164 fuisse,
2706 2101 2791 2154 vel
2832 2100 3045 2169 perjurii
3083 2101 3349 2154 convictos
3377 2100 3479 2167 (De
3508 2100 3779 2168 I’rtedict.,

2198 2188 2285 2242 lib.
2317 2190 2380 2255 5,
2411 2207 2525 2260 cap.
2554 2191 2664 2261 38).
2696 2191 2894 2245 Forsan
2931 2192 2998 2243 ab
3037 2191 3256 2246 urbibus
3276 2192 3638 2261 jusjurandum
3687 2208 3785 2248 ex-

2200 2279 2455 2348 igebatur,
2482 2297 2589 2349 quo
2610 2282 2985 2335 confirmarent
3028 2281 3170 2335 nulla
3214 2283 3377 2336 latere
3417 2282 3588 2348 idola;
3619 2282 3785 2352 hujus

2199 2380 2373 2425 autem
2403 2372 2627 2426 civitatis
2656 2372 2870 2437 clerici,
2898 2372 2986 2441 qui
3016 2371 3295 2447 sijnulacra
3326 2372 3523 2426 scirent
3547 2387 3670 2427 esse
3699 2386 3788 2426 re-

2200 2462 2410 2516 condita
2433 2463 2556 2517 illud
2581 2463 2891 2518 denuntiare
2909 2478 3012 2516 non
3038 2462 3152 2516 ausi
3180 2471 3319 2516 sunt.
3342 2462 3474 2517 Nam
3501 2472 3679 2518 metus
3702 2466 3785 2517 in-

2201 2554 2444 2608 currendi
2475 2554 2529 2608 in
2558 2563 2856 2624 magnatum
2905 2556 3250 2611 offensionem
3273 2595 3286 2617 ,
3330 2554 3589 2609 efficiebat
3633 2569 3783 2607 non-

2203 2658 2489 2712 nunquam,
2522 2651 2580 2698 ut
2616 2645 2715 2713 ipsi
2760 2645 3044 2700 Christiani
3075 2646 3127 2700 in
3159 2644 3469 2699 idololatria:
3494 2644 3791 2699 sceleribus

2202 2736 2567 2789 conniverent.
2616 2736 2685 2789 Et
2728 2751 2857 2791 sane
2895 2736 3223 2807 Augustinus
3264 2750 3326 2790 ea
3371 2734 3439 2790 de
3467 2750 3524 2788 re
3551 2735 3794 2804 graviter

2203 2826 2503 2894 expostulat
2542 2826 2593 2878 in
2625 2834 2919 2880 memorato
2942 2827 3053 2893 jam
3084 2842 3241 2895 supra
3284 2839 3532 2880 sermone
3573 2825 3639 2878 ad
3673 2826 3792 2893 ple-

2206 2914 2346 2979 bem,
2380 2914 2466 2967 ubi
2498 2915 2780 2970 nonnullos
2807 2915 3200 2984 frequentantes
3226 2914 3439 2984 templa,
3462 2922 3517 2969 ct
3544 2915 3592 2968 in
3623 2914 3795 2969 idolio

2206 3022 2306 3058 una
2333 3021 2452 3060 cum
2473 3005 2694 3073 Paganis
2718 3007 3087 3062 recumbentes
3111 3005 3532 3077 damnat-(Serm.
3560 3006 3650 3073 62,
3672 3022 3717 3059 c.
3740 3007 3794 3066 4.

2207 3112 2295 3149 ηιι.
2326 3097 2379 3159 7,
2403 3096 2480 3165 8).
2508 3095 2565 3149 1d
2596 3095 2729 3150 forte
2755 3104 2874 3166 post
2897 3098 3044 3166 leges
3067 3096 3320 3151 adversus
3351 3095 3711 3149 idololatriam
3734 3096 3800 3150 ab

2209 3187 2441 3240 Honorio
2478 3188 2793 3242 constitutas
2830 3188 3003 3242 adhuc
3046 3187 3231 3253 fiebat;
3261 3188 3476 3256 ipseque
3503 3187 3802 3257 Imperator

2208 3277 2346 3331 istud
2392 3277 2642 3347 flagitium
2683 3278 2887 3347 adjuvit
2914 3279 3031 3348 lege
3056 3278 3159 3331 lata
3185 3277 3394 3332 decimo
3427 3278 3579 3331 tertio
3606 3277 3800 3331 kalen-

2208 3366 2304 3422 das
2324 3368 2641 3437 septembris
2667 3371 2790 3422 anni
2813 3368 3171 3424 trecentesimi
3197 3368 3523 3438 nonagesimi
3551 3367 3723 3435 noni,
3751 3368 3802 3422 in

2209 3472 2311 3526 qua
2334 3457 2658 3526 Apollodoro
2684 3458 2877 3514 Africae
2909 3459 3213 3528 proconsuli
3238 3458 3533 3526 denuntiat,
3553 3459 3703 3513 nolle
3724 3474 3801 3525 se,

2210 3547 2343 3603 licet
2362 3547 2613 3617 profanos
2640 3548 2773 3604 ritus
2802 3550 3030 3604 ethnicae
3060 3548 3456 3617 superstitionis
3485 3547 3803 3614 inhibuerit,

2211 3634 2526 3692 festivitates
2569 3638 2805 3706 publicas
2848 3640 3083 3706 aboleri,
3116 3638 3211 3694 sed
3256 3639 3642 3696 continuandas
3687 3654 3808 3694 esse

2210 3725 2455 3780 ludorum
2484 3727 2872 3792 solemnitates,
2905 3727 3063 3782 modo
3089 3727 3236 3782 nulla
3257 3728 3514 3783 sacrificia
3535 3769 3549 3793 ,
3580 3728 3672 3781 vel
3707 3729 3807 3781 alia

2211 3816 2411 3885 quaevis
2428 3815 2755 3871 idololatrica
2776 3819 3088 3886 superstitio
3110 3818 3212 3873 illis
3234 3818 3623 3872 immisceretur
3646 3816 3806 3887 (Cod.

2212 3906 2407 3964 Theod.
2436 3908 2498 3960 de
2534 3906 2691 3978 Pag.,
2723 3919 2838 3973 etc.,
2871 3909 2979 3979 lege
3010 3908 3116 3977 17).
3152 3906 3332 3976 Itaque
3358 3908 3636 3962 concilium
3672 3907 3807 3961 Car-

2212 3996 2524 4067 thaginense
2550 3996 2757 4052 decimo
2786 4006 2936 4051 sexto
2980 3997 3232 4053 kalendas
3266 3997 3380 4067 julii
3404 3997 3526 4050 anni
3552 3996 3811 4066 quadrin-

2213 4090 2490 4160 gentesimi
2518 4089 2674 4160 primi
2699 4098 3072 4160 congregatum
3088 4131 3102 4156 ,
3136 4089 3220 4145 sui
3240 4089 3443 4158 putavit
3470 4103 3589 4142 esse
3612 4085 3810 4151 ofﬁcii,

2215 4182 2506 4237 Honorium
2533 4183 2841 4252 deprecari,
2871 4192 2929 4236 ut
2959 4183 3045 4236 illa
3069 4182 3310 4236 convivia
3348 4182 3555 4252 penitus
3580 4179 3813 4250 abroga—

2215 4282 2334 4341 ret,
2358 4274 2548 4344 quibus
2574 4273 2859 4328 Christiani
2888 4274 2954 4327 ab
2982 4272 3222 4327 Ethnicis
3254 4272 3511 4327 interesse
3536 4270 3810 4341 cogeban-

2217 4364 2506 4432 tur;quod
2563 4364 2795 4433 Speciem
2846 4363 3121 4434 cujusdam
3176 4362 3558 4433 persecutionis
3610 4361 3811 4416 adum-

2215 4456 2436 4523 brabat,
2470 4456 2551 4510 his
2591 4470 2828 4525 persaepe
2876 4464 3063 4509 contra
3108 4454 3377 4525 religionis
3428 4455 3590 4508 decus
3636 4454 3813 4508 multa

2218 4549 2512 4618 procaciter
2538 4548 2869 4617 patrantibus
2907 4546 3053 4617 (Cod.
3099 4546 3262 4602 Canu.
3308 4546 3494 4615 Afric.,
3524 4562 3638 4599 can.
3692 4545 3810 4614 60).

2218 4637 2414 4693 Scribit
2444 4636 2766 4707 Augustinus
2787 4679 2803 4703 ,
2838 4637 2889 4690 in
2920 4636 3222 4692 evertendis
3264 4636 3472 4705 templis
3492 4676 3507 4700 ,
3550 4634 3716 4688 idolis
3760 4642 3815 4688 et

2219 4726 2352 4781 lucis
2379 4742 2474 4797 pro
2505 4726 2754 4781 facultate
2781 4726 2847 4780 ab
2878 4720 3285 4795 imperatoribus
3314 4740 3562 4779 concessa
3582 4765 3598 4791 ,
3632 4725 3813 4793 priva-

2220 4824 2303 4871 tos
2333 4817 2531 4870 nullmn
2553 4817 2749 4871 debere
2775 4832 2839 4871 ex
2864 4831 3048 4870 eorum
3078 4817 3246 4870 ruinis
3267 4815 3603 4870 commodum
3631 4814 3815 4884 perci-

2218 4923 2366 4979 pere,
2391 4926 2455 4963 ne
2472 4908 2537 4962 ad
2554 4908 2869 4963 destruenda
2896 4908 3171 4979 gentilitizc
3196 4905 3587 4976 superstitionis
3617 4919 3816 4959 monu-

2220 5008 2427 5067 menta,
2453 4999 2629 5068 potius
2648 4998 2866 5051 avaritia
2888 5040 2901 5063 ,
2933 5013 3091 5067 quam
3122 4997 3313 5067 pietate
3341 4996 3461 5050 duci
3484 4994 3769 5049 videantur
3794 5011 3810 5044 :

2220 5092 2275 5147 id
2301 5100 2474 5145 tamen
2518 5104 2623 5144 non
2663 5090 2912 5157 obstare,
2952 5091 3076 5159 quin
3117 5105 3180 5145 ea
3223 5096 3563 5143 monumenta
3593 5087 3646 5141 in
3679 5100 3813 5141 usus

2221 5197 2532 5239 communes
2557 5190 2612 5237 et
2642 5182 2882 5251 publicos
2923 5186 3159 5237 converti
3182 5223 3198 5245 ,
3228 5194 3321 5236 aut
3360 5181 3547 5235 honori
3573 5180 3686 5234 veri
3716 5178 3812 5233 Dei

2221 5274 2426 5343 possint
2452 5274 2788 5340 consecrari;
2817 5274 2951 5329 sicut
2988 5273 3085 5342 ipsi
3130 5272 3371 5327 homines
3414 5285 3507 5324 sua
3545 5269 3609 5324 ad
3639 5270 3812 5324 Deum

2222 5364 2571 5420 conversione
2595 5365 2647 5419 in
2676 5364 2792 5435 ejus
2822 5364 3019 5435 templa
3042 5369 3436 5417 commutantur
3462 5358 3664 5430 (Epist.
3698 5357 3771 5412 47
3792 5396 3809 5423 ,

2223 5457 2388 5526 n.5).

2294 5548 2348 5602 7.
2388 5547 2609 5602 Omnem
2639 5545 2971 5601 Theodosius
2996 5544 3311 5598 adhibuerat
3351 5556 3601 5613 operam,
3640 5547 3699 5595 ut
3740 5537 3811 5591 ab

2228 5638 2543 5695 idololatrim
2575 5636 3250 5706 Superstitionibusltoata,
3281 5634 3367 5688 ubi
3400 5633 3612 5688 altiores
3646 5642 3809 5698 quam
