3990 6360
210 287 314 349 235

207 432 257 484 in
277 426 377 482 alla
397 400 503 479 ulla
530 420 746 476 ditionis
769 416 885 486 ejus
907 412 1041 469 urbe
1070 408 1279 467 radices
1306 414 1557 479 egerant,
1585 416 1773 473 purga-

205 530 365 576 retur.
408 513 673 571 Honorius
717 508 879 565 dubio
923 502 1106 575 procul
1154 499 1294 555 idola
1340 497 1409 552 ibi
1454 492 1673 565 perinde
1715 504 1778 545 ac

1528 266 1731 323 UBER
1768 261 2087 333 QUINTUS.

3351 258 3457 318 286

1881 392 2071 469 (Idem,
2104 396 2170 450 ad
2210 412 2327 451 ann.
2374 393 2498 457 599,
2532 409 2583 445 n.
2614 388 2733 462 77),
2761 389 2899 460 quod
2935 378 3255 459 Augustinus
3280 403 3458 448 narrat
3524 386 3525 389 “

1881 490 1934 544 in
1959 489 2257 545 Sull‘ectana
2281 485 2484 541 colonia
2506 483 2823 553 contigisse;
2851 496 2957 553 quo
2978 482 3031 535 in
3052 482 3193 546 loco,
3221 498 3341 538 cum
3368 484 3457 540 de-

205 607 325 664 alibi
352 604 550 677 passim
578 596 873 671 dejicienda
893 600 1199 657 curaverat;
1230 581 1778 677 quandoquidemjam
1877 580 2016 677 jeeta
2052 578 2423 647 confractaque
2462 583 2603 630 esset
2638 573 2879 628 llerculis
2917 580 3115 637 statua,
3161 574 3278 642 ejus
3316 576 3459 644 impii

204 710 323 756 ante
348 671 667 765 itbadagaisi
692 689 897 746 cladem
914 727 928 751 ,
952 684 1003 740 id
1027 690 1138 749 est,
1166 688 1289 735 ante
1313 689 1510 731 annum
1530 671 1781 743 quadrin-

206 789 555 863 gentesimum
580 790 822 847 sextum;
852 778 959 833 imo
982 788 1107 830 vero
1135 786 1241 842 quo
1267 777 1506 837 tempore
1534 762 1707 818 adhuc
1726 761 1779 813 in

206 860 376 938 Africa
418 878 661 939 stabant,
702 872 811 928 illic
846 867 1140 925 disturbata
1195 870 1355 932 atque
1410 869 1596 913 eversa
1632 860 1783 909 erant

206 973 392 1045 (Serm.
410 969 535 1035 105,
554 983 600 1020 c.
618 966 706 1032 10,
726 982 779 1018 η.
800 963 894 1027 15;
915 959 1082 1015 Serm.
1099 954 1192 1022 24,
1216 970 1267 1007 η.
1292 950 1370 1022 6).
1387 949 1519 1005 Cum
1537 954 1709 1000 autem
1728 942 1779 996 in

208 1067 297 1120 hac
325 1064 592 1118 idolorum
620 1056 898 1115 eversione
916 1094 932 1120 ,
960 1052 1155 1107 intacta
1178 1048 1517 1101 remanerent
1544 1038 1631 1093 illa
1651 1036 1782 1091 deo-

206 1172 315 1211 rum
340 1156 492 1224 signa
511 1195 528 1219 ,
561 1166 679 1222 qua:
708 1147 840 1203 locis
878 1154 932 1201 et
958 1139 1191 1198 aediﬁciis
1217 1133 1440 1208 publicis
1471 1135 1785 1184 ornamento

206 1255 348 1304 erant
367 1216 833 1311 {Deus—undecim
862 1242 983 1306 post
1020 1243 1189 1286 annos
1214 1226 1416 1294 reliqua
1453 1220 1540 1274 illa
1568 1216 1783 1289 gentili-

207 1340 283 1392 ti:e
308 1331 708 1406 superstitionis
724 1325 947 1396 vestigia
968 1365 983 1392 ,
1006 1330 1121 1376 tum
1148 1317 1440 1374 Gothorum
1471 1323 1649 1371 manu,
1674 1314 1783 1359 tum

205 1394 510 1480 fulminibus
532 1437 563 1477 e
587 1420 723 1476 cmlo
753 1394 972 1473 vibratis
1012 1410 1221 1483 penitus
1249 1401 1497 1461 abolevit.
1542 1398 1669 1453 Haec
1715 1394 1787 1448 si-

204 1518 562 1572 undacrorum
601 1507 925 1573 destructio,
952 1518 1069 1574 qua:
1110 1513 1250 1555 anno
1288 1490 1659 1550 trecentesimo
1693 1501 1786 1540 no-

205 1608 478 1679 nagesimo
504 1618 648 1660 nono
673 1599 926 1669 contigit,
948 1609 1161 1652 causam
1189 1586 1412 1660 prmbuit
1439 1581 1786 1654 plurimorum

205 1700 491 1757 Gentilium
522 1692 897 1757 conversioni,
929 1691 1016 1760 qui
1043 1700 1165 1741 cum
1185 1698 1251 1739 eo
1280 1693 1447 1749 usque
1475 1673 1643 1730 errori
1668 1666 1788 1741 pcr-

207 1791 448 1845 tinaciter
474 1788 831 1842 adhzesissent
853 1822 870 1848 ,
897 1781 953 1835 in
980 1792 1098 1833 eam
1128 1788 1276 1844 spem
1308 1765 1555 1829 adducti,
1592 1762 1707 1817 fore
1734 1768 1792 1814 ut

204 1880 482 1951 completis
524 1874 779 1932 trecentis
803 1869 1072 1939 sexaginta
1110 1864 1341 1935 quinque
1369 1856 1555 1921 annis,
1600 1865 1792 1907 secun-

206 1971 323 2024 dmn
345 1968 631 2024 oraculum
654 1965 978 2026 datmonum,
997 1956 1164 2011 avitus
1181 1951 1352 2006 cultus
1368 1945 1515 2019 quasi
1538 1940 1795 2013 postlimi-

206 2065 287 2117 nio
315 2067 667 2117 revocaretur
697 2058 752 2111 in
780 2052 1060 2124 pristinum
1091 2047 1285 2108 decus;
1317 2041 1472 2108 hujus
1504 2033 1701 2090 oraculi
1734 2031 1794 2085 ﬁ-

204 2156 318 2212 dem
349 2169 548 2208 vanam
577 2161 631 2207 et
660 2150 870 2203 inanem
900 2144 1081 2209 fuisse,
1109 2154 1172 2195 ex
1195 2142 1389 2193 eventu
1414 2131 1625 2185 demum
1651 2139 1797 2179 com-

206 2256 459 2319 pererunt
487 2244 591 2316 (De
624 2241 771 2298 Civit.
801 2237 927 2301 Dei,
956 2233 1045 2289 lib.
1091 2231 1191 2296 18,
1238 2243 1355 2296 εαρ.
1405 2220 1518 2294 51).
1550 2219 1799 2274 Testatur

209 2308 567 2408 hugustinds,
600 2333 668 2388 ab
693 2331 797 2385 hoc
816 2327 883 2383 ad
912 2324 1042 2381 illud
1070 2335 1235 2392 usque
1263 2326 1471 2386 tempus
1487 2354 1502 2378 ,
1524 2326 1630 2382 quo
1656 2308 1802 2364 deci-

207 2398 349 2485 mum
384 2398 640 2482 octavum
678 2436 744 2477 ex
774 2418 924 2474 libris
947 2416 1013 2470 de
1042 2413 1267 2468 Civitate
1314 2405 1407 2461 Dei
1457 2398 1797 2465 absolvebat,

208 2521 462 2577 nimirum
495 2524 619 2587 post
659 2526 828 2569 annos
855 2511 1025 2565 ferme
1050 2504 1261 2574 triginta
1283 2540 1299 2567 ,
1340 2495 1683 2554 christianam
1710 2503 1801 2544 re-

208 2614 463 2683 ligionem
486 2607 689 2674 majora
717 2602 888 2657 adhuc
907 2596 1198 2666 sumpsisse
1229 2592 1585 2649 incrementa;
1612 2594 1804 2652 quam—

209 2670 286 2757 vis
312 2703 495 2773 ipsam
522 2670 831 2753 constanter
867 2690 1196 2745 afﬁrmarent
1218 2678 1429 2738 Ethnici
1454 2675 1667 2733 tandem
1706 2670 1806 2725 ali-

212 2764 429 2865 quando
458 2789 792 2845 interituram
820 2784 1030 2856 (Enarr.
1074 2780 1129 2832 in
1174 2774 1318 2829 Psal.
1354 2786 1496 2835 ιιι,
1535 2782 1685 2822 serm.
1729 2764 1804 2828 2,

214 2864 265 2938 n.
299 2886 386 2955 4),
416 2884 578 2952 eique
621 2875 835 2935 eventui
858 2882 1060 2929 certum
1103 2883 1167 2924 ac
1203 2864 1477 2920 deﬁnitum
1508 2868 1716 2927 tempus
1742 2869 1810 2909 ex

216 2948 453 3029 oraculis
479 2948 817 3040 assignarent
836 2964 1048 3035 (Enarr.
1078 2961 1132 3014 in
1166 2956 1307 3011 Psal.
1330 2969 1404 3016 tv.
1430 2968 1483 3006 η.
1503 2950 1577 3021 1).
1607 2948 1814 3003 Interea

218 3065 291 3120 illi
333 3036 686 3119 sacriﬁcaturi
728 3056 959 3111 latebras
1001 3058 1215 3122 petere,
1245 3057 1475 3114 suosque
1498 3040 1658 3096 etiam
1684 3036 1815 3093 deos

220 3155 560 3213 abscondere
614 3151 960 3221 cogebantur,
1025 3159 1093 3199 ne
1138 3150 1174 3196 a‘
1221 3136 1534 3196 Christianis
1581 3130 1813 3202 reperti,

220 3247 368 3316 juxta
413 3243 711 3315 principum
743 3241 889 3310 leges
924 3234 1398 3304 confringerentur,
1429 3234 1583 3298 prout
1606 3222 1818 3280 oracula

224 3313 534 3404 divina—per
554 3333 859 3388 Judteorum
887 3318 1182 3395 Prophetas
1203 3323 1357 3390 longe
1394 3327 1517 3373 ante
1557 3313 1818 3386 pra-diae-

226 3436 347 3480 rant
367 3402 476 3495 (De
504 3423 745 3478 Consens.
782 3419 1000 3490 Evang.,
1026 3415 1113 3469 lib.
1138 3414 1189 3478 1,
1213 3428 1260 3466 c.
1279 3410 1394 3480 27).
1422 3406 1677 3464 Ethnicus
1704 3402 1823 3473 qui-

227 3519 354 3573 dam
399 3516 547 3571 illius
589 3512 845 3583 temporis
873 3518 1025 3580 poeta
1057 3505 1381 3577 Sibyllarum
1410 3497 1645 3555 carmina
1672 3496 1825 3565 jussu

229 3606 547 3663 Stilichonis
585 3605 691 3675 igni
722 3602 911 3657 tradita
952 3599 1115 3654 fuisse
1150 3594 1388 3666 queritur
1426 3588 1729 3661 (Baronius,
1757 3586 1826 3641 ad

232 3717 357 3754 min.
388 3698 534 3764 369,
565 3713 619 3750 η.
643 3695 757 3764 82).
801 3691 1018 3748 Honorii
1058 3688 1234 3744 edicto
1273 3680 1529 3737 adscribit
1572 3678 1827 3734 Baronius

1885 671 2134 734 cultores,
2165 669 2301 724 facto
2342 668 2396 721 in
2441 664 2771 721 Christianos
2800 662 3033 734 impetu,
3083 663 3347 732 sexaginta
3388 679 3457 717 ex

1884 762 1989 817 illis
2023 760 2381 823 trucidarunt,
2411 756 2497 827 qui
2527 755 2721 809 Christi
2748 752 3069 824 martyribus
3106 753 3356 807 accensiti
3395 753 3461 807 ad

1885 853 2095 908 tertium
2124 848 2377 905 kalendas
2405 845 2721 915 septembris
2743 845 2794 899 in
2826 844 3065 897 Romano
3091 842 3463 914 Martyrologio

1887 942 2304 1013 comperiuntur.
2333 939 2443 1005 Qua
2473 937 2540 992 de
2560 951 2619 991 re
2643 935 2966 1005 Augustinus
2990 934 3265 1003 epistolam
3293 934 3461 1000 illam,

1886 1035 2101 1090 brevem
2150 1032 2361 1102 quidem
2382 1070 2396 1094 ,
2442 1037 2496 1083 at
2524 1028 2887 1083 vehementem
2917 1025 3105 1097 (Epist.
3134 1025 3225 1097 50)
3256 1026 3467 1095 scripsit

1886 1126 1951 1181 ad
1980 1125 2117 1179 illius
2136 1122 2358 1179 coloniae
2384 1120 2648 1190 principes
2672 1128 2725 1174 et
2753 1119 2992 1173 seniores
3011 1159 3025 1181 ,
3049 1117 3241 1187 quibus
3269 1133 3462 1186 expro-

1887 1217 2007 1272 brat
2046 1212 2379 1269 conculcatas
2407 1211 2546 1281 leges
2572 1209 2860 1272 Romanas,
2884 1207 3203 1277 judiciorum
3249 1206 3464 1275 religio-

1886 1322 2008 1363 nem
2030 1348 2045 1373 ,
2070 1320 2133 1359 ac
2158 1302 2487 1374 potissimum
2531 1301 2923 1355 venerationem
2950 1304 3252 1367 metumque
3295 1298 3361 1350 im
3371 1312 3464 1365 pe-

1888 1408 2123 1475 ratorum
2153 1412 2165 1449 :
2189 1394 2385 1464 quippe
2413 1406 2532 1446 cum
2558 1391 2621 1445 ad
2649 1390 2929 1460 primarius
2970 1388 3118 1443 ttrbis
3146 1402 3254 1441 sua:
3296 1387 3475 1440 hono-‘

1887 1507 1975 1548 res
2001 1506 2062 1545 ac
2088 1490 2369 1558 dignitates
2395 1501 2488 1543 eos
2511 1486 2812 1549 evexerint,
2846 1498 2979 1553 quos
3017 1493 3219 1538 certum
3261 1490 3375 1536 erat
3416 1482 3467 1534 in

1889 1597 1953 1639 ea
1977 1581 2120 1636 caede
2145 1581 2264 1650 plus
2281 1578 2486 1633 czeteris
2513 1592 2621 1646 pra:
2647 1592 2704 1629 se
2727 1575 2909 1629 tulisse
2932 1572 3257 1627 crudelitatis
3279 1571 3467 1624 imma-

1890 1673 2192 1741 nitatisque.
2241 1669 2431 1726 Iisdem
2487 1668 2782 1738 pollicetur,
2822 1677 2876 1721 et
2926 1665 2976 1718 id
3025 1664 3235 1733 quidem
3294 1662 3469 1717 verbis

1890 1770 2237 1818 scommatnm
2283 1773 2346 1813 ac
2390 1757 2574 1811 ironia:
2603 1756 2773 1825 plenis
2796 1795 2810 1819 ,
2840 1768 2897 1807 se
2936 1761 3237 1806 curaturum
3266 1759 3323 1804 ut
3349 1751 3469 1805 illo-

1891 1869 2008 1908 rum
2055 1852 2187 1907 deus
2228 1851 2551 1914 restituatur,
2584 1845 2677 1900 sed
2703 1859 2863 1916 porro
2891 1841 3102 1897 nonnisi
3131 1856 3193 1894 ea
3237 1841 3383 1909 lege,
3416 1848 3473 1893 ut

1894 1946 1993 2015 ipsi
2022 1958 2232 2015 quoque
2256 1942 2416 1996 vitam
2463 1941 2553 2004 iis,
2584 1938 2774 2008 quibus
2802 1935 3146 1999 ademerunt,
3172 1932 3471 1985 restituant.

1894 2035 2034 2092 Urbs
2076 2032 2315 2103 quaedam
2360 2029 2668 2087 Suﬁ'etensis
2716 2028 2770 2081 in
2801 2025 3056 2079 Bizacena
3094 2022 3323 2090 ponitur,
3354 2036 3477 2074 eum

1897 2125 1999 2179 alia
2026 2125 2109 2178 cui
2137 2136 2330 2176 nomen
2351 2119 2620 2175 Sull'etulte
2648 2135 2661 2173 :
2695 2118 2746 2170 in
2777 2115 2878 2169 hac
2903 2111 3330 2183 Martyrologium
3361 2109 3480 2163 illos

1898 2213 2169 2283 sexaginta
2195 2226 2227 2265 a
2254 2209 2548 2266 Gentilibus
2579 2218 2701 2262 tunc
2727 2203 3036 2259 interfectos
3061 2201 3304 2255 collocat.

1971 2305 2024 2360 8.
2056 2304 2187 2357 lluic
2214 2317 2352 2357 anno
2379 2300 2749 2356 trecentesimo
2777 2294 3123 2365 nonagesimo
3161 2306 3302 2345 nono
3342 2288 3484 2346 Afri-

1900 2410 2153 2452 canorum
2181 2390 2452 2447 Canonum
2478 2389 2644 2445 codex
2665 2387 2946 2443 concilium
2970 2381 3381 2453 Carthaginense
3401 2394 3487 2432 as-

1900 2486 2075 2557 signat
2105 2483 2289 2554 quinto
2316 2480 2569 2537 kalendas
2591 2479 2712 2533 maii
2735 2477 2969 2531 habitum
2998 2492 3011 2527 :
3035 2472 3103 2529 de
3129 2486 3233 2543 quo
3254 2469 3307 2525 id
3326 2483 3485 2523 unum

1906 2575 2192 2641 discimus,
2223 2573 2416 2627 missos
2451 2569 2517 2624 ad
2561 2569 2943 2638 Imperatorem
2972 2562 3139 2617 fuisse
3176 2557 3489 2629 Epigonium

1909 2677 1965 2725 et
1986 2666 2321 2724 Vincentium
2359 2662 2672 2732 episcopos,
2714 2659 2803 2729 qui
2846 2654 3057 2712 concilii
3082 2651 3295 2707 nomine
3319 2649 3491 2717 legem

1910 2766 2191 2832 rogarent,
2218 2770 2319 2827 qua
2348 2762 2642 2817 caveretur,
2674 2766 2739 2805 ne
2766 2748 2881 2819 quis
2923 2756 3254 2816 quocumque
3292 2739 3495 2794 scelere

1912 2850 2199 2908 obstrictus
2220 2889 2235 2913 ,
2265 2862 2330 2903 ex
2372 2843 2594 2901 ecclesia
2635 2841 2689 2896 in
2716 2854 2873 2909 quam
2898 2834 3242 2904 confugisset,
3268 2844 3367 2902 per
3389 2827 3495 2881 vim

1914 2940 2282 2998 extraheretur
2302 2934 2453 3004 (Cod.
2475 2932 2637 2989 Carm.
2660 2930 2846 2999 Afric.,
2872 2943 2985 2980 can.
3015 2919 3338 2994 56).Horum
3365 2920 3502 2987 lega-

1917 3040 2092 3088 torum
2114 3071 2129 3097 ,
2180 3037 2238 3083 ut
2285 3026 2413 3080 satis
2459 3021 2713 3079 credibile
2742 3027 2855 3083 est,
2886 3022 3073 3085 rogatu
3093 3052 3110 3079 ,
3155 3011 3327 3080 legem
3357 3009 3499 3062 illam

1919 3120 2186 3177 Honorius
2213 3115 2334 3172 tulit
2356 3113 2540 3184 quinto
2570 3108 2824 3165 kalendas
2845 3104 3062 3159 martias
3085 3114 3224 3155 anno
3246 3094 3503 3169 quadrin-

1918 3213 2235 3286 gentesimo,
2262 3222 2366 3278 qua
2397 3206 2549 3276 jubet
2577 3204 2629 3257 in
2659 3201 2789 3256 locis
2817 3193 3260 3266 frequentioribus
3280 3199 3334 3245 et
3361 3189 3505 3244 cele-

1922 3307 2185 3365 brioribus
2211 3300 2353 3371 afﬁgi
2382 3298 2716 3366 rescriptum,
2740 3291 2879 3363 quod
2909 3302 3051 3343 anno
3091 3299 3249 3354 supra
3296 3290 3509 3337 treccn-

1925 3401 2172 3459 tesimum
2201 3392 2531 3463 sexagesimo
2561 3384 2795 3442 secundo
2822 3382 2890 3436 ab
2915 3381 3123 3436 Juliano
3144 3378 3394 3444 Apostata
3419 3372 3512 3425 im-

1928 3494 2263 3564 petraverant
2295 3481 2617 3542 Donatistze;
2649 3490 2753 3547 quo
2779 3471 3038 3539 rescripto
3067 3467 3273 3521 illorum
3313 3475 3513 3530 propu-

1930 3584 2094 3639 diosa:
2119 3578 2186 3634 ad
2214 3574 2457 3633 eumdem
2492 3572 2864 3639 imperatorem
2893 3575 3079 3633 preces
3103 3554 3516 3613 continebantur

1939 3668 2311 3748 (Cod.'Theod.
2345 3667 2407 3721 de
2436 3663 2652 3725 eret.,
2675 3660 2782 3729 lege
2801 3656 2917 3727 37).

300 3773 3520 3846 _________________________________————-——

1260 3881 1737 3993 LIBER
1824 3879 1923 4004 ρ
1948 3869 2541 3984 UINTUS.

622 4109 690 4152 De
715 4098 962 4164 Augustini
995 4096 1112 4145 actis
1134 4093 1195 4141 ab
1221 4101 1344 4139 anno
1375 4087 1540 4135 Christi
1565 4083 2043 4147 quadringentesimo
2064 4081 2123 4131 ad
2149 4090 2324 4130 annum
2343 4068 2871 4141 quadringentesimum
2887 4065 3124 4129 quintum.

1690 4208 2055 4267 εθςιθειέίὶίὶῷέιτὶϐ⁵

789 4350 1015 4409 CAPUT
1054 4344 1335 4402 PRIMUM.

243 4455 270 4514 1
308 4454 549 4520 Quatuor
587 4434 1026 4517 Evangelistarum
1063 4436 1381 4492 concordiam
1408 4432 1714 4486 demonstrat
1751 4425 1843 4479 ad-

316 4516 495 4601 ;ersus
524 4538 776 4609 infideles.
810 4535 847 4588 2
882 4530 1167 4602 Respondet
1192 4526 1259 4579 ad
1283 4523 1519 4578 Januarii
1560 4516 1843 4588 inquisitio-

318 4656 411 4692 nes
430 4637 498 4690 de
519 4629 864 4690 Sacramentis
884 4636 927 4679 et
948 4624 1097 4678 variis
1121 4619 1362 4673 Ecclesia:
1380 4608 1842 4669 consuetudinibus.

320 4730 358 4785 5
400 4724 592 4783 Scribit
623 4723 685 4775 de
716 4721 882 4791 Opere
909 4718 1299 4776 monachorum,
1343 4708 1398 4762 in
1436 4720 1607 4761 eorum
1630 4701 1847 4774 gratiam

321 4820 412 4889 qui
440 4834 497 4872 se
523 4815 628 4869 suis
654 4812 884 4865 manibus
916 4805 1272 4875 transigebant.

322 4913 349 4966 1
366 4950 381 4964 .
425 4910 635 4963 Interea
656 4905 782 4959 dum
806 4898 1056 4971 profanus
1076 4894 1417 4950 mentitorum
1437 4887 1656 4944 deorum
1675 4883 1849 4939 cultus

251 5002 321 5057 de
363 5009 483 5054 toto
528 4998 768 5050 Romano
816 4988 1038 5060 imperio
1076 4981 1558 5045 exterminabatur,
1586 4976 1843 5031 laboran-

254 5094 383 5147 dum
406 5088 567 5145 simul
594 5086 722 5149 fuit,
754 5092 891 5138 utea
919 5093 1126 5150 quoque
1153 5074 1555 5143 dissiparentur,
1586 5082 1704 5136 qua:
1732 5063 1841 5119 inﬁ-

257 5184 410 5239 deles
451 5180 712 5234 adversus
752 5175 952 5230 cultum
997 5168 1225 5224 nominis
1269 5164 1462 5220 Christi
1491 5157 1847 5230 ohjcctabant.

258 5272 395 5328 Nam
422 5268 670 5342 quamvis
695 5282 761 5321 eo
788 5266 904 5319 loco
929 5276 1012 5317 res
1042 5264 1222 5314 essent
1250 5296 1264 5320 ,
1306 5264 1361 5308 ut
1392 5252 1464 5306 illi
1491 5250 1599 5319 jam
1629 5248 1766 5302 inter
1790 5260 1851 5301 se

262 5364 412 5433 ipsos
437 5360 739 5417 calumnias
779 5369 904 5410 suas
947 5349 1226 5407 mussitare
1256 5346 1339 5398 vix
1369 5341 1659 5405 auderent,
1699 5350 1850 5392 eom-

263 5468 437 5523 presst
485 5451 590 5505 fnle
640 5447 890 5504 Gentium
935 5451 989 5498 ct
1030 5438 1263 5495 omnium
1308 5433 1590 5489 devotione
1629 5427 1852 5499 populo-

266 5559 422 5598 rum:
447 5548 820 5597 verumtamen
847 5536 967 5607 quia
1004 5529 1287 5587 nonnullos
1316 5525 1492 5580 adhuc
1514 5518 1853 5577 calumniosis

270 5634 725 5706 disputationibus
757 5631 865 5686 suis
892 5627 972 5682 vel
1002 5622 1339 5680 retardabant
1365 5633 1395 5671 a
1423 5615 1544 5684 tidc,
1577 5628 1642 5671 ne
1669 5610 1853 5667 credc-
1877 5608 1882 5614 ’

1958 4340 2112 4397 rent;
2140 4328 2222 4384 vel
2248 4328 2358 4397 jam
2383 4324 2681 4387 credentes,
2708 4324 2960 4390 quantum
2987 4314 3248 4383 poterant,
3280 4303 3528 4377 agitando

1956 4418 2335 4493 perturbabant
2363 4434 2377 4470 :
2403 4429 2467 4470 ea
2498 4418 2714 4482 prepter
2738 4405 3062 4477 Augustinus
3091 4398 3382 4468 inspirante
3418 4396 3528 4449 lico

1954 4510 2186 4567 decrevit
2213 4515 2425 4578 argutas
2454 4515 2639 4560 eorum
2673 4494 3071 4555 criminationes
3092 4496 3277 4546 contra
3301 4495 3528 4556 quatuor

1953 4601 2253 4674 praesertim
2302 4592 2583 4665 Evangelia
2613 4633 2629 4658 ,
2677 4590 2868 4644 horum
2915 4581 3250 4639 concordiam
3299 4576 3526 4632 demon-

1952 4692 2202 4757 strando,
2252 4663 2531 4744 refellere:
2559 4682 2673 4737 Hoc
2719 4681 2851 4734 enim
2897 4676 3090 4735 solent,
3141 4668 3344 4739 inquit,
3384 4663 3534 4733 quasi

1954 4755 2307 4856 palmareisua:
2334 4775 2566 4832 vanitatis
2604 4772 2845 4842 objicere,
2891 4763 3025 4837 quod
3057 4761 3156 4833 ipsi
3191 4755 3537 4826 Evangelistae

1958 4843 2088 4929 inter
2110 4888 2162 4927 se
2180 4872 2316 4940 ipsos
2336 4864 2634 4920 dissentiant
2655 4859 2756 4932 (De
2782 4858 2933 4912 Cons.
2966 4853 3185 4921 Evang.,
3216 4846 3305 4901 lib.
3327 4846 3381 4911 1,
3404 4859 3451 4898 c.
3481 4843 3533 4906 7,

1956 4983 2010 5020 n.
2036 4964 2150 5034 10).
2193 4936 2374 5016 Posito
2401 4956 2560 5027 igitur
2585 4952 2650 5007 ad
2681 4947 2891 5019 aliquod
2918 4956 3145 5014 tempus,
3174 4937 3313 5009 quod
3343 4936 3398 4989 in
3421 4949 3542 4989 ma-

1955 5025 2397 5117 nibus'babebat,
2430 5025 2603 5115 tepere
2641 5042 2709 5097 de
2744 5038 3002 5095 Trinitate
3024 5075 3039 5101 ,
3069 5029 3209 5086 aliud
3251 5025 3533 5081 admodum

1958 5144 2352 5208 necessarium,
2382 5154 2489 5212 quo
2513 5148 2775 5193 summam
2817 5126 3271 5198 Evangelistarum
3309 5132 3534 5174 concor-

1960 5241 2101 5296 diam
2122 5209 2448 5300 ostenderet,
2475 5226 2708 5294 suscepit
2733 5220 3056 5293 perfecitque
3075 5213 3256 5267 labore
3282 5209 3537 5265 continuo

1963 5329 2208 5401 (Retract.
2232 5324 2319 5379 tib.
2341 5322 2396 5387 2,
2416 5298 2531 5389 cap.
2557 5316 2667 5383 to).
2686 5309 2833 5366 llaud
2852 5309 2920 5363 ibi
2937 5304 3147 5361 silentio
3176 5300 3431 5372 praeterit,
3454 5298 3528 5352 si-

1960 5389 2192 5475 mulacra
2216 5430 2333 5486 qua!
2352 5409 2598 5467 Gentium
2616 5403 2826 5458 czecitas
2842 5395 3113 5461 adorabat,
3145 5406 3242 5463 per
3266 5389 3319 5445 id
3342 5398 3541 5458 tempo-

1959 5512 2034 5569 ris
2052 5512 2200 5582 jussu
2223 5479 2597 5574 imperatorum
2614 5494 2777 5550 deleri
2806 5491 2906 5563 (De
2924 5488 3076 5545 Cons.
3104 5485 3323 5553 Evang.,
3351 5479 3438 5533 lib.
3466 5479 3522 5544 1,

1962 5568 2321 5669 εε.ῘΞΟ,⁶2.7)”τ
2364 5591 2500 5664 quod
2549 5592 2860 5659 argumento
2901 5588 3021 5649 est,
3067 5590 3188 5634 cum
3229 5570 3375 5645 operi
3415 5568 3541 5624 huic
