3990 6360
497 301 598 362 287

497 431 709 472 manum
738 428 840 468 non
871 421 995 468 ante
1026 410 1184 464 finem
1209 411 1330 463 anni
1362 403 1715 462 trceentesimi
1734 399 2057 472 nonagesimi

495 509 622 564 noni
668 505 982 561 admovisse.
1024 501 1218 571 Legem
1259 499 1400 552 enim
1442 497 1542 551 hac
1579 495 1644 549 de
1689 510 1748 548 re
1793 491 2060 562 conecptis

494 598 670 654 verbis
696 597 870 650 datam
900 593 1096 646 nullam
1125 591 1376 644 habemus
1402 587 1467 641 iis
1493 586 1838 655 superiorem,
1867 596 1985 650 quae
2006 581 2058 633 in

492 689 666 743 Africa
711 684 1055 755 promulgata:
1099 689 1152 735 et
1190 676 1512 734 exsecutioni
1558 673 1816 728 mandata:
1852 672 2060 724 fuerunt

493 792 632 831 anno
680 789 839 844 supra
889 769 1434 838 memoratozquibus
1482 764 1713 820 nondum
1759 761 2058 817 constitutis

494 869 756 923 fatebatur
793 864 1136 935 Augustinus,
1169 876 1275 915 non
1302 859 1465 913 licere
1495 856 1591 910 sibi
1624 854 1902 908 simulacra
1931 867 2058 905 con—

493 957 746 1026 fringere,
772 954 872 1008 nisi
897 953 963 1008 ab
992 952 1094 1006 illis
1121 963 1344 1020 quorum
1366 962 1427 1001 ea
1457 953 1626 1008 erant,
1653 941 1870 996 facultas
1899 940 2056 995 dare-

495 1055 581 1099 tur
601 1044 794 1117 (Serm.
827 1041 914 1108 62,
945 1057 990 1093 c.
1020 1041 1107 1106 ll,
1135 1055 1186 1091 η.
1217 1035 1474 1107 l7).Cum
1503 1042 1675 1087 autem
1700 1030 1856 1098 hujus
1882 1028 2057 1097 operis

492 1149 684 1204 scopus
714 1132 1163 1188 sitdemonstrarc
1183 1168 1199 1194 ,
1240 1141 1341 1196 qua
1377 1123 1584 1179 ratione
1611 1123 1725 1176 loca
1751 1118 2058 1188 Evangelio—

492 1239 609 1278 rum
651 1225 702 1278 in
743 1222 974 1292 speciem
1005 1220 1140 1273 inter
1184 1232 1242 1271 se
1284 1214 1589 1269 dissidentia
1632 1209 1832 1279 possint
1877 1208 2070 1290 conei-l

492 1313 606 1366 liuri
631 1329 644 1376 ;
674 1312 878 1365 titulum
903 1310 950 1368 ci
980 1307 1185 1370 indidit,
1212 1304 1292 1357 De
1317 1302 1572 1357 Consensu
1600 1298 2052 1369 Evangelistarum.

493 1403 698 1461 Primus
745 1411 920 1454 tamen
961 1397 1137 1466 operis
1180 1395 1312 1450 liber
1353 1395 1404 1448 in
1449 1393 1514 1446 iis
1553 1389 1886 1445 revincendis
1914 1397 2056 1442 totus

491 1499 797 1559 occupatur,
829 1490 919 1559 qui
943 1503 1063 1544 cum
1082 1487 1371 1554 Christum,
1406 1493 1653 1552 tauquam
1685 1479 1953 1535 hominem
1980 1493 2058 1533 sa-

492 1582 688 1650 pientia
716 1582 872 1650 longe
901 1595 1012 1649 pra:
1051 1577 1259 1634 caeteris
1295 1575 1663 1637 excellentem,
1689 1570 2053 1625 honorandum

489 1684 608 1725 esse
637 1685 740 1724 non
769 1677 1066 1738 negarent,
1121 1665 1407 1734 Evangelio
1449 1673 1623 1717 tamen
1671 1661 1825 1714 fidem
1873 1657 2060 1712 haberi

489 1759 722 1824 nollent,
753 1758 892 1828 quod
917 1773 1019 1811 non
1043 1755 1109 1809 ab
1131 1756 1245 1824 ipso
1263 1755 1469 1809 Christo
1489 1750 1844 1819 conscriptum
1875 1747 2053 1812 fuerit,

492 1851 584 1905 sed
611 1851 678 1905 ab
702 1851 816 1920 ejus
837 1848 1127 1918 discipulis,
1152 1847 1238 1916 qui
1257 1854 1309 1900 et
1326 1845 1631 1914 magistrum
1651 1856 1802 1895 suum
1826 1856 1922 1910 pro
1947 1841 2056 1893 Deo

489 1941 860 2006 obstruserint,
877 1948 929 1994 et
946 1939 1011 1993 dc
1031 1938 1249 1992 deorum
1273 1934 1562 1990 abdit-ando
1583 1934 1743 2000 cultu,
1767 1948 1920 2002 quam
1944 1932 2056 2000 ipse

491 2047 596 2086 non
621 2033 698 2088 eis
737 2031 1039 2086 tradidisset
1079 2029 1369 2083 doctrinam
1398 2026 1744 2095 prrediearent
1773 2023 1873 2095 (De
1902 2023 2052 2076 Cons.

490 2122 711 2194 Evang.,
736 2122 821 2176 lib.
850 2123 906 2188 2,
937 2123 1130 2192 prolog.
1161 2138 1212 2173 η.
1239 2117 1311 2190 1).
1343 2118 1537 2171 ΙΠῊῘῘῘΒ
1569 2131 1694 2186 ergo
1721 2115 1886 2169 tribus
1908 2113 2058 2168 libris

488 2215 718 2271 ostendit
753 2223 976 2284 quatuor
1001 2213 1359 2281 Evangelistas
1389 2211 1528 2263 inter
1553 2223 1610 2262 se
1649 2221 1912 2276 nunquam
1951 2220 2056 2259 non

488 2305 772 2359 convenire
798 2322 811 2356 :
847 2319 946 2373 qua
977 2304 1026 2359 iu
1059 2303 1233 2372 operis
1266 2310 1410 2370 parte
1441 2301 1663 2353 multum
1691 2312 1865 2364 operae
1891 2311 1953 2349 ac
1979 2296 2057 2348 la-

488 2394 633 2449 boris
652 2410 708 2449 se
730 2394 1123 2462 consumpsisse
1149 2407 1250 2446 non
1278 2391 1530 2445 difﬁtetur
1559 2388 1647 2456 (In
1676 2387 1831 2440 Joan.
1856 2387 2052 2455 Evang.

495 2485 681 2539 Tractt.
707 2486 827 2551 H2,
872 2485 1017 2554 M7).
1048 2485 1328 2538 Enimvero
1367 2481 1644 2535 destitutus
1673 2485 1787 2530 erat
1813 2476 1876 2530 iis
1904 2474 2055 2543 adju-

489 2575 700 2641 mentis,
729 2575 919 2644 quibus
948 2573 1186 2628 instructi
1230 2572 1373 2625 fuere
1398 2576 1653 2638 quotquot
1692 2574 1873 2635 postea
1916 2564 2054 2618 idem

490 2665 612 2729 illud
641 2673 1005 2734 argumentum
1029 2669 1355 2716 tractarunt:
1380 2660 1466 2728 qui
1493 2666 1669 2712 tamen
1700 2656 1798 2724 ipsi
1822 2655 2058 2724 vestigiis

489 2757 602 2824 ejus
630 2756 950 2820 insistentes,
974 2755 1060 2806 vix
1083 2753 1367 2822 quidquam
1390 2749 1612 2818 alicujus
1635 2746 1886 2801 momenti
1911 2737 2057 2800 inve-

489 2831 808 2914 nere,vquod
836 2843 922 2898 ille
950 2859 1052 2896 non
1076 2841 1361 2896 docuisset.

557 2934 612 2986 2.
655 2933 731 2987 Ex
750 2933 970 2987 eruditis
998 2929 1301 3000 hujusmodi
1332 2926 1782 2982 lucubrationibus
1810 2937 2051 2992 magnam

488 3024 928 3078 existimationem
953 3022 1058 3091 jam
1090 3021 1392 3090 collegerat,
1422 3034 1540 3072 cum
1572 3017 1637 3071 ad
1665 3032 1782 3072 cum
1809 3025 2054 3085 tanquam

489 3114 755 3168 doctorem
796 3113 1050 3167 eximium
1075 3153 1090 3177 ,
1120 3127 1273 3180 quem
1316 3110 1442 3164 nihil
1483 3110 1699 3175 lateret,
1731 3107 2053 3162 christianus

490 3204 698 3274 quidam
724 3204 914 3273 pietate
933 3203 1170 3272 insignis,
1201 3211 1252 3257 et
1279 3202 1449 3256 cidem
1477 3209 1659 3255 saneto
1686 3200 1895 3253 Doctori
1921 3195 2056 3253 bene

489 3294 732 3364 cognitus
770 3293 1036 3362 (Januario
1081 3307 1270 3346 nomen
1315 3291 1471 3360 erat),
1515 3289 1827 3344 deferendas
1852 3290 2056 3342 curavit

489 3384 662 3438 varias
685 3383 751 3438 de
774 3381 1127 3438 Sacramentis
1152 3391 1204 3436 et
1236 3382 1487 3436 Ecclesiae
1525 3379 1712 3436 ritibus
1753 3378 2053 3447 inquisitio-

491 3489 604 3530 nes.
626 3473 754 3528 Cum
777 3473 1052 3543 permultrc
1080 3474 1182 3527 illae
1209 3481 1386 3527 essent
1410 3469 1832 3538 'commonitorio,
1861 3471 1936 3524 uti
1959 3485 2055 3525 vo-

488 3571 668 3627 catur,
712 3562 935 3631 quodam
978 3561 1380 3630 comprehensas
1403 3602 1416 3626 ,
1461 3559 1688 3629 primum
1725 3558 1936 3640 quidem
1967 3558 2055 3612 uni

489 3653 604 3721 ejus
625 3653 922 3722 quaestioni,
946 3652 1202 3716 omnium,
1227 3655 1271 3705 si
1291 3649 1533 3705 ordinem
1554 3657 1784 3718 Spectas,
1808 3649 2049 3718 principi,

487 3743 552 3798 ab
583 3743 870 3810 Augustino
894 3756 1206 3809 responsum
1233 3747 1341 3804 est,
1364 3754 1464 3808 qua
1487 3737 1728 3793 videlicet
1764 3737 2056 3807 inquirebat

487 3831 610 3900 quid
640 3847 732 3900 per
759 3831 997 3899 quintam
1026 3831 1210 3886 feriam
1241 3831 1438 3885 ultimae
1462 3829 1805 3884 hebdomadis
1831 3830 2056 3897 Quadra-

491 3920 704 3988 gesima:
735 3920 848 3974 fieri
869 3920 1089 3986 debeat;
1119 3936 1187 3974 an
1211 3919 1536 3975 oﬂ‘erendum
1569 3921 1639 3975 sit
1674 3935 1828 3974 mane
1853 3929 1906 3976 et
1932 3936 2052 3974 rur-

489 4023 580 4063 sus
606 4018 724 4078 post
748 4024 982 4075 comam;
1014 4024 1079 4063 an
1106 4010 1468 4079 jejunandum,
1496 4019 1549 4065 et
1570 4020 1912 4080 postremam
1939 4019 2054 4065 tan-

491 4101 760 4156 tummodo
789 4101 1150 4168 ofl'erendum;
1179 4117 1244 4154 an
1272 4102 1429 4156 etiam
1454 4101 1797 4172 jejunandum
1815 4143 1830 4166 ,
1855 4111 1907 4156 et
1937 4108 2055 4170 post

490 4191 801 4246 oblationem
823 4233 838 4258 ,
867 4191 1002 4246 sicut
1024 4192 1195 4246 facere
1217 4193 1447 4247 solemus
1468 4233 1482 4258 ,
1527 4193 1812 4262 inquiebat,
1835 4208 2050 4248 caenan-

488 4280 610 4334 dum
629 4281 819 4350 (Epist.
837 4283 925 4347 54,
939 4299 982 4336 c.
1002 4283 1055 4348 5,
1074 4299 1124 4336 η.
1148 4282 1226 4352 6).
1241 4283 1458 4337 Creterae
1475 4292 1650 4338 autem
1667 4284 1983 4353 quiestiones
1999 4285 2048 4339 in

487 4373 629 4428 aliud
657 4381 860 4442 tempus
897 4374 1071 4428 dilata:
1099 4382 1243 4428 sunt.
1271 4373 1400 4428 Cum
1428 4390 1558 4429 vero
1585 4375 1870 4430 Januarius
1893 4375 2050 4444 longo

487 4473 605 4532 post
631 4473 864 4532 tempore
889 4480 981 4533 per
1007 4465 1208 4518 litteras
1231 4479 1352 4518 cum
1383 4472 1655 4533 rogasset,
1686 4478 1754 4518 ne
1783 4464 1888 4518 illis
1915 4478 2049 4533 quoe

486 4567 587 4623 que
611 4552 912 4610 satisfacere
938 4564 1262 4624 gravaretur,
1289 4565 1501 4609 sanctus
1521 4553 1814 4623 Episcopus
1836 4554 2044 4618 multas,

485 4642 676 4712 quibus
705 4651 828 4698 tunc
855 4643 1267 4713 distringebatur
1285 4683 1300 4709 ,
1329 4645 1698 4712 occupationes
1728 4643 2044 4708 intermisit,

484 4747 590 4800 quo
617 4733 851 4803 ejusdem
877 4734 1069 4802 optatis
1096 4734 1259 4788 altera
1289 4733 1408 4788 data
1439 4733 1659 4801 epistola
1687 4748 1779 4786 seu
1811 4734 1942 4787 libro
1978 4733 2045 4787 ad

484 4835 604 4874 cum
653 4821 886 4876 secundo
927 4822 1273 4892 responderet
1315 4821 1504 4892 (Epist.
1535 4822 1623 4885 55,
1652 4838 1702 4874 η.
1729 4819 1801 4890 1).
1830 4821 1884 4874 id
1912 4822 2047 4875 inter

481 4917 669 4965 emtera
696 4911 1059 4966 sciscitabatur
1101 4910 1380 4965 Januarius
1398 4951 1412 4976 ,
1455 4925 1551 4964 cur
1576 4927 1681 4964 non
1706 4925 1916 4978 semper
1945 4927 2046 4966 una

482 4999 774 5069 eademque
799 5001 906 5068 die,
939 5001 1384 5070 quemadmodum
1412 4999 1611 5054 Natalis
1638 5001 1864 5066 Domini,
1897 5001 1966 5054 ita
1992 5011 2047 5056 et

482 5089 754 5146 Paschalis
774 5090 965 5145 festum
990 5091 1372 5156 celebraretur;
1395 5106 1555 5146 curve
1575 5092 1626 5145 in
1649 5092 1747 5146 hac
1766 5093 2044 5147 statuenda

479 5192 538 5232 re
557 5179 924 5234 observaretur
949 5182 1222 5237 sabbatum
1246 5191 1300 5238 et
1328 5182 1454 5236 luna
1480 5181 1663 5252 (Ibid.,
1683 5199 1734 5236 η.
1760 5183 1839 5253 2).
1868 5181 1923 5236 ιη
1945 5198 2040 5253 ge-

479 5267 638 5322 minis
662 5267 810 5324 hisee
838 5269 986 5325 libris
1019 5270 1088 5326 de
1121 5272 1590 5328 consuetudinibus
1627 5273 1806 5327 multis
1838 5275 2039 5344 agitur,

481 5373 600 5428 qua:
626 5359 709 5413 vel
734 5359 784 5412 in
823 5361 1065 5416 omnibus
1084 5403 1099 5428 ,
1125 5365 1209 5418 vel
1235 5366 1403 5420 solum
1436 5365 1488 5419 in
1517 5365 1829 5434 quibusdam
1855 5366 2041 5420 Eccle—

475 5449 572 5503 siis
614 5450 938 5504 obtinebant.
983 5451 1182 5519 Quibus
1232 5455 1503 5524 explicatis
1548 5456 1868 5524 Augustinus
1893 5456 2039 5524 operi

480 5537 637 5592 linem
672 5539 894 5609 imponit
920 5543 972 5595 in
999 5541 1112 5597 haec
1141 5543 1297 5598 verba
1323 5562 1338 5598 :
1362 5544 1486 5598 Haec
1516 5545 1602 5598 tibi
1627 5547 1671 5600 si
1701 5547 1820 5600 satis
1849 5563 1952 5599 esse
1974 5547 2042 5598 ad

480 5644 537 5681 ca
580 5644 692 5699 qua:
744 5633 987 5700 requisisti
1019 5649 1114 5685 non
1148 5635 1424 5701 putaveris,
1455 5637 1600 5690 nimis
1629 5636 1828 5700 iqnoras
1852 5646 1894 5688 ct
1917 5637 2040 5688 vit-cs

1605 292 1758 346 \'l'l‘.\
1799 290 1853 345 S.
1895 285 2252 344 AUGUSTI“
2293 285 2608 343 EPISCOPI.

2580 176 2611 194 ι,
2648 181 2658 185 -

2641 193 2677 230 ι’

3630 293 3736 355 288

2166 407 2211 450 ct
2235 401 2580 466 occupationes
2631 414 2784 452 meas.
2821 399 3031 451 Tantum
3059 403 3188 458 enim
3214 404 3386 458 absum
3412 407 3472 460 ab
3499 423 3576 474 eo,
3601 414 3734 477 quod

2167 490 2385 557 putasti,
2418 489 2545 542 nihil
2572 506 2650 541 me
2669 490 2843 555 latere,
2873 503 2925 544 ut
2947 492 3071 545 niltil
3100 494 3150 548 in
3173 495 3384 564 epistola
3413 506 3498 549 tua
3528 499 3734 568 legerim

2166 581 2400 646 tristius;
2443 582 2561 649 quia
2604 590 2650 634 et
2685 584 2992 652 apertissime
3027 585 3210 654 falsum
3247 595 3349 652 est;
3376 595 3420 639 et
3445 588 3599 642 miror
3614 593 3732 658 quia

2165 670 2258 723 hoc
2282 680 2329 724 te
2356 671 2506 737 latet,
2551 673 2686 741 quod
2724 689 2822 725 non
2858 673 3018 727 solum
3044 675 3097 728 in
3131 677 3246 729 aliis
3286 679 3733 734 innumerabilibus

2165 761 2310 815 rebus
2339 763 2498 814 ntulta
2528 781 2604 816 me
2634 765 2820 830 latent,
2847 765 2935 818 sed
2959 767 3179 820 etiamin
3209 769 3330 838 ipsis
3366 773 3549 825 sanctis
3581 772 3731 826 Scri-

2165 851 2324 918 pturis
2350 853 2503 905 multo
2524 854 2739 906 nesciant
2765 856 2915 924 plura
2939 873 3086 925 quam
3105 859 3279 912 scimn.
3313 860 3419 916 Sed
3446 862 3557 916 ideo
3591 880 3732 932 spem

2164 939 2216 993 in
2246 941 2444 994 nomine
2469 941 2650 996 Christi
2678 961 2777 997 non
2813 945 3173 1014 infructuosam
3199 965 3336 1018 gero,
3369 953 3486 1018 quia
3511 969 3610 1007 non
3640 971 3728 1007 so-

2165 1032 2269 1083 lum
2297 1031 2484 1083 credidi
2518 1031 2622 1085 Deo
2660 1049 2767 1087 meo
2788 1073 2802 1100 ,
2843 1035 2895 1088 in
2933 1034 3036 1089 illis
3061 1035 3251 1092 duobus
3290 1043 3546 1111 prazceptis
3573 1053 3728 1097 totam

2165 1117 2346 1188 Legem
2379 1119 2750 1192 Prophetasque
2777 1124 2992 1194 pendere
3011 1166 3023 1189 ,
3053 1125 3141 1178 sed
3169 1128 3316 1179 etiam
3337 1141 3568 1198 expertus
3591 1151 3727 1200 sum,

2163 1211 2483 1278 experiarque
2501 1213 2753 1279 quotidie;
2774 1216 3172 1285 quandoquidem
3194 1217 3385 1272 nullum
3410 1222 3532 1274 mihi
3552 1239 3727 1276 sarra-

2163 1308 2381 1352 ntentum
2405 1309 2491 1352 aut
2516 1302 2697 1367 aliquis
2722 1321 2880 1356 sermo
2901 1307 3169 1359 admodum
3189 1307 3443 1366 obscurior
3468 1311 3528 1364 de
3560 1315 3721 1366 sacris

2161 1389 2361 1444 Litteris
2377 1393 2616 1462 aperitur,
2641 1395 2724 1448 ubi
2740 1413 2836 1450 non
2849 1397 3021 1451 eadem
3041 1412 3287 1473 praecepta
3306 1404 3549 1472 reperiam
3569 1421 3586 1458 :
3607 1407 3730 1474 finis

2163 1481 2292 1534 enim
2317 1485 2550 1553 prazcepti
2573 1495 2644 1538 est
2669 1487 2887 1542 Charitas
2914 1487 3096 1562 (Ibid.,
3128 1509 3172 1544 c.
3205 1492 3294 1559 9.0,
3326 1511 3376 1546 η.
3409 1495 3516 1564 58).
3550 1495 3726 1552 Libris

2163 1569 2345 1627 iisdem
2372 1572 2436 1626 ad
2463 1572 2765 1630 Ianuarium
2794 1593 2932 1632 anno
2958 1580 3167 1634 circiter
3203 1583 3728 1651 quadringentesimo

2161 1662 2470 1730 conscriptis
2506 1664 2828 1734 Augustinus
2858 1667 3096 1734 proxime
3131 1669 3395 1740 subjungit
3426 1671 3615 1726 librum
3657 1673 3729 1730 de

2161 1751 2332 1822 Opere
2357 1755 2731 1810 monachorum
2758 1758 3002 1828 (Retract.
3033 1760 3118 1813 tib.
3144 1763 3197 1828 2,
3227 1779 3338 1833 mp.
3363 1763 3474 1835 2|).

2233 1845 2285 1898 5.
2326 1844 2492 1922 Supra
2513 1847 2754 1909 vidimus,
2786 1851 3088 1905 monasticze
3129 1852 3252 1905 vitae
3292 1854 3586 1908 institutum
3631 1871 3729 1924 per

2162 1932 2391 1988 Africam
2423 1951 2452 1988 a
2482 1952 2586 2006 quo
2614 1946 2847 2007 tempore
2869 1939 2920 1992 in
2941 1955 3057 1994 eam
3082 1941 3207 1995 illud
3231 1943 3526 2011 importavit
3550 1945 3733 2014 ibique

2163 2041 2374 2081 scrvare
2413 2030 2573 2097 erepit
2619 2031 2937 2099 Augustinus
2957 2073 2971 2096 ,
3003 2033 3178 2087 multis
3206 2034 3335 2089 locis
3364 2036 3507 2090 brevi
3534 2053 3730 2106 propa-

2162 2126 2336 2186 gatum
2390 2118 2571 2173 fuisse.
2622 2121 2853 2175 Plurima
2897 2121 3213 2192 Carthagine
3258 2127 3573 2180 monasteria
3602 2142 3733 2180 mox

2163 2206 2386 2259 excitata
2411 2217 2531 2260 sunt
2558 2226 2570 2260 :
2603 2209 2653 2261 in
2684 2210 2870 2278 quibus
2910 2219 3083 2264 tamen
3110 2227 3214 2265 non
3242 2229 3341 2266 una
3372 2215 3586 2268 omnino
3606 2215 3735 2268 vita:

2163 2293 2327 2348 forma
2350 2297 2644 2350 tenebatur.
2687 2299 2786 2352 Alii
2823 2299 3079 2368 siquidem
3120 2301 3370 2369 Apostolo
3400 2303 3731 2372 prmcipienti

2163 2400 2367 2440 morem
2398 2397 2643 2456 gerentes
2662 2432 2676 2456 ,
2705 2391 2916 2459 prOprio
2943 2390 3135 2446 sudore
3163 2393 3355 2446 victum
3383 2395 3481 2448 sibi
3510 2409 3735 2464 compa-

2165 2474 2368 2528 rabant.
2394 2475 2497 2530 Alii
2526 2492 2584 2530 eo
2603 2489 2709 2531 atra
2737 2492 2794 2533 se
2821 2479 3024 2548 piorum
3048 2478 3318 2534 hominum
3349 2481 3581 2536 donariis
3606 2496 3734 2536 sus-

2166 2565 2354 2618 tentari
2407 2567 2689 2632 malebant,
2718 2569 2784 2622 ab
2808 2570 2949 2622 omni
2983 2569 3190 2631 labore,
3223 2585 3326 2639 quo
3351 2571 3449 2624 sibi
3478 2586 3736 2626 necessa-

2165 2653 2239 2706 ria
2266 2655 2632 2724 providerent,
2662 2658 3067 2726 supersedentcs
3094 2677 3104 2709 :
3135 2659 3291 2728 idque
3323 2676 3424 2714 non
3450 2661 3588 2730 quod
3617 2662 3736 2715 ullo

2163 2743 2523 2798 ecclesiastico
2561 2746 2852 2800 ministerio
2895 2757 3309 2817 occuparentur,
3356 2759 3411 2803 ut
3437 2750 3588 2803 altari
3616 2764 3738 2804 ser-

2163 2834 2363 2888 vientes
2403 2835 2524 2890 inde
2570 2838 2756 2891 merito
2783 2839 2880 2892 sibi
2905 2839 3220 2907 stipendium
3252 2840 3606 2908 postularent;
3641 2850 3739 2894 aut

2163 2923 2300 2992 quod
2331 2923 2549 2978 delicate
2571 2941 2632 2980 ac
2661 2928 2888 2980 molliter
2906 2927 3111 2982 educati
3136 2969 3150 2994 ,
3183 2945 3287 2982 non
3310 2939 3482 2984 essent
3507 2930 3737 2985 ferendo

2164 3029 2409 3068 manuum
2441 3017 2605 3071 labori
2632 3035 2821 3087 pares;
2849 3019 3041 3088 quippe
3067 3019 3153 3088 qui
3183 3020 3232 3072 in
3263 3016 3560 3074 sodalitium
3593 3037 3734 3076 san-

2163 3113 2303 3157 ctum
2334 3105 2601 3160 coiverant
2622 3148 2635 3171 ,
2664 3109 2750 3161 ubi
2781 3109 2943 3161 tnuIto
2970 3108 3310 3163 abundabant
3353 3112 3493 3176 otio,
3541 3119 3595 3164 et
3636 3126 3736 3166 eo-

2163 3210 2278 3248 rum
2313 3197 2552 3266 pleriquc
2596 3197 2716 3251 illuc
2745 3212 2773 3250 a
2805 3199 2907 3252 vita
2933 3199 3256 3268 gravissimis
3281 3200 3541 3254 laboribus
3571 3215 3737 3254 exer-

2163 3285 2264 3337 cita
2293 3296 2564 3340 venerant.
2595 3288 2663 3340 At
2692 3303 2816 3342 vero
2857 3289 3022 3342 multo
3057 3289 3242 3343 melius
3279 3304 3399 3344 esse
3430 3291 3556 3359 ipsis
3584 3291 3740 3345 vide-

2163 3377 2336 3442 batur,
2369 3377 2694 3431 orationibus
2719 3386 2771 3431 οι
2803 3378 3016 3446 psalmis
3043 3387 3096 3433 et
3123 3379 3330 3433 lectioni
3362 3395 3569 3444 vacare,
3611 3389 3737 3435 slu-

2163 3464 2250 3519 dio
2275 3481 2481 3534 quoque
2503 3467 2805 3521 incumbere
2835 3483 2895 3521 ac
2922 3469 3247 3523 meditationi
3269 3471 3416 3524 verbi
3449 3472 3560 3530 Dei.
3583 3473 3738 3540 quod

2164 3556 2494 3609 venientibus
2533 3555 2596 3607 ad
2627 3570 2684 3610 se
2705 3571 2767 3610 ex
2797 3557 2902 3609 alio
2923 3571 3115 3626 genere
3140 3560 3262 3611 vita:
3291 3558 3532 3613 fratribus
3560 3575 3739 3628 quan-

2163 3645 2335 3714 doque
2375 3645 2696 3713 erogandum
2727 3655 2888 3714 atque
2912 3648 3279 3716 exponendum
3307 3659 3478 3715 esset;
3508 3665 3570 3704 ac
3599 3651 3749 3706 illud

2163 3735 2375 3790 demum
2417 3751 2521 3789 non
2547 3737 2816 3805 Operando
2860 3738 3080 3806 implere
3121 3747 3450 3807 statuerant,
3489 3740 3630 3810 quod
3684 3742 3738 3796 in

2162 3825 2452 3895 Evangelio
2493 3825 2560 3880 de
2604 3826 3000 3882 considerandis
3046 3829 3347 3883 volatilibus
3375 3839 3429 3884 et
3454 3830 3578 3884 liliis
3613 3831 3738 3900 agri

2159 3917 2482 3986 praccipitur,
2517 3932 2634 3985 qure
2673 3931 2845 3985 neque
2869 3919 3152 3982 semiuant,
3186 3933 3353 3988 neque
3382 3928 3618 3973 metunt:
3650 3929 3738 3973 ta-

2159 4008 2312 4062 metsi
2342 4007 2409 4062 de
2445 3993 2549 4062 hoc
2592 4007 2734 4076 quod
2780 4008 3052 4076 adjicitur,
3093 4025 3264 4079 neque
3304 4017 3622 4080 congregant
3683 4010 3738 4063 in

2163 4101 2447 4169 apothecas
2481 4100 2689 4171 (Matth.
2719 4100 2773 4167 6,
2803 4101 2893 4170 26)
2915 4140 2929 4166 ,
2977 4101 3150 4155 minus
3177 4101 3419 4168 solliciti,
3451 4115 3615 4169 penus
3643 4116 3738 4155 re—

2159 4191 2446 4246 condenda:
2467 4207 2645 4246 euram
2669 4191 3071 4260 haudquaquam
3102 4192 3453 4260 abjccissent;
3481 4191 3588 4246 imo
3612 4192 3736 4246 vel-

2156 4283 2266 4338 lent
2292 4297 2478 4336 manus
2507 4283 2700 4337 habere
2727 4283 2946 4349 otiosas,
2975 4293 3026 4336 et
3046 4284 3353 4351 repositoria
3383 4283 3555 4352 plena.
3585 4283 3732 4348 Qui—

2156 4388 2384 4442 cumque
2422 4387 2548 4427 vero
2575 4373 2642 4428 ab
2669 4386 2917 4426 manuum
2956 4386 3127 4441 opere
3168 4373 3244 4426 sic
3286 4373 3572 4439 vacabant,
3599 4387 3744 4426 cum.

2156 4463 2256 4531 ipsi
2283 4462 2539 4517 deberent
2563 4463 2646 4517 vel
2668 4463 2930 4531 propriam
2960 4462 3199 4530 corporis
3220 4461 3572 4517 inﬁrmitatem
3591 4505 3605 4528 ,
3634 4464 3731 4517 vel

2156 4567 2304 4610 Suam
2348 4551 2582 4621 ipsorum
2621 4551 2876 4607 desidiam
2905 4566 3193 4621 agnoscere
3213 4593 3226 4615 ,
3271 4566 3388 4606 sese
3417 4553 3481 4606 iis
3510 4552 3692 4620 potius
3712 4594 3727 4619 ,

2153 4647 2243 4715 qui
2281 4646 2586 4714 quotidiano
2631 4645 2868 4714 duroque
2913 4644 3092 4698 labore
3133 4645 3330 4698 vietum
3380 4652 3722 4713 quaererent,

2154 4735 2560 4803 anteponebant.
2592 4734 2724 4788 Hinc
2744 4749 2901 4802 porro
2921 4733 3088 4789 sancti
3112 4734 3361 4802 prazsulcs
3380 4734 3725 4798 verebantur,

2153 4831 2211 4882 ut
2256 4825 2362 4877 veri
2409 4825 2682 4886 monachi,
2737 4825 2824 4892 qui
2874 4825 3032 4876 vitam
3073 4838 3137 4877 cx
3179 4825 3402 4877 sanioris
3439 4824 3556 4876 vita:
3584 4838 3728 4891 pra:-

2152 4913 2347 4981 scripto
2373 4928 2526 4966 suam
2565 4912 2860 4981 dirigebant
2881 4953 2894 4976 ,
2940 4911 3112 4965 fallaci
3142 4913 3354 4968 demum
3383 4912 3591 4981 pietatis
3627 4927 3727 4966 su-

2153 5003 2411 5058 blimioris
2451 5001 2626 5070 Specie
2662 5001 2726 5055 ad
2771 5002 3010 5054 inertiam
3052 5002 3453 5070 pellicerentur;
3499 5011 3724 5070 urgente

2151 5093 2442 5161 praesertim
2470 5091 2804 5157 verecundia,
2835 5107 2954 5144 cum
2980 5091 3291 5144 iufractores
3319 5091 3586 5162 Evangelii
3618 5091 3719 5145 ha-

2150 5182 2264 5248 beri
2288 5197 2345 5236 se
2367 5181 2735 5250 conspicerent
2759 5180 3214 5250 apud‘imperitos.
3242 5180 3502 5234 Praeterea
3533 5181 3600 5235 ab
3627 5182 3718 5236 illa

2151 5288 2333 5328 eorum
2354 5271 2562 5326 vivendi
2587 5272 2792 5326 ratione
2819 5272 3103 5325 auctoritas
3126 5270 3421 5325 addebatur
3441 5271 3718 5325 monachis

2148 5363 2478 5431 errabundis,
2507 5364 2598 5434 qui
2626 5364 2690 5418 ad
2716 5363 3045 5434 Operandum,
3067 5363 3243 5432 quiete
3267 5376 3331 5416 ac
3354 5362 3562 5416 silentio
3591 5376 3718 5418 cum

2151 5455 2330 5509 induci
2359 5471 2462 5509 non
2490 5463 2707 5524 possent
2727 5496 2757 5520 ,,
2775 5454 2978 5522 plebem
3021 5454 3325 5507 monastica:
3354 5453 3516 5506 vestis
3551 5465 3715 5505 vene-

2150 5546 2352 5601 ratione
2396 5553 2600 5613 captam
2647 5542 2996 5604 deludcbant,
3040 5541 3199 5596 variis
3240 5541 3511 5595 fraudibus
3552 5548 3710 5608 atque

2149 5633 2367 5687 fallaciis
2395 5633 2456 5686 ad
2480 5633 2831 5688 eorradrudas
2858 5632 3103 5702 pecunias
3125 5631 3180 5685 in
3201 5645 3464 5688 summum
3492 5629 3720 5688 instituti.
