3990 6360
183 248 298 316 939

194 366 469 425 monastici
495 363 726 419 dedecus
757 361 1055 415 abutentes.
1083 354 1207 409 Erat
1234 366 1442 423 quoque
1471 349 1523 405 id
1548 349 1599 404 in
1626 365 1686 406 ea
1716 365 1772 405 re

189 474 446 530 perquam
485 457 768 510 molestum
792 493 805 516 ,
839 449 977 521 quod
1006 445 1306 514 complures
1329 459 1358 499 e
1382 443 1637 497 laicorum
1665 455 1767 494 nu-

191 564 354 615 inero,
388 549 480 618 qui
508 545 755 600 laudabili
785 539 1055 597 charitatis
1087 536 1336 590 instinctu
1364 532 1548 588 iisdem
1572 545 1761 586 neces-

189 641 320 696 saria
351 637 724 708 providebant,
749 634 983 703 ipsorum
1012 627 1169 682 etiam
1192 623 1448 680 desidiam
1480 620 1770 676 defenden-

190 733 306 786 dam
353 729 726 798 suscipercnt,
775 738 896 778 eum
941 721 1008 775 ab
1049 718 1164 773 aliis
1208 726 1389 772 contra
1431 715 1770 770 damnaretur

191 824 367 880 isthzcc
396 821 609 875 vivendi
641 819 794 872 ratio.
837 816 970 870 lline
998 826 1157 882 porro
1184 823 1372 880 graves
1401 815 1603 863 exorta:
1633 805 1768 859 inter

191 930 276 970 eos
298 911 706 971 controversice,
733 907 923 978 quibus
951 904 1244 973 agitabatur
1273 899 1527 954 Ecclesia.
1550 899 1624 952 Ex
1655 897 1768 950 istis

189 1007 402 1074 insuper
453 999 737 1056 desidiosis
784 1004 970 1059 erant,
1023 994 1111 1062 qui
1155 1006 1360 1046 comam
1409 998 1591 1043 contra
1621 987 1765 1042 Pauli

188 1098 386 1165 iussum
412 1091 619 1146 nutrire
639 1090 908 1152 solerent;
940 1100 1001 1139 ac
1030 1081 1264 1137 nonnulli
1299 1079 1508 1150 quidem
1537 1093 1642 1132 non
1665 1077 1769 1131 alio

192 1188 311 1251 line,
340 1185 446 1240 nisi
468 1198 576 1253 quo
596 1181 851 1250 majorem
877 1178 974 1232 sibi
995 1174 1332 1245 acquirerent
1355 1168 1765 1233 venerationem,

189 1287 237 1333 et
265 1275 570 1330 uberiorem
595 1279 858 1342 qurcstum
885 1264 1187 1335 hujusmodi
1216 1259 1528 1315 humilitatis
1554 1256 1770 1311 simula-

189 1371 328 1423 tione
360 1366 620 1421 facerent.
663 1364 719 1418 ln
744 1362 843 1415 hoc
874 1361 1059 1413 vitium
1087 1357 1329 1411 monachi
1369 1362 1561 1409 caetera
1599 1352 1765 1407 sancti

189 1458 476 1514 admodum
503 1499 515 1520 ,
551 1464 707 1523 atque
738 1453 802 1507 ab
841 1448 1102 1518 episcopis
1149 1448 1304 1515 longe
1349 1441 1771 1514 prudentissimis

190 1564 380 1619 magno
432 1547 486 1600 in
534 1548 738 1599 honore
788 1542 952 1596 habiti
1000 1539 1570 1604 collabebantur:qua
1618 1533 1771 1600 culpa

190 1641 483 1696 Ecclesium
529 1635 944 1706 perturbabant,
985 1628 1449 1700 periculosissimis
1484 1625 1772 1681 dissensio-

191 1734 341 1786 nibus
365 1731 421 1784 in
445 1744 506 1783 ea
531 1725 844 1788 concitatis;
877 1738 996 1777 cum
1040 1723 1174 1774 inter
1204 1717 1527 1772 orthodoxos
1554 1715 1671 1780 alii,
1705 1728 1772 1770 ne

195 1823 333 1874 viros
364 1828 512 1872 tanta
555 1813 918 1870 sanctimoniae
954 1811 1091 1865 fama
1136 1809 1395 1879 pollentes
1421 1807 1768 1871 damnarent,

191 1913 239 1964 in
281 1910 519 1963 alienam
560 1904 877 1960 sententiam
921 1913 1178 1970 expressa
1209 1898 1355 1952 Pauli
1400 1897 1560 1951 verba
1590 1894 1772 1950 detor-

191 2016 347 2073 quere.
373 2007 733 2070 cogerentur;
767 1995 853 2049 alii
899 1993 1190 2063 legitiinum
1233 1990 1521 2058 Scriptura:
1556 2000 1772 2042 sensum

191 2094 412 2149 mallent
455 2089 763 2154 defendere,
811 2101 968 2155 quam
1012 2084 1252 2152 cuiquam
1286 2080 1558 2135 hominum
1587 2093 1773 2132 assen—

193 2185 310 2239 tari.
352 2180 622 2249 Quoniam
653 2176 904 2232 Ecclesia:
932 2171 1360 2242 Carthaginensis
1386 2170 1552 2224 turba:
1576 2167 1640 2222 ad
1668 2167 1776 2220 Au-

193 2277 376 2331 relium
400 2317 416 2340 ,
445 2283 631 2341 utpote
663 2271 799 2324 illius
831 2267 1121 2320 antistitem
1145 2306 1158 2331 ,
1189 2278 1302 2333 prae
1328 2261 1534 2316 exteris
1559 2268 1771 2328 specta-

193 2368 333 2431 bant,
364 2366 413 2418 is
435 2362 808 2433 Augustinum,
838 2359 891 2412 in
920 2358 1057 2410 hanc
1077 2371 1190 2410 rem
1221 2353 1417 2423 aliquid
1440 2352 1636 2420 scripto
1657 2351 1776 2406 ede-

193 2466 296 2520 ret,
321 2453 572 2522 rogavit:
608 2464 670 2505 ac
711 2458 924 2503 sanctus
951 2447 1037 2500 ille
1065 2445 1172 2508 Vir,
1208 2444 1297 2513 qui
1323 2442 1670 2496 monasticam
1696 2440 1779 2494 in-

194 2548 455 2607 stitutum,
487 2543 628 2597 sicut
653 2541 704 2594 in
730 2539 944 2608 reliquis
974 2537 1118 2590 orbis
1145 2533 1418 2589 christiani
1445 2532 1770 2602 regionibus,

194 2638 256 2690 ita
279 2648 377 2705 per
398 2635 701 2687 universam
730 2628 959 2684 Africam
986 2626 1208 2682 diffundi
1234 2626 1574 2680 vehementer
1598 2625 1780 2692 cupie-

194 2729 312 2790 bat,
355 2724 736 2780 demandatam
782 2722 880 2777 sibi
919 2721 986 2774 ab
1015 2734 1079 2773 eo
1110 2718 1435 2787 provinciam
1477 2716 1576 2770 hoc
1602 2715 1777 2768 minus

195 2818 365 2889 potuit
395 2829 680 2879 recusare,
708 2811 847 2882 quod
875 2827 902 2862 a
923 2808 1137 2864 Christo
1164 2808 1277 2877 ipso
1305 2806 1356 2860 id
1385 2805 1528 2858 illius
1556 2819 1648 2858 ore
1679 2802 1778 2857 sibi

198 2907 445 2977 imperari
484 2919 591 2960 non
633 2903 918 2957 dubitaret.
968 2898 1320 2966 Scriptioncm
1359 2909 1486 2965 ergo
1531 2894 1671 2947 illam
1713 2891 1781 2946 ad

199 2995 594 3066 redarguendos
617 2993 815 3062 pigros,
840 3005 956 3060 qua:
983 2987 1059 3041 De
1085 2985 1247 3056 Opere
1268 2985 1624 3039 monachorum
1644 2997 1782 3052 prte-

201 3098 442 3153 notatur,
485 3083 820 3141 elucubravit
848 3101 860 3134 :
895 3081 991 3135 sub
1028 3080 1177 3147 cujus
1207 3077 1366 3131 finem
1394 3076 1661 3130 Aurelium
1688 3087 1781 3127 ro-

199 3188 301 3250 gat,
326 3179 371 3232 si
396 3176 527 3245 quid
553 3176 604 3228 in
633 3189 692 3227 ea
716 3173 798 3226 vel
823 3167 1253 3240 expungendum,
1283 3167 1367 3220 vel
1399 3163 1780 3219 immutandum

199 3251 642 3341 deprehenderit,
675 3263 728 3318 id
750 3263 849 3317 sibi
882 3277 945 3316 ne
965 3269 1214 3330 gravetur
1240 3259 1555 3340 signiﬁcare.
1585 3254 1782 3309 Reclu-

203 3376 380 3416 sarum
409 3402 423 3424 ,
471 3367 531 3412 ut
572 3364 765 3411 vocant
789 3396 802 3420 ,
844 3353 1075 3424 atquein
1107 3351 1187 3404 bis
1208 3392 1222 3416 ,
1253 3361 1436 3406 eorum
1463 3361 1670 3418 quoque
1695 3346 1784 3415 qui

204 3451 477 3505 laboribus
510 3447 667 3500 nullis
697 3445 988 3508 vacabant,
1036 3441 1358 3496 mentionem
1404 3439 1456 3492 in
1496 3437 1598 3492 hoc
1646 3435 1785 3490 libro

204 3542 324 3596 facit
376 3539 752 3594 honorificam.
805 3536 899 3589 llic
937 3535 1094 3588 etiam
1143 3533 1195 3587 id
1245 3531 1499 3602 temporis
1540 3530 1784 3584 oborlam

205 3635 337 3687 inter
363 3647 423 3684 se
449 3645 513 3683 ac
541 3628 916 3697 llieronymum
947 3623 1012 3678 de
1034 3623 1192 3677 Petro
1216 3631 1269 3676 ct
1296 3620 1459 3675 Paulo
1485 3628 1788 3674 controver-

205 3722 330 3777 siam
358 3719 585 3774 indicat.

847 3805 1070 3862 CAPUT
1112 3805 1175 3859 ll.

210 3908 233 3961 1
296 3905 592 3973 Crispinum
648 3899 1032 3954 Donatistarum
1093 3897 1384 3968 episcopum
1442 3891 1789 3950 Calamenscm

277 4009 456 4068 urget,
500 4005 556 4049 ut
599 3995 801 4064 scriptis
825 3993 953 4046 inter
981 4007 1033 4044 se
1059 3988 1295 4060 confectis
1325 3996 1563 4040 tractetur
1581 3985 1787 4056 quwstia

284 4093 344 4144 de
372 4108 529 4144 causa
556 4088 860 4143 schismatis.
892 4085 927 4138 9.
955 4084 1031 4137 De
1051 4083 1224 4136 cadem
1253 4082 1524 4150 qua’stiane
1553 4097 1664 4132 cum
1681 4078 1790 4133 Cla-

277 4184 433 4235 rentia
463 4198 555 4252 per
589 4179 778 4232 litteras
810 4179 876 4229 ad
909 4174 1267 4228 Naucelionem
1309 4181 1463 4241 agunt
1505 4170 1716 4238 Alypius
1744 4176 1790 4222 et

279 4275 610 4344 Augustinus.
656 4272 689 4325 5
739 4270 832 4321 llic
873 4268 1163 4322 Severinum
1193 4263 1616 4332 consanguineum
1644 4278 1790 4315 suum

279 4368 337 4417 ab
378 4365 654 4417 schismate
689 4362 879 4430 eripere
915 4358 1101 4411 studet.
1142 4356 1175 4408 4
1215 4354 1294 4406 Ad
1334 4353 1639 4406 Generasum
1665 4351 1791 4404 scri-

281 4457 346 4508 bit
372 4498 386 4520 ,
429 4471 494 4508 ne
522 4453 668 4507 illudi
695 4453 785 4505 sibi
817 4451 1038 4521 patiatur
1069 4465 1099 4500 α
1128 4446 1412 4516 presbytero
1450 4444 1664 4515 quodam
1684 4442 1792 4497 Da-

278 4547 482 4599 natista.

281 4638 332 4692 1.
375 4633 701 4689 lndefessam
731 4631 884 4686 simul
913 4647 1008 4702 per
1031 4629 1080 4684 id
1105 4628 1354 4697 temporis
1375 4626 1531 4681 dabat
1551 4641 1791 4696 operam,

217 4739 267 4783 ut
315 4727 596 4783 catholica:
646 4724 858 4778 unitatis
908 4723 1107 4775 amicos
1153 4719 1460 4774 conciliaret
1510 4717 1787 4771 Ecclesiae.

215 4820 337 4874 Nam
379 4834 446 4874 eo
472 4822 718 4886 spectant
745 4815 944 4884 aliquot
981 4828 1084 4867 non
1126 4827 1300 4881 parvae
1343 4809 1498 4863 molis
1528 4809 1794 4862 volumina

215 4913 422 4966 circiter
443 4910 586 4962 hunc
609 4908 776 4976 ipsum
803 4920 998 4958 annum
1029 4901 1604 4973 quadringentesimum
1631 4900 1792 4967 edita,

215 5011 404 5071 praeter
444 4999 621 5052 varias
661 4995 934 5065 epistolas.
976 4994 1053 5047 Ex
1094 4993 1174 5046 his
1202 4993 1318 5046 dua:
1350 4998 1473 5045 sunt
1497 4990 1562 5043 ad
1589 4990 1795 5059 Crispi-

217 5108 335 5145 num
360 5090 674 5160 episeopum
705 5085 1007 5139 Donatianre
1034 5084 1196 5152 partis
1222 5079 1587 5135 Calamenscm
1621 5097 1633 5133 :
1663 5094 1796 5148 qua-

217 5200 328 5238 rum
349 5183 503 5254 prior
527 5196 648 5235 cum
671 5179 792 5232 data
815 5178 881 5230 sit
903 5185 1019 5245 post
1048 5175 1220 5244 Optati
1257 5173 1470 5242 quidem
1497 5213 1510 5238 ,
1538 5171 1630 5226 sed
1675 5178 1799 5226 ante

220 5273 522 5331 Praetextati
560 5272 766 5326 obitum
795 5311 809 5334 ,
860 5284 967 5322 non
1004 5275 1177 5337 potest
1218 5267 1268 5319 in
1293 5266 1397 5319 alio
1425 5265 1532 5318 ullo
1561 5272 1799 5333 tempore

223 5367 410 5420 melius
450 5362 727 5418 collocari.
775 5361 905 5414 Nam
956 5358 1255 5414 Przctextati
1293 5372 1356 5411 ac
1394 5354 1644 5410 Fcliciani
1687 5355 1801 5424 pari

224 5470 434 5523 seraper
483 5453 644 5507 modo
693 5450 968 5515 meminit,
1003 5463 1064 5503 ac
1090 5447 1155 5502 de
1185 5457 1435 5516 utroque,
1476 5445 1617 5516 quod
1645 5445 1804 5500 etiam

227 5548 390 5599 multo
417 5545 647 5598 validius
673 5552 775 5607 est,
805 5543 856 5595 in
886 5542 1000 5596 lucc
1029 5540 1185 5595 verba
1208 5540 1441 5610 loquitur
1468 5556 1480 5592 :
1513 5537 1800 5604 Quotquot,

228 5638 297 5694 ait
319 5680 336 5708 ,
387 5637 768 5707 baptizarcrunt
799 5677 812 5704 ,
845 5651 924 5690 eas
953 5649 1085 5688 nunc
1129 5649 1294 5688 secum
1333 5649 1390 5686 ac
1421 5632 1668 5687 vobiscum
1710 5633 1804 5684 Ita-

1530 236 1730 291 LIBER
1769 233 2082 302 QUINTUS.

3348 252 3449 310 9.90

1882 351 1996 404 bent
2026 352 2210 423 (Epist.
2243 355 2330 421 51,
2356 372 2405 409 n.
2438 356 2514 427 4).
2542 359 2696 428 Atqui
2721 361 2829 430 jam
2868 370 2974 417 tum
2995 380 3025 420 c
3045 364 3174 421 vivis
3203 381 3447 425 excesse-

1879 451 1960 497 rat
1985 444 2372 509 Przctextatus,
2423 463 2541 502 cum
2586 451 2908 522 Augustinus
2945 457 3081 512 circa
3109 457 3249 514 hunc
3271 460 3445 529 ipsum

1877 545 2095 600 annum,
2121 537 2266 592 libris
2285 537 2536 594 adversus
2557 541 2960 600 Parmenianum
2985 546 3160 615 editis,
3183 565 3444 605 summam

1877 639 2091 679 manum
2136 627 2384 697 imposuit
2411 627 2597 701 (Cant.
2627 630 2791 703 Epist.
2839 633 3036 702 Parm.,
3070 637 3156 690 lib.
3188 638 3253 703 5,
3282 655 3326 692 c.
3359 639 3438 709 6).

1877 714 2210 785 Quapropter
2237 718 2375 787 quod
2407 729 2585 775 narrat
2613 722 2910 780 Donatistas
2939 727 3228 795 conqueri,
3260 742 3378 783 sese
3406 744 3438 782 τι

1874 803 2159 860 Catholieis
2195 816 2522 863 terrenarum
2565 812 2860 882 principum
2895 827 2995 883 0pc
3022 817 3223 882 vexari,
3253 816 3304 871 id
3331 832 3436 872 non

1873 893 1939 946 ad
1971 894 2112 964 leges
2138 910 2276 950 anno
2301 899 2822 968 quadringentesimo
2847 905 3028 974 quinto
3059 905 3190 960 latas
3216 905 3449 963 referen-

1873 983 1997 1039 dum
2031 994 2144 1052 est,
2175 1002 2356 1041 verum
2387 989 2453 1043 ad
2478 990 2608 1044 alias
2649 994 2989 1062 antiquiores.
3022 994 3273 1062 Quazdam
3300 997 3442 1052 enim

1873 1091 2014 1131 anno
2056 1080 2424 1134 trecentesimo
2475 1085 2863 1152 septuagesimo
2901 1087 3159 1155 septimo,
3201 1087 3445 1156 qutedam

1878 1168 2118 1235 sequenti
2146 1176 2382 1239 tempore
2411 1173 2626 1227 sancite
2654 1172 2877 1228 fuerant.
2908 1176 2972 1228 Et
3000 1190 3130 1230 sane
3148 1190 3291 1230 anno
3315 1191 3445 1247 qua-

1874 1254 2289 1325 dringentesimo
2311 1261 2543 1314 secundo
2580 1261 2840 1317 fatebatur
2875 1265 3202 1334 Augustinus
3220 1306 3234 1329 ,
3257 1265 3446 1321 edictis

1876 1346 2251 1416 imperatorum
2295 1359 2506 1404 cautum
2536 1367 2654 1406 esse
2685 1394 2698 1416 ,
2730 1369 2796 1408 ne
2838 1354 3022 1409 liceret
3065 1355 3350 1411 Donatistis
3389 1357 3444 1411 in

1879 1437 2096 1492 urbibus
2121 1439 2438 1493 commorari
2461 1439 2624 1511 (Cant.
2664 1442 2784 1495 Litt.
2817 1441 2994 1508 Petil.,
3021 1444 3108 1497 lib.
3131 1445 3185 1510 9.,
3211 1461 3265 1498 n.
3295 1445 3442 1516 184).

1875 1531 2258 1601 Nonnunquam
2303 1533 2461 1587 etiam
2486 1533 2536 1586 in
2571 1548 2663 1588 eos
2702 1534 2848 1604 leges
2876 1535 3130 1591 adversus
3162 1537 3444 1592 haereticos

1876 1621 1928 1675 in
1960 1623 2260 1677 universum
2291 1625 2603 1678 constitutas
2623 1624 2841 1680 adhibet
2862 1626 3026 1696 (Cant.
3049 1627 3213 1697 Epist.
3237 1626 3445 1696 Parm.,

1877 1714 1962 1767 lib.
1994 1715 2040 1778 l,
2075 1731 2119 1767 c.
2153 1715 2263 1784 12).
2287 1713 2586 1785 Crispinum
2612 1731 2738 1785 ergo
2766 1715 3080 1786 Carthagine
3108 1718 3242 1772 forte
3268 1733 3446 1788 reper-

1878 1811 1986 1855 tum
2016 1804 2357 1870 Augustinus,
2383 1803 2449 1858 ad
2476 1803 2848 1873 disputandum
2873 1805 2940 1859 de
2967 1805 3097 1859 facta
3124 1806 3190 1860 ab
3211 1805 3447 1861 Ecclesia

1877 1895 2210 1957 secessione,
2255 1895 2414 1949 etiam
2456 1902 2613 1964 atque
2654 1894 2812 1948 etiam
2857 1894 3103 1948 invitarat
3131 1893 3331 1967 (Epist.
3353 1896 3444 1960 51,

1877 1999 1928 2036 η.
1962 1984 2016 2052 1)
2040 2001 2051 2036 :
2083 1985 2174 2037 sed
2201 1992 2319 2052 post
2348 1984 2681 2052 nonnullam,
2711 1999 2936 2054 eamque
2961 1985 3090 2038 satis
3117 1997 3294 2038 acrem
3317 1999 3450 2038 con-

1878 2075 2244 2138 certationem,
2279 2074 2714 2143 impedimentum
2743 2075 2953 2144 aliquod
2979 2074 3030 2128 in
3054 2087 3289 2144 praesens
3318 2080 3454 2128 tem-

1880 2180 1977 2235 pus
1998 2174 2344 2219 excusaverat
2363 2165 2664 2234 Crispinus;
2694 2165 2957 2235 pollicitus
2983 2174 3156 2220 tamen
3182 2163 3453 2220 intermis-

1879 2270 1993 2309 sum
2016 2255 2334 2325 colloquium
2374 2269 2432 2308 se
2460 2255 2634 2309 denuo
2672 2256 3051 2324 repetiturum,
3094 2254 3182 2308 ubi
3209 2267 3450 2308 commo—

1880 2345 1996 2400 dior
2023 2361 2142 2400 sese
2175 2345 2412 2400 dedisset
2437 2345 2665 2400 occasio.
2710 2344 2942 2413 Utroque
2979 2344 3136 2413 igitur
3178 2343 3230 2396 in
3266 2341 3453 2395 Numi-

1881 2437 2022 2492 diam
2063 2436 2128 2490 ad
2169 2451 2288 2490 suas
2327 2436 2590 2490 Ecclesias
2628 2448 2876 2500 reverso,
2906 2447 3027 2488 cum
3065 2447 3247 2486 rumor
3278 2431 3455 2485 incre-

1881 2526 2082 2580 h‘uissct
2105 2568 2118 2591 ,
2151 2525 2432 2594 quominus
2456 2531 2790 2578 excuteretur
2815 2522 3113 2588 difficultas,
3147 2535 3240 2590 per
3259 2519 3458 2588 CriSpi-

1883 2631 2005 2670 num
2039 2616 2342 2684 neutiquam
2365 2622 2538 2678 stare;
2565 2613 2888 2682 Augustinus
2913 2611 3050 2665 datis
3073 2610 3139 2664 ad
3168 2624 3289 2664 eum
3315 2608 3457 2662 litte-

1882 2707 1956 2760 ris
1980 2747 1995 2771 ,
2027 2707 2184 2759 lnstat
2223 2714 2280 2759 ut
2318 2704 2370 2758 id
2410 2703 2496 2757 ﬁat
2540 2721 2553 2756 :
2598 2700 3020 2772 quandoquidem
3047 2708 3170 2754 tunc
3203 2696 3458 2768 temporis

1885 2795 2015 2849 nihil
2045 2797 2096 2849 in
2127 2810 2272 2849 mora
2314 2801 2488 2858 esset,
2535 2807 2596 2846 ac
2641 2807 2738 2861 per
2781 2791 3055 2860 utriusque
3101 2789 3459 2845 Ecclesiarum

1886 2889 2127 2943 viciniam
2159 2888 2341 2941 liceret
2380 2884 2618 2953 repetitis
2651 2884 2787 2937 ultro
2815 2883 3053 2952 citroque
3078 2880 3307 2950 scriptis,
3339 2892 3460 2934 om-

1885 2991 2008 3034 nem
2030 2975 2336 3047 quatstionis
2357 2973 2736 3028 obscuritatem
2765 2971 2968 3026 tollere.
2993 2970 3106 3024 Non
3128 2969 3270 3022 enim
3307 2967 3461 3021 aliter

1887 3073 1940 3124 in
1982 3071 2081 3124 hac
2126 3081 2311 3132 causa,
2349 3080 2507 3135 quam
2552 3064 2749 3133 scripto
2790 3077 2949 3132 agere
2977 3059 3354 3123 constituerat;
3393 3071 3464 3113 ne

1889 3163 2023 3218 forte
2048 3161 2189 3232 quod
2219 3169 2419 3215 tantum
2451 3158 2572 3212 viva
2602 3170 2732 3212 voce
2756 3163 3034 3210 tractatum
3055 3160 3216 3217 esset,
3241 3148 3463 3205 excide-

1887 3261 1970 3308 ret
1999 3268 2028 3307 e
2058 3252 2348 3315 memoria;
2390 3251 2548 3304 simul
2575 3258 2631 3303 ut
2655 3247 2846 3317 quibus
2870 3252 3011 3299 esset
3038 3241 3184 3296 cordi
3210 3240 3461 3310 qutestio‘

1889 3353 2010 3397 nem
2045 3356 2366 3412 cognoscere
2390 3380 2405 3406 ,
2433 3340 2484 3393 id
2509 3354 2573 3393 ex
2600 3336 2790 3391 litteris
2809 3377 2823 3402 ,
2847 3335 2890 3388 si
2917 3330 3298 3387 concertationi
3327 3317 3464 3384 forte

1889 3436 2147 3490 interesse
2175 3433 2302 3503 ipsis
2331 3447 2436 3486 non
2472 3429 2727 3494 licuisset,
2771 3433 2986 3496 possent
3013 3421 3286 3490 consequi.
3325 3419 3464 3485 Quin

1891 3527 2036 3581 addit
2077 3525 2298 3579 forsitan
2343 3523 2502 3578 etiam
2543 3520 2808 3582 futurum,
2841 3524 2900 3571 ut
2939 3519 3052 3570 hate
3097 3515 3209 3583 ipsa
3239 3510 3464 3580 cpistola

1890 3617 2257 3689 responsioni,
2301 3630 2458 3685 quam
2489 3613 2556 3668 ab
2581 3610 2826 3680 CriSpino
2855 3607 3046 3662 obnixe
3071 3606 3220 3675 petit,
3245 3603 3465 3673 conjun-

1890 3720 2010 3774 cta,
2052 3706 2390 3764 exsolvendis
2437 3705 2684 3760 omnibus
2727 3701 3096 3756 difficultatum
3151 3696 3303 3752 nodis
3346 3694 3465 3750 sola

1891 3800 2139 3856 sufficiat.
2168 3798 2521 3866 Quamobrem
2544 3803 2664 3849 ante
2685 3793 2861 3848 omnia
2881 3791 3228 3854 demonstrat,
3251 3787 3466 3858 gravius

1892 3893 2093 3947 crimen
2121 3891 2172 3944 in
2199 3889 2482 3944 schismate
2508 3901 2570 3941 ac
2595 3883 2818 3939 discidio
2860 3879 3161 3945 contineri,
3211 3892 3368 3948 quam
3412 3877 3466 3932 in

1892 3997 2164 4038 sacrorum
2185 3979 2426 4034 codicum
2459 3971 2926 4042 traditione;quod
2955 3978 3132 4025 tamen
3161 3983 3318 4022 unum
3348 3967 3468 4022 Ca:-

1894 4072 2087 4129 ciliano
2108 4114 2123 4139 ,
2167 4071 2252 4126 vel
2292 4070 2341 4124 ei
2384 4067 2559 4137 potius
2584 4081 2613 4119 a
2640 4079 2745 4136 quo
2771 4062 3045 4118 ordinatus
3080 4059 3284 4126 fuerat,
3324 4057 3464 4112 nulla

1897 4165 2319 4222 testimoniorum
2363 4160 2466 4215 ﬁde
2511 4159 2594 4213 vel
2639 4156 2951 4212 auctoritate
2992 4152 3141 4215 freti,
3181 4149 3469 4220 exprobra-

1895 4257 2024 4312 bant
2051 4272 2064 4311 :
2094 4253 2270 4324 itaque
2295 4249 2440 4306 nullo
2465 4259 2617 4320 pacto
2637 4248 2836 4302 licitum
2855 4245 2958 4299 illis
2983 4243 3162 4308 fuisse,
3189 4248 3471 4311 quantum-

1899 4349 1978 4402 vis
2000 4361 2123 4402 reus
2149 4343 2438 4400 exstitisset
2462 4340 2777 4396 Caecilianus
2794 4380 2808 4403 ,
2839 4337 2907 4391 ab
2932 4335 3166 4390 Ecclesia
3197 4331 3468 4386 secedere.

1901 4439 2048 4493 llanc
2076 4451 2189 4490 rem
2216 4435 2361 4504 ipsos
2390 4429 2668 4502 agnovisse
2688 4470 2703 4494 ,
2751 4441 2871 4483 cum
2898 4425 3220 4503 Felicianum
3249 4429 3304 4475 et
3330 4420 3473 4474 Prte-

1899 4536 2183 4594 textatum,
2207 4539 2342 4596 quos
2365 4529 2488 4577 ante
2514 4519 2814 4576 schismatis
2835 4517 3240 4578 damnaverant,
3263 4519 3474 4567 servato

1899 4620 2098 4676 eisdem
2145 4614 2456 4687 episcopatu
2497 4615 2853 4681 receperunt:
2883 4615 2937 4661 et
2979 4603 3240 4675 siquidem
3271 4602 3345 4656 illi
3372 4601 3475 4655 hoc

1899 4712 2102 4768 scelere
2131 4705 2463 4770 vacaverint,
2495 4702 2731 4774 potuisse
2769 4697 2951 4784 itid’em
2983 4695 3130 4761 ﬁeri,
3174 4701 3230 4748 ut
3254 4690 3478 4762 perinde

1900 4804 2145 4875 imposito
2170 4799 2393 4856 crimine
2416 4795 2644 4852 caruerit
2665 4791 2977 4848 Csecilianus
3004 4805 3018 4842 :
3048 4788 3191 4857 ipsos
3215 4791 3477 4854 praeterea

1902 4873 1993 4953 sua
2021 4911 2140 4952 cum
2167 4888 2569 4947 Maximianistis
2595 4883 2786 4957 agendi
2809 4883 3015 4938 ratione
3039 4880 3212 4950 palam
3243 4873 3434 4929 fecisse
3453 4911 3470 4940 ,

1903 5006 2008 5046 non
2023 5002 2208 5043 omnes
2225 4986 2344 5056 jure
2363 4979 2727 5046 condemnari,
2743 4992 2774 5032 a
2803 4975 2994 5047 quibus
3019 4972 3107 5026 alii
3134 4970 3476 5032 divexantur,

1905 5082 2012 5135 imo
2029 5095 2125 5134 nec
2142 5091 2351 5145 semper
2365 5087 2643 5128 necessum
2660 5082 2897 5134 esse,eos
2912 5077 3096 5120 omnes
3108 5061 3297 5115 iterum
3309 5055 3474 5124 ablui,

1905 5171 1992 5240 qui
2011 5167 2081 5224 Ba
2089 5167 2334 5238 ptismum
2352 5171 2501 5220 extra
2517 5176 2696 5216 veram
2713 5157 2806 5213 Dei
2823 5153 3112 5211 Ecelesiam
3129 5147 3477 5220 accepissent.

1907 5239 2161 5316 Stabilitis
2190 5257 2339 5311 hisce
2364 5254 2621 5325 capitibus
2644 5293 2659 5319 ,
2700 5251 2753 5305 in
2791 5248 2982 5319 quibus
3008 5243 3260 5300 Ecclesia:
3279 5256 3342 5296 ac
3371 5239 3479 5294 Do—

1908 5354 2222 5407 natistarum
2266 5345 2627 5404 controversia
2665 5350 2775 5397 tota
2801 5340 3137 5402 vertebatur,
3186 5334 3483 5402 iisdemque

1911 5447 1964 5501 in
1992 5445 2133 5500 calce
2161 5440 2399 5512 epistola:
2438 5435 2738 5493 summatim
2768 5432 3024 5495 collectis,
3056 5428 3358 5499 CriSpinum
3385 5423 3510 5498 ob-‘

1911 5542 2166 5601 testatur,
2213 5541 2268 5586 ut
2307 5527 2658 5599 respondeat;
2702 5534 2792 5591 et,
2839 5521 3098 5594 siquidem
3125 5517 3254 5574 illud
3284 5512 3482 5586 possit,

1913 5624 2158 5682 ostendat
2196 5622 2279 5680 vel
2322 5620 2645 5677 levissimam
2684 5613 3008 5674 difficultatis
3044 5611 3284 5667 umbram
3314 5647 3330 5676 ,
3369 5616 3487 5674 qum
