3990 6360
544 303 642 361 291

548 425 691 494 ipsos
741 438 951 494 quoque
1025 420 1446 492 imperitissimus
1488 418 1766 486 distineat,
1814 431 2113 487 superesse.

554 523 694 578 Suus
743 521 979 590 epistulae
1031 521 1212 575 titulus
1258 534 1362 573 non
1424 516 1747 586 pneligitur;
1795 522 1850 569 et
1898 528 1957 569 re
2002 513 2115 581 ipsa

550 614 695 668 nullo
724 629 860 676 eam,
905 622 995 667 aut
1023 611 1209 666 saltem
1237 607 1517 663 admodum
1547 605 1806 675 simplici,
1836 605 2116 673 inscripse-

547 712 628 758 rat
657 703 981 773 Augustinus
1006 721 1018 756 :
1047 716 1204 771 quam
1235 716 1345 754 rem
1370 698 1507 768 apud
1537 696 1834 766 Crispinum
1864 707 2110 762 excusat,

546 792 594 847 id
640 807 758 847 sese
799 808 864 847 eo
911 791 1103 846 fecisse
1153 791 1464 855 affirmans,
1514 787 1653 857 quod
1696 788 2025 852 Donatistm,
2066 786 2113 841 si

544 883 752 951 quando
797 898 977 937 secum
1022 882 1273 937 urbanius
1309 887 1526 950 agerent
1558 879 1853 945 Catholici,
1900 879 2111 934 illorum

542 975 851 1029 modestiam
874 973 1355 1043 reprehenderent:
1387 986 1491 1026 non
1517 970 1753 1026 futurum
1779 984 1989 1040 quoque
2009 968 2111 1024 sibi

541 1066 843 1127 molestum,
876 1065 919 1118 si
948 1062 1222 1133 Crispinus
1251 1061 1491 1117 eamdem
1521 1076 1701 1117 secum
1727 1060 1915 1139 agendi
1944 1059 2109 1114 ratio-

540 1171 661 1209 nem
692 1163 959 1225 sequatur.
986 1154 1147 1208 Hisne
1169 1153 1359 1207 litteris
1384 1150 1736 1220 responderit,
1766 1150 2068 1220 ignoramus
2092 1165 2105 1201 :

543 1260 724 1299 verum
754 1245 805 1298 in
836 1243 1081 1299 confesso
1108 1251 1209 1306 est,
1235 1258 1356 1297 eum
1383 1251 1436 1297 et
1466 1241 1520 1295 in
1551 1241 1836 1295 schismate
1864 1253 2109 1309 perseve-

538 1348 685 1387 rasse
703 1376 718 1399 ,
747 1343 798 1388 et
830 1334 881 1387 in
912 1334 1071 1387 animi
1100 1331 1463 1401 impotentiam
1488 1346 1517 1384 a
1543 1331 1889 1399 temperantia
1911 1338 1963 1384 et
1991 1343 2108 1384 mo-

534 1422 842 1485 deratione,
874 1438 1031 1491 quam
1066 1421 1218 1475 initio
1249 1436 1356 1489 pra:
1383 1434 1441 1474 se
1472 1420 1682 1481 tulerat,
1728 1419 1957 1472 maxime
1996 1417 2105 1471 dis-

535 1523 870 1581 crepantem,
904 1510 1177 1579 delapsum
1215 1524 1353 1564 esse.
1403 1508 1633 1577 [Equum
1682 1507 1822 1561 enim
1861 1515 1944 1561 est
1978 1522 2103 1572 eos,

534 1603 623 1669 qui
666 1601 931 1656 beneﬁciis
980 1600 1232 1653 divinitus
1278 1599 1476 1653 oblatis
1518 1599 1838 1665 abutuntur,
1871 1597 1952 1653 his
1978 1598 2106 1667 ipsis

532 1691 762 1754 dotibus,
795 1692 985 1759 quibus
1012 1690 1184 1745 ornati
1206 1689 1541 1754 videbantur,
1581 1688 1822 1759 spoliari.

600 1781 655 1833 2.
690 1782 1013 1850 Augustinus
1052 1789 1210 1849 atque
1248 1779 1469 1849 Alypius
1514 1793 1617 1833 non
1652 1778 1982 1843 absimilem,
2023 1780 2102 1832 uti

530 1871 862 1941 conjicimus,
891 1870 1325 1939 disceptationem
1358 1883 1480 1924 cum
1517 1868 1803 1933 Clarentio,
1828 1882 1981 1937 quem
2007 1881 2101 1936 pa-

530 1972 693 2029 trem,
730 1962 1076 2033 provectioris
1116 1961 1332 2015 forsitan
1372 1960 1544 2015 aetatis
1584 1974 1781 2025 causa,
1834 1960 2097 2023 vocitant,

534 2054 722 2109 iniere.
767 2053 1046 2122 Reperitur
1072 2050 1369 2107 Clarentius
1395 2050 1605 2120 quidam
1626 2048 1875 2104 Tabraca:
1901 2048 2102 2117 episco-

532 2159 632 2212 pus
673 2145 942 2199 Donatista
974 2142 1191 2213 (Collal.
1224 2141 1463 2211 Carthag.
1488 2142 1539 2205 1,
1574 2156 1689 2209 cap.
1719 2137 1877 2211 187).
1907 2137 1962 2191 lu
1990 2140 2102 2208 ipsa

531 2244 705 2290 autem
731 2234 1083 2304 disputatione
1112 2232 1433 2286 Naucelione
1452 2230 1774 2285 internuntio
1795 2230 2093 2284 utebantur.

529 2327 641 2393 Qua
660 2325 728 2380 de
752 2340 808 2379 re
831 2332 1029 2378 tantum
1058 2323 1334 2387 habemus,
1361 2323 1501 2391 quod
1536 2330 1749 2376 sanctos
1779 2320 1939 2375 hosce
1960 2319 2103 2374 viros

529 2416 793 2472 monuerit
818 2413 1092 2477 Naucelio,
1118 2412 1420 2468 confessum
1450 2410 1550 2465 sibi
1578 2410 1920 2474 Clarentium,
1952 2418 2100 2479 post-

533 2520 689 2575 quam
719 2504 999 2558 damnatus
1025 2501 1254 2557 essetab
1284 2500 1572 2555 Donatistis
1599 2499 1894 2554 Felicianus
1915 2499 2101 2553 Musti-

526 2605 706 2663 tanus,
745 2612 866 2651 eum
899 2595 968 2649 ab
996 2595 1180 2649 iisdem
1205 2602 1389 2663 postea
1413 2594 1462 2646 in
1490 2594 1690 2647 honore
1709 2607 1805 2646 suo
1828 2601 2098 2660 receptum

528 2685 692 2741 fuisse
720 2703 732 2737 :
763 2692 1035 2740 causatum
1078 2697 1204 2737 vero
1232 2682 1623 2736 damnationem
1662 2680 1905 2749 injustam
1934 2680 2098 2734 exsti-

525 2776 675 2839 tisse,
703 2775 896 2845 quippe
930 2768 1157 2827 ltoniinis
1182 2772 1434 2826 absentis.
1478 2770 1535 2823 1d
1574 2785 1731 2839 porro
1779 2769 2098 2838 Augustinus

526 2865 849 2935 Alypiusque
875 2871 1169 2924 assumunt,
1201 2870 1254 2915 et
1283 2859 1349 2913 ad
1392 2874 1501 2912 sum
1542 2873 1715 2912 causa:
1758 2858 2098 2912 commodum

524 2964 806 3025 torquent,
846 2953 965 3007 data
1007 2952 1073 3006 ad
1124 2952 1407 3019 ipsummet
1450 2947 1824 3002 Naucelionem
1874 2948 2095 3017 epistola

525 3044 713 3116 (Epist.
738 3042 825 3112 70)
855 3059 866 3094 :
896 3057 1013 3111 qtae
1055 3055 1173 3094 cum
1214 3038 1409 3092 nullam
1436 3036 1501 3090 de
1528 3037 1845 3091 Praetextato
1874 3036 2099 3090 mentio-

524 3151 649 3190 nem
702 3135 874 3199 faciat,
927 3142 1046 3202 post
1093 3146 1285 3186 annum
1330 3128 1905 3200 quadringentesimum
1956 3127 2096 3182 haud

524 3223 684 3277 dubie
713 3223 905 3291 scripta
935 3230 1035 3276 est.

595 3315 650 3369 5.
682 3315 971 3383 Augustino
998 3312 1418 3380 consanguineus
1443 3309 1655 3380 quidam
1685 3310 1955 3366 Donatista
2000 3309 2098 3364 fuit

526 3403 741 3457 nomine
771 3402 1078 3470 Severinus,
1109 3402 1218 3473 qui,
1247 3415 1352 3458 non
1380 3413 1534 3455 secus
1557 3410 1713 3469 atque
1742 3400 1830 3454 alii
1861 3400 2098 3468 complu-

525 3510 632 3559 res,
671 3496 720 3550 in
750 3495 970 3549 discidio
1002 3494 1142 3547 nulla
1180 3493 1283 3547 alia
1316 3507 1474 3561 quam
1506 3489 1902 3546 consuetudinis
1938 3503 2095 3542 causa

525 3584 819 3639 tenebatur.
847 3584 962 3638 Jam
983 3583 1073 3636 diu
1094 3582 1241 3636 illum
1270 3582 1589 3649 Augustinus
1614 3592 1717 3633 tam
1746 3579 1938 3632 misere
1965 3579 2095 3630 irre-

526 3674 675 3728 titum
707 3690 811 3727 non
838 3674 953 3727 sine
974 3672 1158 3727 dolore
1182 3687 1245 3725 ac
1273 3671 1468 3739 gemitu
1496 3669 1722 3732 videbat,
1755 3678 1912 3736 atque
1942 3682 2093 3720 eum-

527 3762 649 3818 dem
672 3774 727 3816 ut
751 3761 1023 3832 expediret
1050 3760 1116 3814 ab
1154 3774 1365 3823 errore,
1400 3765 1713 3827 pra-sentem
1755 3755 1946 3824 alloqui
1977 3771 2097 3824 pcr-

523 3853 756 3922 0ptabat.
789 3852 852 3904 Et
888 3850 1098 3920 quidem
1138 3849 1392 3904 Severine
1430 3848 1633 3901 litteras
1660 3846 1756 3899 hac
1781 3845 1846 3899 de
1889 3861 1947 3899 re
1990 3845 2094 3911 jam

523 3950 650 3997 ante
678 3941 951 3995 nonnttllas
982 3941 1196 3994 miserat
1230 3957 1244 3993 :
1274 3939 1340 3991 ab
1364 3938 1463 3993 hoc
1485 3938 1624 3992 enim
1659 3952 1780 3991 cum
1818 3936 2094 4005 epistolam

522 4032 833 4101 accepisset,
870 4030 1086 4084 nimiam
1112 4029 1227 4097 ejus
1266 4028 1318 4082 in
1357 4026 1635 4083 scribendo
1676 4027 1970 4080 tarditatem
2010 4025 2091 4078 in-

525 4121 747 4176 cusavit.
772 4120 1002 4174 Tametsi
1026 4134 1182 4188 porro
1207 4133 1323 4187 quae
1347 4116 1584 4171 Severini
1610 4116 1829 4185 epistola
1853 4117 2093 4171 contine-

523 4208 738 4274 bantur,
785 4208 900 4277 ejus
938 4209 1075 4261 votis
1116 4207 1332 4261 minimc
1378 4205 1756 4275 responderent
1792 4223 1804 4258 :
1835 4205 2094 4275 gaudebat

524 4309 701 4354 tamen
742 4300 839 4353 sibi
868 4299 1125 4354 redditam
1158 4297 1355 4367 fuisse,
1383 4298 1673 4367 prmsertim
1700 4297 1787 4351 ubi
1812 4298 2087 4363 intellexit,

524 4389 856 4443 tabellarium
894 4405 997 4442 non
1044 4388 1199 4442 aliam
1233 4388 1300 4441 ob
1321 4401 1554 4451 causam,
1583 4387 1681 4439 nisi
1711 4395 1766 4441 ut
1790 4387 1932 4440 illam
1960 4387 2088 4456 Hip-

522 4493 715 4548 ponem
760 4478 940 4542 ferret,
968 4478 1062 4532 abs
1086 4477 1340 4533 Severiuo
1366 4477 1605 4531 missum.
1635 4476 1761 4531 lude
1784 4476 1923 4531 enim
1949 4476 2089 4547 judi-

518 4568 672 4623 cabat
704 4568 841 4623 hanc
870 4569 1018 4623 illum
1046 4584 1248 4635 curam,
1277 4568 1380 4623 nisi
1414 4569 1590 4623 animo
1618 4569 1683 4624 ad
1725 4570 2087 4639 excipiendam

518 4660 793 4715 veritatem
823 4670 1023 4730 parato,
1050 4676 1315 4731 nunquam
1347 4672 1714 4730 suscepturum
1751 4662 1929 4716 fuisse.
1954 4662 2088 4717 Iluie

517 4750 676 4820 igitur
691 4751 743 4804 in
764 4752 1109 4821 responsione
1132 4751 1371 4822 quaedam
1397 4754 1716 4821 exposuitex
1741 4754 2082 4824 argumentis,

516 4839 709 4910 quibus
735 4841 936 4895 solebat
955 4841 1161 4896 discidii
1193 4842 1521 4896 firmamenta
1552 4842 1857 4897 subvertere
1886 4860 1898 4896 :
1929 4843 2085 4897 illud-

514 4944 619 4999 que
639 4931 776 4985 inter
791 4931 893 4984 alia
914 4932 1220 5000 usurpabat,
1244 4931 1475 5001 perditos
1496 4932 1737 4987 homines
1755 4933 2079 4998 innumeros,

516 5036 584 5077 ne
610 5037 731 5092 pars
754 5023 941 5077 Donati
964 5024 1312 5090 scinderetur,
1329 5032 1403 5077 tot
1426 5038 1592 5077 annos
1612 5024 1680 5077 ab
1702 5024 1801 5078 illis
1822 5023 1949 5093 ipsis
1965 5037 2083 5079 esse

515 5111 786 5166 toleratos.
814 5111 1016 5178 Quibus
1039 5112 1216 5167 verbis
1238 5112 1576 5180 decennium,
1607 5128 1711 5183 quo
1750 5113 2079 5184 tyrannidem

512 5202 751 5255 exercuit
786 5202 1040 5271 Optatus,
1082 5218 1319 5274 persmpe
1353 5203 1612 5272 designat.
1653 5204 1808 5271 Quod
1842 5205 1942 5259 nisi
1982 5220 2079 5261 nos

511 5301 770 5359 moveret,
803 5296 937 5348 hanc
964 5295 1237 5364 epistolam
1261 5294 1449 5365 (Epist.
1478 5292 1590 5366 52),
1614 5294 1788 5365 inqua
1829 5296 2076 5350 nimirum

510 5381 650 5435 nulla
687 5383 1194 5438 Maximianistarum
1226 5384 1283 5437 lit
1309 5384 1528 5448 mentio,
1573 5386 1822 5454 scriptam
1860 5385 1928 5439 ab
1962 5388 2075 5441 Au-

503 5473 714 5543 gustino
732 5474 964 5529 nondum
984 5475 1234 5545 episcopo
1258 5474 1409 5531 facile
1436 5474 1793 5531 crederemus.

576 5564 630 5618 4.
663 5564 947 5634 Epistulam
986 5582 1196 5636 quoque
1219 5567 1488 5624 Generoso
1518 5569 1731 5623 missam
1761 5569 1949 5640 (Epist.
1981 5567 2070 5641 55)

505 5650 627 5711 licet
664 5656 728 5710 ad
772 5657 869 5711 hoe
914 5657 1126 5711 circiter
1156 5667 1359 5728 tempus
1412 5659 1629 5715 referre.
1673 5662 1828 5717 Certe
1868 5678 1929 5718 ea
1973 5662 2070 5719 sub

1664 300 1817 356 VITA
1855 299 1911 355 S.
1952 296 2315 355 AUGUSTINI
2353 297 2668 356 EPISCOPI.

3689 304 3795 363 ἳθὲ

2221 416 2486 470 Anastasii
2534 413 2835 484 pontificatu
2884 414 3076 483 scripta
3103 424 3200 476 est,
3235 416 3548 472 Prwtextato
3577 421 3788 475 Assuri-

2222 519 2368 575 tano,
2417 510 2493 561 uti
2536 508 2744 561 videtur
2766 547 2783 572 ,
2831 506 3062 561 nondum
3095 509 3198 561 vita
3233 508 3427 572 functo,
3458 512 3788 581 proinde-que

2217 608 2497 666 antequam
2532 609 2637 651 tres
2666 597 2785 651 libri
2812 597 2862 651 iu
2887 597 3290 653 Parmeniauum
3317 613 3495 655 essent
3514 601 3659 657 editi.
3683 604 3789 658 Ce-

2216 705 2437 744 nerosus
2463 690 2572 754 ille,
2600 690 2665 744 de
2689 704 2794 760 quo
2830 691 3019 759 agitur,
3055 690 3311 746 Cirtensis
3339 704 3471 757 erat,
3510 695 3787 749 catholica

2215 782 2618 845 communionis,
2640 796 2799 851 quem
2823 781 2980 835 etiam
3005 783 3360 851 comperimus
3379 784 3637 839 Numidim
3655 801 3786 840 con-

2213 872 2443 927 sularem
2474 872 2736 933 exstitisse
2766 870 2970 943 (Epistt.
3007 874 3128 939 115,
3164 874 3309 942 116),
3341 884 3394 929 at
3416 877 3626 929 nonnisi
3665 886 3790 946 post.

2215 962 2384 1031 legem
2422 961 2723 1032 quamdam,
2770 978 2888 1033 quae
2935 972 3136 1017 tantum
3180 965 3493 1021 duodecimo
3528 965 3787 1023 kalendas

2212 1050 2504 1106 februarias
2528 1052 2652 1105 anni
2677 1051 3176 1122 quadringentesimi
3203 1056 3329 1108 noni
3356 1055 3460 1110 lata
3484 1065 3566 1111 est
3586 1056 3683 1127 (Ut
3698 1058 3788 1112 ob-

2209 1155 2455 1198 servatum
2476 1143 2688 1214 Prwfat.
2717 1144 2909 1212 tom.2,
2933 1147 2999 1198 ad
3028 1146 3351 1215 Epistt.115,
3373 1148 3514 1219 116).
3542 1150 3721 1220 Itaque
3737 1150 3784 1205 si

2210 1250 2366 1304 quam
2384 1250 2523 1289 anno
2542 1235 3055 1305 quadringentesimo
3076 1237 3403 1307 dignitatem,
3420 1248 3476 1293 ut
3490 1241 3618 1294 satis
3639 1240 3782 1295 veri-

2208 1324 2380 1379 simile
2400 1334 2502 1389 est,
2529 1324 2688 1378 Cirta:
2719 1325 2970 1394 gerebat,
2997 1342 3111 1379 eam
3138 1336 3346 1396 Oportet
3382 1329 3537 1382 aliam
3584 1329 3778 1395 fuisse,

2207 1430 2363 1482 quam
2380 1415 2690 1469 consularis.
2718 1417 2845 1470 Erat
2873 1424 2995 1470 tunc
3019 1421 3272 1486 temporis
3299 1416 3455 1472 Cirtse
3476 1419 3687 1489 quidam
3714 1435 3780 1474 ex

2209 1504 2597 1559 Donatistarum
2637 1516 2785 1573 parte
2822 1506 3099 1577 presbyter
3118 1548 3132 1572 ,
3161 1508 3244 1562 cui
3274 1509 3415 1563 venit
3443 1510 3494 1563 in
3526 1518 3779 1576 mentem,

2207 1602 2265 1647 ut
2292 1594 2357 1648 ad
2387 1594 2713 1651 Generosum
2748 1597 3023 1663 scriberet,
3059 1598 3303 1667 angelum
3328 1600 3424 1654 sibi
3449 1602 3777 1670 apparuisse,

2209 1683 2595 1754 mandasseque
2618 1694 2675 1739 ut
2697 1685 2868 1740 eidem
2885 1685 3155 1742 Generoso
3172 1702 3354 1741 verum
3373 1688 3783 1745 Christianitatis

2204 1772 2353 1827 urbis
2387 1771 2641 1830 Cirtensis
2668 1774 2909 1831 ordinem
2943 1777 3199 1846 aperiret;
3246 1793 3307 1832 ac
3348 1785 3605 1847 praeterea
3652 1792 3775 1832 mo-

2207 1872 2382 1931 neret,
2414 1866 2597 1920 Donati
2634 1875 2836 1936 partem
2863 1868 3131 1936 amplecti,
3163 1877 3318 1937 prout
3348 1869 3404 1922 in
3433 1867 3654 1936 epistola
3679 1867 3783 1925 Pe-

2205 1956 2371 2011 tiliani
2400 1957 2638 2027 ejusdem
2655 1959 2880 2013 civitatis
2899 1960 3130 2029 episcopi
3149 1971 3447 2030 exponitur.
3464 1960 3595 2015 Huic
3616 1970 3780 2016 etiam

2205 2048 2323 2117 ejus
2350 2048 2491 2104 sedis
2534 2049 2832 2104 ostentabat
2874 2050 3242 2119 episcoporum
3272 2052 3486 2118 seriem,
3514 2066 3575 2105 ac
3600 2050 3779 2107 Silva-

2205 2153 2333 2192 num
2362 2138 2412 2192 in
2442 2139 2625 2208 primis
2646 2138 3176 2195 honorificentissime
3197 2141 3531 2211 praedicabat.
3553 2143 3779 2198 Planum

2205 2237 2341 2293 erat,
2372 2230 2617 2298 angelum
2645 2230 2978 2285 tenebrarum
3000 2272 3016 2297 ,
3049 2230 3117 2285 ad
3148 2231 3475 2287 illudendum
3502 2233 3569 2298 ei,
3594 2232 3646 2288 in
3678 2248 3780 2287 an-

2205 2321 2379 2390 gelum
2401 2322 2535 2375 lucis
2555 2320 2984 2377 transformatum
3004 2321 3194 2388 fuisse;
3213 2323 3313 2377 nisi
3339 2323 3475 2379 forte
3494 2325 3782 2379 Donatista:

2204 2412 2348 2467 illius
2391 2413 2681 2484 presbyteri
2709 2422 3066 2469 commentum
3095 2413 3149 2468 id
3174 2423 3308 2482 erat,
3330 2415 3419 2486 qui
3449 2425 3646 2470 satanze
3673 2415 3781 2470 tui-

2203 2504 2427 2558 nistrum
2457 2519 2636 2573 agens,
2664 2504 2799 2559 alios
2829 2503 2932 2559 hoc
2959 2505 3235 2560 mendacio
3260 2507 3313 2561 in
3348 2505 3588 2563 fraudem
3618 2508 3779 2577 pelli-

2202 2609 2327 2649 cere
2385 2593 2756 2649 destinaverat.
2807 2594 3166 2661 Quamobrem
3209 2597 3539 2664 Generosos,
3593 2606 3782 2668 utpote

2200 2702 2326 2741 vere
2343 2686 2652 2754 catholicus,
2676 2687 2791 2757 ejus
2813 2688 2979 2743 irrisit
3002 2688 3305 2758 epistolam,
3322 2704 3545 2760 eamque
3566 2688 3633 2745 ad
3644 2689 3783 2745 For-

2203 2785 2440 2830 tunatum
2492 2777 2651 2832 Cirta:
2697 2778 3015 2833 catholicum
3058 2779 3397 2848 episcopum,
3447 2794 3653 2834 necnon
3706 2780 3782 2836 ad

2200 2864 2447 2936 Alypium
2470 2874 2625 2936 atque
2646 2867 3016 2937 Augustinum,
3041 2868 3130 2937 qui
3155 2879 3260 2921 tum
3283 2868 3417 2923 forte
3435 2867 3595 2924 Cirtae
3616 2870 3779 2925 simul

2199 2956 2439 3020 aderant,
2470 2956 2781 3010 transmisit.
2808 2957 2939 3011 Tres
2970 2957 3042 3011 illi
3062 2957 3343 3021 antistites,
3370 2957 3461 3012 sed
3484 2958 3635 3013 unius
3661 2960 3782 3013 An-

2197 3045 2393 3113 gustini
2421 3060 2598 3113 manu,
2613 3060 2706 3114 spe
2727 3060 2789 3100 ac
2808 3046 2980 3101 studio
3002 3047 3281 3101 revocandi
3298 3046 3363 3101 ad
3382 3047 3534 3103 [idem
3559 3048 3783 3120 presby-

2200 3135 2320 3199 teri,
2338 3133 2608 3189 Generoso
2624 3135 3006 3204 reSponderuut
3020 3135 3205 3206 (Epist.
3222 3138 3311 3203 5'5,
3324 3153 3369 3190 c.
3387 3138 3438 3203 1,
3453 3154 3506 3190 η.
3525 3137 3602 3207 1);
3615 3153 3782 3208 quem

2197 3225 2419 3292 proinde
2436 3233 2704 3294 rogarunt,
2728 3225 2803 3278 uti
2824 3239 2971 3279 suam
2996 3226 3228 3295 ipsorum
3246 3240 3364 3281 cum
3383 3228 3474 3282 illo
3496 3226 3782 3297 epistolam

2197 3314 2631 3367 communicaret.
2677 3312 2733 3366 ln
2771 3327 2834 3367 ea
2876 3312 3277 3380 demonstrant,
3321 3314 3366 3368 si
3414 3314 3656 3369 standum
3707 3316 3785 3370 sit

2198 3405 2569 3473 episcoporum
2598 3404 2940 3467 successioni,
2972 3419 3087 3457 eam
3110 3405 3286 3474 potius
3313 3420 3344 3459 a
3370 3404 3607 3459 Romana
3635 3404 3782 3461 Sede

2201 3493 2538 3562 repetendam
2564 3511 2575 3545 :
2601 3509 2702 3563 qua
2723 3493 2788 3547 de
2807 3508 2963 3547 causa
2987 3492 3345 3547 Romanorum
3378 3495 3672 3548 antistitum
3707 3494 3782 3549 ad

2198 3584 2535 3638 Anastasium
2552 3598 2715 3653 usque
2729 3592 2851 3637 tunc
2863 3583 3133 3637 sedentem
3147 3584 3441 3653 catalogum
3463 3594 3777 3639 contexunt.

2200 3674 2325 3728 Post
2356 3674 2468 3727 lucc
2502 3673 2775 3743 proferunt
2803 3688 2863 3728 ea
2896 3685 3260 3737 monumenta,
3290 3689 3409 3744 qua:
3438 3674 3779 3744 potissimum

2198 3765 2263 3819 ad
2289 3764 2707 3834 cognoscendam
2736 3765 3121 3819 Donatistarum
3158 3764 3429 3819 historiam
3467 3765 3685 3833 faciunt,
3720 3776 3781 3821 et

2198 3872 2260 3913 ea
2283 3859 2335 3911 in
2364 3857 2572 3927 primis,
2605 3858 2794 3927 quibus
2830 3856 3104 3911 Silvanum
3134 3857 3429 3911 Cirtensem
3459 3856 3778 3911 traditorem

2199 3947 2359 4002 fuisse
2382 3949 2563 4017 liquet.
2594 3947 3095 4001 Maximianistarum
3122 3962 3329 4017 quoque
3357 3956 3504 4023 gesta
3530 3962 3777 4003 commc-

2203 4049 2411 4094 merant
2434 4056 2448 4105 ;
2472 4056 2643 4110 neque
2671 4040 2723 4093 id
2746 4039 3011 4101 omittunt,
3047 4038 3369 4095 Felicianum
3394 4055 3456 4095 ac
3478 4040 3777 4096 Praetexta-

2199 4140 2307 4184 turn
2339 4130 2529 4185 abillis
2551 4129 2833 4196 admissos,
2855 4145 3009 4199 quos,
3034 4138 3091 4183 ut
3110 4129 3323 4200 quidem
3350 4130 3574 4197 videtur,
3606 4134 3773 4186 etiam

2200 4231 2309 4275 tum
2339 4222 2391 4275 in
2418 4222 2548 4275 vivis
2572 4236 2729 4291 agere
2755 4236 2850 4290 pro
2873 4232 3020 4275 certo
3040 4231 3259 4290 ponunt.
3292 4220 3618 4276 Generosum
3640 4237 3774 4277 vero

2199 4325 2319 4364 cum
2362 4309 2427 4363 ad
2468 4325 2601 4379 opus
2646 4308 2898 4364 adversus
2940 4310 3176 4363 Petiliani
3210 4311 3485 4378 epistolam
3513 4311 3773 4381 scriptum

2197 4415 2301 4452 non
2336 4399 2569 4463 mittunt,
2617 4398 2739 4452 inde
2780 4397 3017 4467 judicare
3045 4407 3143 4462 est,
3178 4398 3305 4452 nihil
3343 4398 3515 4454 adhuc
3554 4400 3620 4454 ab
3659 4401 3775 4454 Au-

2194 4491 2407 4560 gustino
2435 4504 2669 4558 superea
2689 4503 2746 4542 re
2767 4488 2965 4543 editum
2999 4506 3010 4542 :
3038 4489 3459 4558 quandoquidem
3485 4490 3569 4543 vix
3595 4489 3768 4543 ullum

2196 4578 2412 4631 dubium
2436 4593 2553 4632 esse
2571 4586 2761 4647 potest,
2780 4578 2906 4646 quin
2932 4578 3135 4631 laudata
3162 4578 3228 4633 ab
3244 4579 3429 4634 eodem
3453 4580 3769 4651 presbytero

2193 4668 2432 4723 Petiliani
2460 4666 2701 4737 epistola,
2733 4668 2955 4723 celebris
2983 4668 3066 4721 illa
3097 4669 3208 4739 ipsa
3234 4668 3426 4738 fuerit,
3450 4686 3607 4741 quam
3630 4685 3768 4726 eou-

2191 4758 2377 4813 fntavit
2400 4757 2743 4830 Augustinus.

2821 4851 3045 4908 CAPUT
3085 4852 3171 4906 Ill.

2191 4946 2215 5000 1
2254 4944 2532 4997 Petilianus
2558 4960 2585 4998 e
2608 4943 2795 4997 Donati
2828 4954 2968 5013 parte
2993 4944 3252 5013 episcopus
3275 4944 3385 5014 quis
3414 4945 3584 5015 fuerit.
3621 4946 3656 5000 2
3686 4944 3768 5000 De

2258 5036 2395 5089 illius
2424 5035 2659 5089 adversus
2682 5033 2980 5087 catholicam
3012 5033 3285 5087 Ecclesium
3313 5035 3541 5105 epistola.
3582 5036 3617 5089 '5
3647 5034 3765 5089 llu-

2252 5128 2338 5196 jus
2383 5126 2598 5195 primam
2637 5134 2826 5195 partem
2869 5124 3051 5194 refellit
3091 5124 3416 5195 Augustinus.
3454 5126 3488 5179 4
3527 5124 3761 5191 Quonam

2257 5227 2476 5285 tempore
2494 5214 2547 5267 id
2565 5231 2828 5285 aggressus
2851 5223 2942 5267 est.
2966 5214 2999 5269 5
3025 5213 3350 5268 Parmenioni
3373 5225 3548 5268 contra
3577 5215 3763 5269 Ticho-

2255 5306 2395 5357 nium
2450 5305 2711 5375 epistolam
2747 5305 2799 5358 in
2836 5308 3057 5376 favorem
3092 5304 3374 5359 schismatis
3423 5306 3761 5377 conscriptam

2255 5399 2507 5463 confutat.
2533 5394 2566 5449 6
2592 5395 2710 5448 Edit
2732 5396 2882 5449 libros
2899 5396 2959 5450 de
2975 5394 3229 5463 Baptismo
3246 5404 3418 5449 contra
3429 5393 3756 5449 'Donatislas.

2254 5486 2285 5538 7
2314 5484 2392 5538 De
2408 5485 2553 5550 libro,
2573 5485 2759 5540 Contra
2778 5487 2911 5557 quod
2931 5486 3096 5540 attulit
3113 5485 3375 5540 Ccnturius
3400 5503 3431 5539 a
3450 5485 3753 5541 Donatistis.

2250 5578 2281 5631 8
2311 5575 2388 5629 De
2416 5576 2593 5630 litteris
2614 5576 2682 5629 ad
2710 5576 2947 5629 Celerem.

2252 5669 2300 5720 1.
2338 5666 2586 5737 Epistula:
2613 5682 2730 5724 mox
2756 5675 3055 5721 memoratte
3077 5675 3262 5721 auctor
3284 5666 3588 5733 Petilianus,
3611 5664 3749 5720 inter
