3990 6360
204 288 307 342 Ξειξι

207 397 598 455 Donatistarqu
620 393 897 461 episeOpos
921 398 1043 444 tunc
1071 386 1300 441 maxime
1324 385 1559 439 onmium
1604 383 1774 439 nomi-

203 498 376 550 natus,
398 486 639 538 forenses
665 480 947 550 aliquando
976 492 1162 533 causas
1192 486 1370 546 egerat
1403 494 1415 530 :
1448 490 1604 545 quem
1655 490 1777 544 pro-

204 588 378 647 pterea
409 575 461 629 in
492 573 774 627 collatione
805 567 1204 638 Carthagincnsi
1233 566 1525 621 catholicus
1563 564 1776 635 quidam

201 667 483 736 episcopus
526 662 591 717 ad
640 662 737 715 fori
780 662 860 714 sui
886 661 1029 729 leges
1057 673 1162 712 non
1190 656 1380 726 injuria
1410 655 1583 710 redire
1604 654 1773 725 jubet.

199 758 243 810 ls
275 768 405 809 sane
440 754 643 823 jactare
668 753 855 805 Solitus
880 759 993 806 erat
1020 749 1307 819 potentiam
1335 747 1597 818 quondam
1630 762 1778 801 suam

199 849 245 900 in
280 845 482 899 forensi
514 843 890 907 advocatione;
913 856 1099 911 seque,
1132 849 1349 909 propter
1373 840 1528 905 hanc,
1553 837 1780 909 Spiritus

203 935 365 990 sancti
406 933 849 1003 cognominalcm,
876 930 1014 1002 quod
1042 930 1165 984 inde
1191 928 1439 998 paracleti
1467 943 1657 983 nomen
1680 928 1778 982 ob-

206 1026 467 1085 tinuisset,
505 1022 666 1077 fuisse
692 1021 881 1074 stolide
905 1019 1222 1089 praedicabat
1250 1017 1418 1089 (Cant.
1452 1016 1573 1070 Litt.
1599 1016 1779 1083 Petil.,

202 1118 283 1171 lib.
304 1116 359 1180 5,
376 1131 425 1169 c.
446 1114 535 1178 16,
553 1132 605 1166 n.
629 1114 734 1183 19).
755 1113 904 1166 Hunc
924 1127 1041 1166 cum
1062 1110 1232 1179 primo
1251 1110 1301 1163 in
1321 1109 1552 1164 Ecclesia
1570 1106 1783 1163 catholi-

202 1222 259 1261 ea
278 1215 425 1260 esset
451 1204 891 1267 catechumenos,
924 1217 1015 1269 per
1033 1202 1139 1254 vim
1160 1208 1445 1268 rapuerant
1477 1198 1779 1262 Donatistae,

204 1311 260 1349 ac
276 1311 387 1349 sua:
405 1295 545 1364 parti
562 1294 773 1347 vinculo
790 1291 1007 1345 honoris
1024 1289 1316 1355 mortifero,
1332 1288 1575 1343 videlicet
1589 1289 1784 1357 episco-

211 1389 305 1457 pali
332 1387 618 1458 dignitate,
644 1385 1020 1438 astrinxerant.
1054 1381 1165 1448 Qua
1196 1380 1263 1437 de
1284 1380 1333 1434 vi
1365 1380 1620 1434 Pctiliano
1641 1379 1783 1432 illata

208 1478 537 1547 Augustinus
565 1476 616 1528 in
643 1489 889 1528 sermone
914 1472 980 1526 ad
1009 1472 1255 1542 populum
1285 1468 1678 1524 Cwsarcensem
1701 1467 1784 1521 di-

212 1568 353 1621 :cbat
381 1583 397 1618 :
427 1564 563 1617 Pars
612 1565 795 1617 Donati
833 1562 1034 1633 quando
1067 1560 1365 1632 pra’valebat
1407 1557 1742 1612 Constantina:
1767 1597 1782 1621 ,

204 1658 389 1712 inicum
434 1663 663 1707 nostrum
702 1654 1128 1716 cateclmmenttm,
1178 1659 1353 1703 natum
1398 1648 1460 1700 tle
1503 1645 1787 1717 parentibus

204 1744 492 1810 catholicis,
529 1742 830 1795 Prtilianum
859 1742 1035 1805 tenuit,
1067 1740 1165 1792 vim
1196 1739 1311 1810 fecit
1334 1736 1539 1802 nolenti,
1566 1744 1787 1790 scrutata

205 1846 269 1890 est
310 1836 611 1904 fugientem,
654 1834 839 1885 invenit
866 1833 1117 1895 latentem,
1148 1829 1364 1883 extraxit
1396 1837 1672 1897 paventem,
1696 1827 1787 1881 ba-

207 1926 411 1994 ptizavit
434 1933 745 1989 trementem,
776 1924 1020 1976 ordinavit
1039 1923 1280 1976 nolentem
1301 1921 1491 1992 (Serm.
1514 1921 1580 1973 ad
1596 1919 1785 1975 Cterar.

204 2014 344 2070 Eccl.
377 2016 537 2085 pleb.,
570 2033 622 2067 η.
654 2014 730 2083 8).
756 2015 835 2067 Ab
858 2014 941 2067 his
961 2029 1088 2081 ergo
1111 2012 1293 2066 volens
1322 2012 1505 2065 nolens
1522 2011 1787 2065 Constan-

206 2107 324 2159 tina:
345 2120 447 2159 seu
468 2103 629 2159 Cirta:
652 2104 799 2173 (nam
822 2103 1027 2157 duobus
1048 2102 1194 2157 hisce
1218 2101 1486 2157 vocabulis
1512 2101 1791 2171 insignitur

203 2196 391 2250 eadem
414 2196 565 2261 urbs,
595 2212 751 2265 quam
781 2194 1020 2249 Numidia
1042 2195 1249 2249 civilem
1270 2194 1602 2263 metrnpolim
1629 2209 1791 2263 agno-

203 2284 417 2356 scebat)
465 2285 659 2353 prtesu!
690 2293 771 2337 cst
820 2286 1137 2338 constitutus
1178 2301 1191 2337 :
1240 2298 1341 2353 qua
1382 2283 1469 2337 ille
1516 2284 1789 2353 dignitate,

203 2373 398 2444 Optato
426 2374 658 2429 necdum
690 2385 928 2438 mortuo,
972 2374 1289 2443 potiebatur.
1336 2374 1567 2427 Tametsi
1616 2382 1790 2427 autem

206 2465 528 2519 Pctilianum
572 2465 769 2517 soleret
808 2463 943 2517 fama
984 2463 1293 2533 praedicare,
1340 2462 1479 2533 quod
1509 2464 1645 2517 inter
1668 2478 1794 2517 suos

204 2553 449 2609 doctrinm
478 2564 533 2609 et
562 2554 804 2609 facundia
844 2556 1072 2609 maxime
1118 2555 1402 2609 excelleret
1434 2552 1639 2625 (Contra
1670 2553 1790 2607 Litt.

208 2642 389 2710 Petil.,
422 2644 514 2697 lib.
545 2646 597 2710 1,
626 2661 671 2697 c.
704 2643 790 2715 1);
823 2644 1063 2714 ejusdem
1088 2655 1260 2698 tamen
1287 2643 1456 2697 oratio
1480 2644 1795 2713 quanquue

207 2733 628 2802 reprehenditur
671 2734 738 2787 ab
770 2734 1062 2804 Augustino
1091 2744 1147 2787 ut
1176 2734 1400 2802 turgida,
1431 2735 1749 2789 tmnultuosa
1773 2774 1787 2798 ,

206 2838 263 2876 ac
288 2823 630 2877 concitanda:
664 2822 804 2892 plebi
839 2823 1256 2888 accommodata,
1302 2822 1477 2877 verbis
1506 2824 1664 2877 etiam
1718 2822 1798 2875 in-

206 2915 340 2983 eptis
354 2913 627 2968 interdum
650 2929 711 2968 ac
728 2914 923 2968 insanis
944 2914 1233 2983 composita
1252 2911 1434 2985 (Ibid.,
1449 2914 1535 2966 lib.
1550 2914 1603 2978 2,
1619 2929 1665 2966 c.
1682 2914 1794 2980 75).

209 3006 545 3075 Prmcipuum
568 3021 699 3059 vero
719 3004 1019 3058 schismatis
1041 3003 1135 3057 fuit
1155 3003 1243 3058 ille
1265 3004 1316 3057 in
1338 3003 1632 3058 Collalionc
1664 3019 1798 3073 prte-

208 3096 425 3161 sidimn,
457 3097 514 3149 in
544 3111 645 3164 qua
674 3095 925 3164 quidquid
954 3095 1240 3164 excogitari
1271 3103 1444 3165 potest
1482 3095 1711 3148 solertia:
1736 3109 1799 3149 ac

211 3187 436 3251 fraudis,
470 3186 727 3256 quidquid
760 3186 1207 3256 tergiversationis
1250 3201 1311 3239 ac
1357 3186 1692 3255 pcrvicaciae,
1746 3184 1797 3238 id

210 3294 374 3331 nume
403 3278 454 3330 in
485 3276 747 3331 mendacii
770 3275 1129 3330 defensionem
1157 3274 1431 3339 adhibuit;
1463 3291 1566 3344 quo
1594 3282 1647 3327 et
1682 3282 1798 3328 acta

212 3367 559 3436 produceret,
587 3376 643 3420 et
666 3365 900 3421 efficeret
928 3381 993 3419 ne
1018 3364 1143 3434 quid
1171 3365 1369 3419 interea
1395 3365 1795 3434 transigeretur,

208 3459 388 3511 donec
415 3467 691 3513 contracta
735 3456 868 3522 ravi,
914 3455 1127 3511 tandem
1169 3455 1234 3509 ad
1272 3455 1541 3509 silentium
1583 3455 1800 3509 adactus

211 3550 324 3601 full.

275 3640 333 3692 2.
383 3638 564 3693 Multis
602 3637 753 3691 annis
796 3644 917 3691 ante
958 3635 1293 3691 collationem
1331 3618 1798 3701 Carthaginensem

212 3728 515 3781 l‘etilianus
540 3726 607 3781 ad
634 3726 1004 3797 presbyteros,
1032 3725 1387 3793 diaconosque
1414 3724 1509 3776 sibi
1538 3722 1797 3789 subditos,

211 3818 543 3885 pastoralem
570 3816 848 3885 epistolam
872 3816 1127 3870 adversus
1155 3814 1445 3869 Ecclesiam
1488 3814 1801 3867 catholicam

212 3906 457 3960 scribere
502 3920 685 3971 ausus,
716 3905 854 3959 bane
900 3914 1120 3971 temere,
1153 3919 1251 3959 nec
1298 3904 1419 3957 ullis
1464 3902 1701 3957 adductis
1748 3902 1801 3955 in

216 4000 457 4053 medium
508 3997 859 4063 documentis,
888 3997 1170 4051 infamibus
1216 3994 1422 4065 probris
1465 3993 1799 4059 incessebat;

213 4089 690 4156 euutcndebatque
716 4102 901 4141 verum
930 4102 992 4141 ac
1017 4086 1309 4155 legitimum
1340 4084 1664 4153 Baptismum
1688 4090 1803 4136 tan—

216 4180 503 4234 tummodo
543 4193 703 4248 penes
732 4192 879 4230 suam
922 4186 1118 4232 sectam
1148 4174 1367 4244 reperiri
1407 4172 1592 4245 (Ibid.,
1630 4172 1715 4226 lib.
1750 4173 1801 4236 1,

214 4271 305 4327 ς.η1
320 4312 335 4334 ,
365 4287 421 4322 n.
441 4269 526 4337 9.).
547 4268 694 4322 llanc
711 4267 984 4337 epistolam
1004 4268 1047 4319 is
1063 4264 1280 4319 haberet
1301 4265 1577 4331 integram,
1600 4263 1687 4331 qui
1708 4262 1804 4316 dc-

214 4370 403 4431 cerpta
436 4376 506 4415 ex
546 4360 826 4429 Augustini
863 4358 998 4412 libro
1027 4358 1078 4411 in
1115 4354 1431 4411 Petilianum
1460 4353 1691 4409 secundo
1719 4369 1804 4409 ca—

219 4452 392 4520 pitum
441 4450 772 4520 singulorum
819 4448 965 4503 initia
1010 4456 1131 4517 apte
1171 4448 1308 4501 inter
1345 4461 1403 4500 se
1440 4445 1803 4514 corrjungcret.

213 4540 571 4595 Orthodoxos
600 4541 653 4593 in
682 4555 742 4594 ea
773 4539 922 4609 quasi
950 4538 1230 4593 traditores
1248 4579 1262 4602 ,
1291 4546 1380 4591 aut
1403 4546 1555 4589 natos
1583 4552 1612 4590 e
1643 4534 1806 4589 tradi-

220 4634 463 4695 toribus,
498 4631 643 4685 nullo
673 4631 975 4685 testimonio
1006 4633 1160 4685 nixus
1190 4629 1432 4683 traducit.
1462 4630 1718 4697 Acecptas
1742 4627 1809 4682 ab

220 4727 325 4781 illis
377 4727 605 4796 injurias
650 4726 907 4796 queritur,
934 4725 1035 4779 etsi
1076 4723 1407 4779 vexationem
1452 4730 1574 4774 tunc
1614 4720 1808 4774 nullam

217 4818 568 4888 experiretur
595 4816 709 4886 ejus
738 4817 930 4881 factio;
962 4831 1083 4870 cum
1123 4815 1456 4885 magistratus
1483 4814 1611 4866 satis
1646 4812 1809 4867 habe-

220 4921 370 4977 rent,
400 4914 445 4963 si
476 4909 636 4963 modo
666 4909 761 4973 illi,
786 4908 837 4961 vi
870 4908 1003 4962 forte
1035 4908 1165 4976 legis
1193 4922 1222 4959 a
1260 4905 1510 4961 Gratiano
1538 4919 1678 4958 anno
1707 4912 1811 4959 tre-

221 5000 531 5055 centesimo
580 5000 969 5069 septuagesimo
1006 4998 1231 5066 septimo
1269 4996 1408 5061 latze,
1449 4980 1627 5049 sacras
1669 4992 1812 5049 :edes

220 5092 556 5145 adimerent.
589 5090 777 5144 Plures
801 5087 1043 5159 quidem,
1076 5096 1184 5140 tum
1227 5101 1359 5156 quas
1394 5086 1681 5140 Donatista:
1715 5082 1815 5138 Ca-

222 5181 448 5236 tholicis
479 5196 573 5250 per
604 5180 714 5234 vim
740 5180 1062 5248 eripuerant,
1096 5186 1205 5231 tum
1232 5192 1363 5247 quas
1392 5176 1548 5231 iidem
1581 5191 1675 5245 per
1700 5174 1811 5230 dis-

222 5272 353 5325 cidii
387 5282 601 5340 tempus
638 5278 1038 5333 exstruxerant,
1069 5268 1146 5323 eis
1183 5267 1478 5322 subtractas
1519 5266 1815 5321 retinebant

222 5360 533 5415 Catholici:
563 5359 803 5429 quamvis
841 5358 1014 5414 adhuc
1058 5374 1163 5412 non
1198 5373 1399 5427 panem,
1425 5372 1491 5411 ex
1532 5356 1614 5412 his
1654 5357 1815 5412 etiam

221 5467 352 5522 qua:
398 5450 799 5507 communionis
853 5448 1128 5505 catholica:
1171 5446 1416 5512 fuerant,
1464 5447 1817 5503 schismaticis

222 5541 475 5611 partibus
516 5540 798 5596 servirent.
832 5539 1122 5595 Ecclesiam
1170 5537 1456 5593 Catholica:
1501 5538 1650 5593 titulo
1689 5551 1814 5607 spo-

224 5628 364 5688 liare
395 5630 665 5717 nitebatur
690 5650 701 5686 :
735 5630 826 5688 sed
858 5630 1071 5686 tandem
1096 5644 1156 5688 ea
1186 5644 1281 5701 spe
1306 5628 1565 5700 dejectus,
1595 5627 1659 5684 ad
1687 5644 1816 5701 pau-

1566 270 1760 326 LlBliR
1800 267 2112 338 QUINTLS.

2326 198 2353 208 ι-

3346 280 3448 337 ΞΜ

1882 382 2054 436 citatis
2086 398 2177 451 per
2218 396 2491 453 angustam
2535 387 2669 440 viam
2698 388 2983 457 gradientis
3012 389 3217 444 laudem
3244 407 3303 447 se
3330 408 3456 449 con-

1884 475 2101 529 ferebat.
2134 478 2497 548 Expt'obrabat
2536 480 2722 536 factam
2753 498 2780 535 a
2810 483 3097 539 Catholicis
3123 486 3259 545 apud
3286 487 3456 556 impc-

1884 576 2088 622 ratores
2147 572 2624 638 expostulationem
2688 572 2754 627 de
2814 572 3065 629 Ecclesia:
3127 575 3291 640 locis,
3339 592 3459 645 qua:

1886 656 2275 715 Donatistarum
2323 672 2467 717 secta
2513 672 2882 732 occupaverat.
2929 664 3045 718 Jam
3095 674 3203 718 tum
3248 665 3459 734 quidem

1885 747 2164 802 exstabant
2194 750 2358 820 leges,
2391 766 2509 819 qua:
2534 752 2821 807 Donatistis
2850 753 3057 808 urbium
3087 754 3353 809 domicilio
3384 755 3462 809 in-

1886 838 2244 903 terdicerent;
2279 857 2377 896 nec
2404 842 2621 897 dubium
2647 845 2771 914 quin
2814 845 2976 898 multa
3006 846 3225 900 Honorii
3254 847 3306 900 in
3346 847 3463 902 illos

1886 929 2055 984 edicta
2104 933 2467 1000 reperirentur
2513 934 2563 988 id
2615 936 2905 1008 temporis:
2947 952 3047 1005 qua
3094 937 3250 991 etiam
3294 937 3359 992 de
3405 952 3464 992 re

1887 1034 2073 1088 graves
2103 1022 2461 1089 querimonias
2499 1023 2727 1078 habebat
2755 1025 3060 1092 Petilianus,
3092 1026 3232 1096 quod
3262 1026 3465 1082 scilicet

1887 1107 2143 1162 Catholici
2175 1110 2238 1164 ad
2281 1111 2476 1180 regiam
2517 1114 2881 1167 auctoritatem
2925 1114 3290 1185 confugerent.
3321 1114 3465 1171 Inter

1888 1196 2003 1250 lure
2033 1213 2156 1253 suos
2189 1198 2595 1267 adhortabatur,
2625 1212 2682 1257 ut
2718 1204 3072 1258 innocentiam
3104 1205 3274 1271 illam,
3307 1220 3464 1275 quant

1889 1285 2017 1354 ipsis
2040 1288 2239 1353 tribuit,
2263 1290 2342 1343 vel
2369 1290 2625 1347 bonorum
2651 1294 2887 1348 omnium
2911 1303 3241 1349 terrenorum
3259 1296 3465 1365 jactura

1891 1383 2180 1429 tuerentur.
2208 1378 2262 1431 In
2290 1380 2367 1434 eis
2388 1396 2444 1433 se
2464 1396 2691 1451 suosque
2712 1383 3041 1451 numerabat,
3066 1401 3199 1454 quos
3220 1384 3462 1439 Christus

1889 1479 2149 1534 pauperes
2187 1469 2372 1536 spiritu
2403 1481 2592 1537 vocat;
2626 1474 2817 1542 quique
2860 1473 3206 1529 reformidant
3233 1476 3465 1541 divitias,

1890 1554 2082 1609 nedum
2129 1561 2505 1627 concupiscant
2546 1578 2559 1613 :
2604 1563 2809 1616 tametsi
2857 1577 3037 1631 parum
3086 1564 3368 1619 admodum
3417 1567 3469 1619 in

1890 1645 2173 1699 nonnullos
2225 1647 2615 1704 Donatistarum
2669 1652 2945 1721 episcopos
2988 1653 3242 1722 ejusmodi
3287 1655 3470 1709 laudes

1890 1736 2227 1805 quadrarent,
2252 1738 2468 1809 ipseque
2494 1741 2694 1795 nullum
2726 1743 2986 1797 bonorum
3013 1758 3227 1797 suorum
3258 1744 3471 1814 dispen-

1891 1825 2035 1880 dium
2067 1836 2207 1882 esset
2233 1845 2438 1898 passus,
2478 1848 2599 1901 qua:
2638 1848 2705 1886 an
2736 1832 3044 1902 ahjecisset,
3076 1834 3308 1902 profecto
3336 1836 3471 1889 late-

1892 1917 1981 1971 bat
2018 1918 2385 1988 Augustinum.
2416 1922 2490 1975 Eo
2532 1921 2812 1976 dementia:
2851 1937 2912 1977 ac
2951 1924 3212 1993 superbia:
3255 1934 3473 1978 venerat

1894 2005 2202 2074 Pctilianus,
2233 2017 2291 2063 ut
2315 2011 2512 2065 sentire
2536 2011 2807 2066 videretur
2832 2028 2972 2067 vera:
2997 2013 3251 2067 Ecclesia:
3271 2013 3475 2082 episco-

1894 2113 1989 2167 pos
2014 2100 2243 2167 pceeatis
2274 2102 2434 2156 nullis
2464 2102 2720 2156 obnoxios
2750 2117 2887 2167 esse,
2918 2117 3092 2173 neque
3129 2103 3262 2157 adeo
3302 2100 3464 2172 popul

1893 2189 2142 2258 precibus
2181 2190 2456 2261 indigere;
2494 2202 2651 2262 atque
2690 2192 2760 2247 ita
2806 2208 2862 2247 se
2901 2209 3110 2264 quoque
3148 2195 3319 2264 ipsum
3357 2208 3478 2249 esse

1896 2277 2078 2343 Paulo,
2119 2278 2321 2335 Joanne
2366 2282 2723 2351 evangelista,
2776 2282 2991 2337 Dauiele
3035 2292 3192 2353 atque
3234 2284 3352 2339 aliis
3394 2283 3478 2354 ju-

1896 2369 2133 2423 stiorem.

1968 2460 2018 2513 5.
2061 2459 2184 2513 Ηειιο
2228 2461 2452 2528 epistola
2502 2462 2787 2516 multorum
2835 2462 2886 2515 in
2932 2462 3175 2516 manibus
3215 2470 3347 2527 erat,
3387 2463 3478 2531 qui

1898 2549 2069 2601 varias
2094 2548 2252 2603 etiam
2284 2566 2349 2604 ex
2378 2565 2439 2604 ea
2470 2553 2760 2605 sententias
2789 2552 2853 2604 ad
2890 2552 3110 2605 verbum
3149 2552 3473 2617 ediscebaut,

1898 2639 2046 2707 quasi
2094 2656 2156 2693 ex
2200 2655 2361 2708 opere
2400 2640 2655 2695 adversus
2694 2641 3008 2695 catholicam
3048 2641 3341 2696 Ecclesiam
3386 2657 3480 2712 ap—

1901 2738 2068 2806 prime
2099 2738 2270 2792 valido
2299 2736 2414 2810 (De
2446 2737 2649 2793 Unitate
2676 2736 2917 2791 Ecclesia:
2936 2779 2951 2803 ,
2980 2754 3035 2789 η.
3066 2738 3091 2790 1
3115 2734 3154 2799 ).
3183 2735 3340 2791 Cirtre
3368 2737 3479 2807 pri:

1901 2844 2044 2881 mum
2069 2844 2136 2881 ex
2160 2828 2247 2880 illa
2277 2828 2516 2897 qumdam
2540 2827 2666 2897 legit
2688 2827 3011 2897 Augustinus
3037 2826 3247 2896 (Contra
3269 2824 3481 2880 Litteras

1902 2916 2163 2983 Petiliani,
2194 2919 2281 2972 lib.
2317 2918 2367 2983 1,
2400 2936 2452 2971 n.
2485 2919 2563 2989 1),
2592 2917 2726 2972 forte
2751 2919 2931 2983 etiam,
2961 2926 3016 2971 ut
3045 2933 3073 2970 a
3103 2917 3254 2971 nobis
3279 2917 3481 2971 dictum

1900 3018 1998 3073 est,
2024 3025 2128 3078 quo
2151 3020 2386 3079 tempore
2407 3024 2435 3062 a
2457 3008 2730 3063 Generoso
2764 3008 3057 3078 presbyteri
3082 3007 3367 3062 Donatista:
3398 3007 3483 3061 lit-

1904 3108 2062 3163 teras,
2083 3100 2133 3153 in
2155 3100 2345 3169 quibus
2365 3099 2551 3153 eadem
2575 3099 2903 3161 laudabatur,
2928 3098 3133 3167 accepit
3155 3097 3343 3167 (Epist.
3369 3095 3481 3170 55).

1902 3188 2049 3243 Hane
2087 3189 2155 3253 ei,
2187 3204 2306 3242 cum
2349 3189 2400 3241 in
2442 3188 2664 3242 ecclesia
2712 3198 2855 3241 esset
2898 3202 2998 3239 una
3040 3202 3158 3240 cum
3199 3186 3487 3240 Fortunato

1902 3278 2162 3332 catholico
2192 3278 2305 3347 ejus
2336 3277 2437 3330 loci
2478 3276 2711 3329 antistite
2731 3318 2745 3341 ,
2774 3275 3191 3329 orthodoxorum
3236 3275 3476 3329 nonnulli

1904 3367 2228 3428 obtulerunt,
2276 3366 2532 3419 Absentio
2580 3374 2840 3433 pra:sente
2884 3382 2896 3416 :
2940 3362 3073 3416 forte
3122 3362 3485 3432 reponendum

1902 3457 2134 3528 Alypio,
2184 3455 2609 3525 quandoquidem
2658 3456 2879 3525 Alypius
2922 3470 3041 3508 cum
3091 3454 3385 3523 Augustino
3431 3463 3486 3508 et

1903 3534 2192 3601 Fortunato
2220 3544 2543 3615 conjunctim
2571 3544 2841 3599 Generoso
2872 3544 3160 3612 rescripsit.
3192 3543 3316 3597 [hec
3345 3559 3483 3597 non-

1904 3638 2005 3692 nisi
2042 3636 2245 3690 initium
2275 3646 2328 3691 et
2368 3651 2488 3705 pars
2528 3636 2763 3705 epistola:
2804 3648 3053 3703 perquam
3092 3633 3280 3701 exigua
3322 3642 3477 3689 erat:

1905 3726 2153 3797 quoniam
2194 3726 2426 3780 nondum
2456 3726 2675 3779 licuerat
2702 3722 2985 3777 Catholieis
3010 3739 3075 3776 ex
3110 3738 3169 3776 ea
3210 3722 3359 3791 plura
3388 3721 3485 3775 de-

1906 3819 2158 3873 scribere.
2188 3818 2452 3887 Principio
2485 3818 2730 3871 observat
2764 3814 3103 3884 Augustinus,
3140 3812 3239 3865 hac
3264 3812 3485 3881 epistola

1906 3909 1972 3962 ab
1997 3909 2109 3977 ipso
2135 3909 2353 3962 exordio
2382 3908 2611 3961 funditus
2634 3906 2822 3959 Donati
2850 3912 3047 3973 partem
3075 3901 3342 3966 subverti;
3367 3915 3485 3956 cum

1907 3999 1974 4053 ab
2014 3998 2283 4067 impolluta
2324 3997 2635 4067 baptizantis
2660 3993 3013 4059 conscientia,
3060 3990 3242 4047 eorum
3272 3990 3361 4061 qui
3396 3990 3489 4044 ba-

1909 4094 2196 4160 ptizantur,
2225 4089 2452 4158 pendere
2477 4086 2905 4157 juStificationem
2932 4082 3137 4137 doceat.
3163 4083 3491 4151 Quapropter

1910 4181 2050 4233 illam
2079 4196 2261 4235 revera
2290 4180 2525 4233 Petiliani
2552 4192 2692 4241 esse,
2723 4174 2961 4244 quamvis
2989 4172 3104 4243 ejus
3137 4187 3332 4227 nomen
3357 4186 3490 4241 pra:-

1910 4274 2092 4338 ferret,
2126 4271 2265 4325 haud
2313 4269 2465 4323 facile
2504 4268 2605 4321 sibi
2646 4264 3036 4336 persuadebat:
3078 4278 3262 4317 verum
3301 4261 3491 4332 quibus

1910 4374 2035 4419 nota
2055 4373 2170 4417 erat
2190 4361 2345 4431 hujus
2364 4359 2648 4414 Donatista:
2667 4356 2930 4411 scribendi
2956 4355 3142 4419 forma,
3164 4353 3304 4408 hunc
3318 4352 3491 4418 ipsum

1910 4470 2031 4510 esse
2067 4452 2303 4522 ejusdem
2342 4451 2519 4505 stilum
2558 4448 2851 4517 Augustino
2891 4445 3065 4500 testati
3105 4452 3229 4498 sunt
3267 4440 3494 4514 (Contra

1914 4546 2128 4600 Litteras
2171 4541 2427 4605 Petiliani,
2453 4540 2539 4594 lib.
2583 4540 2637 4608 1,
2677 4555 2729 4591 n.
2776 4537 2867 4607 1).
2911 4535 3072 4605 igitur
3111 4534 3257 4589 illam
3296 4533 3494 4603 scripto

1913 4636 2157 4690 refellere
2198 4631 2506 4695 constituit;
2537 4627 2677 4699 quod
2715 4638 2769 4682 et
2797 4626 3039 4695 praestitit
3073 4638 3231 4693 quam
3262 4622 3492 4675 maxima

1915 4724 2082 4796 potuit
2110 4722 2397 4794 diligentia,
2421 4720 2658 4775 claritate
2686 4732 2749 4772 ac
2776 4716 3100 4778 sinceritate,
3125 4727 3191 4766 ne
3214 4712 3341 4782 quid
3369 4725 3497 4763 con-

1917 4825 1994 4870 tra
2022 4814 2332 4869 catholicam
2363 4810 2521 4865 fidem
2553 4807 2706 4864 solidi
2743 4821 2803 4861 ca
2833 4803 3091 4859 contineri
3121 4808 3366 4872 putarent
3392 4799 3493 4851 im-

1917 4903 2238 4975 peritiores:
2282 4916 2382 4956 nec
2423 4898 2681 4957 modestia
2727 4909 2822 4951 sua
2866 4892 3167 4955 inhibetur,
3216 4887 3497 4957 quominus

1917 5005 2117 5051 asserat
2156 4993 2432 5049 veritatem
2477 4990 2530 5045 in
2576 5003 2669 5043 sua
2710 4985 3060 5056 responsione
3101 4981 3235 5035 adeo
3276 4978 3497 5031 firmiter

1918 5086 2161 5151 Stabiliri,
2202 5094 2451 5153 tantaque
2491 5082 2606 5135 luce
2651 5077 2922 5142 illustrari,
2963 5083 3023 5129 ut
3054 5071 3314 5128 Petiliano
3362 5068 3497 5123 nihil

1919 5184 2221 5243 succurrat,
2275 5190 2381 5245 quo
2428 5188 2544 5227 eam
2576 5169 2740 5240 possit
2782 5166 3054 5221 revincere
3083 5160 3287 5232 (Ibid.,
3322 5159 3409 5213 lib.
3439 5159 3495 5225 3,

1920 5286 1972 5323 η.
2033 5267 2139 5337 1).
2196 5265 2616 5335 ReSpousionem
2668 5260 2805 5314 hanc
2858 5254 3001 5311 ﬁdeli
3072 5252 3320 5308 dioecesis
3386 5265 3497 5304 sue

1922 5359 2116 5429 popqu
2170 5357 2343 5420 dicat,
2396 5365 2622 5422 eamque
2681 5363 2786 5404 non
2839 5346 3031 5402 librum
3079 5343 3349 5415 appellat,
3400 5338 3496 5394 sed

1921 5448 2197 5518 epistolam
2228 5444 2633 5517 (Retractation.
2673 5440 2761 5495 lib.
2798 5438 2864 5503 ‘2,
2895 5453 3011 5507 cap.
3041 5436 3112 5491 25
3134 5438 3174 5506 ).
3204 5435 3377 5491 Utitur
3414 5432 3501 5485 hic

1922 5538 2097 5607 Optati
2151 5536 2387 5607 quidem,
2443 5543 2499 5589 at
2557 5532 2724 5587 multo
2774 5528 2943 5599 magis
2998 5524 3499 5581 Maximianistarum

1925 5629 2163 5697 historia,
2182 5627 2498 5699 plebemque
2521 5640 2670 5683 suam
2688 5624 3014 5689 adhortatur,
3034 5629 3090 5675 ut
3112 5620 3245 5673 hanc
3266 5616 3502 5671 ultimam
