3990 6360
553 295 659 363 993

550 415 657 470 alte
695 413 745 467 in
774 417 1006 466 mentem
1042 407 1358 463 demittant:
1390 403 1583 474 quippe
1624 417 1740 470 quze
1769 402 1839 455 sit
1876 397 2122 451 omnibus

547 505 763 559 omnino
815 503 1202 555 Donatistarum
1250 495 1607 565 petitionibus,
1654 494 1768 580 sine
1811 492 1920 545 ullo
1961 506 2119 560 argu-

546 605 839 651 mentorum
869 592 1131 662 priesidio,
1154 587 1471 658 repellendis
1500 586 1725 639 maxime
1753 582 2114 639 accommoda.

542 687 742 753 Quibus
770 684 1015 754 subjicit:
1043 680 1183 746 ch,
1219 684 1420 751 fratres,
1452 692 1565 731 cum
1589 678 1803 747 impigro
1832 684 2118 731 mansuetu-

542 767 658 832 dine
689 777 883 847 agenda
920 784 966 828 et
1003 771 1331 843 prwdicanda
1367 773 1570 826 retinete
1592 787 1610 824 :
1639 771 1830 841 diligite
1867 770 2109 834 homines,

539 868 800 937 interﬁcite
833 880 1025 919 errores
1048 879 1067 918 :
1093 864 1199 917 sine
1222 863 1453 932 superbia
1491 862 1553 915 de
1578 860 1779 916 veritate
1804 861 2108 931 praesumite,

536 959 642 1011 sine
664 956 854 1011 stevitia
883 972 973 1025 pro
1007 955 1210 1008 veritate
1236 961 1436 1006 certate.
1470 950 1625 1006 Orate
1664 969 1755 1023 pro
1781 953 1851 1006 eis
1878 969 2001 1019 quos
2027 968 2109 1006 re-

534 1046 779 1117 darguitis
816 1050 963 1112 atque
1008 1043 1295 1097 convincitis
1325 1041 1551 1112 (Contra
1590 1041 1804 1096 Litteras
1844 1038 2104 1109 Petiliani,

533 1134 620 1191 lib.
651 1139 700 1201 l,
730 1154 783 1190 η.
815 1138 877 1191 ’51
904 1135 948 1207 ).
983 1134 1312 1204 Diligentiam
1342 1147 1470 1187 sane
1494 1130 1731 1187 adhibuit
1760 1132 2102 1201 Augustinus,

533 1235 589 1280 ut
618 1226 833 1295 reliqua:
862 1225 1157 1279 litterarum
1201 1222 1440 1278 Petiliani
1473 1230 1647 1291 partes
1685 1220 1784 1275 sibi
1826 1222 1878 1275 in
1919 1236 2105 1275 manus

531 1316 806 1370 venirent:
850 1314 942 1369 sed
981 1328 1099 1368 cum
1139 1312 1344 1365 illarum
1387 1311 1591 1365 initium
1630 1311 1697 1365 ab
1732 1325 1797 1364 eo
1843 1309 2105 1364 confutari

531 1405 917 1463 intellexissent
955 1403 1271 1467 Donatistae,
1301 1405 1478 1458 nullus
1505 1418 1716 1467 eorum,
1745 1417 1774 1455 a
1803 1402 1992 1471 quibus
2022 1401 2104 1455 lue

529 1500 707 1567 petita:
736 1498 968 1562 fuerunt,
1002 1495 1129 1550 dare
1166 1493 1348 1549 voluit.
1378 1494 1525 1548 Adeo
1560 1493 1879 1548 verebantur
1909 1491 2004 1558 illi,
2036 1506 2103 1546 ne

527 1588 667 1657 quod
692 1604 721 1643 e
750 1589 858 1642 suis
884 1587 1095 1657 scriptis
1116 1587 1169 1640 in
1196 1584 1584 1641 Catholicorum
1612 1598 1798 1637 manus
1829 1582 2098 1637 incideret.

525 1676 681 1744 Quid,
704 1678 843 1748 quod
867 1677 1189 1746 Augustinus
1211 1673 1519 1730 Petilianum
1543 1688 1808 1744 nunquam
1832 1672 2101 1727 inductum

526 1760 590 1823 iri
618 1778 782 1839 putat,
818 1780 873 1823 ut
911 1767 1050 1823 illam
1081 1769 1247 1837 ipsam
1287 1766 1564 1836 epistolam
1592 1766 1677 1821 vel
1703 1780 1798 1836 pro
1821 1782 1912 1821 sua
1940 1783 2101 1837 agno.

525 1871 656 1927 seat,
704 1876 764 1915 ae
801 1861 1011 1930 propria
1056 1872 1213 1913 manu
1256 1858 1538 1927 obsignet?
1583 1859 1991 1929 llaudquaquam
2030 1861 2100 1915 ita

524 1966 581 2005 se
612 1951 823 2020 gerebat
848 1950 1168 2019 Augustinus
1193 1966 1205 2000 :
1239 1948 1331 2003 sed
1359 1944 1660 2003 Catholicos
1689 1959 1857 2019 rogat,
1888 1965 1955 2004 ne
1982 1950 2099 2004 cui-

523 2055 680 2110 quam
713 2040 947 2109 poscenti
975 2055 1123 2094 suam
1161 2039 1327 2109 ipsius
1360 2036 1638 2108 epistolam
1673 2048 1883 2109 negent,
1912 2041 2018 2095 imo
2044 2048 2098 2095 et

522 2143 641 2184 eam
670 2145 775 2183 non
811 2130 1147 2198 poscentibus
1176 2130 1436 2199 ingeram.
1467 2130 1753 2186 Donatistis
1780 2130 1847 2185 ita
1880 2146 2098 2201 respon-

522 2212 678 2275 dendi
709 2218 833 2275 facit
861 2229 1169 2289 potestatem
1190 2263 1204 2288 ,
1242 2228 1301 2275 ut
1325 2221 1368 2275 si
1392 2220 1458 2275 ad
1486 2220 1656 2290 ipsum
1686 2221 1874 2287 nolint,
1910 2223 2095 2277 saltem

521 2304 590 2363 ad
628 2319 785 2365 secta:
824 2325 932 2363 suae
963 2312 1191 2365 fautores
1228 2312 1629 2380 responsibnem
1673 2309 1905 2378 mittant,
1937 2312 2094 2366 dum-

522 2400 681 2454 modo
706 2415 821 2454 eam
852 2401 947 2469 ipsi
975 2401 1230 2455 occulturi
1260 2418 1362 2456 non
1386 2403 1625 2471 jubeant.
1656 2402 1803 2472 lpsos
1831 2420 2040 2474 quoque
2065 2420 2095 2460 a

522 2489 808 2559 premenda
852 2499 959 2544 tam
1005 2490 1190 2546 sedulo
1227 2484 1467 2547 Petiliani
1502 2493 1725 2563 epistola
1764 2494 2092 2562 dehortatur,

520 2592 588 2634 ne
626 2580 782 2645 forte,
810 2598 966 2652 quam
1006 2592 1208 2653 partem
1251 2584 1349 2639 sibi
1393 2578 1572 2639 videre
1614 2601 1717 2640 non
1762 2588 2000 2657 contigit,
2031 2604 2094 2644 ea

517 2671 851 2725 contineatur
874 2673 1090 2742 aliquid,
1120 2674 1280 2743 quod,
1312 2676 1383 2729 uti
1412 2675 1576 2731 facete
1612 2676 1757 2742 dicit,
1790 2678 1957 2734 refelli
1985 2695 2091 2735 non

514 2765 687 2834 possit
715 2761 895 2833 (Ibid.,
914 2783 965 2819 η.
993 2764 1107 2837 27).

588 2854 642 2908 4.
686 2855 921 2909 Primum
967 2857 1108 2912 hunc
1144 2858 1334 2913 librum
1382 2867 1504 2929 pust
1545 2860 1783 2916 Gildouis
1823 2870 1877 2917 et
1916 2863 2091 2933 Optati

518 2956 776 3014 mortem,
809 2948 859 3002 id
891 2956 991 3015 est,
1026 2964 1131 3004 non
1169 2960 1291 3006 ante
1318 2953 1441 3005 anni
1468 2954 1820 3008 treeentesimi
1858 2970 2091 3025 nonage-

516 3028 637 3090 simi
660 3039 827 3091 octavi
860 3037 1015 3093 ﬁnem
1046 3042 1341 3108 composuit
1368 3040 1568 3112 (Ibid.,
1596 3061 1685 3097 nn.
1719 3045 1804 3109 10,
1828 3045 1894 3099 27
1921 3047 1938 3115 )
1966 3064 1978 3101 :
2005 3047 2089 3100 cui

516 3125 754 3193 profecto
778 3126 934 3192 libro,
958 3128 1000 3181 si
1024 3144 1143 3183 eum
1166 3130 1358 3198 scripta
1379 3132 1476 3186 sub
1498 3133 1761 3188 Anastasii
1783 3136 2089 3205 pontiﬁcatu

515 3211 584 3269 ad
622 3213 948 3271 Generosum
982 3217 1200 3287 epistola
1228 3222 1526 3288 praecessit,
1561 3239 1628 3277 ne
1657 3224 1837 3279 licebit
1875 3225 2087 3294 quidem

516 3309 724 3374 tempus
776 3314 899 3362 ante
953 3323 1148 3362 annum
1206 3312 1631 3366 trecentesimum
1689 3318 2086 3385 nonagesimum

514 3404 715 3448 nonum
740 3395 1043 3466 assignare;
1073 3412 1192 3451 cum
1217 3400 1523 3454 Anastasius
1547 3401 1613 3455 ad
1640 3418 1756 3456 eam
1779 3404 2086 3473 dignitatem

516 3484 876 3541 tantummodo
901 3496 1150 3558 vergente
1174 3504 1311 3543 anno
1343 3492 1715 3546 trecentesimo
1746 3496 2086 3564 nonagesimo

511 3586 698 3632 octavo
723 3587 996 3648 coeptatus
1024 3581 1110 3635 sit.
1137 3580 1272 3647 Quin
1305 3583 1410 3637 imo
1434 3598 1496 3638 ex
1522 3584 1972 3641 Retraetationum
2003 3602 2087 3643 se-

511 3666 621 3733 rie,
658 3667 710 3722 in
747 3684 849 3738 qua
891 3670 1088 3738 primus
1130 3670 1230 3725 iste
1265 3672 1400 3727 liber
1436 3688 1556 3727 cum
1597 3675 1831 3729 secundo
1873 3677 2087 3732 circiter

509 3771 708 3812 annum
734 3760 1307 3830 quadringentesimum
1333 3763 1621 3819 secundum
1653 3765 1796 3819 edito
1822 3766 2079 3836 jungitur,

509 3863 615 3902 non
646 3849 810 3903 multo
836 3858 958 3904 ante
980 3850 1120 3905 hunc
1158 3852 1328 3920 ipsum
1357 3868 1551 3907 annum
1577 3855 1913 3911 collocandus
1938 3858 2084 3914 vide-

508 3946 674 4003 retur,
705 3939 804 3991 nisi
842 3940 1001 3994 variis
1046 3941 1099 3994 in
1137 3956 1202 3996 eo
1244 3942 1374 3996 locis
1412 3945 1731 4014 Augustinus
1775 3947 2081 4004 Praetextati

507 4028 804 4083 Assuritani
832 4038 886 4084 et
914 4030 1162 4084 Feliciani
1189 4032 1454 4087 Mustitani
1498 4043 1745 4104 tauquam
1779 4037 1951 4093 adhuc
1987 4053 2079 4093 su-

506 4119 782 4190 perstitum
803 4119 1169 4175 recordaretur
1190 4121 1371 4191 (lbid.,
1394 4141 1481 4177 nn.
1503 4124 1590 4189 10,
1612 4126 1731 4197 26);
1757 4142 1876 4182 nam
1898 4144 1928 4184 e
1946 4130 2080 4184 vivis

506 4218 808 4262 excesserat
842 4209 1185 4265 Prwtextatus
1205 4252 1219 4277 ,
1247 4220 1528 4283 antequam
1560 4216 1881 4286 Augustinus
1906 4219 2081 4274 absol-

505 4306 653 4353 veret
677 4312 827 4353 suum
857 4298 907 4352 in
947 4299 1349 4355 Parmenianum
1374 4318 1506 4371 opus
1544 4303 1770 4376 (Contra
1794 4300 2076 4377 Epistolam

506 4385 767 4454 Parmen.,
806 4388 893 4441 lib.
923 4388 976 4454 5,
1006 4405 1118 4459 cap.
1143 4389 1236 4461 6),
1272 4392 1411 4460 quod
1439 4394 1574 4449 ultra
1598 4411 1796 4451 annum
1823 4400 2075 4468 quadrin-

500 4478 849 4546 gentesimum
880 4479 1026 4548 rejici
1064 4495 1221 4549 posse
1251 4498 1353 4537 non
1395 4492 1654 4552 putamus.
1684 4488 1939 4554 Quocirca
1969 4507 2075 4545 non

502 4569 767 4623 immerito
801 4570 1015 4636 dixeris,
1045 4578 1327 4643 utrumque
1354 4570 1544 4630 librum
1584 4579 1651 4633 ab
1686 4581 1978 4651 Augustino
2006 4584 2075 4639 ob

500 4660 796 4727 argumenti
827 4660 1221 4716 similitudinem
1263 4678 1363 4717 una
1386 4665 1644 4734 junctum,
1676 4678 1833 4740 atque
1861 4672 1916 4726 in
1955 4672 2073 4728 loco

497 4751 707 4819 utrique
731 4750 885 4804 simul
906 4752 1239 4822 assignando,
1264 4756 1519 4811 rationem
1540 4760 1755 4815 secundi
1781 4776 1899 4818 esse
1920 4764 2072 4819 habi-

498 4847 628 4906 tam,
656 4855 762 4895 non
792 4838 966 4909 primi,
995 4858 1150 4912 quem
1181 4845 1416 4914 epistolae
1458 4856 1659 4903 tantum
1687 4851 1804 4905 loco
1844 4854 2072 4911 habebat

494 4929 610 4999 ipse
654 4932 997 5004 Augustinus,
1035 4950 1136 4990 nec
1173 4937 1224 4990 in
1264 4938 1518 4993 librorum
1560 4956 1776 4996 suorum
1821 4960 2064 5013 numero,

494 5022 594 5075 nisi
625 5024 843 5080 secundi
871 5039 933 5079 ac
963 5026 1099 5080 tertii
1125 5028 1290 5095 gratia
1321 5030 1646 5087 recensebat.
1677 5032 1747 5088 Ut
1774 5035 1861 5089 ille
1890 5044 2066 5093 tamen

494 5112 627 5167 liber
659 5124 842 5168 contra
881 5116 1124 5171 Petiliani
1162 5118 1363 5173 litteras
1405 5122 1620 5191 primus,
1650 5140 1806 5195 quam
1849 5129 2066 5186 minimc

493 5203 651 5273 longo
686 5209 940 5276 temporis
979 5208 1256 5264 intervallo
1282 5226 1311 5263 a
1342 5212 1544 5269 duobus
1579 5216 1696 5270 aliis
1735 5218 2065 5291 disjungere-

493 5300 599 5359 tur,
626 5297 820 5365 placuit
862 5300 1036 5355 locum
1079 5301 1250 5357 eidem
1278 5311 1401 5358 ante
1441 5314 1547 5361 tres
1576 5308 1626 5361 in
1657 5306 2060 5371 Parmenianum

490 5383 654 5439 libros
684 5390 975 5456 proximum
1002 5393 1313 5450 concedere.

559 5476 611 5563 5.
654 5477 1049 5547 Parmenianus,
1087 5484 1154 5539 de
1193 5501 1297 5555 quo
1338 5486 1425 5541 hic
1463 5488 1652 5557 agitur,
1680 5490 1766 5546 ille
1806 5494 1916 5563 ipse
1955 5507 2056 5562 est,

488 5561 577 5631 qui
607 5565 657 5618 in
689 5567 860 5623 locum
890 5570 1151 5626 demortui
1192 5575 1379 5631 Donati
1408 5591 1437 5630 a
1467 5577 1750 5637 Donatistis
1788 5561 2059 5657 Carthagi-

486 5658 667 5712 neasis
721 5663 997 5733 episcopus
1053 5665 1302 5724 suffectus
1363 5671 1528 5728 fuerat
1566 5674 1826 5732 (Retract.
1874 5680 1959 5733 lib.
2002 5678 2055 5749 2,

1653 286 1803 341 VlTA
1847 286 1902 342 S.
1945 282 2305 340 AUGUSTINI
2350 282 2672 345 EPISCOPI.

3701 294 3808 359 298

2226 415 2341 472 cap.
2372 402 2481 474 17).
2512 405 2559 458 Is
2583 406 2691 473 jam
2721 413 2827 459 tum
2851 417 3152 463 excesserat
3177 423 3207 465 e
3232 410 3336 465 vita
3366 411 3575 485 (Contra
3602 414 3808 484 Epist.»

2229 491 2330 545 lant
2364 493 2691 548 Parmenioni
2712 537 2727 561 ,
2760 495 2847 549 lib.
2878 500 2929 561 1,
2958 500 3065 552 ε.·1
3163 501 3359 556 Verum
3390 519 3509 557 cum
3556 508 3803 574 epistola,

2222 597 2379 651 quam
2429 586 2683 640 adversus
2728 586 3039 642 Tichonium
3083 592 3385 661 scripserat,
3419 594 3472 648 in
3522 597 3802 665 Augustini

2222 684 2409 729 manus
2439 676 2732 745 incidisset,
2763 688 2872 733 nan
2905 681 3073 749 potuit
3097 682 3349 739 Ecclesia
3375 686 3647 742 catholicae
3684 691 3804 743 vin-

2217 762 2317 817 dex
2368 767 2666 833 petentibus
2708 778 2884 838 atque,
2931 778 2990 827 nt
3035 774 3148 842 ipse
3194 775 3441 845 loquitur,
3485 778 3799 846 jubentibus

2215 854 2487 923 fratribus,
2518 867 2576 911 ut
2617 860 2755 912 illam
2803 862 3121 925 confutaret,
3166 880 3268 919 non
3314 880 3514 922 morem
3563 885 3790 939 gerere;

2212 944 2371 1017 idque
2392 950 2618 1005 maxime
2642 952 2711 1006 ob
2735 950 2972 1009 diversos
2993 970 3259 1011 sacrarum
3288 960 3595 1028 paginardm
3621 962 3790 1028 locos,

2210 1039 2363 1107 Queis
2388 1038 2765 1095 Parmenianus
2789 1041 2855 1096 ad
2879 1042 3262 1099 defendendam
3291 1048 3454 1115 partis
3474 1064 3583 1104 suae
3611 1058 3789 1105 seces-

2209 1128 2412 1183 sionem
2439 1130 2767 1184 abutebatur.
2791 1133 3114 1202 Augustinus
3144 1136 3303 1206 igitur
3326 1138 3376 1191 id
3404 1139 3457 1192 in
3485 1154 3543 1194 se
3563 1143 3790 1211 recepit,

2209 1229 2267 1274 ut
2291 1221 2580 1276 Ecclesiam
2612 1232 2722 1278 toto
2747 1232 3002 1279 terrarum
3031 1227 3161 1281 orbe
3199 1227 3443 1284 diffusam
3480 1244 3729 1302 purgaret
3756 1249 3790 1289 a

2207 1309 2662 1367 criminationibus
2694 1322 2747 1368 et
2772 1314 3069 1381 calumniis,
3102 1319 3293 1388 quibus
3323 1320 3607 1375 Donatista:
3632 1339 3789 1378 suum

2206 1397 2274 1453 ab
2314 1415 2376 1455 ea
2418 1401 2696 1458 discidium
2746 1406 2880 1460 tueri
2921 1408 3071 1476 quasi
3106 1409 3394 1480 legitimum
3432 1416 3786 1471 conabantur.

2206 1489 2317 1556 Qua
2360 1491 2427 1545 de
2473 1507 2629 1546 causa
2673 1495 3073 1552 Celeberrimam
3116 1498 3257 1554 illam
3293 1506 3489 1557 excutit
3525 1521 3587 1558 ac
3624 1506 3788 1561 solvit

2205 1581 2570 1648 Quaestionem,
2599 1597 2667 1636 an
2697 1579 2821 1638 mali
2851 1586 3038 1653 bonos,
3066 1585 3376 1658 quibuscum
3405 1594 3638 1662 ejusdem
3679 1595 3788 1651 Ec-

2204 1668 2379 1723 clesia:
2405 1671 2680 1736 societate,
2713 1684 2775 1728 ac
2803 1678 3107 1732 eorumdem
3140 1679 3599 1738 Sacramentorum
3626 1701 3787 1741 com-

2204 1759 2453 1816 munione
2496 1764 2825 1831 copulantur,
2877 1767 3152 1825 inﬁciant:
3194 1770 3261 1824 ab
3307 1772 3410 1827 illis
3453 1785 3629 1829 autem
3682 1779 3783 1832 hos

2202 1850 2422 1907 minime
2448 1855 2792 1909 contaminari
2835 1856 3180 1913 demonstrat.
3213 1861 3342 1927 Quae
3379 1864 3476 1932 per
3502 1865 3781 1920 Maximia-

2202 1942 2459 1999 nistarum
2505 1946 2733 2000 schisma
2778 1956 3097 2015 evenerant,
3148 1952 3475 2019 potissimum
3520 1953 3778 2024 adhibet,

2202 2026 2410 2103 illisque
2440 2041 3019 2114 peropportunearmis
3049 2041 3226 2105 utitur,
3255 2058 3371 2112 qua:
3396 2044 3492 2096 sibi
3526 2047 3776 2114 praebue-

2201 2129 2317 2176 rant
2344 2124 2649 2190 Donatista,
2673 2141 2791 2180 cum
2817 2112 3142 2183 Felicianum
3169 2112 3613 2197 Mustitanum,_ac
3636 2135 3785 2189 Prm-

2201 2214 2457 2268 textatum
2494 2216 2883 2283 Assuritanum,
2931 2233 3049 2273 cum
3094 2221 3338 2275 omnibus
3379 2222 3432 2276 in
3477 2216 3781 2280 Maximiani

2200 2303 2485 2360 schismate
2513 2305 2805 2375 baptizatis,
2850 2308 2915 2361 ad
2958 2311 3381 2365 communionem
3424 2313 3776 2371 admiserunt.

2198 2394 2265 2448 Et
2287 2395 2499 2466 quidem
2529 2412 2559 2451 e
2582 2400 2686 2451 vita
2715 2398 3062 2454 Prmtextatus
3087 2400 3225 2455 haud
3250 2402 3403 2471 longe
3428 2413 3549 2458 ante
3573 2404 3780 2460 disces-

2198 2497 2374 2542 serat:
2398 2488 2695 2545 Felicianus
2718 2500 2892 2546 autem
2912 2492 3083 2548 adhuc
3107 2501 3376 2563 snperstes
3401 2506 3532 2550 erat.
3555 2496 3783 2553 Multum

2197 2580 2407 2648 quoque
2433 2578 2587 2633 isthic
2615 2580 2934 2649 Augustinus
2972 2596 3270 2637 sermonem
3308 2578 3466 2639 habet
3493 2584 3558 2641 de
3588 2576 3779 2642 Gildo-

2197 2668 2355 2722 niano
2379 2670 2591 2739 Optato,
2619 2670 2790 2740 deque
2815 2671 2881 2726 ab
2910 2687 2975 2726 eo
3005 2668 3266 2729 violenter
3290 2674 3442 2730 factis
3467 2692 3481 2740 ;
3512 2687 3565 2730 et
3588 2680 3783 2746 quam-

2196 2757 2285 2812 diu
2327 2758 2579 2814 bacchata
2625 2761 2693 2815 sit
2733 2758 2849 2831 ejus
2890 2764 3147 2832 tyrannis,
3178 2778 3281 2818 non
3322 2766 3546 2820 obscdre
3587 2766 3782 2821 definit

2196 2848 2399 2920 (Ibid.,
2440 2850 2527 2904 lib.
2575 2850 2629 2916 2,
2689 2870 2742 2906 n.
2796 2850 2891 2923 4).
2946 2853 3075 2921 Quae
3128 2855 3339 2924 quidem
3378 2872 3519 2910 anno
3560 2855 3778 2913 demum

2196 2943 2568 2997 trecentesimo
2628 2945 2972 3014 nonagesimo
3023 2955 3209 3001 octavo
3259 2944 3461 3002 sublata
3511 2957 3610 3002 est.
3657 2949 3778 3016 Quo

2196 3040 2431 3102 tempore
2474 3032 2589 3088 haec
2639 3035 2842 3101 scribit,
2887 3035 3075 3091 eodem
3126 3036 3239 3106 ipso
3286 3036 3397 3093 fere
3435 3038 3604 3093 ubivis
3639 3055 3777 3109 gen-

2194 3118 2325 3175 tium
2377 3121 2629 3177 falsorum
2661 3120 2880 3180 deorum
2933 3126 3125 3195 templa
3174 3128 3287 3205 solo
3342 3128 3556 3199 :equari,
3586 3144 3778 3185 eorum

2192 3212 2473 3269 simulacra
2528 3215 2702 3285 legum
2751 3232 2939 3271 recens
2984 3215 3207 3272 latarum
3259 3220 3308 3273 vi
3350 3222 3657 3287 comminui,
3688 3237 3781 3276 sae

2191 3321 2281 3360 cra
2324 3306 2552 3377 denique
2581 3322 2642 3361 ac
2672 3311 3007 3364 eeremonias
3038 3306 3286 3377 inhiberi,
3330 3321 3551 3367 testatur
3577 3313 3772 3384 (fbid.,

2193 3392 2279 3449 lib.
2316 3396 2367 3461 1,
2395 3414 2447 3449 η.
2481 3397 2569 3469 15)
2595 3414 2608 3463 ;
2637 3394 2777 3468 quod
2820 3414 2960 3453 anno
3009 3403 3380 3456 trecentesimo
3423 3404 3775 3473 nonagesimo

2190 3500 2332 3541 nono
2361 3486 2474 3541 fieri
2500 3498 2751 3557 coeptum.
2780 3482 3112 3560 Quapropter
3136 3501 3259 3547 ante
3290 3491 3431 3547 hunc
3454 3508 3649 3547 annum
3686 3494 3773 3547 lo-

2190 3590 2311 3630 care
2358 3593 2464 3631 non
2509 3577 2631 3633 licet
2674 3594 2791 3634 eam
2840 3580 3289 3651 lucubrationem,
3337 3599 3494 3653 quam
3542 3584 3772 3654 ipsemet

2189 3662 2512 3736 Augustinus
2542 3669 2779 3737 proxime
2804 3679 2924 3740 post
2959 3672 3149 3727 librum
3184 3672 3252 3728 de
3279 3674 3561 3731 concordia
3589 3676 3772 3730 Evan.

2186 3754 2489 3823 gelistarum
2514 3753 2682 3827 ponit.

2258 3843 2310 3899 6.
2342 3847 2398 3901 lu
2427 3847 2513 3903 illa
2545 3859 2727 3904 contra
2758 3848 3160 3908 Parmenianum
3205 3846 3569 3911 lucubratione
3605 3866 3774 3927 spon-

2185 3932 2276 3993 det
2303 3950 2517 3993 sanctus
2548 3941 2771 4006 Doctor,
2800 3936 2922 3997 alibi
2952 3959 3011 3998 se
3039 3942 3203 3998 fusius
3232 3936 3485 4015 Baptismi
3510 3949 3769 4015 quaestio-

2185 4042 2305 4081 nem
2338 4036 2704 4083 tractaturum.
2728 4030 2919 4100 Reipsa
2942 4042 3143 4102 septem
3166 4028 3330 4089 libros
3349 4032 3415 4091 de
3440 4037 3769 4106 Baptismate

2186 4128 2365 4186 postea
2393 4122 2723 4189 composuit,
2756 4136 2890 4191 quos
2923 4116 3093 4178 eidem
3131 4117 3215 4178 isti
3251 4125 3397 4193 operi
3436 4128 3674 4195 proxime
3700 4128 3758 4183 in

2184 4210 2664 4267 Retractationibus
2711 4214 2978 4283 subjungit
3026 4213 3489 4285 (Retractationum
3540 4217 3624 4271 lib.
3683 4218 3754 4285 2,

2184 4320 2298 4374 cap.
2327 4304 2391 4358 l8
2411 4303 2451 4374 ).
2475 4303 2625 4358 lluuc
2643 4305 2801 4359 alium
2825 4306 3060 4360 laborem
3089 4307 3331 4375 promissi
3353 4323 3455 4361 non
3477 4308 3767 4363 immemor

2181 4396 2441 4464 suscepit,
2486 4396 2632 4449 illum
2676 4403 2850 4450 tamen
2900 4395 3152 4451 fratribus
3196 4396 3604 4468 efﬁagitantibus
3651 4415 3763 4455 non

2182 4496 2500 4555 negaturus,
2527 4488 2735 4542 etiamsi
2774 4489 2827 4542 in
2863 4489 3001 4543 libro
3035 4498 3216 4543 contra
3252 4481 3656 4545 Parmeniauum
3687 4492 3760 4547 de

2179 4589 2245 4631 eo
2282 4576 2410 4630 nihil
2441 4579 2790 4646 promisisset.
2820 4578 2873 4633 Id
2902 4576 3000 4633 sibi
3029 4582 3079 4632 iu
3111 4572 3190 4633 his
3216 4589 3418 4649 septem
3448 4581 3598 4636 libris
3624 4599 3754 4651 pro-

2178 4665 2329 4734 ponit
2349 4707 2362 4729 ,
2395 4674 2453 4721 ut
2483 4682 2543 4721 ea
2572 4668 2856 4735 dissolvat,
2892 4685 3011 4738 qua:
3045 4661 3112 4724 de
3146 4664 3468 4739 Baptismate
3496 4671 3757 4726 adversus

2179 4747 2435 4812 Ecclesia:
2477 4756 2768 4813 doctrinam
2811 4754 3095 4814 Donatistae
3143 4760 3476 4830 objectabant
3513 4779 3526 4815 :
3563 4762 3657 4816 sed
3700 4763 3755 4818 in

2176 4849 2394 4918 primis,
2436 4860 2491 4904 ut
2528 4850 2806 4921 Cypriani,
2848 4867 3005 4921 quem
3044 4854 3206 4906 armis
3234 4854 3470 4907 veritatis
3498 4860 3753 4923 tanquam

2176 4943 2537 4998 ﬁrmissimum
2567 4945 2809 5015 clypeum
2836 4944 3190 5013 Oppone-bant,
3213 4943 3510 4999 auctoritati
3532 4961 3759 5015 respon-

2174 5036 2331 5101 deat;
2360 5037 2710 5106 ostendatquc
2747 5052 2854 5091 non
2898 5038 3089 5107 iniquis
3130 5048 3305 5092 rerum
3340 5039 3756 5094 aestimatoribus

2173 5145 2272 5184 nec
2300 5129 2636 5198 prasjudicata
2674 5128 2921 5197 opinione
2949 5129 3244 5197 Corruptis,
3278 5128 3409 5182 nihil
3449 5143 3569 5184 esse
3607 5128 3755 5199 quod

2175 5234 2268 5275 eos
2301 5219 2522 5274 validius
2560 5219 2627 5273 ad
2662 5220 2929 5275 silentium
2960 5214 3168 5289 adigat,
3198 5234 3261 5273 ac
3292 5218 3495 5274 discidii
3534 5234 3639 5289 quo
3681 5218 3755 5273 ab

2170 5312 2407 5367 Ecclesia
2437 5312 2786 5379 desciverant,
2818 5312 3153 5366 fundamenta
3184 5312 3423 5379 subruat,
3446 5327 3601 5382 quam
3622 5312 3754 5367 head

2172 5403 2359 5458 tissimi
2386 5403 2541 5472 hujus
2568 5403 2812 5475 martyris
2838 5405 2890 5456 in
2917 5418 2977 5456 ea
3002 5403 3110 5471 ipsa
3134 5418 3295 5471 super
3315 5403 3585 5472 Baptismo
3609 5416 3746 5455 con-

2171 5495 2425 5549 troversia
2464 5494 2717 5563 judicium
2756 5504 2810 5549 et
2843 5494 3029 5563 agendi
3072 5495 3224 5548 ratio.
3255 5496 3333 5548 Ad
3362 5495 3474 5549 haec
3504 5496 3742 5565 ipsorum

2168 5587 2478 5642 auctoritate
2521 5587 2907 5642 Donatistarum
2953 5594 3177 5656 pugnat,
3218 5588 3305 5657 qui
3349 5597 3563 5657 recepto
3602 5585 3748 5641 Feli-

2171 5683 2323 5738 ciano
2346 5682 2569 5755 pmprite
2593 5696 2763 5737 causa:
2794 5680 3121 5736 ﬁrmamenta
3146 5679 3535 5752 confregerant,
3560 5688 3614 5734 ut
3632 5679 3748 5751 jam
