3990 6360
203 293 305 350 297

205 408 341 464 nulla
381 409 687 477 superesset
723 398 789 453 de
833 412 891 451 re
930 408 1051 449 eum
1096 390 1282 446 Donati
1322 386 1581 457 prmcipua
1620 399 1774 456 gran-

202 500 440 567 diorique
484 503 634 566 parte
672 482 1011 546 concertandi
1058 490 1246 545 causa,
1282 478 1375 534 sed
1416 485 1617 531 tantum
1655 489 1774 529 cum

204 564 866 661 particulis—quibusdam,
902 592 1019 648 quce
1058 575 1199 628 velut
1236 587 1265 625 a
1304 584 1526 639 corpore
1563 581 1658 620 suo
1691 564 1775 619 di-

204 656 365 734 vulsae
410 675 749 749 grandiorem
787 672 927 725 illam
965 666 1033 721 ob
1070 662 1415 733 approbatum
1447 656 1775 713 Maximiani-

206 782 405 825 starum
451 766 711 836 baptisma
747 758 1157 816 criminabantur
1177 795 1191 819 ,
1222 767 1284 807 ac
1312 752 1409 805 sibi
1438 750 1564 803 solis
1594 763 1775 801 verum

207 860 471 927 Baptisma
499 854 719 925 singula:
745 852 821 907 sie
847 846 1181 918 arrogabant,
1210 852 1267 898 ut
1296 854 1620 911 unaqumque
1646 852 1777 893 con-

205 951 487 1016 tenderet,
518 964 618 1003 nec
643 945 858 1000 omnino
892 955 1011 998 esse
1039 938 1198 1004 alibi,
1227 951 1325 991 nec
1352 936 1404 988 in
1432 932 1661 987 Ecclesia
1687 945 1778 985 ea-

206 1044 395 1097 tholica
419 1083 434 1108 ,
466 1054 568 1095 nec
595 1039 648 1093 in
686 1038 798 1107 ipsa
830 1031 1108 1105 grandiore
1144 1035 1293 1099 parte
1329 1023 1553 1090 Donati,
1589 1035 1689 1076 nec
1726 1020 1778 1073 in

205 1133 418 1189 ert-teris
460 1139 656 1201 pneter
698 1143 757 1181 se
803 1139 962 1180 unam
1002 1137 1067 1177 ex
1113 1115 1479 1174 minutissimis
1524 1110 1777 1182 partibus.

206 1200 482 1279 Postrema
520 1219 698 1290 aperis
737 1224 889 1287 parte
930 1210 1218 1267 sententias
1247 1203 1451 1262 concilii
1486 1200 1622 1273 apud
1651 1200 1782 1254 Car-

206 1314 475 1383 thaginem
519 1306 768 1379 Cypriani
809 1302 1119 1357 auctoritate
1148 1298 1214 1354 de
1242 1293 1528 1366 rejicieudo
1566 1290 1780 1345 hmreti-
1822 1310 1825 1313 λ

206 1381 386 1460 eorum
438 1401 705 1471 baptismo
748 1394 997 1451 celebrati
1045 1405 1230 1446 omnes
1276 1384 1570 1457 expendit,
1618 1390 1673 1438 et
1715 1381 1780 1435 ad

206 1496 425 1551 verbum
462 1489 690 1561 singulis
717 1485 1007 1557 respondit.

268 1584 321 1642 7.
352 1586 489 1642 Cum
532 1584 583 1639 id
621 1582 874 1651 temporis
912 1576 1235 1648 Augustinus
1266 1584 1565 1627 sermonem
1598 1576 1784 1623 contra

206 1684 509 1739 Donatistas
539 1680 756 1734 haberet
781 1675 1047 1745 frequens,
1072 1669 1281 1741 quidam
1305 1683 1368 1721 ex
1398 1666 1462 1719 iis
1490 1664 1673 1729 laicus,
1697 1661 1780 1715 cui

208 1777 455 1832 Centurio
496 1787 717 1837 nomen,
757 1770 810 1823 in
848 1765 1140 1821 Ecclesiam
1180 1756 1351 1816 attulit
1387 1756 1645 1812 adversus
1681 1753 1783 1808 Ca-

213 1868 443 1922 tholicos
470 1862 724 1920 nonnulla
754 1859 972 1928 scripta,
1000 1854 1188 1926 quibus
1216 1851 1346 1906 nihil
1369 1846 1585 1903 omnino
1610 1844 1785 1900 conti-

208 1958 454 2022 nebatur,
478 1960 673 2026 prater
700 1951 845 2005 locos
871 1944 1069 2018 aliquot
1089 1959 1120 2000 e
1140 1941 1305 1997 sacris
1324 1939 1527 2010 paginis
1546 1937 1598 1991 in
1622 1950 1783 1990 unum

205 2056 525 2117 congestos,
553 2057 685 2113 quos
720 2055 899 2095 secum
937 2038 1110 2091 facere
1147 2029 1466 2087 schismatici
1500 2026 1787 2082 contende-

208 2139 358 2191 bant.
389 2137 483 2190 llis
510 2134 740 2189 breviter
768 2127 1039 2199 respondit
1068 2126 1210 2181 edito
1232 2123 1429 2194 scripto
1448 2159 1464 2187 ,
1489 2120 1573 2174 cui
1601 2118 1786 2174 Contra

206 2228 340 2294 quod
391 2225 564 2278 attulit
620 2220 886 2277 Centurius
931 2234 962 2271 a
1012 2214 1328 2280 Donatistis,
1382 2211 1586 2266 titulum
1641 2207 1783 2263 fecit.

210 2319 409 2373 Eadem
455 2315 801 2386 inscriptione
845 2309 972 2366 illud
1015 2310 1067 2363 in
1108 2322 1204 2362 suo
1246 2304 1423 2359 Indice
1465 2310 1611 2357 notat
1659 2300 1789 2355 Pes.

207 2412 370 2465 sidius
400 2408 743 2479 (Possidius,
774 2406 825 2457 in
857 2402 1125 2466 lndiculo,
1161 2416 1274 2468 cap.
1315 2394 1417 2468 5):
1448 2391 1589 2465 quod
1616 2394 1787 2464 ipsum

209 2503 420 2557 tidetur
461 2502 517 2554 in
565 2498 803 2567 ejusdem
841 2494 1020 2550 Sancti
1060 2492 1179 2546 V'ita
1222 2488 1518 2561 significare
1560 2483 1789 2541 voluisse

207 2592 409 2664 (Idan,
436 2593 495 2645 in
527 2589 645 2644 Vita
671 2589 906 2659 August,
938 2602 984 2638 ε.
1018 2584 1109 2654 9).
1140 2581 1193 2636 Id
1240 2589 1421 2635 nostra
1462 2586 1618 2635 actate
1649 2576 1789 2631 desi-

204 2686 438 2740 deratur.

275 2778 331 2832 8.
376 2775 629 2845 Aliquem
670 2771 807 2827 forte
834 2784 896 2823 ex
927 2768 992 2822 iis
1022 2765 1073 2821 in
1103 2761 1403 2819 Donatistas
1440 2758 1621 2825 libris,
1657 2772 1791 2829 quo-

209 2885 335 2925 rum
352 2883 519 2938 supra
550 2864 890 2921 meminimus
909 2900 923 2927 ,
951 2859 1016 2915 ad
1044 2857 1285 2913 Celerem
1314 2862 1526 2909 sanctus
1555 2852 1789 2906 Antistes

208 2964 376 3027 misit,
392 2971 451 3015 ut
467 2974 594 3015 eum
615 2957 848 3017 doceret,
869 2954 1063 3025 justam
1086 2964 1298 3004 causam
1319 2945 1607 3002 Donatistis
1630 2942 1789 2997 fuisse

208 3056 453 3119 nullam,
490 3068 584 3105 cur
611 3049 680 3103 ab
709 3046 940 3101 Ecclesia
974 3042 1231 3097 catholica
1272 3054 1364 3109 per
1404 3047 1567 3091 totum
1606 3036 1788 3089 orbem

210 3144 404 3198 diﬂ'usa
433 3140 747 3197 secederent
767 3138 785 3207 (
808 3136 971 3205 Epist.
998 3132 1126 3203 57).
1156 3132 1229 3185 De
1254 3130 1353 3183 hoc
1379 3138 1551 3182 autem
1582 3125 1785 3192 Celere,

211 3247 461 3306 tanquam
490 3233 559 3287 de
582 3233 697 3285 viro
725 3228 932 3299 generis
972 3226 1244 3281 nobilitate
1280 3224 1424 3277 claro
1444 3263 1456 3284 ,
1488 3234 1694 3275 necnon
1720 3218 1789 3271 ob

210 3340 386 3399 chtas
414 3327 709 3397 dignitates
738 3321 1055 3391 conspicuo,
1085 3332 1294 3385 semper
1322 3312 1568 3384 loquitur.
1596 3308 1790 3366 Christi

213 3428 386 3473 autem
432 3417 597 3471 fidem
644 3412 907 3468 constanti
945 3407 1125 3464 animo
1166 3416 1409 3470 secutus,
1448 3407 1497 3460 in
1538 3420 1630 3458 sua
1664 3416 1792 3458 con—

213 3512 410 3565 ditione
449 3509 666 3577 dignam
708 3506 911 3559 imitatu
950 3503 1168 3557 duxerat
1198 3498 1392 3553 vitam:
1421 3504 1651 3551 attamen
1679 3503 1793 3550 erat

218 3603 262 3657 ei
288 3618 415 3658 cum
443 3599 739 3655 Donatistis
763 3596 925 3651 nimia
950 3591 1296 3653 consuetudo,
1324 3606 1353 3644 a
1382 3604 1605 3659 quorum
1632 3588 1790 3643 etiam

215 3691 488 3747 erroribus
529 3704 635 3743 non
678 3686 897 3741 omnino
933 3681 1210 3736 videbatur
1246 3678 1468 3733 alienus.
1504 3674 1634 3731 IIuic
1670 3692 1792 3731 cum

218 3782 346 3837 forte
376 3789 563 3836 essent
590 3780 644 3833 in
676 3774 997 3847 Ilipponensi
1023 3772 1235 3842 regione
1270 3773 1631 3839 possessiones
1652 3809 1666 3833 ,
1700 3783 1793 3822 ea-

215 3888 313 3940 que
348 3871 635 3927 occasione
678 3864 1121 3923 necessitudinem
1162 3861 1423 3930 juuxisset
1465 3874 1581 3913 cum
1618 3860 1797 3927 Augu-

219 3966 393 4029 stino,
433 3963 486 4017 ei
529 3969 744 4015 sanctus
783 3958 1062 4027 episcopus
1104 3954 1267 4022 ipsius
1311 3960 1492 4020 rogatu
1540 3948 1795 4004 adductus

220 4054 577 4121 promiserat,
618 4063 675 4104 se
709 4046 959 4103 nonnulla
1002 4043 1068 4098 ad
1107 4042 1403 4097 schismatis
1441 4040 1795 4109 cognitionem

220 4142 540 4211 pertinentia
567 4140 900 4194 traditurum.
929 4135 983 4190 Id
1014 4142 1188 4189 tamen
1217 4132 1405 4194 serius,
1436 4146 1591 4200 quam
1622 4131 1672 4183 in
1704 4146 1798 4183 vo-

223 4234 285 4286 tis
315 4233 609 4297 habuerat,
650 4224 920 4299 praestitit,
960 4222 1102 4295 quod
1142 4222 1241 4291 ipsi
1282 4236 1497 4274 necesse
1535 4218 1694 4273 fuerit
1728 4218 1795 4274 ad

222 4322 522 4376 obeundam
564 4319 839 4374 dimeesim
882 4331 940 4370 se
981 4312 1157 4369 itineri
1205 4312 1553 4366 committere.
1601 4310 1795 4363 Verum

221 4413 407 4481 Optato
444 4409 658 4465 cuidam
690 4408 1001 4477 presbytero
1034 4402 1327 4472 delegavit,
1360 4408 1415 4453 ut
1442 4414 1559 4468 quae
1585 4398 1649 4452 ad
1679 4414 1795 4452 eam

223 4517 325 4555 rem
366 4498 767 4560 conducerent,
805 4497 1003 4565 legeret
1038 4492 1227 4547 Celeri.
1268 4490 1593 4544 Peculiarem
1631 4504 1691 4543 ea
1731 4488 1798 4543 de

223 4606 371 4645 causa
388 4591 456 4644 ad
478 4588 727 4644 eumdem
744 4586 984 4641 Celerem
1003 4582 1276 4652 epistolam
1298 4580 1441 4633 dedit
1459 4579 1646 4649 (Epist.
1671 4578 1760 4652 56)
1779 4596 1792 4631 :

222 4681 283 4734 ad
308 4696 468 4750 quem
500 4680 722 4732 alteram
757 4682 939 4746 postea
966 4671 1177 4742 scripsit
1205 4669 1395 4740 (Epist.
1424 4671 1535 4742 57),
1568 4669 1797 4723 facturus

222 4785 337 4823 eum
363 4770 679 4833 certiorem,
704 4780 919 4820 curasse
944 4779 1021 4827 se,
1051 4771 1107 4817 ut
1131 4761 1318 4824 codex,
1342 4776 1496 4830 quem
1521 4775 1614 4829 per
1634 4760 1797 4814 lilium

220 4874 370 4913 suum
396 4859 672 4914 Caecilium
704 4857 946 4925 petierat,
978 4853 1043 4907 ad
1068 4869 1185 4907 eum
1212 4852 1524 4915 deferretur,
1548 4834 1651 4920 quo
1671 4866 1798 4905 evo-

223 4950 331 5005 Iuto
364 4950 555 5004 codice
595 4948 809 5018 planum
846 4946 944 5015 ipsi
976 4944 1160 5009 ﬁeret,
1188 4958 1464 5013 perperam
1501 4942 1799 4997 Douatistas

223 5042 286 5096 ab
315 5041 564 5096 Ecclesia
590 5039 846 5094 catholica
878 5036 1197 5099 descivisse;
1235 5034 1388 5104 eique
1418 5034 1690 5103 pollicetur
1710 5076 1725 5100 ,
1754 5034 1798 5087 si

222 5134 346 5203 quid
371 5133 553 5188 adhuc
580 5128 725 5185 dubii
756 5131 808 5184 in
838 5124 981 5182 illius
1005 5127 1181 5180 animo
1208 5125 1461 5179 inhrereat
1479 5164 1494 5189 ,
1522 5138 1580 5178 se
1606 5122 1705 5178 hac
1734 5123 1800 5179 de

226 5240 300 5287 re,
322 5239 447 5279 cum
472 5222 700 5292 primum
724 5221 821 5291 ipsi
848 5218 1077 5285 libuerit,
1103 5216 1358 5271 facturum
1384 5216 1533 5269 satis.
1563 5215 1799 5271 Celerem

224 5329 254 5365 a
271 5313 460 5367 Donati
486 5311 725 5381 partibus
742 5317 950 5378 oportet
965 5307 1075 5376 jam
1098 5314 1221 5360 tunc
1235 5304 1585 5359 abalienatum
1608 5304 1767 5360 fuisse
1784 5324 1796 5359 :

226 5401 658 5474 quandoquidem
686 5402 831 5455 illum
859 5410 1010 5471 rogat
1032 5400 1371 5470 Augustinus,
1396 5408 1453 5453 ut
1472 5399 1582 5453 suis
1603 5399 1654 5452 in
1676 5398 1801 5468 Ilip-

229 5495 453 5564 ponensi
500 5508 631 5565 agro
672 5492 953 5549 clientibus
997 5494 1249 5548 unitatem
1296 5493 1608 5547 catholicam
1652 5508 1801 5549 com-

230 5584 477 5649 mendet;
509 5584 718 5654 sibique
744 5582 843 5653 ipsi
868 5600 986 5639 cum
1012 5584 1259 5654 quodam,
1278 5584 1366 5655 qui
1390 5584 1442 5640 in
1465 5586 1801 5654 possessione

230 5672 365 5731 illius
404 5683 514 5731 tum
553 5690 675 5730 esse
708 5674 1009 5742 dicebatur,
1036 5678 1207 5731 amico
1235 5694 1330 5734 suo
1356 5674 1675 5733 concordare
1704 5694 1798 5734 cu-

593 5769 817 5831 Saucr.
868 5769 1140 5831 Λυαιτδτ.
1172 5769 1217 5829 I.

1533 270 1736 327 LIBER
1774 266 2088 337 QUINTUS.

3342 266 3445 320 298

1886 381 2068 450 pienti,
2100 379 2227 448 petit
2256 379 2318 432 ad
2350 376 2483 432 hanc
2510 392 2620 432 rem
2648 376 2835 431 faveat.
2864 376 2919 431 In
2952 375 3050 431 illis
3078 376 3263 432 litteris
3286 380 3444 433 altqu

1881 474 1947 528 de
1990 472 2272 526 collatione
2320 470 2717 540 Carthaginensi
2761 468 3025 524 silentium
3069 487 3082 523 :
3131 483 3235 539 quo
3281 469 3448 525 videri

1883 566 2087 635 possint
2112 564 2179 619 ab
2206 563 2499 632 Augustino
2524 576 2713 617 recens
2739 561 2911 615 adhuc
2935 562 3183 631 episeopo
3211 562 3445 616 conscri-

1882 667 2007 727 ptzn.
2026 658 2177 710 Anno
2193 670 2349 726 supra
2366 654 2937 725 quadringentesimum
2958 653 3268 708 duodecimo
3288 653 3449 723 Spon-

1884 749 2013 803 deus
2052 749 2310 802 bonorum
2349 746 2549 801 Celeris
2590 755 2919 816 procurator,
2952 744 3313 800 formidandus
3338 755 3450 800 erat

1885 840 2173 894 Donatistis
2194 838 2526 894 adversarius
2555 838 2756 909 (Epist.
2786 839 2908 904 {39,
2938 855 2989 892 η.
3020 838 3111 908 2).
3139 838 3290 892 Anno
3318 854 3446 909 qua-

1883 929 2295 1000 dringeutesimo
2324 930 2579 1000 vigesimo
2617 930 2804 994 tertio,
2840 945 2959 984 cum
2994 930 3313 999 Augustinus
3341 930 3451 998 epi-

1885 1021 2073 1075 stolam
2091 1021 2159 1106 ad
2180 1022 2521 1077 Caelestinum
2546 1036 2731 1092 papam
2756 1022 3029 1087 scriberet,
3054 1019 3308 1077 honorem
3336 1022 3451 1075 nul-

1886 1110 1994 1166 lum
2033 1111 2250 1182 gerebat
2288 1108 2439 1167 Celer
2463 1112 2661 1184 (Epist.
2702 1111 2837 1179 209,
2871 1130 2924 1166 η.
2952 1113 3063 1185 5);
3094 1126 3274 1168 verum
3313 1128 3452 1167 anno

1883 1200 2402 1273 quadringentesimo
2431 1204 2685 1274 vigesimo
2710 1217 2851 1257 nono
2870 1243 2884 1268 ,
2916 1202 3355 1273 quemadmodum
3387 1218 3451 1257 ex

1884 1292 2056 1363 legum
2078 1290 2420 1365 quarumdam
2465 1294 2531 1349 ad
2573 1309 2693 1348 eum
2736 1293 3113 1348 destinatarum
3160 1294 3322 1347 titulis
3370 1294 3449 1347 in-

1886 1384 2121 1455 telligere
2158 1393 2240 1440 est
2276 1380 2492 1458 (Codice
2519 1380 2732 1451 Theod.,
2756 1383 2818 1439 de
2853 1384 3095 1449 Annona,
3130 1383 3236 1454 lege
3272 1384 3339 1437 54
3360 1426 3371 1445 ,
3408 1395 3453 1436 et

1886 1477 1949 1530 de
1984 1477 2211 1547 AppelL,
2256 1477 2360 1547 lege
2398 1473 2522 1547 68),
2565 1475 2793 1530 Africam
2841 1488 2937 1545 pro
2975 1472 3191 1529 consule
3232 1473 3455 1528 admini—

1886 1568 2089 1623 Stravit.

2481 1655 2705 1711 CAPUT
2747 1655 2833 1710 IV.

1890 1773 1914 1826 I
1943 1770 2092 1825 Liber
2116 1770 2177 1825 de
2206 1768 2349 1823 Bono
2384 1768 2603 1839 conjugii
2644 1766 2901 1820 occasione
2938 1764 3217 1820 Jovinianaa
3256 1766 3455 1819 Iurresis

1958 1866 2139 1920 editus.
2167 1864 2201 1917 2
2230 1862 2377 1916 Liber
2397 1876 2593 1933 quoque
2619 1860 2682 1913 de
2708 1868 2881 1914 sancta
2918 1851 3228 1929 Virginitate.
3257 1854 3292 1912 3
3319 1856 3459 1910 Com-

1958 1954 2285 2009 mentationes
2308 1952 2369 2005 de
2395 1950 2572 2005 Genesi
2595 1949 2661 2002 ad
2689 1944 2946 2002 Litteram.

1960 2046 2013 2099 1.
2061 2043 2159 2099 Ubi
2210 2044 2439 2114 primum
2493 2038 2722 2111 prodivit
2767 2034 3029 2094 Joviniani
3075 2035 3323 2100 hmrcsis,
3370 2037 3457 2103 qui

1889 2138 2030 2193 circa
2055 2151 2249 2190 annum
2283 2132 2707 2188 trecentesimum
2738 2129 3137 2199 nonagesimum
3174 2123 3460 2197 prmdicarc

1890 2238 2125 2298 ceperat
2144 2269 2159 2294 ,
2187 2220 2500 2296 virginitatis
2533 2223 2777 2277 meritum
2804 2236 2960 2291 quam
2990 2218 3243 2273 castitatis
3272 2216 3457 2284 conju-

1892 2319 2027 2390 galis
2054 2318 2227 2388 potius
2249 2332 2352 2370 non
2379 2330 2498 2371 esse
2528 2309 2979 2385 (Retractationum
3010 2309 3095 2363 lib.
3117 2308 3170 2374 2,
3194 2325 3306 2379 cap.
3336 2305 3457 2377 22);

1890 2427 1952 2467 ea
1993 2410 2207 2481 quidem
2246 2407 2428 2462 Romae
2470 2406 2715 2477 primum,
2756 2402 2947 2458 deinde
2981 2399 3257 2455 Mediolani
3297 2399 3458 2451 vehe-

1892 2512 2097 2557 menter
2122 2500 2355 2569 impetita
2381 2496 2731 2565 damnataque
2756 2494 2882 2547 fuit:
2910 2491 3033 2561 quin
3062 2490 3218 2545 etiam
3243 2488 3307 2541 ab
3333 2486 3459 2541 Ilie-

1892 2606 2115 2665 ronymo
2143 2588 2503 2645 celeberrimis
2532 2586 2737 2641 duobus
2757 2582 2907 2637 libris
2924 2597 3064 2637 anno
3094 2578 3461 2635 trecentesimo

1892 2684 2232 2756 nonagesimo
2277 2681 2511 2739 secundo
2555 2680 2767 2751 scriptis
2804 2679 2881 2733 sic
2922 2685 3217 2747 Oppugnata
3262 2684 3363 2741 est,
3406 2685 3463 2728 ut

1892 2778 2040 2833 illam
2075 2785 2256 2847 aperte
2296 2776 2430 2830 tueri
2471 2774 2579 2843 jam
2620 2772 2838 2827 auderet
2874 2784 3051 2824 nemo.
3092 2768 3461 2822 Verumtamen

1891 2868 2172 2924 nonnullas
2196 2868 2352 2921 etiam
2385 2866 2485 2920 hoc
2510 2874 2745 2934 tempore
2772 2860 2887 2931 ejus
2914 2860 3160 2929 reliquias
3184 2854 3464 2913 clandesti—

1893 2960 1975 3015 nis
2013 2958 2285 3031 interdum
2322 2956 2658 3011 sermonibus
2700 2962 2914 3022 sparsas
2951 2950 3187 3019 reperire
3224 2956 3371 3012 erat;
3411 2954 3463 3001 et

1893 3052 2089 3108 idcirco
2125 3066 2211 3105 res
2237 3048 2350 3119 ipsa
2383 3046 2711 3118 postulabat,
2745 3054 2802 3099 ut
2829 3042 2949 3098 huic
2976 3058 3180 3097 veneno
3211 3058 3312 3094 non
3345 3037 3464 3094 ideo

1892 3143 2067 3196 minus
2095 3140 2406 3211 periculoso,
2433 3137 2571 3208 quod
2597 3132 2891 3190 clanculum
2916 3141 3183 3203 serperet,
3214 3148 3432 3186 occurre
3460 3162 3465 3165 -

1892 3244 2057 3288 retur.
2091 3235 2217 3287 Eam
2245 3232 2312 3287 ob
2337 3244 2547 3285 causam
2575 3221 2894 3297 Augustinus
2936 3218 3126 3278 librum
3163 3224 3372 3292 scripsit
3399 3222 3465 3277 de

1893 3325 2040 3379 Bono
2066 3318 2316 3392 conjugii,
2345 3320 2502 3389 idque
2527 3314 2824 3388 argumenti
2848 3310 3088 3369 consulto
3114 3314 3211 3368 sibi
3239 3318 3467 3367 tractau-

1893 3416 2017 3471 dum
2047 3415 2220 3484 elegit,
2244 3411 2381 3483 quod
2412 3419 2592 3466 esseut
2612 3409 2699 3479 qui
2720 3406 3057 3462 Jovinianum
3082 3404 3465 3459 contenderent

1894 3506 2035 3561 nulla
2056 3505 2158 3559 alia
2179 3506 2380 3592 ratione
2397 3500 2596 3556 revinci
2621 3513 2798 3569 posse,
2816 3513 2972 3568 quam
2990 3498 3032 3550 si
3050 3495 3461 3557 matrimonium,

1896 3598 1969 3651 uti
1997 3596 2188 3650 factum
2212 3586 2480 3662 iactabant
2504 3593 2571 3647 ab
2598 3592 2941 3662 Hieronymo,
2966 3586 3463 3658 reprehenderetur.

1897 3686 2015 3756 Ipse
2036 3701 2161 3741 vero
2182 3696 2235 3739 et
2255 3684 2481 3754 conjugii
2513 3682 2847 3738 sanctitatem
2874 3679 3125 3734 adversus
3152 3678 3467 3732 Maniclucos

1897 3794 2054 3848 posse
2072 3776 2405 3848 propugnari,
2432 3785 2485 3830 et
2505 3774 2698 3841 eidem,
2725 3772 2963 3843 quamvis
2980 3786 3083 3825 non
3101 3768 3465 3839 improbando,

1899 3881 2074 3929 tamen
2105 3870 2492 3941 praeferendam
2518 3882 2637 3923 esse
2663 3866 3013 3937 virginitatem
3046 3862 3292 3918 ostendit.
3321 3857 3468 3917 levia

1898 3962 2112 4015 nianum
2145 3962 2212 4015 ab
2241 3975 2306 4015 eo
2335 3974 2587 4028 nusquam
2617 3958 2668 4011 in
2696 3956 2798 4010 hoc
2825 3968 2987 4024 opere
3013 3948 3340 4008 nominatum
3377 3966 3465 4007 rea

1899 4053 2131 4122 perimus
2152 4092 2167 4118 ,
2195 4052 2294 4105 nisi
2321 4050 2461 4119 quod
2493 4050 2638 4103 illum
2668 4047 2860 4102 alicubi
2888 4041 3207 4115 impudentis
3242 4060 3469 4115 pereun-

1900 4141 2117 4195 ctatoris
2164 4139 2513 4211 appellatione
2560 4137 2799 4207 designat
2842 4134 2958 4205 (De
2995 4132 3137 4189 Bono
3183 4133 3470 4205 conjugali,

1900 4250 1952 4286 η.
1983 4232 2109 4302 27).
2144 4232 2257 4286 Non
2306 4230 2463 4284 modo
2505 4230 2660 4284 tradit
2698 4228 2925 4297 quodam
2962 4224 3115 4292 loco,
3156 4241 3304 4281 more
3350 4236 3474 4280 tunc

1900 4321 2141 4376 Romano
2167 4322 2361 4374 licitum
2390 4334 2493 4373 non
2522 4334 2641 4373 esse
2671 4317 3025 4387 superdueere
3056 4330 3295 4381 uxorem,
3319 4322 3373 4369 ut
3396 4316 3474 4369 vir

1900 4412 2125 4481 amplius
2155 4410 2347 4464 habeat
2368 4424 2525 4478 quam
2551 4423 2709 4462 unam
2742 4407 2951 4470 vivam;
2980 4406 3073 4461 sed
3104 4407 3319 4459 vetitum
3345 4420 3476 4475 quo-

1900 4516 2004 4570 que
2032 4500 2235 4563 innuit,
2265 4515 2332 4554 ne
2358 4499 2553 4553 sterilis
2591 4514 2724 4551 uxor
2763 4498 2981 4551 alterius
3014 4495 3269 4551 ducenda:
3308 4498 3473 4567 gratia

1905 4590 2277 4646 dimitteretur.
2326 4589 2681 4656 Quaestioncm
2731 4585 2924 4641 ibidem
2971 4585 3215 4657 attingit,
3265 4602 3364 4656 qua
3409 4587 3477 4641 de

1903 4699 2062 4739 causa
2086 4684 2175 4754 qui
2196 4683 2277 4737 vel
2302 4690 2422 4736 ante
2443 4682 2525 4735 vel
2551 4691 2665 4750 post
2688 4690 2954 4749 receptam
2980 4680 3231 4751 Baptismi
3252 4681 3473 4749 gratiam

1906 4790 2064 4829 uuam
2089 4782 2143 4828 et
2167 4773 2385 4827 alteram
2413 4788 2629 4826 uxorem
2658 4771 2957 4835 duxissent,
2988 4771 3054 4823 ab
3078 4766 3362 4840 epiScopali
3391 4769 3475 4823 di-

1903 4864 2101 4933 gnitate
2140 4871 2539 4917 removerentur
2574 4860 2768 4934 (Ibid.,
2800 4877 2845 4915 c.
2865 4861 2918 4927 7,
2936 4877 2969 4914 n
2990 4901 3003 4914 .
3023 4856 3075 4926 7,
3095 4876 3141 4912 c.
3162 4860 3246 4925 18,
3267 4876 3320 4913 n.
3344 4860 3403 4913 2|
3432 4860 3473 4929 ).

1904 4949 2046 5007 Idem
2078 4969 2211 5023 opus
2236 4954 2371 5007 libro
2392 4954 2441 5007 in
2470 4953 2720 5008 Genesim
2747 4967 2888 5005 nono
2913 4960 3189 5014 memorat,
3207 4952 3381 5020 aitque
3410 4951 3474 5004 iI-

1904 5040 1993 5100 lud
2013 5060 2042 5098 a
2065 5059 2123 5099 se
2149 5060 2251 5099 non
2280 5046 2348 5097 ita
2377 5045 2575 5114 pridem
2602 5043 2792 5112 publici
2812 5044 2946 5113 juris
2967 5044 3156 5097 factum
3175 5040 3275 5110 (De
3297 5041 3477 5097 Genesi

1905 5136 1971 5188 ad
1992 5134 2252 5199 Litteram,
2286 5135 2373 5188 lib.
2402 5135 2455 5201 9,
2486 5153 2538 5189 η.
2571 5133 2688 5203 I2).

1974 5226 2029 5281 2.
2058 5226 2295 5281 Laudato
2332 5224 2694 5296 copiosissime
2723 5223 3021 5292 nuptiarum
3057 5222 3231 5288 bono,
3265 5222 3479 5277 monitis

1908 5320 2068 5375 etiam
2100 5319 2152 5372 in
2181 5319 2455 5388 superiore
2480 5316 2616 5371 libro
2644 5312 2943 5370 christianis
2971 5314 3260 5385 virginibus
3278 5356 3293 5383 ,
3325 5330 3392 5369 ne
3422 5330 3480 5370 se

1910 5410 2037 5479 ipsa:
2059 5409 2290 5479 antiquis
2332 5406 2508 5476 populi
2555 5403 2647 5461 Dei
2692 5400 2985 5475 conjugatis
3022 5411 3345 5475 anteponant
3370 5405 3481 5477 (Dc

1908 5508 2085 5553 sancta
2127 5499 2437 5569 Virginitate,
2470 5514 2523 5550 η.
2556 5498 2630 5567 1),
2662 5495 2860 5551 nullum
2886 5498 2997 5567 jam
3026 5498 3317 5568 periculum
3343 5508 3477 5563 erat,

1911 5606 1979 5646 ne
2000 5591 2044 5644 si
2066 5589 2382 5660 virginitatis
2402 5587 2769 5643 excellentiam
2791 5600 2974 5643 contra
2999 5588 3259 5644 Joviniani
3284 5589 3481 5644 erroris

1914 5678 2162 5752 reliquias
2190 5688 2468 5748 assereret,
2496 5679 2763 5735 criminari
2793 5680 3001 5749 nuptias
3032 5678 3316 5736 videretur.
3338 5679 3474 5745 Qua.

2741 5769 2957 5852 {Dim}
