3990 6360
499 322 606 380 299

503 444 719 510 propter
762 435 828 491 ab
874 450 937 490 ea
982 432 1283 503 suspicione
1333 440 1474 485 tutus
1521 432 1683 485 alium
1736 440 1854 501 post
1902 431 2078 485 emisit

503 531 573 586 de
606 537 786 584 sancta
825 526 1135 596 Virginitate
1166 524 1355 577 librum
1392 520 1863 594 (Retractationum
1900 520 1986 573 lib.
2025 521 2079 586 2,

505 637 621 691 cap.
654 618 785 688 25),
814 618 869 672 in
893 630 1032 687 quo,
1063 631 1159 685 pro
1190 614 1353 683 gratia
1386 613 1483 668 sibi
1522 612 1771 667 divinitus
1796 626 2043 667 concessa
2065 652 2079 675 ,

507 709 750 765 homines
782 706 847 762 ad
883 706 1019 761 hanc
1048 705 1295 759 virtutem
1330 702 1601 773 impellere
1626 702 1843 765 nititur;
1876 717 2082 755 necnon

500 800 774 856 modestas
801 797 869 853 de
900 811 959 851 se
985 796 1112 867 ipsis
1138 794 1483 866 cogitationes
1506 834 1522 859 ,
1551 808 1617 847 ue
1643 793 1712 847 ob
1742 791 2084 862 professionis

506 906 617 946 sua:
642 890 946 962 dignitatem
977 886 1329 953 insolescaut,
1362 885 1412 939 in
1441 883 1746 939 eorumdem
1777 883 1967 937 animis
2002 884 2084 936 in-

507 999 723 1040 serere:
752 982 880 1037 dum
909 997 975 1037 ex
1000 980 1102 1035 alia
1133 988 1285 1050 parte
1306 1019 1320 1043 ,
1363 985 1615 1047 quantum
1658 977 1729 1031 sit
1766 975 2087 1047 impertitum

506 1076 611 1131 iiiis
637 1089 669 1129 a
698 1074 810 1129 Deo
834 1087 1060 1137 munus,
1093 1086 1157 1125 ex
1205 1070 1307 1125 alia
1347 1081 1508 1135 vero,
1542 1082 1699 1137 quam
1740 1065 1925 1121 sedqu
1962 1063 2087 1119 illud

506 1166 704 1221 donum
741 1179 834 1235 per
864 1163 1001 1234 piam
1035 1160 1193 1215 animi
1238 1159 1616 1215 demissionem
1666 1155 2087 1213 conservandum

504 1259 606 1324 sit,
625 1256 861 1327 ipsorum
887 1252 1052 1308 oculis
1078 1249 1312 1320 subjicit.

579 1352 631 1405 5.
664 1348 776 1403 [loc
818 1345 1007 1402 eodem
1043 1356 1281 1415 tempore
1318 1340 1597 1397 duodecim
1635 1341 1753 1396 illos
1788 1340 2091 1411 aggreditur

498 1441 576 1496 de
609 1437 804 1496 Genesi
837 1436 904 1492 ad
941 1436 1195 1490 Litteram
1237 1434 1401 1489 libros
1423 1475 1439 1501 ,
1467 1433 1655 1502 quibus
1686 1432 1882 1487 idcirco
1903 1431 2089 1500 hujus-

512 1530 654 1585 modi
698 1529 908 1583 titulum
956 1524 1246 1595 inscripsit,
1285 1524 1425 1596 quod
1467 1524 1643 1578 missis
1682 1521 2087 1592 allegorematis,

505 1622 836 1691 Seripturam
877 1618 929 1672 in
970 1617 1075 1673 illis
1106 1617 1261 1686 juxta
1301 1631 1479 1670 rerum
1517 1623 1784 1685 gestarum
1817 1613 2089 1668 veritatem

508 1712 724 1784 exponit
750 1709 936 1780 (Ibid.,
968 1724 1083 1780 cap.
1109 1706 1235 1778 24).
1264 1706 1610 1761 Observatum
1634 1719 1665 1759 a
1694 1703 1848 1759 nobis
1867 1702 1977 1773 jam
2003 1717 2093 1757 su-

510 1820 626 1876 pra,
667 1818 790 1859 eum
830 1816 951 1856 cum
993 1798 1169 1854 adhuc
1205 1795 1501 1870 presbyteri
1540 1796 1718 1851 munia
1746 1794 1944 1862 obiret,
1976 1808 2091 1849 rem

511 1893 751 1949 eamdem
790 1900 1036 1947 conatum
1066 1889 1263 1955 fuisse,
1294 1888 1676 1958 scripsisseque
1715 1885 1826 1957 jam
1867 1895 1991 1941 tunc
2025 1885 2091 1940 de

513 1987 615 2041 hoc
636 1991 946 2055 argumento
962 1982 1151 2036 librum
1168 1997 1184 2048 ;
1203 1980 1525 2051 experientia
1548 1988 1723 2034 tamen
1743 1978 2085 2049 comperisse,

510 2077 613 2131 sibi
650 2076 786 2131 vires
819 2073 887 2128 ad
921 2072 1316 2143 exsequendum
1344 2058 1828 2140 Opus'destinatum
1859 2068 2089 2123 nondum

513 2178 816 2237 suppetere.
854 2166 992 2235 Ergo
1020 2163 1230 2218 nonnisi
1266 2163 1426 2234 longo
1463 2171 1581 2232 post
1607 2172 1843 2232 tempore
1869 2161 1935 2215 ad
1965 2159 2091 2215 illud

513 2272 781 2321 reversus,
820 2256 872 2310 in
912 2254 1197 2310 exordium
1235 2252 1505 2309 Geneseos
1540 2252 1606 2308 ad
1641 2268 1807 2323 usque
1838 2252 2089 2307 emissum

514 2347 777 2403 Adamum
803 2362 833 2401 e
861 2344 1104 2416 paradiso
1139 2344 1302 2399 libros
1336 2344 1582 2399 undecim
1619 2343 1947 2413 composuit,
1978 2342 2093 2412 qui-

514 2440 610 2494 bus
654 2437 855 2493 addidit
894 2436 962 2492 de
996 2436 1114 2508 ipso
1153 2435 1399 2506 paradiso
1436 2434 1808 2489 duodecimum
1842 2450 1856 2487 :
1894 2434 1947 2486 in
1986 2445 2092 2501 quo

514 2529 680 2596 libro,
716 2543 819 2598 qua
866 2527 1071 2581 ratione
1106 2526 1301 2580 mentis
1338 2524 1508 2580 oculis
1542 2538 1796 2593 corporea
1834 2523 2093 2594 percipia-

516 2635 669 2687 mus,
703 2619 815 2674 fuse
840 2616 1092 2689 disputat.
1126 2616 1341 2671 Fatetur
1380 2626 1556 2671 autem
1593 2615 1854 2684 ingenue,
1886 2614 2091 2668 tametsi

516 2710 647 2766 illud
676 2725 810 2781 opus
838 2710 1019 2765 multis
1047 2708 1283 2779 partibus
1306 2708 1354 2764 ei
1382 2708 1451 2762 sit
1475 2706 1921 2777 anteponendum,
1948 2706 2091 2776 quod

514 2804 688 2859 adhuc
730 2802 1007 2874 presbyter
1043 2801 1363 2871 scripserat;
1393 2808 1567 2854 tamen
1597 2814 1656 2855 se
1691 2815 1798 2855 non
1828 2801 2007 2869 paucis
2037 2800 2091 2855 in

515 2895 773 2966 capitibus
794 2893 1112 2963 investigare
1134 2893 1307 2963 potius
1326 2892 1621 2957 veritatem,
1637 2906 1795 2962 quam
1819 2892 2088 2948 invenire:

517 2987 640 3057 quin
671 2986 828 3041 etiam
863 2984 951 3039 ubi
986 2983 1129 3038 illam
1154 2981 1448 3049 invenerit,
1478 2997 1584 3037 non
1611 2997 1639 3035 a
1670 2996 1728 3037 se
1758 2982 1981 3053 proponi
2006 2998 2092 3036 so-

518 3080 626 3134 lere
652 3087 903 3149 tanquam
929 3083 1165 3142 certam;
1191 3073 1285 3130 sed
1312 3082 1368 3129 ut
1392 3074 1673 3145 plurimum
1702 3073 1769 3128 ad
1796 3074 2091 3129 accuratius

519 3184 738 3223 examen
782 3166 1139 3223 definitionem
1180 3181 1356 3221 rerum
1399 3165 1619 3220 dilferri.
1662 3163 1783 3219 Non
1816 3174 1921 3218 tam
1956 3180 2091 3236 prte-

520 3258 807 3325 scribentes,
831 3258 1020 3327 inquit,
1048 3256 1109 3310 de
1131 3255 1276 3310 rebus
1304 3255 1525 3310 obscuris
1550 3254 1817 3328 unicuique
1835 3255 1954 3325 quid
1973 3271 2091 3309 sen-

519 3352 630 3415 tiat,
656 3366 808 3423 quam
826 3366 917 3403 nos
935 3347 1182 3403 docendos
1200 3348 1253 3401 in
1273 3348 1451 3419 quibus
1472 3347 1805 3401 dubitavimus
1831 3346 2092 3401 ostenden-

521 3456 629 3511 tes;
654 3444 1077 3512 temeritatemque
1104 3440 1386 3512 affirmandi
1413 3448 1695 3494 antoventes
1719 3456 1752 3493 a
1780 3439 1979 3506 lectore,
2008 3440 2093 3494 ubi

524 3552 624 3590 non
658 3533 906 3589 valuimus
931 3532 1149 3603 prtebere
1181 3531 1438 3585 sententia:
1470 3528 1889 3600 ﬁrmitatem(De
1916 3528 2095 3585 Genesi

521 3626 589 3679 ad
613 3626 874 3690 Litteram,
896 3623 982 3676 lib.
1004 3622 1091 3690 12,
1113 3638 1160 3676 c.
1177 3623 1228 3685 1,
1243 3639 1296 3674 n.
1314 3620 1390 3692 1).
1409 3620 1685 3689 Explicare
1702 3621 1950 3691 mysteria
1976 3636 2097 3674 ver-

522 3720 705 3773 borum
735 3716 935 3772 inclusa
961 3722 1213 3769 contextu
1238 3712 1337 3766 sibi
1368 3711 1674 3779 neutiquam
1705 3710 1969 3780 proponit,
1998 3711 2094 3765 de-

521 3814 817 3862 monstrare
842 3812 1123 3859 contentus
1153 3816 1217 3856 eo
1246 3800 1379 3855 nihil
1407 3800 1665 3855 contineri
1690 3840 1706 3865 ,
1746 3800 1885 3869 quod
1915 3800 1981 3854 ad
2010 3800 2099 3855 lit-

522 3906 728 3960 teram,
758 3903 815 3949 ut
842 3894 1021 3959 aiunt,
1052 3900 1106 3947 et
1134 3890 1200 3946 ad
1226 3889 1606 3962 proprietatem
1645 3889 1878 3944 historia:
1909 3905 2094 3945 verum

526 4005 646 4045 esse
688 4004 794 4042 non
843 3986 1042 4057 possit,
1092 3993 1184 4039 aut
1229 3982 1369 4053 quod
1417 3982 1580 4052 partis
1625 3982 1853 4037 naturali
1896 3982 2097 4038 lumine

522 4080 910 4153 cognitionibus
938 4083 1236 4148 repugnet:
1262 4074 1493 4143 denique
1532 4073 1575 4127 si
1616 4073 1743 4143 quid
1782 4088 2097 4144 supervaca-

528 4190 683 4230 neum
715 4178 989 4242 appareat,
1022 4168 1073 4223 id
1101 4183 1219 4222 esse
1248 4167 1501 4238 mysterio
1535 4166 1891 4220 necessarium
1910 4162 2091 4235 (Ibid.,

526 4268 611 4322 lib.
639 4266 692 4328 9.
711 4264 867 4332 c.1'3,
888 4260 1168 4333 n.20—22).
1199 4259 1279 4314 Ex
1310 4259 1411 4313 hac
1437 4257 1734 4327 exponendi
1764 4257 1967 4311 ratione
1992 4271 2096 4309 non

528 4374 712 4429 parum
736 4352 1037 4425 compendii
1064 4367 1127 4407 ac
1152 4349 1395 4406 utilitatis
1424 4348 1489 4404 ad
1517 4347 1807 4402 Ecclesium
1829 4387 1843 4413 ,
1884 4346 2099 4415 perinde

525 4460 680 4520 atque
719 4448 785 4502 ad
827 4461 959 4513 eos,
1008 4460 1140 4515 quos
1189 4444 1423 4513 ipsorum
1473 4439 1659 4495 salutis
1706 4455 1863 4493 causa
1907 4439 2101 4493 docere

529 4537 872 4611 pemptabat,
915 4534 1209 4590 rediturum
1249 4540 1454 4586 censet.
1494 4530 1609 4584 Non
1652 4538 1825 4583 tamen
1872 4529 2101 4599 physica:

529 4630 697 4685 nodos
726 4627 1001 4683 exsolvere
1025 4631 1210 4679 curat:
1242 4622 1437 4692 quippe
1462 4620 1545 4674 cui
1571 4620 1636 4673 ad
1664 4619 1764 4673 hoc
1793 4633 1889 4673 nec
1912 4634 2102 4686 suppe-

530 4734 606 4780 tat
629 4735 866 4793 tempus,
896 4718 1004 4774 imo
1031 4707 1129 4772 nec
1158 4726 1439 4787 suppetere
1467 4712 1687 4777 debeat,
1720 4726 1817 4766 nec
1846 4710 1977 4774 sibi,
2006 4726 2103 4764 nec

528 4816 631 4871 illis
651 4828 802 4884 quos,
825 4820 885 4866 ut
907 4810 1053 4873 dicit,
1081 4806 1147 4863 ad
1171 4806 1393 4861 salutem
1424 4819 1595 4869 suam,
1614 4814 1668 4858 et
1695 4812 1890 4857 sancta:
1921 4803 2105 4856 Eccle-

524 4909 619 4965 sia:
641 4904 991 4961 necessariam
1014 4900 1292 4955 utilitatem
1313 4897 1455 4967 cupit
1474 4896 1740 4951 informari
1756 4894 1936 4965 (Ibid,
1956 4895 2070 4949 libJ
2084 4937 2101 4964 ,

527 5016 601 5054 cc.
621 4998 711 5065 ιο,
735 4998 824 5062 Ης
843 4995 929 5049 lib.
947 4994 1003 5058 2,
1032 5010 1078 5046 c.
1104 4992 1191 5060 10,
1216 5009 1269 5045 n.
1292 4990 1365 5044 9.5
1382 4991 1417 5059 ).
1441 4988 1495 5042 Id
1513 4990 1691 5059 operis
1722 5005 1824 5041 non
1855 4988 2105 5043 c0ntinuo

532 5074 711 5145 labore
739 5084 966 5141 confecit
997 5081 1456 5153 (Retraclationum
1481 5076 1642 5145 lib.2,
1668 5094 1781 5146 cap.
1806 5077 1876 5131 21
1896 5094 1966 5141 ,η.
1999 5076 2059 5150 1)
2088 5096 2101 5131 :

531 5188 582 5233 at
604 5177 731 5233 illud
753 5174 995 5247 quamvis
1022 5172 1370 5243 eiﬂagitarent
1399 5168 1573 5235 amici,
1600 5168 1688 5221 diu
1718 5177 1892 5221 tamen
1918 5182 2102 5235 quem-

532 5267 821 5323 admodum
839 5266 995 5321 etiam
1013 5278 1135 5318 suas
1154 5262 1220 5318 de
1234 5259 1493 5317 Trinitate
1512 5259 1919 5326 lucubrationes,
1942 5258 2107 5328 prius-

533 5376 688 5430 quam
726 5358 961 5413 ultimam
1007 5356 1299 5426 imponeret
1336 5366 1584 5417 manum,
1629 5348 1767 5420 apud
1809 5366 1869 5405 se
1912 5350 2106 5421 pressit

534 5454 551 5522 (
577 5451 741 5522 Epist.
774 5450 863 5518 45,
893 5466 945 5504 n.
976 5448 1082 5521 4):
1113 5460 1222 5501 tum
1253 5452 1469 5515 prepter
1493 5442 1842 5513 quaastionum
1873 5458 2003 5513 quas
2033 5443 2103 5497 ibi

537 5549 725 5597 tractat
749 5555 982 5595 summas
1007 5537 1365 5603 difficultates,
1388 5543 1498 5588 tum
1523 5532 1645 5603 quia
1670 5531 1899 5587 futurum
1926 5548 2107 5603 spera-

538 5635 650 5702 bat,
675 5644 754 5701 ut,
780 5629 1027 5702 quamdiu
1052 5643 1158 5683 non
1185 5626 1451 5693 ederetur,
1478 5640 1687 5680 errores
1713 5624 1764 5678 in
1792 5640 1858 5679 eo
1882 5624 2106 5679 nonnul-

542 5730 621 5783 las
658 5737 871 5792 semper
909 5719 1234 5778 emendaret.
1275 5717 1331 5771 in
1371 5716 1651 5772 undecimo
1692 5715 1826 5773 libro
1864 5730 1995 5787 Opus
2036 5716 2103 5773 de

1636 316 1787 369 \‘lTA
1828 316 1881 369 S.
1925 314 2283 370 AUGUSTINI
2326 316 2647 373 EPISCOPI.

3666 322 3770 375 500

2187 432 2413 488 Civitate
2443 435 2570 502 Dei,
2600 435 2737 506 quod
2767 450 2860 505 per
2888 446 3201 508 expugnata!
3236 454 3378 494 anno
3410 439 3769 513 quadringen-

2192 524 2385 577 tesimo
2413 523 2621 577 decimo
2655 524 2807 580 Urbis
2834 527 3168 581 occasionem
3199 529 3453 598 scriptum
3492 540 3575 585 est
3594 573 3609 598 ,
3639 547 3771 602 quo-

2190 613 2309 667 datn
2338 615 2495 669 modo
2524 616 2796 685 pollicetur
2815 615 2915 686 (De
2931 617 3109 673 Genesi
3138 620 3206 673 ad
3234 619 3495 685 Litteram,
3515 623 3770 688 lib.H,c.

2192 706 2279 771 15,
2309 704 2489 776 n.20).
2520 707 2805 763 Enimvero
2828 724 2919 762 sua
2944 708 3057 764 hare
3079 711 3130 765 in
3152 709 3402 766 Geuesim
3428 714 3620 783 scripta
3647 730 3774 769 nou-

2191 795 2315 849 dnm
2334 796 2383 849 in
2400 797 2584 865 vulgus
2600 797 2866 861 emiserat,
2885 815 3005 853 cum
3032 800 3235 855 litteras
3254 803 3351 857 sub
3375 804 3496 857 anui
3518 804 3772 873 quadrin-

2192 887 2471 954 gentesimi
2499 886 2797 942 duodecitni
2820 887 2974 943 finem
2998 890 3061 944 ad
3085 890 3442 947 Marcellinum
3464 893 3655 963 (Epist.
3678 895 3771 961 45,

2193 993 2242 1028 η.
2274 976 2354 1045 4),
2380 993 2547 1045 neque
2573 994 2693 1033 cum
2718 979 2847 1034 alias
2876 980 2940 1034 ad
2968 982 3225 1036 Erudinm
3257 983 3447 1055 (Epist.
3474 984 3596 1051 159,
3624 1003 3677 1038 n.
3701 985 3772 1051 9.;

2192 1064 2359 1135 Epist.
2382 1067 2502 1131 162,
2525 1086 2577 1122 n.
2598 1068 2827 1141 2)anno
2854 1072 2990 1127 forte
3016 1073 3537 1145 quadringentesimo
3563 1078 3776 1133 decimo

2193 1166 2380 1223 quarto
2423 1168 2515 1212 aut
2554 1160 3071 1230 quadringentesimo
3108 1163 3316 1219 decimo
3352 1166 3565 1236 quinto,
3603 1167 3773 1222 dedit.

2194 1247 2283 1301 llla
2313 1258 2506 1313 tamen,
2540 1265 2703 1318 opere
2726 1250 2793 1305 de
2815 1251 3072 1307 Trinitate
3096 1254 3329 1308 nondum
3357 1256 3619 1322 absoluto,
3654 1275 3777 1328 pcr-

2194 1338 2317 1394 l'ecit
2346 1337 2797 1407 (Retractationum
2827 1343 2914 1395 lib.
2938 1344 2971 1396 2
2990 1385 3005 1409 ,
3034 1361 3148 1413 cap.
3182 1346 3251 1399 24
3271 1388 3283 1410 ,
3312 1364 3366 1401 η.
3399 1348 3473 1416 1).
3507 1348 3776 1403 Duodeci-

2195 1446 2336 1483 mnm
2366 1430 2578 1500 quidem
2598 1432 2705 1500 jam
2728 1434 2780 1486 in
2801 1434 2965 1488 altera
2993 1435 3057 1489 ad
3084 1436 3341 1491 Evodium
3368 1438 3590 1508 epistola
3616 1456 3778 1494 curen-

2195 1529 2275 1573 ter
2288 1536 2480 1574 annum
2499 1522 3070 1593 quadringentesimum
3088 1526 3350 1581 deciunnn
3368 1538 3615 1598 quartum
3628 1530 3776 1597 data,

2195 1610 2405 1676 citavit;
2438 1612 2838 1683 maturabatque
2866 1615 3025 1669 totius
3054 1617 3260 1686 operis,
3292 1628 3548 1687 quantum
3579 1623 3633 1674 in
3660 1622 3780 1689 ipso

2195 1710 2341 1769 erat,
2383 1704 2806 1760 emendationem
2830 1747 2846 1773 ,
2879 1716 2938 1761 ut
2980 1706 3107 1762 illud
3152 1710 3540 1779 quamprimum
3579 1712 3781 1781 publici

2188 1792 2323 1863 juris
2355 1793 2580 1862 faceret,
2609 1812 2741 1852 neve
2766 1798 3047 1852 multorum
3066 1801 3515 1869 exspectationem
3548 1817 3611 1857 ac
3637 1802 3781 1858 desi-

2194 1884 2398 1938 derium
2450 1885 2648 1942 diutius
2695 1889 3133 1958 procrastinando
3193 1892 3559 1960 suspenderet.
3608 1892 3783 1948 Porro

2195 1974 2518 2045 Augustinus
2552 1977 2909 2033 voluminibus
2936 1993 3094 2049 supra
3126 1982 3435 2036 memoratis
3471 1982 3645 2037 locum
3665 2022 3683 2048 ,
3709 1997 3778 2037 ea

2194 2068 2557 2135 retractando,
2592 2070 2776 2124 tribuit
2800 2080 2921 2126 ante
2946 2070 3109 2126 libros
3137 2070 3191 2126 in
3220 2072 3532 2127 Petilianum
3561 2074 3783 2130 ineunte

2193 2174 2333 2213 anno
2354 2159 2876 2231 quadringentesimo
2897 2162 3129 2217 secundo
3154 2180 3261 2218 non
3282 2165 3453 2219 serius
3471 2165 3777 2219 absolutos:

2194 2251 2535 2320 quamobrem
2580 2254 2850 2322 sttperiora
2891 2253 2979 2308 illa
3013 2254 3079 2307 ab
3116 2255 3231 2324 ipso
3260 2256 3451 2324 partim
3482 2271 3620 2310 anno
3646 2271 3784 2325 qua-

2194 2340 2644 2411 dringentesimo,
2677 2342 2867 2411 partim
2905 2343 3426 2414 quadringentesimo
3458 2346 3627 2415 primo
3657 2344 3781 2400 cln—

2193 2431 2411 2486 cubrata
2436 2431 2599 2488 fuisse
2622 2433 3008 2489 existimamus.

2790 2524 3013 2580 CAPUT
3051 2523 3117 2580 Υ.

2194 2614 2218 2669 1
2250 2612 2527 2671 Concilium
2551 2615 2856 2687 Carthagine
2889 2617 3113 2671 habitum
3154 2617 3237 2672 die
3260 2618 3450 2673 decimo
3470 2628 3608 2673 sexto
3638 2618 3783 2691 junii

2266 2706 2485 2763 decernit
2526 2708 2765 2779 legendos
2794 2710 3053 2781 episc0pos
3095 2712 3163 2764 ad
3201 2713 3563 2767 transmarinas
3599 2713 3743 2768 sedes
3762 2754 3781 2779 ,

2264 2808 2320 2853 ut
2345 2799 2627 2854 Donatista:
2662 2801 2731 2854 ad
2754 2801 2997 2856 unitatem
3023 2802 3283 2858 redeuntes
3322 2805 3547 2873 cooptari
3584 2805 3783 2874 possint

2263 2890 2316 2944 in
2340 2890 2530 2944 clerum
2551 2905 2573 2956 ;
2601 2901 2647 2945 et
2668 2892 2897 2961 qua’dam
2924 2910 3012 2964 per
3030 2893 3227 2947 eosdem
3258 2895 3445 2965 legatos
3465 2896 3526 2948 ab
3561 2895 3787 2965 impera-

2266 2995 2370 3039 tore
2396 2985 2632 3055 petenda.
2660 2987 2696 3040 2
2717 2986 2943 3041 Alterum
2970 2989 3195 3060 ejusdem
3224 2991 3345 3043 anni
3385 2990 3786 3062 Cartltaginense

2265 3078 2533 3130 concilium
2564 3078 2758 3133 decimo
2792 3080 2937 3134 tertio
2970 3081 3052 3134 die
3075 3080 3365 3153 septembris
3393 3083 3497 3152 agit
3535 3082 3597 3135 de
3638 3098 3789 3135 revo-

2266 3168 2441 3223 candis
2478 3169 2545 3222 ad
2590 3169 2871 3225 Ecclesium
2917 3172 3096 3225 iisdem
3121 3173 3483 3237 scltismaticis,
3524 3176 3583 3226 et
3608 3174 3791 3226 statuit

2266 3275 2439 3314 eorum
2480 3261 2688 3317 clericos
2731 3264 2785 3317 in
2834 3264 2937 3319 suis
2983 3266 3254 3318 honoribus
3300 3264 3609 3335 recipiendos
3653 3281 3784 3319 esse.

2268 3353 2301 3407 5
2328 3353 2478 3407 Ratio
2507 3354 2781 3425 modusque
2813 3356 3236 3410 admittendorum
3256 3356 3317 3409 ab
3349 3356 3575 3410 Ecclesia
3607 3354 3791 3409 Dona-

2269 3444 2517 3498 tistarum.
2565 3446 2600 3500 4
2635 3445 2879 3512 Quadam
2923 3464 2986 3501 ea:
3031 3448 3469 3502 constitutionibus
3518 3447 3788 3518 Carthagi-

2268 3535 2435 3589 nensis
2458 3536 2655 3589 concilii
2684 3546 2941 3590 notantur.
3392 3528 3406 3537 ’

2271 3626 2321 3680 1.
2344 3625 2639 3681 Concilium
2657 3626 2706 3679 in
2728 3626 2972 3682 Africana
2988 3627 3299 3682 collectione
3322 3627 3510 3696 duplex
3530 3642 3670 3681 anno
3690 3642 3793 3683 eo-

2197 3715 2318 3770 dem
2337 3715 2850 3786 quadringentesimo
2869 3719 3037 3787 primo
3051 3719 3280 3785 ponitur,
3292 3718 3509 3771 alterum
3522 3718 3607 3772 die
3623 3732 3786 3786 supra

2198 3806 2462 3861 decimum
2510 3816 2661 3861 sexto
2685 3808 2767 3861 vel
2795 3818 2981 3876 quarto
3027 3805 3282 3863 kalendas
3316 3808 3504 3876 jnlias,
3554 3807 3786 3861 alterum

2210 3897 2383 3950 idibus
2405 3897 2741 3968 septembris,
2774 3906 3051 3967 utrumque
3072 3898 3385 3967 Carthagine
3412 3898 3461 3951 in
3494 3898 3787 3952 secretario

2199 3987 2429 4041 basilica:
2472 3988 2747 4041 Restitute“:
2772 3989 3112 4042 celebratum.
3142 3989 3388 4042 Aurelius
3408 4030 3422 4054 ,
3446 3987 3533 4057 qui
3564 4002 3699 4041 unus
3728 3988 3787 4042 in

2206 4080 2385 4148 priore
2413 4079 2617 4150 synodo
2650 4078 2805 4132 verba
2847 4077 2999 4142 facit,
3033 4078 3396 4132 tantummodo
3431 4086 3631 4146 partem
3665 4078 3787 4131 illo-

2203 4186 2318 4223 rnm
2351 4178 2577 4224 testatur
2608 4168 2871 4233 adfuisse,
2902 4170 3088 4239 quibus
3114 4184 3180 4224 co
3197 4170 3612 4223 comenienduni
3645 4178 3786 4224 erat.

2203 4262 2281 4316 Ac
2324 4263 2550 4332 primum
2602 4262 2815 4331 quidem
2848 4263 3123 4331 proponit,
3166 4260 3396 4315 Africam
3434 4276 3495 4315 ea
3538 4260 3789 4315 laborare

2205 4352 2563 4406 ministrorum
2590 4353 2811 4423 penuria
2840 4393 2855 4417 ,
2888 4363 2943 4406 nt
2970 4353 3019 4405 in
3061 4352 3241 4405 multis
3270 4351 3518 4405 Ecclesiis
3550 4365 3615 4405 ne
3646 4366 3785 4405 unus

2205 4443 2414 4514 quidem
2432 4444 2512 4497 vel
2540 4444 2833 4497 illitteratus
2849 4442 3100 4497 diaconus
3122 4452 3314 4512 prmsto
3334 4444 3421 4495 sit.
3450 4440 3600 4496 Unde
3616 4442 3786 4495 relin-

2206 4537 2319 4605 quit
2364 4534 2749 4605 colligendum,
2800 4535 3104 4604 superiores
3150 4533 3377 4604 gradus,
3430 4549 3549 4585 cum
3604 4533 3791 4601 plures

2207 4644 2363 4697 quam
2392 4628 2700 4681 diaconatus
2726 4626 2878 4680 dotes
2904 4627 3204 4696 requirant,
3237 4626 3402 4678 multo
3427 4623 3592 4693 magis
3623 4622 3788 4675 mini-

2210 4718 2333 4771 stris
2363 4716 2564 4771 idoneis
2589 4716 2820 4770 destitui.
2849 4715 2915 4769 Et
2935 4714 3251 4786 quotidianos
3271 4756 3287 4781 ,
3320 4714 3518 4782 inquit,
3548 4713 3788 4782 planctus

2210 4806 2515 4859 diversarum
2544 4822 2666 4874 pene
2691 4817 3028 4859 emortuarum
3058 4804 3273 4874 plebium
3294 4804 3406 4875 jam
3437 4819 3535 4855 non
3560 4802 3791 4855 sustine-

2209 4911 2356 4959 mus;
2375 4896 2551 4964 quibus
2576 4896 2673 4949 nisi
2701 4896 2851 4964 fuerit
2869 4895 3139 4962 aliquando
3164 4894 3473 4955 subventum,
3502 4892 3669 4964 gravis
3697 4908 3793 4946 no-

2211 4986 2284 5040 bis
2312 4995 2356 5039 et
2382 4985 2733 5039 inexcusabilis
2780 4984 3217 5037 innumerabilium
3260 4985 3541 5036 animarum
3568 4998 3791 5051 pereun-

2210 5078 2333 5131 tium
2362 5093 2515 5129 cansa
2554 5076 2692 5145 apud
2736 5074 2899 5129 Deum
2931 5091 3168 5129 mansura
3218 5085 3289 5128 est
3331 5073 3557 5143 (Labbe,
3588 5071 3788 5127 Concil.

2210 5178 2343 5221 tomo
2375 5166 2428 5231 2,
2462 5184 2576 5238 pag.
2608 5166 2788 5237 1642).
2835 5166 3150 5221 Persuasum
3197 5165 3455 5230 habebat,
3503 5178 3532 5216 a
3573 5163 3792 5217 nemine

2209 5256 2435 5311 dubitari
2461 5299 2474 5321 ,
2497 5258 2625 5326 quin
2647 5258 2695 5312 ei
2726 5256 2865 5309 malo
2894 5255 3185 5309 remedium
3215 5254 3520 5318 aﬂ‘errctur,
3548 5252 3593 5305 si
3625 5252 3791 5307 modo

2210 5348 2298 5418 qui
2322 5363 2353 5402 a
2383 5348 2570 5402 Donati
2601 5349 2837 5416 partibus
2866 5347 2931 5401 ad
2954 5346 3243 5402 Ecclesium
3272 5352 3599 5410 remearent,
3626 5343 3694 5398 iis
3722 5342 3792 5396 ad

2210 5439 2594 5495 ecclesiasticas
2622 5439 2903 5510 dignitates
2936 5438 3110 5492 aditus
3155 5453 3263 5492 non
3304 5434 3788 5491 intercluderetur:

2212 5545 2393 5586 verum
2435 5530 2486 5585 td
2515 5545 2545 5584 a
2576 5529 2790 5585 sedibus
2832 5529 3099 5600 praecipue
3145 5527 3383 5583 Romana
3422 5538 3489 5584 ac
3528 5524 3792 5580 Mediola-

2212 5623 2365 5678 nensi
2393 5638 2531 5679 anno
2558 5623 2691 5678 forte
2717 5622 3089 5691 trecentesimo
3110 5620 3450 5691 nonagesimo
3470 5615 3706 5674 secundo
3736 5616 3792 5670 in

2216 5716 2418 5790 synodo
2433 5717 2695 5788 Capuensi
2714 5716 2927 5773 vetitum
2954 5715 3140 5770 fuerat.
3160 5713 3340 5786 Itaque
3361 5716 3489 5784 petit
3513 5709 3786 5771 Aurelius,
