3990 6360
219 306 320 363 501

223 433 282 477 ut
315 421 599 491 episcopus
645 416 903 489 quispiam
947 430 1013 471 ex
1061 427 1158 468 suo
1200 413 1435 483 ipsorum
1482 427 1702 466 numero
1740 410 1806 463 ad

217 512 564 569 Anastasium
600 509 902 565 Romanum
928 505 1219 560 antistitem
1247 504 1511 574 simulque
1539 502 1606 557 ad
1636 502 1806 555 Vene-

216 608 355 662 rium
380 602 833 658 Mediolanensem
857 600 1124 661 mittatur,
1152 595 1241 667 qui
1268 595 1520 651 Ecclesia:
1546 593 1805 649 Africanae

218 695 565 765 indigentiam
587 692 691 747 illis
714 690 935 761 aperiat;
955 697 1175 758 orctque
1194 702 1287 743 eos
1304 686 1355 741 in
1384 686 1696 741 clericorum
1717 699 1807 738 or—

214 789 395 842 dinem
424 786 667 855 c00ptari
693 783 1063 848 consentiant,
1092 782 1181 852 qui
1227 780 1475 850 baptizati
1507 779 1698 836 fuerint
1735 780 1803 835 ab

216 879 485 933 hereticis
508 876 680 931 adhuc
705 875 959 941 infantes;
986 871 1276 928 dummodo
1295 872 1452 942 digna
1474 878 1618 925 tanto
1639 870 1801 941 gradu

216 970 385 1038 pietas
406 1010 422 1029 ,
454 976 611 1037 prout
635 967 687 1021 in
714 965 973 1036 superiori
1002 965 1227 1019 concilio
1255 962 1427 1019 fuerat
1461 964 1527 1016 ab
1555 962 1800 1017 Africana

214 1060 462 1116 Emlesia
507 1060 853 1115 constitutum
873 1101 887 1122 ,
942 1058 994 1113 in
1022 1058 1126 1114 illis
1156 1057 1383 1112 emineat
1407 1055 1615 1127 (Codice
1638 1056 1800 1110 Cano-

214 1170 332 1208 nnm
353 1152 548 1223 Afric.,
568 1170 682 1206 can.
706 1149 817 1223 57).
842 1151 1062 1207 Constat
1081 1150 1312 1218 quidem,
1333 1149 1444 1220 jam
1468 1158 1590 1204 ante
1615 1150 1727 1204 sive
1748 1149 1798 1203 in

215 1243 549 1313 llipponensi
594 1242 822 1297 concilio
874 1241 999 1296 anni
1055 1240 1415 1296 trecentesimi
1472 1239 1799 1309 nonagesimi

214 1334 391 1398 tertii,
424 1333 540 1387 sive
583 1333 635 1386 in
660 1330 1060 1402 Carthaginensi
1086 1331 1210 1384 anni
1240 1329 1599 1385 trccentesimi
1629 1345 1799 1385 nona-

210 1427 401 1495 εωἰωί
434 1424 681 1495 septimi,
707 1423 958 1495 agitatum
987 1422 1152 1478 fuisse
1173 1423 1239 1478 de
1268 1422 1585 1491 recipiendis
1614 1421 1667 1475 in
1703 1436 1800 1474 suo

212 1516 420 1573 honore
467 1527 523 1573 et
550 1516 715 1588 gradu
754 1516 1024 1572 conversis
1053 1514 1117 1569 ad
1145 1513 1442 1569 Ecclesiam
1482 1513 1795 1579 Donatistis;

210 1609 370 1664 modo
416 1620 597 1664 tamen
652 1608 1025 1664 inschismate
1069 1622 1174 1661 non
1220 1606 1664 1675 rebaptizassent,
1708 1614 1800 1659 aut

212 1716 334 1755 suos
357 1715 551 1755 secum
581 1700 804 1771 populos
827 1698 1172 1753 reducerent:
1217 1703 1273 1750 at
1300 1696 1584 1765 quidquam
1627 1710 1687 1750 ea
1732 1694 1798 1750 de

210 1806 265 1845 re
283 1833 298 1854 ,
348 1791 459 1845 nisi
488 1790 750 1845 consultis
779 1789 924 1859 prius
952 1787 1319 1842 transmarinis
1352 1786 1604 1842 Ecclesiis
1626 1829 1639 1853 ,
1669 1785 1799 1841 deti-

208 1882 325 1937 nire
353 1882 668 1936 noluerunt.
699 1872 835 1935 Tum
868 1879 990 1933 inde
1016 1877 1262 1933 Aurelius
1290 1877 1392 1930 alia
1417 1875 1664 1945 preponit
1690 1891 1795 1929 non

208 1985 399 2042 parum
424 1973 747 2035 necessaria,
772 1986 890 2042 qua:
913 1972 979 2027 ab
996 1968 1322 2040 Imperatore
1346 1968 1571 2040 petenda
1588 1978 1792 2024 essent:

204 2066 353 2120 inter
377 2064 529 2130 hac,
558 2064 631 2118 uti
650 2063 872 2137 profana
900 2078 1016 2134 qua:
1045 2062 1226 2117 multis
1244 2062 1293 2115 in
1311 2062 1440 2116 locis
1462 2060 1647 2116 flerent
1670 2076 1798 2115 con-

206 2157 345 2211 vivia
372 2157 754 2226 prohibeantur
783 2153 971 2227 (Ibid.,
1000 2170 1115 2207 can.
1147 2151 1274 2223 60);
1301 2151 1459 2221 idque
1486 2166 1591 2205 non
1626 2151 1796 2205 solum

207 2254 431 2316 propter
456 2247 803 2312 saltationes,
834 2246 1039 2315 aliaque
1062 2243 1399 2313 turpitudinis
1424 2257 1487 2297 ac
1522 2242 1798 2312 impuden-

207 2339 291 2391 tiae
314 2337 475 2407 plena
498 2377 516 2401 ,
546 2352 665 2407 qure
707 2336 761 2390 in
784 2335 1057 2405 religionis
1095 2334 1399 2388 christianaa
1424 2333 1795 2388 contumeliam

210 2431 263 2485 in
302 2430 413 2483 illis
443 2429 650 2499 Pagani
679 2429 1037 2489 exercebant,
1068 2440 1251 2482 verum
1285 2426 1443 2479 etiam
1471 2424 1611 2495 quod
1640 2424 1795 2479 Chri-
1823 2471 1825 2473 ,

210 2520 409 2574 stianos
432 2521 598 2574 isthic
623 2520 810 2574 adesse
836 2526 1121 2589 cogerent;
1149 2531 1251 2587 qua
1282 2516 1333 2571 in
1356 2531 1415 2571 re
1442 2516 1541 2570 sub
1572 2516 1801 2585 imperae

206 2613 412 2667 toribus
436 2611 656 2666 Christo
679 2610 902 2666 addictis
926 2625 1058 2665 nova
1080 2609 1318 2680 quaedam
1336 2609 1664 2664 excitabatur
1678 2624 1798 2677 per-

208 2702 431 2755 secutio.
462 2700 729 2755 Convivia
749 2701 838 2754 illa
857 2715 923 2755 ex
951 2699 1221 2755 erroribus
1242 2699 1515 2768 gentilium
1534 2714 1795 2767 manasse,

208 2805 412 2846 necnon
452 2791 658 2845 divinis
686 2804 984 2860 repugnare
1020 2789 1331 2859 prteceptis,
1366 2800 1547 2857 aperte
1577 2795 1801 2844 testatur

207 2882 456 2935 Aurelius
486 2899 500 2936 :
528 2882 720 2951 quibus
740 2881 917 2935 verbis
937 2922 951 2945 ,
982 2889 1039 2934 ut
1067 2879 1279 2949 quidem
1320 2879 1561 2945 videtur,
1600 2893 1663 2933 ea
1703 2894 1802 2933 no-

206 2978 287 3024 tat
304 2972 362 3025 in
384 2972 601 3041 templis
627 2972 783 3026 solita
804 2970 1083 3037 celebrari,
1109 2986 1229 3041 quae
1256 2969 1455 3039 pariter
1476 2969 1801 3040 Augustinus

208 3076 469 3116 sermone
501 3064 837 3133 sexagesimo
863 3061 1128 3128 secundo,
1154 3062 1263 3132 ‘qui
1290 3077 1409 3117 cum
1442 3062 1542 3116 hoc
1578 3063 1801 3118 articulo

209 3164 312 3206 non
334 3153 672 3209 mediocrem
690 3154 855 3208 habet
872 3154 1201 3221 afﬁnitatem,
1230 3154 1515 3208 insectatus
1530 3162 1629 3207 est.
1656 3153 1802 3208 Prae-

210 3250 353 3298 terea
396 3244 444 3297 si
469 3245 592 3313 quis
625 3258 811 3299 servos
846 3258 972 3299 suos
999 3244 1374 3300 manumittere
1414 3253 1705 3313 cuperent,
1747 3244 1801 3299 id

211 3331 309 3386 illis
337 3334 397 3387 in
427 3333 694 3401 ecclesia,
725 3348 906 3390 coram
935 3333 1231 3403 episc0pis,
1264 3334 1407 3388 nulla
1432 3335 1534 3388 alia
1574 3350 1639 3388 ex
1664 3335 1801 3404 juris

211 3420 458 3477 formulis
484 3433 726 3489 servata,
768 3425 1053 3495 peragendi
1084 3432 1398 3494 potestatem
1430 3425 1626 3479 fecerat
1657 3425 1800 3481 Con-

212 3516 480 3571 stantinus
505 3516 701 3587 triplici
740 3517 886 3586 lege,
929 3516 1072 3587 quod
1116 3516 1252 3572 forte
1297 3517 1350 3570 in
1377 3517 1581 3582 Africa,
1614 3517 1704 3571 ubi
1734 3516 1801 3572 de

211 3605 369 3659 modo
398 3620 463 3659 ac
492 3606 731 3675 legitimo
756 3607 861 3661 ritu
887 3607 1249 3677 ambigebatur
1272 3648 1287 3672 ,
1318 3608 1551 3661 nondum
1575 3624 1674 3663 usu
1710 3623 1800 3663 re-

210 3705 423 3764 ceptum
451 3705 593 3750 erat.
622 3697 860 3751 Postulat
888 3712 1015 3767 ergo
1053 3698 1297 3752 Aurelius
1318 3739 1331 3762 ,
1366 3707 1422 3751 ut
1457 3698 1715 3754 mittendo
1747 3700 1801 3753 in

211 3786 419 3841 italiam
445 3790 625 3857 legato
649 3804 778 3843 cura
807 3790 1167 3843 committatur
1191 3790 1490 3843 sciscitandi
1519 3831 1533 3854 ,
1567 3805 1800 3860 quonam

212 3889 363 3945 pacto
393 3895 521 3935 sese
562 3880 726 3934 italiae
756 3880 990 3950 episcopi
1021 3881 1073 3934 in
1099 3895 1160 3935 ea
1193 3896 1251 3935 re
1291 3889 1573 3950 gererent;
1621 3889 1678 3934 ut
1702 3882 1801 3936 sibi

211 3984 423 4040 quoque
441 3970 772 4025 tantumdem
793 3971 1070 4040 potestatis
1090 3970 1187 4039 ipsi
1205 3980 1459 4039 usurpent
1484 3969 1666 4040 (lbid.,
1684 3988 1797 4024 can.

212 4058 316 4128 8‘2).
338 4057 406 4113 In
437 4060 671 4113 concilio
696 4060 866 4115 idibus
904 4061 1222 4129 septetnbris
1252 4061 1430 4114 habito
1455 4064 1798 4116 constitutum

210 4158 288 4201 est
307 4189 324 4214 ,
359 4158 421 4203 ut
440 4149 514 4203 ab
544 4149 868 4219 lmperatere
896 4159 1166 4220 peteretur
1186 4151 1236 4204 in
1263 4151 1487 4206 ecclesia
1518 4154 1801 4209 manumit-

212 4239 356 4294 tendi
389 4239 621 4295 facultas
647 4238 833 4311 (Ibid.)
864 4257 877 4293 :
906 4256 1063 4311 quam
1090 4250 1147 4296 et
1182 4256 1489 4296 concessam
1536 4242 1697 4296 fuisse
1733 4259 1797 4297 ex

212 4332 518 4401 Augustino
544 4331 797 4386 discimus
819 4332 1015 4402 (Serm.
1036 4332 1126 4396 2i,
1150 4348 1203 4385 η.
1222 4332 1286 4396 6;
1312 4330 1477 4386 Serm.
1498 4332 1620 4397 556,
1644 4350 1695 4385 η.
1720 4333 1795 4405 6).

275 4421 330 4474 2.
369 4422 456 4475 Ad
488 4421 782 4475 secundum
826 4422 965 4477 istud
994 4422 1183 4476 eodem
1221 4436 1361 4476 anno
1388 4422 1795 4491 quadringente-

211 4513 343 4565 simo
396 4514 573 4582 primo
623 4512 796 4567 idibus
841 4513 1162 4581 septembris
1211 4513 1444 4567 habitum
1481 4512 1798 4584 Carthagine

211 4604 523 4665 concilium,
552 4618 675 4658 cum
696 4603 855 4659 totius
876 4603 1068 4660 Africm
1089 4604 1336 4674 generale
1357 4604 1531 4669 fuerit,
1564 4607 1797 4675 episcopi

212 4706 521 4747 convenere
549 4692 993 4762 frequentissimi;
1022 4694 1156 4749 adeo
1185 4703 1239 4747 ut
1261 4694 1326 4747 ad
1353 4694 1655 4749 obeundum
1684 4697 1796 4765 pri-

209 4795 387 4838 vatum
421 4794 697 4855 negotium
736 4801 841 4839 non
884 4786 1160 4855 pauciores
1187 4786 1367 4857 viginti
1391 4785 1615 4855 delegati
1655 4787 1792 4853 sint,

209 4874 258 4926 in
290 4875 495 4943 quibus
539 4876 790 4946 Alypius,
842 4876 1165 4947 Augustinus
1188 4916 1203 4943 ,
1253 4886 1407 4946 atque
1437 4877 1667 4930 Evoditts
1705 4892 1795 4933 re-

208 4976 522 5021 censentur.
557 4968 835 5035 Augustini
866 4979 1009 5022 certe
1040 4968 1305 5039 ingenium
1336 4969 1387 5022 in
1420 4970 1637 5037 hujusce
1663 4985 1793 5023 con-

206 5056 309 5109 cilii
334 5055 581 5110 decretis
609 5058 781 5112 elucet
809 5060 1110 5127 plurimum.
1157 5059 1387 5113 Primum
1414 5061 1646 5113 recitatae
1672 5069 1797 5115 sunt

208 5148 402 5203 litterae
421 5150 493 5204 ab
508 5149 792 5205 Anastasio
815 5166 947 5220 papa
972 5151 1037 5204 ad
1065 5151 1340 5220 episcopos
1362 5150 1636 5205 Africanos
1665 5153 1797 5205 scri-

206 5249 352 5306 ptze;
408 5240 605 5311 quibus
660 5257 755 5296 eos
805 5241 1216 5307 cohortabatur,
1267 5258 1332 5297 ne
1360 5242 1791 5311 improbitatem,

207 5329 434 5400 injurias
459 5372 473 5393 ,
524 5346 590 5386 ac
618 5331 815 5387 damna
833 5374 847 5398 ,
898 5349 1017 5404 quae
1045 5333 1111 5387 ab
1138 5333 1400 5388 hmreticis
1427 5334 1710 5388 Donatistis
1737 5335 1795 5389 il-

204 5419 330 5484 lata,
370 5431 479 5476 tam
500 5422 673 5476 dirum
692 5424 745 5477 in
775 5424 985 5478 modum
1010 5424 1299 5479 Ecclesiam
1318 5423 1615 5478 Africanam
1638 5442 1794 5479 vexa-

205 5511 357 5581 bant,
380 5515 497 5568 ullo
515 5514 674 5569 modo
694 5514 1108 5572 dissimularent.
1127 5516 1374 5586 Actreque
1401 5525 1508 5570 tum
1539 5518 1645 5572 Deo
1667 5533 1771 5588 gra.

205 5603 293 5658 tia:
314 5645 330 5667 ,
373 5606 517 5675 quod
544 5615 688 5661 tanta
716 5604 968 5662 adversus
994 5608 1137 5677 ipsos
1166 5608 1419 5662 eharitate
1443 5609 1607 5662 sancti
1638 5609 1795 5677 hujus

207 5694 480 5752 Antistitis
508 5698 744 5752 animum
786 5699 1161 5754 inflammasset
1192 5717 1204 5751 :
1238 5698 1427 5753 deinde
1453 5713 1640 5767 magna
1664 5713 1788 5752 cura

1564 296 1763 351 LIBER
1802 293 2111 363 QUINTUS.

3381 301 3484 359 302

1911 409 2205 464 discussum
2224 452 2237 475 ,
2268 425 2507 478 qurenam
2535 416 2653 467 eum
2688 413 2973 470 Donatistis
3002 415 3190 485 agendi
3228 418 3365 471 ratio
3392 434 3475 472 cs-

1911 510 1992 555 set
2017 502 2194 556 utilior
2218 501 2389 557 futura
2418 502 2624 574 (Labbe,
2654 504 2847 561 Concil.
2879 517 3013 562 temo
3038 508 3092 573 2,
3121 524 3238 579 pag.
3274 506 3432 579 1651)
3464 528 3476 563 :

1910 602 2228 663 captumque
2256 603 2336 648 est
2377 594 2485 650 Deo
2512 595 2797 665 inspirante
2821 599 3097 653 consilium
3119 638 3136 665 ,
3169 609 3225 654 ut
3252 599 3481 671 benigne

1910 682 2192 738 admodum
2221 693 2274 740 et
2309 685 2527 755 pacifice
2567 697 2843 758 ageretur,
2876 700 3035 761 atque
3070 692 3175 747 illis
3199 694 3442 748 omnibus
3463 736 3479 756 ,

1907 774 2079 843 quoad
2111 776 2221 830 fieri
2249 785 2462 845 posset,
2489 778 2559 832 ob
2586 780 2768 833 oculos
2793 793 3078 851 poneretur
3099 823 3113 847 ,
3144 799 3299 855 quam
3321 785 3479 841 mise-

1906 882 2023 920 rum
2068 867 2120 920 in
2166 876 2357 922 statum
2406 866 2726 926 decidissent
2752 872 2769 943 (
2798 871 2980 927 Codice
3008 874 3269 929 Canonam
3293 876 3478 946 Afric.,

1906 974 2017 1012 can.
2061 958 2153 1028 66)
2180 978 2193 1013 :
2223 960 2360 1029 quod
2407 975 2530 1030 spes
2572 971 2743 1030 esset,
2770 962 3036 1030 futurum,
3091 976 3146 1021 nt
3189 968 3478 1024 amicarum

1906 1047 2204 1117 hujusmodi
2248 1052 2633 1109 correctionum
2680 1069 2782 1124 ope
2801 1097 2816 1121 ,
2848 1058 3041 1113 mentis
3068 1059 3345 1130 caliginem
3376 1062 3480 1118 illis

1906 1132 2046 1192 Deus
2071 1140 2395 1210 abstergeret
2413 1183 2429 1207 ,
2458 1157 2550 1197 cor
2573 1145 2870 1211 emolliret,
2900 1156 2952 1201 et
2980 1147 3286 1219 laqueorum
3310 1192 3324 1216 ,
3355 1152 3475 1222 qui-

1904 1226 2002 1285 bus
2031 1246 2060 1284 a
2086 1228 2326 1288 dzemone
2357 1235 2671 1291 tenebantur
2692 1237 2881 1293 irretiti
2905 1280 2920 1305 ,
2949 1256 3118 1296 nexus
3142 1241 3474 1299 dissolveret.

1903 1319 2164 1376 Statutum
2204 1332 2286 1378 est
2323 1339 2440 1379 eam
2467 1326 2536 1380 ob
2570 1342 2780 1382 causam
2802 1372 2817 1393 ,
2863 1329 3064 1387 litteras
3107 1332 3173 1387 ad
3204 1333 3479 1392 Africanos

1904 1412 2241 1481 magistratus
2278 1430 2307 1468 a
2338 1415 2573 1472 Concilio
2600 1419 2884 1475 mittendas
2923 1435 3042 1478 esse
3062 1464 3075 1487 ,
3106 1424 3295 1493 quibus
3319 1441 3475 1496 roga-

1902 1511 2107 1567 rentur,
2137 1512 2195 1558 ut
2237 1516 2444 1573 eorum,
2476 1522 2594 1575 qua:
2627 1508 2925 1565 Donatistas
2951 1511 3089 1567 inter
3116 1527 3177 1567 ac
3200 1509 3476 1571 Maximia-

1905 1592 2067 1646 nistas
2095 1602 2209 1649 acta
2237 1594 2479 1661 fuerant,
2508 1598 2857 1666 instrumenta
2886 1603 3186 1658 authentica
3214 1608 3477 1677 episcopis

1904 1684 2036 1739 tradi
2068 1684 2315 1754 juberent
2338 1686 2525 1759 (Ibid.,
2553 1706 2668 1744 can.
2696 1687 2788 1764 67)
2820 1709 2835 1745 :
2862 1699 2973 1747 tum
3002 1693 3312 1764 deligendos
3335 1700 3476 1753 anti-

1902 1780 2054 1834 stites
2071 1816 2088 1847 ,
2130 1781 2220 1850 qui
2262 1782 2549 1839 schismate
2575 1794 2879 1855 segregatos
2906 1786 2973 1839 ab
2997 1783 3236 1842 Ecclesia
3263 1792 3475 1859 episco-

1904 1883 1999 1939 pos
2022 1870 2304 1941 plebesque
2331 1889 2513 1927 eorum
2535 1873 2599 1928 ad
2624 1888 2805 1944 pacem
2822 1882 2876 1929 et
2896 1877 3147 1931 unitatem
3169 1878 3471 1945 invitarent,

1902 1960 2383 2032 com-iacerentque
2406 1963 2539 2018 nihil
2563 1979 2683 2019 esse
2723 1980 2930 2032 causze,
2959 1982 3057 2021 cur
3083 1968 3150 2022 ab
3190 1970 3268 2024 eis
3291 1972 3476 2025 catho-

1902 2047 2000 2103 lica
2029 2051 2259 2106 Ecclesia
2290 2054 2737 2121 reprehendatur;
2786 2071 2905 2109 cum
2943 2058 3238 2127 pra-sertim
3264 2075 3477 2115 eorum-

1905 2140 2025 2195 dem
2070 2142 2121 2196 in
2150 2143 2562 2201 Maximianistas
2609 2146 2929 2215 indulgentia
2966 2149 3210 2205 obtentas
3252 2167 3362 2205 sua:
3390 2169 3480 2207 sc-

1903 2232 2130 2287 cessioni
2170 2249 2356 2289 causas
2402 2251 2588 2290 omnes
2628 2237 2871 2291 excludat
2903 2237 2924 2309 (
2951 2237 3122 2304 Ibid.,
3177 2257 3291 2295 can.
3343 2240 3479 2313 69).

1903 2321 2105 2378 Placuit
2142 2340 2351 2394 quoque
2380 2335 2437 2380 ut
2490 2326 2753 2396 episcopis
2800 2327 2866 2382 ad
2912 2329 3207 2384 Donatistas
3242 2347 3338 2400 per
3364 2348 3481 2385 oma-

1904 2428 2000 2469 nes
2043 2413 2235 2469 Africae
2262 2417 2560 2486 provincias
2606 2417 2841 2487 legendis
2871 2429 3104 2488 potestas
3148 2422 3248 2476 sub
3285 2422 3484 2479 instru-

1902 2506 2096 2560 ctionis
2136 2505 2304 2562 forma
2348 2508 2662 2570 traderetur,
2714 2524 2744 2562 a
2792 2510 2945 2579 cujus
3009 2514 3318 2583 praescripto
3372 2531 3481 2571 non

1903 2606 2047 2651 esset
2078 2596 2181 2651 illis
2210 2596 2471 2666 integrum
2508 2598 2784 2654 discedere
2827 2598 2987 2671 (Ibid.
3008 2642 3024 2665 ,
3063 2618 3176 2655 can.
3209 2602 3321 2674 85).
3343 2603 3483 2660 Nihil

1902 2698 2016 2743 erat
2061 2689 2126 2742 ad
2171 2690 2560 2745 resarciendam
2605 2691 2941 2746 concordiam
2988 2695 3155 2763 magis
3196 2695 3481 2764 idoneum,

1902 2796 2060 2851 quam
2087 2781 2132 2834 si
2158 2780 2444 2836 redeuntes
2472 2781 2542 2835 ad
2568 2782 2857 2836 Ecclesiam
2889 2783 3274 2839 Donatistarum
3305 2786 3484 2843 clerici

1903 2869 1957 2924 in
2002 2871 2115 2925 suis
2144 2871 2432 2925 honoribus
2453 2872 2815 2942 reciperentur
2841 2872 3024 2942 (Ibid.,
3051 2892 3165 2929 can.
3193 2877 3303 2947 68).
3331 2877 3485 2943 Quod

1904 2960 2116 3030 quidem
2146 2970 2250 3015 tam
2278 2961 2330 3016 in
2358 2963 2474 3031 ipso
2502 2962 2708 3017 discidii
2740 2964 2923 3030 initio,
2956 2981 3113 3036 quam
3147 2983 3268 3022 cum
3308 2968 3486 3025 redin-

1905 3060 2104 3121 tegrata
2125 3061 2207 3108 est
2226 3054 2324 3109 sub
2343 3069 2539 3109 annum
2568 3059 2996 3112 trecentesimum
3019 3059 3483 3131 quadragesimum

1905 3144 2186 3212 septimum
2218 3159 2314 3214 per
2340 3144 2625 3200 Macarium
2649 3148 2850 3211 unitas,
2883 3158 3149 3205 servatum
3178 3152 3379 3220 fuerat,
3405 3153 3485 3211 uti

1907 3241 2069 3289 teSIes
2098 3249 2216 3289 esse
2244 3244 2486 3304 poterant
2510 3234 2773 3291 Africanae
2819 3254 2953 3306 pene
2982 3255 3168 3296 omnes
3196 3244 3435 3299 ecclesia:
3464 3263 3480 3301 ε

1905 3340 2090 3380 verum
2118 3326 2257 3380 idem
2287 3335 2469 3396 postea
2490 3328 2648 3381 varia:
2674 3330 2899 3398 synodi,
2931 3331 2980 3383 in
3006 3332 3198 3399 quibus
3220 3335 3483 3403 prmcipue

1906 3417 2285 3485 Hipponensis,
2313 3434 2377 3473 ac
2406 3420 2755 3474 transmarina
2776 3463 2790 3486 ,
2818 3420 3065 3490 Capuana
3093 3423 3317 3481 fortasse
3341 3442 3483 3483 anno

1906 3509 2277 3563 trecentesimo
2298 3509 2639 3579 nonagesimo
2655 3512 2886 3564 secundo
2908 3512 3169 3567 celebrata
3202 3517 3485 3584 prohibue-

1904 3604 2046 3652 rant.
2078 3597 2323 3652 Veterem
2368 3599 2513 3652 illum
2539 3615 2692 3653 usum
2727 3615 3004 3668 revocare,
3048 3603 3203 3672 idque
3227 3620 3350 3676 erga
3387 3621 3482 3662 eos

1904 3704 2025 3744 cum
2068 3690 2284 3760 primis,
2336 3692 2427 3761 qui
2469 3706 2594 3745 suos
2641 3706 2819 3747 secum
2867 3695 3088 3762 populos
3129 3695 3477 3762 reducerent,

1905 3783 2252 3851 peroptabant
2270 3782 2504 3837 Africani
2530 3783 2827 3848 antistites;
2856 3793 3086 3839 attamen
3108 3785 3174 3840 de
3190 3802 3250 3841 ea
3276 3803 3333 3842 re
3348 3788 3479 3845 nihil

1904 3872 2193 3926 decernere
2220 3876 2333 3926 ausi
2360 3871 2571 3927 fuerant
2598 3874 2899 3942 priusquam
2928 3875 3297 3943 episc0p0rum
3321 3877 3480 3934 Italiae

1904 3979 2224 4019 consensum
2253 3965 2622 4019 obtinuissent.
2653 3965 2732 4018 Ad
2761 3965 2902 4019 hunc
2921 3966 3134 4020 modum
3159 3968 3210 4021 in
3231 3970 3476 4037 concilio,

1903 4056 2110 4111 decimo
2135 4064 2285 4110 sexto
2326 4054 2576 4110 kalendas
2605 4055 2762 4125 julias
2794 4058 3066 4125 praesentis
3110 4060 3234 4113 anni
3263 4072 3477 4128 coacto,

1904 4147 2093 4200 animis
2117 4146 2290 4201 atiecti
2319 4155 2715 4212 remanserant;
2760 4162 2979 4217 remque
3019 4163 3230 4204 omnem
3276 4160 3479 4206 statue-

1905 4249 2025 4293 rant
2044 4239 2268 4293 Romani
2308 4238 2554 4308 Episcopi
2579 4254 2643 4293 ac
2669 4239 3077 4297 Mediolanensis
3108 4244 3329 4299 arbitrio
3356 4262 3476 4315 per—

1906 4329 2237 4384 mittendam.
2283 4328 2344 4383 In
2368 4329 2470 4383 hoc
2508 4344 2633 4384 vero
2662 4329 2930 4385 decretum
2959 4341 3075 4400 est,
3106 4343 3164 4387 ut
3206 4334 3271 4388 ad
3317 4336 3477 4391 Italos

1904 4421 2166 4475 antistites
2185 4462 2198 4485 ,
2228 4435 2291 4475 ac
2312 4421 2580 4491 praecipue
2606 4420 2672 4475 ad
2700 4422 3035 4476 An‘astasium
3066 4438 3253 4493 papam
3291 4427 3477 4481 litterae

1903 4511 2157 4565 darentur
2175 4552 2189 4576 ,
2213 4512 2402 4580 quibus
2421 4510 2675 4565 certiores
2699 4511 2887 4566 fierent
2903 4552 2919 4576 ,
2943 4528 3126 4582 pacem
3152 4525 3312 4585 atque
3341 4519 3479 4573 Afri-

1902 4617 2048 4657 cana:
2078 4601 2330 4655 Ecclesia:
2358 4601 2632 4655 utilitatem
2650 4602 2861 4671 exigere
2880 4643 2893 4667 ,
2922 4612 2978 4657 ut
3004 4604 3239 4664 locorum
3267 4607 3475 4675 episco-

1903 4694 1986 4763 pis
2017 4693 2314 4746 Donatistas
2351 4693 2405 4746 in
2436 4692 2663 4761 prepriis
2694 4692 2983 4749 honoribus
3009 4697 3299 4766 recipiendi
3321 4697 3479 4755 facul-

1901 4793 1981 4837 tas
2001 4793 2176 4849 esset,
2207 4784 2331 4836 dum
2361 4783 2671 4840 revocandis
2701 4783 2767 4838 ad
2796 4786 3048 4840 unitatem
3078 4786 3196 4841 aliis
3221 4789 3474 4844 conduci-

1899 4877 2004 4932 bile
2029 4876 2331 4931 videretur:
2359 4876 2561 4931 valeret
2584 4885 2757 4932 autem
2786 4880 3194 4934 transmarinum
3225 4880 3472 4950 placitum

1899 4967 2153 5021 adversus
2173 4981 2267 5020 eos
2293 4966 2467 5029 solos,
2496 4968 2582 5036 qui
2603 4967 2774 5021 reditu
2816 4983 2912 5022 suo
2940 4969 3192 5023 Ecclesiae
3217 4986 3322 5024 non
3348 4978 3471 5025 tan-

1901 5066 2009 5110 tum
2054 5056 2307 5111 afferrent
2341 5057 2610 5122 utilitatis,
2645 5067 2899 5127 quantum
2929 5058 2994 5111 ad
3026 5058 3188 5113 hocce
3212 5058 3469 5114 inllictum

1897 5147 2190 5217 disciplina:
2219 5148 2410 5203 vulnus
2451 5148 2896 5216 compensandum
2938 5148 3223 5203 sufficeret.
3256 5149 3365 5205 Hac
3394 5160 3473 5205 ta-

1898 5255 2023 5295 men
2049 5240 2203 5309 hujus
2230 5239 2434 5294 articuli
2461 5238 2806 5307 inscriptione
2833 5238 2940 5310 (Ut
2966 5239 3142 5294 clerici
3169 5240 3469 5296 Donatista-

1898 5348 2013 5387 rum
2034 5333 2085 5386 in
2111 5331 2346 5386 Ecclesia
2366 5331 2621 5385 catholica
2645 5331 2968 5398 recipiantur
2993 5329 3045 5382 in
3071 5330 3238 5402 clero)
3263 5331 3471 5387 videtur

1896 5422 2177 5493 significari
2199 5463 2213 5489 ,
2261 5437 2382 5477 eum
2412 5422 2529 5476 loco
2556 5422 2789 5475 habitum
2816 5419 3203 5476 constitutionis
3256 5424 3470 5478 definite

1896 5514 1965 5570 ab
1981 5513 2218 5568 Ecclesia
2247 5512 2491 5568 Africana
2517 5511 2691 5575 factae,
2722 5527 2893 5581 neque
2918 5513 3194 5582 pendentis
3211 5530 3276 5568 ex
3294 5523 3468 5568 trans-

1893 5604 2216 5661 marinarum
2246 5604 2599 5659 Ecclesiarum
2625 5618 2907 5661 consensu.
3252 5626 3254 5628 ν

1966 5697 2017 5750 5.
2052 5694 2377 5765 Augustinus
2417 5695 2629 5751 circiter
2654 5712 2847 5750 anitum
2896 5694 3468 5766 quadringentesimum
