3990 6360
496 308 604 368 503

501 431 708 476 sextum
736 422 918 471 contra
945 409 1289 468 Cresconium
1340 404 1599 466 scribens,
1641 397 1929 470 superioris
1956 394 2085 449 arti-

508 511 612 566 cnll
645 505 1075 565 constitutionem
1107 510 1233 554 tunc
1281 494 1532 564 temporis
1575 489 1845 547 observari
1874 486 2084 541 solitam

505 604 770 666 declarat;
796 610 1003 653 necnon
1035 593 1311 662 episcopos
1339 596 1666 654 eaeterosque
1705 579 1968 636 inferioris
1995 593 2087 634 or-

508 698 649 752 dinis
692 692 940 755 clericos,
976 685 1147 757 quise
1186 681 1253 736 ad
1279 678 1571 735 Ecclesiam
1612 671 1959 742 recipiebant,
2003 668 2087 723 vel

510 784 812 842 exercuisse
840 777 1052 850 propria
1083 770 1395 835 ministeria,
1421 766 1511 822 vel
1548 766 1614 820 ab
1639 764 1705 819 iis
1741 761 2082 826 abstinuisse,

512 886 668 945 prout
683 871 930 928 Ecclesiae
953 865 1067 938 paci
1088 878 1149 919 ac
1169 862 1320 917 saluti
1344 857 1677 929 populorum,
1691 868 1913 924 quorum
1931 865 2088 906 causa

504 944 602 1022 ha:
629 966 907 1036 dignitates
936 974 999 1013 ac
1034 954 1324 1013 ministeria
1347 950 1632 1006 constituta
1661 956 1813 1013 sunt,
1841 944 2093 1016 expedire

509 1060 844 1133 jndicabatur
866 1054 1076 1127 (Contra
1092 1049 1432 1113 Cresconium,
1456 1045 1542 1100 lib.
1570 1046 1634 1109 2,
1672 1062 1716 1099 c.
1754 1045 1842 1109 11,
1884 1035 1936 1097 n.
1978 1040 2090 1110 15).

515 1155 685 1222 Quam
715 1147 1050 1217 disciplinam
1092 1142 1345 1196 adversus
1378 1138 1697 1199 Donatistas,
1730 1151 1760 1189 a
1790 1135 1982 1204 quibus
2010 1146 2094 1186 re-

515 1241 959 1314 prehendebatur,
978 1238 1089 1306 ipse
1118 1232 1352 1289 defendit
1374 1230 1556 1303 (Ibid.,
1577 1246 1624 1283 c.
1643 1228 1728 1292 10,
1749 1246 1802 1281 n.
1834 1226 1960 1295 12).
1987 1226 2087 1280 Po-

516 1345 626 1390 stea
649 1348 767 1389 cum
791 1328 1060 1387 Bonifacio
1088 1325 1266 1380 comiti
1300 1322 1575 1387 scriberet,
1606 1318 1822 1390 perinde
1851 1332 1971 1373 esse
1999 1317 2093 1381 ait,

515 1442 577 1481 ac
599 1426 642 1481 si
658 1435 839 1481 cortex
866 1418 1071 1475 arboris
1092 1417 1159 1471 ad
1189 1414 1526 1471 inserendum
1549 1411 1817 1467 surculum
1838 1409 2097 1465 incidatur

515 1518 705 1589 (Epist.
729 1514 851 1580 185,
872 1528 917 1565 c.
939 1510 1025 1575 10,
1049 1526 1103 1562 n.
1122 1508 1236 1579 44).
1265 1506 1422 1561 Certe
1446 1502 1655 1575 quidem
1678 1500 1963 1589 Donatistre
1987 1498 2099 1567 epi-

518 1588 663 1677 scopi
689 1608 739 1660 in
760 1604 892 1659 locis
917 1601 1167 1671 episcopo
1192 1595 1455 1652 catholico
1480 1591 1746 1649 destitutis
1774 1604 1897 1644 suas
1918 1588 2098 1658 plebes

517 1714 636 1754 cum
656 1712 748 1752 eas
769 1694 834 1749 ad
849 1690 1139 1748 Ecclesiam
1155 1687 1491 1749 reducerent,
1504 1679 1873 1753 gubernandas
1893 1678 2101 1733 obtine-

518 1791 645 1863 bant
672 1785 877 1859 (Codice
899 1782 1093 1863 Conon.
1125 1778 1310 1848 Afric.,
1339 1792 1454 1830 can.
1485 1773 1575 1843 99)
1607 1771 1672 1825 ad
1703 1785 1899 1825 annum
1927 1783 2096 1837 usque

519 1859 1090 1953 quadringentesimum
1112 1871 1414 1940 septimum.
1432 1866 1564 1920 Hinc
1578 1863 1915 1933 reperiuntur
1930 1861 1984 1915 in
2000 1859 2103 1915 col-

523 1951 721 2028 latione
737 1962 1136 2035 Carthaginensi
1156 1956 1675 2016 catholiciantistites
1687 1968 1793 2009 non
1816 1952 1991 2022 pauci,
2012 1951 2103 2021 qui

519 2062 665 2132 prius
689 2057 871 2114 Donati
899 2063 1075 2125 partes
1103 2050 1284 2107 sectati
1310 2055 1479 2104 erant.
1507 2045 1643 2114 Quin
1677 2045 1835 2100 etiam
1876 2041 2105 2096 nonnul-

526 2153 591 2206 lis
617 2150 706 2221 qui
731 2146 1205 2216 rebaptizaverant,
1223 2155 1316 2195 sua
1343 2137 1651 2194 servabatur
1676 2135 1904 2206 dignitas
1934 2133 2101 2207 (Cont.

521 2243 872 2305 Cresconium,
911 2238 999 2292 lib.
1039 2236 1094 2299 2,
1128 2252 1170 2286 c.
1205 2233 1293 2296 16,
1334 2249 1386 2285 n.
1420 2229 1529 2300 19).
1564 2229 1796 2299 Rogatus
1819 2242 1847 2280 a
1874 2225 2102 2296 quodam

526 2331 807 2387 Theodoro
837 2326 1181 2397 Augustinus,
1203 2336 1309 2392 quo
1336 2328 1509 2390 pacto,
1536 2319 1581 2372 si
1606 2318 1694 2388 qui
1723 2332 1786 2372 ex
1817 2314 2105 2371 Donatistis

519 2423 697 2480 clerici
721 2419 992 2476 schismati
1027 2416 1267 2471 nuntium
1306 2413 1577 2468 remittere
1612 2410 1828 2474 vellent,
1862 2408 1979 2462 illos
2008 2421 2097 2461 es-

521 2525 603 2572 set
647 2524 960 2583 reccpturus
1010 2508 1083 2580 (id
1125 2508 1266 2562 enim
1307 2504 1527 2559 arbitrio
1564 2502 1821 2572 cujusque
1864 2498 2101 2570 episcopi

522 2608 841 2680 permiserat
878 2600 1223 2668 concilium),
1268 2612 1299 2651 a
1363 2610 1423 2650 se
1470 2594 1672 2649 nullum
1715 2606 1807 2647 sua
1852 2590 2106 2661 dignitate

522 2699 803 2769 spoliatum
836 2695 897 2749 iri
918 2694 1039 2749 viva
1066 2704 1197 2744 voce
1221 2686 1495 2757 respondit
1523 2703 1535 2738 :
1566 2683 1709 2755 quod
1733 2683 1903 2752 ipsum
1923 2691 2104 2751 postea

524 2790 736 2862 propria
758 2802 916 2841 manu
955 2783 1128 2840 eidem
1166 2778 1493 2851 perscripsit,
1522 2790 1716 2846 rogans
1743 2774 1809 2830 de
1845 2773 1946 2828 hoc
1984 2773 2105 2827 illos

523 2882 777 2938 certiores
794 2879 1022 2939 faceret;
1046 2881 1100 2928 et
1120 2886 1269 2927 suam
1293 2883 1503 2939 quoque
1524 2866 1821 2936 epistolam,
1838 2864 1880 2919 si
1906 2864 1976 2918 ita
1996 2863 2106 2918 vel-

523 2974 653 3036 lent,
677 2969 825 3041 quasi
858 2966 977 3022 fidei
1000 2962 1238 3027 obsidem
1266 2961 1587 3029 relinqueret
1614 2956 1806 3028 (Epist.
1839 2955 1928 3021 61,
1954 2972 2006 3008 n.
2027 2952 2101 3027 1).

524 3062 837 3120 Theodorus
876 3059 960 3113 ille
986 3100 1001 3124 ,
1046 3070 1201 3127 quem
1249 3052 1463 3107 fratrem
1504 3049 1716 3115 vocitat,
1758 3048 1838 3102 vir
1867 3056 2012 3112 erat,
2046 3056 2106 3102 ut

523 3152 735 3224 quidem
762 3147 1014 3204 credibile
1056 3153 1154 3209 est,
1192 3158 1297 3197 non
1326 3140 1608 3197 mediocris
1643 3139 1885 3209 Hippone
1912 3148 2098 3193 aucto—

527 3242 716 3305 ritatis,
748 3253 854 3309 quo
881 3238 946 3291 ad
987 3232 1319 3289 tractandum
1363 3246 1483 3285 cum
1529 3229 1715 3283 Donati
1753 3228 2103 3283 sectatoribus

528 3334 795 3389 utebatur.
832 3328 1038 3384 Etenim
1079 3324 1343 3380 Theodori
1386 3332 1440 3377 et
1478 3321 1710 3385 Maximi,
1742 3336 1874 3390 quos
1902 3320 2104 3375 charis-

527 3428 691 3480 simos
709 3433 765 3479 et
788 3420 1125 3477 honorabiles
1142 3418 1277 3472 ﬁlios
1290 3414 1528 3485 appellat
1551 3414 1739 3484 (Epist.
1762 3414 1882 3479 107,
1907 3412 2028 3480 108,
2043 3429 2102 3467 n.

528 3517 605 3590 1),
628 3515 921 3571 ministerio
937 3511 1211 3583 epistolam
1236 3511 1459 3579 primum
1483 3507 1548 3562 ad
1572 3506 1890 3562 Maerobium
1910 3506 2099 3575 Hippo-

530 3624 747 3665 nensem
777 3606 1164 3661 Donatistarum
1192 3603 1498 3671 episcopum
1529 3599 1734 3654 curavit
1765 3598 2103 3654 deferendam

528 3702 717 3774 (Epist.
747 3701 890 3771 106).
922 3698 1029 3753 Nec
1081 3705 1162 3751 cst
1201 3710 1296 3749 cur
1344 3693 1520 3747 fratris
1545 3707 1762 3758 nomen,
1791 3706 1897 3762 quo
1934 3692 2001 3745 ab
2042 3707 2107 3746 eo

526 3794 827 3850 Macrobius
853 3789 1220 3859 compellatur,
1248 3800 1569 3855 quemquam
1599 3793 1830 3851 moveat,
1857 3799 1976 3837 cum
2008 3784 2108 3840 hoc

536 3886 689 3939 titulo
716 3883 879 3937 laicos
905 3881 1063 3936 etiam
1090 3878 1352 3932 honorare
1372 3890 1751 3945 nonnunquam
1774 3875 1967 3930 soleret
1993 3878 2104 3929 Au-

530 3975 791 4045 gustinus.
840 3970 889 4024 Is
912 3968 1145 4039 quidem,
1178 3977 1235 4019 ut
1284 3963 1572 4019 secundum
1617 3964 1847 4032 pollicita
1889 3964 2105 4028 faceret,

532 4068 665 4120 duos
718 4059 1043 4118 l’roculeiani
1082 4058 1332 4112 diaconos
1370 4055 1578 4109 admisit
1608 4054 1797 4124 (Epist.
1824 4055 1911 4120 78,
1941 4072 1994 4108 n.
2030 4056 2104 4126 8).

538 4157 603 4211 lli
634 4165 817 4225 postea
866 4153 917 4207 in
936 4151 1150 4220 culpam
1192 4147 1420 4216 aliquam
1464 4144 1616 4214 lapsi,
1643 4145 1838 4214 populo
1867 4146 1920 4200 in
1951 4161 2108 4201 causa

534 4248 765 4306 fuerunt.
794 4258 888 4297 cur
914 4251 967 4296 et
996 4236 1323 4294 Proeuleiaui
1352 4234 1594 4305 regimini
1621 4234 1919 4300 insultaret,
1956 4251 2017 4290 ac
2042 4238 2111 4290 ob

540 4335 815 4407 Augustini
864 4334 1110 4387 virtutem
1159 4329 1390 4400 gestiens
1426 4327 1745 4382 dictitarete
1774 4328 1982 4383 clericis
2022 4329 2109 4399 qui

541 4431 639 4485 sub
664 4427 780 4497 ejus
809 4424 1084 4493 disciplina
1105 4420 1325 4475 fuissent
1346 4418 1634 4485 informati,
1658 4419 1929 4473 neminem
1959 4420 2008 4474 in
2033 4428 2114 4475 ta-

540 4527 605 4580 lia
627 4535 842 4596 peccata
864 4521 1130 4576 decidere.
1153 4518 1209 4573 Id
1233 4527 1409 4573 autem
1438 4518 1553 4587 ipse
1580 4515 1909 4587 Augustinus
1939 4512 2114 4567 minus

542 4617 819 4687 probabat,
844 4628 907 4669 ac
931 4626 1102 4681 neque
1148 4610 1389 4664 homines
1426 4609 1493 4663 de
1531 4608 1647 4677 ipso
1673 4607 1903 4677 gloriari,
1944 4619 2116 4675 neque

544 4707 830 4771 hazrcticis,
848 4714 1039 4773 praeter
1054 4717 1201 4758 suam
1220 4700 1486 4764 haeresim,
1501 4699 1785 4768 quidquam
1807 4696 2115 4766 exprobrari

543 4800 773 4855 volebat.
802 4796 946 4851 Inter
970 4793 1336 4864 explicandum
1365 4792 1624 4861 psalmum
1652 4790 1978 4859 trigesimum
2006 4802 2119 4841 sex-

544 4903 652 4947 tum
679 4890 859 4961 populi
887 4887 1132 4958 precibus
1168 4882 1506 4939 commendat
1531 4880 1911 4935 subdiaconum
1940 4879 2117 4931 Dona—

542 4985 716 5039 tistam
736 4981 802 5036 de
830 4979 978 5048 cujus
1003 4975 1069 5030 ad
1106 4972 1361 5030 Ecclesiae
1386 4971 1811 5027 communionem
1838 4969 2010 5023 reditu
2031 4969 2121 5023 lae-

547 5076 645 5129 tari
668 5089 727 5130 se
740 5072 1016 5143 proﬁtetur
1028 5066 1240 5138 (Enarr.
1258 5065 1311 5118 in
1326 5063 1471 5118 Psal.
1491 5077 1690 5129 xxxvr,
1706 5077 1855 5115 term.
1870 5059 1926 5125 2,
1948 5058 2117 5127 η.11).

549 5166 714 5219 Porro
737 5163 825 5232 qui
855 5161 921 5214 ab
964 5159 1164 5212 unitate
1202 5155 1269 5209 ad
1307 5154 1497 5208 Donati
1536 5160 1743 5223 partem
1790 5151 2117 5217 deﬁcientes,

548 5255 736 5308 iterum
765 5251 894 5320 tingi
918 5249 1186 5318 Baptismo
1213 5245 1523 5309 voluerant,
1557 5242 1794 5297 Ecclesia
1826 5241 1879 5295 in
1924 5241 2006 5295 his
2035 5256 2123 5295 rc-

549 5341 804 5411 cipiendis
833 5339 971 5392 haud
997 5352 1147 5407 mque
1182 5335 1385 5390 facilem
1413 5348 1473 5388 se
1499 5332 1790 5402 praebebat,
1822 5346 1883 5386 ac
1922 5332 1974 5384 in
2004 5331 2121 5385 aliis

550 5433 688 5503 quia
708 5430 929 5500 pueritia
955 5429 1240 5483 schismate
1260 5426 1466 5479 fuerant
1494 5422 1747 5492 implicati
1771 5420 1979 5493 (Contra
2007 5420 2125 5474 Cre.

552 5523 795 5585 sconium,
811 5519 895 5573 lib.
918 5518 970 5584 2,
987 5533 1033 5571 c.
1055 5517 1139 5580 16,
1159 5534 1213 5570 n.
1233 5515 1347 5586 19).
1366 5510 2121 5581 AmabatutrosqueEcclesia,

555 5615 739 5684 eisque
764 5609 1011 5666 sanandis
1060 5608 1316 5663 charitate
1364 5607 1518 5677 plane
1558 5612 1797 5659 materna
1834 5602 2123 5658 serviebat.

555 5705 751 5760 Verum
781 5702 879 5758 etsi
902 5709 1117 5757 neutros
1142 5696 1427 5767 recipiebat
1450 5696 1566 5752 sine
1594 5696 1923 5767 poenitentia,
1954 5694 2006 5748 in
2034 5707 2127 5749 eos

1603 285 1760 342 VITA
1798 285 1855 340 S.
1899 280 2257 337 AUGUSTINI
2298 278 2623 335 EPISCOPI.

3669 282 3772 341 504

2194 404 2370 448 tamen
2400 408 2532 464 quos
2558 391 2791 447 nondum
2812 391 2864 446 in
2885 390 3003 446 filiis
3024 401 3414 459 numeraverat,
3441 394 3655 464 paulum
3682 396 3767 449 in-

2193 484 2510 556 dulgentior,
2559 485 2677 539 aliis
2718 482 2808 554 qui
2851 482 3241 553 transfugerant
3282 484 3348 538 ab
3386 486 3502 553 ejus
3549 486 3769 549 unitate,

2193 595 2377 650 poenas
2408 579 2673 646 indicebat
2706 577 2871 632 multo
2908 578 3178 647 graviores
3222 576 3416 647 (Epist.
3447 578 3535 643 95,
3569 595 3620 630 n.
3651 579 3769 648 55).

2193 674 2324 728 Nam
2359 674 2426 728 ab
2450 673 2821 728 ecclesiasticis
2850 672 3140 727 honoribus
3166 673 3490 743 posteriores
3518 672 3649 727 istos
3679 689 3775 727 ex-

2194 762 2461 829 cludebat,
2491 762 2712 833 perinde
2731 776 2793 817 ac
2832 762 2925 832 qui
2963 761 3131 816 semel
3182 761 3425 816 abdicato
3464 762 3772 827 schismate,

2196 869 2379 909 rursus
2407 854 2473 908 ad
2513 854 2766 908 vomitum
2796 851 3018 920 reversi,
3048 853 3117 907 ab
3160 854 3395 908 Ecclesia
3434 853 3775 915 defecissent.

2197 944 2307 1000 sive
2338 944 2390 998 hi
2419 952 2620 998 tantum
2647 959 2677 999 e
2700 943 2855 1014 plebe
2886 942 3108 997 fuissent
3146 943 3284 1013 apud
3310 944 3630 1007 Donatistas,
3664 944 3781 999 sive

2199 1037 2251 1090 in
2276 1052 2457 1091 eorum
2478 1036 2621 1091 clero
2648 1036 2818 1091 locum
2837 1035 3187 1091 obtinuissent
3211 1053 3222 1088 :
3254 1051 3316 1092 ac
3341 1037 3384 1092 si
3415 1036 3535 1107 quis
3566 1038 3776 1108 episco-

2198 1143 2387 1195 porum
2409 1128 2524 1182 illos
2553 1137 2644 1182 aut
2668 1128 2734 1182 ab
2770 1127 3143 1183 ecclesiasticis
3172 1128 3510 1199 dignitatibus
3550 1144 3655 1185 non
3694 1145 3781 1184 re-

2200 1218 2470 1284 movisset,
2494 1228 2580 1272 aut
2608 1219 2766 1273 etiam
2806 1218 2870 1273 ad
2910 1234 3001 1273 eas
3026 1219 3322 1275 adsciscere
3355 1221 3629 1286 voluisset,
3666 1219 3781 1274 fra-

2202 1318 2352 1365 terno
2371 1310 2489 1380 jure
2508 1311 2818 1379 culpabatur
2831 1326 2860 1364 a
2877 1310 3299 1381 diligentioribus
3317 1312 3415 1381 (De
3433 1313 3580 1366 unico
3598 1311 3783 1383 Bapti-

2200 1417 2327 1466 smo,
2350 1417 2397 1454 c.
2418 1400 2503 1464 12,
2531 1418 2581 1454 η.
2604 1398 2716 1472 20).
2735 1400 2999 1456 Atcontra
3022 1401 3288 1471 displicuit
3304 1401 3453 1457 valde
3464 1404 3782 1472 Augustino,

2201 1506 2261 1544 ac
2277 1507 2383 1560 pra:
2397 1492 2579 1546 dolore
2604 1500 2738 1546 torta
2764 1502 2887 1546 sunt
2902 1496 3104 1546 viscera
3124 1492 3260 1561 ejus,
3280 1492 3367 1547 ubi
3388 1493 3587 1546 audivit
3601 1509 3786 1563 quem-

2202 1583 2322 1637 dam
2350 1599 2377 1637 a
2407 1583 2694 1637 Donatistis
2718 1582 3048 1647 redeuntem,
3090 1592 3143 1637 et
3170 1592 3440 1653 peccatum
3484 1583 3785 1653 rebaptiza-

2203 1674 2362 1727 tionis
2405 1673 2768 1739 conﬁtentem,
2800 1672 2866 1726 ab
2898 1674 3147 1728 Ecclesia:
3196 1673 3337 1726 aditu
3374 1688 3437 1727 ac
3475 1674 3787 1743 ptenitentia

2204 1766 2367 1822 fuisse
2388 1782 2448 1821 ea
2476 1767 2650 1835 specie
2676 1766 3022 1835 prohibitum,
3048 1766 3187 1836 quod
3203 1766 3364 1835 recipi
3395 1765 3528 1821 forte
3547 1782 3648 1822 non
3676 1767 3788 1821 nisi

2204 1859 2375 1929 legum
2400 1868 2541 1912 metu
2570 1857 2908 1927 postulasset.
2943 1856 3097 1924 Puta,
3128 1857 3317 1926 inquit,
3344 1857 3461 1926 quia
3488 1866 3687 1912 coactus
3710 1866 3790 1912 est

2205 1967 2310 2004 esse
2337 1952 2630 2015 catholicus,
2676 1952 2767 2003 erit
2812 1950 3074 2020 paenitens.
3116 1950 3239 2014 Quis
3270 1949 3416 2003 illum
3444 1950 3574 2021 cogit
3614 1960 3790 2020 petere

2206 2044 2623 2096 reconciliationis
2655 2041 2839 2108 locum,
2862 2041 2958 2094 nisi
2975 2040 3204 2094 voluntas
3228 2040 3467 2113 prOpria?
3488 2040 3640 2094 Modo
3665 2057 3792 2110 ergo

2207 2133 2530 2186 admittantus
2551 2133 2915 2201 inﬁrmitatem,
2935 2140 2987 2184 ut
3007 2141 3176 2201 postea
3197 2130 3455 2201 probemus
3481 2131 3792 2184 voluntatem

2207 2223 2399 2293 (Serm.
2431 2224 2556 2290 296,
2582 2224 2730 2288 ε.11,
2757 2241 2810 2277 η.
2845 2223 2955 2293 12).
2973 2222 3280 2292 Quanquam
3305 2230 3479 2276 autem
3506 2231 3654 2276 erant
3676 2221 3791 2275 Do-

2208 2315 2517 2369 natistarum
2543 2314 2743 2379 clerici,
2791 2314 2979 2383 quibus
3015 2328 3293 2367 munerum
3332 2326 3544 2365 suorum
3572 2327 3668 2365 usu
3698 2311 3791 2365 in-

2208 2404 2584 2468 terdicebatur,
2641 2412 2873 2458 attamen
2921 2403 3111 2473 quibus
3153 2402 3239 2455 illa
3274 2401 3505 2456 obeundi
3552 2411 3796 2472 potestas

2209 2498 2385 2565 fiebat,
2414 2512 2519 2551 non
2544 2498 2623 2551 eis
2642 2511 2820 2551 coram
2847 2495 2998 2565 plebe
3036 2509 3224 2549 manus
3254 2493 3675 2563 imponebantur,
3725 2507 3796 2547 ne

2210 2586 2347 2642 istud
2377 2587 2426 2639 in
2454 2586 2831 2640 contumeliam
2858 2600 3023 2639 sacrae
3058 2583 3427 2647 ordinationis,
3468 2598 3586 2653 qua:
3620 2583 3795 2637 deleri

2209 2678 2264 2732 in
2292 2678 2421 2747 ipsis
2449 2692 2714 2747 nunquam
2765 2684 2992 2745 poterat,
3033 2684 3346 2729 verteretur.
3388 2674 3443 2729 Si
3473 2674 3682 2742 quando
3717 2685 3801 2729 ta-

2208 2784 2329 2823 men
2358 2769 2664 2839 iguoranter
2694 2767 2868 2831 fiebat,
2900 2777 2956 2820 ut
2996 2781 3096 2820 nec
3140 2765 3378 2819 animose
3412 2764 3801 2820 defenderetur

2213 2864 2431 2930 factum,
2485 2862 2580 2918 sed
2628 2863 2712 2931 pie
2737 2861 3090 2930 corrigeretur
3121 2860 3410 2929 cognitum,
3444 2859 3593 2913 venia
3620 2858 3799 2912 facilis

2207 2954 2279 3009 im
2289 2954 2593 3023 petrabatur
2607 2950 2813 3025 (Contra
2836 2951 3003 3021 Epist.
3033 2950 3374 3015 Parmenioni,
3395 2950 3480 3004 lib.
3494 2950 3550 3016 2,
3568 2968 3679 3020 cap.
3701 2951 3797 3017 15,

2213 3062 2267 3099 n.
2287 3046 2401 3115 28),
2434 3052 2594 3115 atque
2618 3044 2756 3098 idem
2788 3052 3037 3097 statutum
3065 3042 3117 3096 in
3157 3044 3498 3113 presbyteros
3525 3057 3587 3096 ac
3612 3042 3800 3096 diaco-

2206 3152 2302 3192 nos
2329 3152 2515 3191 omnes
2540 3136 2827 3198 obtinebat,
2856 3150 2988 3205 quos
3004 3144 3302 3204 perpetrata
3342 3134 3560 3189 crimina
3603 3134 3802 3203 dignos

2206 3231 2295 3300 qui
2324 3229 2391 3284 de
2435 3228 2599 3299 gradu
2636 3242 2733 3282 suo
2778 3227 3154 3297 dejicerentur,
3190 3225 3497 3282 effecerant.
3544 3226 3802 3280 Testatur

2206 3335 2334 3375 sane
2354 3319 2539 3374 beatus
2562 3318 2782 3388 Optatus
2808 3325 3046 3371 sanctum
3075 3316 3306 3371 chrisma
3348 3316 3398 3370 in
3447 3317 3508 3370 iis
3533 3316 3621 3386 qui
3648 3316 3801 3385 apud

2207 3413 2511 3467 Donatistas
2538 3412 2628 3465 illo
2655 3410 2853 3465 inuncti
2884 3410 3127 3476 fuissent,
3150 3408 3217 3463 ab
3255 3408 3491 3463 Ecclesia
3530 3409 3799 3463 catholica

2208 3506 2578 3560 intemeratum
2635 3513 2792 3573 atque
2844 3504 3209 3571 incorruptum
3272 3502 3471 3556 servari
3520 3501 3795 3572 (Optatus,

2209 3596 2294 3651 lib.
2321 3594 2396 3668 7).
2432 3596 2541 3650 Imo
2571 3595 2660 3663 qui
2697 3596 2752 3649 in
2787 3594 2971 3650 eadem
2999 3593 3230 3648 factione
3269 3595 3523 3647 ho'norem
3556 3602 3800 3647 tantum-

2209 3688 2369 3743 modo
2417 3687 2729 3759 presbyterii
2771 3696 3065 3757 gesserant,
3104 3701 3490 3755 nonnunquam
3534 3686 3802 3755 provehe-

2214 3780 2403 3834 bantur
2425 3779 2488 3833 ad
2511 3780 2867 3848 episcopatum
2890 3796 2901 3831 :
2926 3777 3221 3847 cujusmodi
3246 3777 3545 3846 complures
3580 3778 3628 3830 in
3668 3775 3805 3832 Col-

2212 3871 2407 3925 latione
2434 3869 2854 3923 animadvertere
2880 3869 3018 3923 licet.
3052 3868 3108 3921 lu
3132 3868 3212 3921 his
3239 3867 3562 3922 clarissimus
3587 3876 3669 3923 est
3697 3868 3805 3923 Sa-

2220 3962 2404 4027 binus,
2428 3963 2649 4030 quicum
2664 3960 2853 4014 Tuccm
2878 3960 2929 4013 in
2956 3959 3172 4014 dioecesi
3190 3959 3482 4013 Milevitana
3495 3958 3801 4028 presbyteri

2214 4068 2409 4107 munus
2428 4053 2618 4115 obiret,
2642 4052 2778 4121 plebi
2801 4068 2908 4105 sua:
2933 4051 2998 4104 ad
3025 4050 3317 4105 Ecclesiam
3338 4049 3596 4114 adducta‘,
3618 4050 3801 4117 ipsum

2221 4144 2334 4198 dari
2388 4143 2487 4197 sibi
2534 4142 2837 4211 episcopum
2894 4141 3194 4210 expetenti,
3247 4155 3366 4194 cum
3423 4155 3486 4194 ea
3537 4139 3805 4208 dignitate

2217 4234 2503 4305 praefectus
2521 4233 2826 4305 cst(Collat.
2859 4230 3098 4302 Carthag.
3124 4232 3176 4296 1,
3216 4247 3331 4301 cap.
3366 4229 3508 4303 150).
3537 4228 3689 4297 Quod
3733 4228 3803 4283 ad

2222 4325 2388 4379 laicos
2404 4325 2610 4390 attinet,
2637 4323 2725 4392 qui
2756 4322 3001 4391 baptizati
3025 4337 3055 4375 a
3077 4321 3361 4375 Donatistis
3388 4319 3593 4374 fuerant
3621 4318 3807 4374 infan~

2218 4416 2341 4468 tiam
2367 4413 2603 4468 nondum
2648 4413 2873 4483 egressi,
2902 4425 3215 4466 concessum
3256 4410 3536 4480 aliquando
3562 4418 3702 4474 erat,
3746 4418 3809 4463 ut

2218 4506 2298 4560 eis
2329 4506 2513 4559 liceret
2545 4505 2711 4558 sacris
2745 4502 3017 4557 ordinibus
3054 4501 3249 4555 initiari
3294 4499 3500 4571 (Codice
3532 4498 3809 4553 Canonum

2217 4598 2401 4667 Δί’-ἔα,
2427 4614 2542 4651 can.
2574 4598 2665 4667 57)
2691 4614 2703 4649 :
2732 4595 2785 4650 id
2812 4604 2991 4650 autem
3017 4609 3137 4649 cum
3159 4594 3369 4649 nonnisi
3402 4602 3616 4663 propter
3643 4607 3805 4646 sum-

2218 4704 2357 4742 mam
2385 4688 2696 4742 clericorum
2724 4685 2997 4755 penuriam
3021 4693 3274 4739 statutum
3296 4684 3494 4749 fuisset,
3525 4683 3810 4738 consultus

2219 4778 2499 4848 aliquando
2537 4778 2565 4830 ξι
2602 4777 2843 4832 Possidio
2889 4776 3214 4846 Augustinus
3254 4790 3378 4829 num
3411 4773 3696 4843 quemdam
3752 4774 3811 4827 in

2222 4869 2411 4922 Donati
2461 4868 2696 4937 partibus
2726 4868 3045 4937 baptizatum
3072 4866 3362 4929 ordinaret,
3392 4867 3441 4918 ci
3484 4863 3814 4933 signiﬁcavit

2222 4958 2274 5012 id
2310 4974 2369 5013 se
2398 4973 2567 5027 neque
2596 4959 2895 5024 consulere,
2936 4971 3127 5025 neque,
3157 4956 3201 5009 si
3224 4954 3435 5024 quidem
3462 4961 3676 5023 cogeret
3704 4970 3813 5009 nc-

2222 5048 2463 5114 cessitas,
2492 5047 2846 5102 condemnare
2868 5045 3059 5117 (Epist.
3086 5045 3209 5109 245,
3237 5061 3291 5097 n.
3318 5044 3399 5115 2).
3426 5029 3505 5098 De
3534 5044 3637 5097 illis
3678 5058 3814 5113 por-

2224 5155 2304 5203 ro,
2335 5138 2423 5208 qui
2451 5153 2481 5191 a
2502 5138 2853 5192 schismaticis
2886 5137 2955 5191 ob
2982 5137 3264 5191 admissam
3291 5135 3497 5205 culpam
3538 5134 3705 5205 gradu
3755 5143 3818 5190 et

2225 5229 2408 5283 ordine
2438 5228 2565 5282 moti
2592 5227 2829 5293 fuissent,
2857 5225 3203 5297 proﬁtebatur
3227 5224 3295 5279 ab
3333 5225 3549 5279 ineunte
3585 5223 3815 5293 episco-

2226 5330 2351 5389 patu
2385 5332 2482 5372 suo
2506 5317 2849 5386 Augustinus,
2889 5331 2948 5371 se
2992 5316 3130 5369 hunc
3158 5328 3373 5369 servare
3402 5312 3641 5378 modum,
3672 5322 3735 5366 ut
3765 5313 3817 5367 si

2226 5414 2292 5467 ad
2320 5410 2631 5465 catholicam
2652 5408 2943 5463 Ecclesiam
2966 5407 3193 5462 transire
3229 5411 3505 5475 cuperent,
3536 5404 3587 5457 in
3613 5418 3675 5457 ea
3701 5403 3818 5456 hu-

2227 5505 2517 5560 miliatione
2544 5500 2869 5573 ptenitentize
2894 5500 3277 5569 reciperentur,
3309 5498 3395 5553 cui
3416 5497 3537 5551 illos
3563 5494 3819 5550 fortassis

2228 5599 2517 5654 Donatista:
2544 5595 2643 5666 ipsi
2673 5603 2885 5666 propter
2904 5592 3233 5661 disciplinam
3254 5589 3622 5659 subjecissent,
3643 5585 3685 5638 si
3718 5600 3821 5641 re-

2231 5689 2513 5746 tinuissent
2536 5700 2721 5744 eorum
2743 5683 3079 5740 societatem:
3104 5689 3249 5737 ratus
3274 5678 3518 5736 videlicet
3534 5689 3821 5747 nunquam
