3990 6360
227 320 329 376 505

226 434 501 491 ferettdum
530 449 668 501 esse,
700 443 755 489 ut
780 434 1053 504 quisquam
1082 432 1293 500 impune
1319 430 1371 484 in
1411 430 1564 485 aliam
1614 430 1801 484 Eccle-

224 529 355 581 siam
389 543 453 581 ex
487 528 591 581 alia
644 524 977 596 commigrét,
1014 525 1303 593 disciplina:
1332 525 1663 577 severitatem
1693 524 1806 577 elu-

223 632 379 671 surus
408 616 603 687 (Epist.
628 618 715 681 '55,
754 634 806 670 η.
840 618 921 687 5).
953 618 997 669 Α
1028 630 1155 669 vero
1196 615 1499 683 neutiquam
1529 613 1801 678 abhorret,

224 711 379 763 talem
414 708 580 765 fuisse
606 726 724 764 eum
742 709 809 765 de
833 724 938 779 quo
961 709 1011 763 in
1031 708 1295 762 Psalmutn
1326 707 1652 777 trigesimum
1684 721 1803 760 sex-

224 812 330 854 tum
359 801 544 855 verbis
572 801 637 855 ad
666 799 1053 870 permovendos
1071 798 1283 869 pietatis
1304 812 1491 853 sensus
1517 796 1801 851 admodum

222 890 479 959 appositis
522 891 769 959 loquitur.
806 890 1041 955 Quidam,
1075 890 1147 942 ait
1189 889 1293 952 ille,
1339 904 1403 941 ea:
1436 897 1579 955 parte
1614 886 1803 940 Donati

222 993 423 1037 venerat
448 985 521 1036 ad
547 1000 637 1036 nos
652 1025 667 1047 ,
689 991 950 1035 accusatus
973 990 1019 1036 et
1048 979 1504 1034 excommunicatus
1523 995 1553 1030 a
1569 978 1693 1043 suis,
1722 978 1801 1031 hic

217 1089 445 1142 querens
473 1072 611 1141 quod
636 1072 703 1125 ibi
733 1072 1035 1141 perdiderat.
1064 1068 1169 1124 Sed
1214 1070 1331 1140 quia
1368 1068 1555 1134 suscipi
1578 1083 1678 1120 non
1705 1084 1800 1137 po-

217 1166 326 1229 tuit,
362 1166 467 1219 nisi
492 1182 550 1218 eo
576 1166 685 1218 loco
724 1181 821 1234 quo
848 1163 1046 1227 debuit;
1089 1179 1191 1216 non
1232 1162 1363 1215 enim
1408 1161 1622 1214 deseruit
1659 1160 1800 1213 illant

218 1267 412 1325 partem
438 1259 586 1325 quasi
612 1259 800 1328 integer
835 1258 973 1326 apud
1000 1257 1155 1327 ipsos,
1185 1265 1240 1309 ut
1265 1263 1527 1324 appareret
1558 1270 1667 1307 eum
1698 1269 1799 1306 non

216 1350 531 1415 necessitate,
573 1349 663 1403 sed
691 1351 923 1403 electione
960 1349 1132 1419 fecisse
1159 1363 1177 1401 :
1203 1349 1320 1415 quia
1355 1346 1423 1399 ibi
1466 1362 1582 1415 ergo
1619 1346 1798 1397 habere

216 1454 311 1490 non
334 1440 501 1507 potuit
530 1439 664 1507 quod
689 1441 960 1509 qnterebat,
995 1438 1243 1508 quwrebat
1285 1446 1446 1488 autem
1490 1451 1667 1488 vanam
1693 1432 1797 1487 cla-

216 1532 400 1583 tionem
428 1540 475 1584 et
501 1531 691 1599 falsum
729 1532 965 1584 honorem
1000 1529 1018 1598 (
1041 1529 1229 1597 quibus
1256 1528 1431 1581 verbis
1474 1526 1611 1580 aliud
1640 1526 1796 1595 quid-

213 1621 365 1684 dam,
419 1637 581 1692 quam
636 1623 858 1693 simplex
895 1620 1198 1676 communio
1228 1619 1589 1689 designatur);
1617 1628 1662 1671 et
1682 1618 1797 1687 quia

214 1714 289 1765 hic
314 1729 420 1765 non
441 1715 634 1767 invenit
660 1714 792 1781 quod
811 1714 880 1766 ibi
905 1714 1141 1783 perdidit,
1171 1722 1215 1765 et
1242 1714 1350 1781 ipse
1375 1713 1540 1783 periit.
1562 1709 1796 1764 Gemebut

212 1803 434 1866 saucius,
477 1813 527 1856 et
549 1820 649 1856 non
675 1804 1026 1857 consolabatur
1055 1819 1073 1855 :
1104 1803 1391 1855 erantenim
1418 1803 1468 1854 in
1496 1802 1797 1854 conscientia

212 1892 317 1961 ejus
344 1894 513 1945 aculei
548 1893 809 1947 horribiles
850 1894 1009 1946 taciti.
1038 1892 1362 1946 Tentaeintus
1397 1892 1648 1944 consolari
1684 1907 1797 1943 eum

212 1985 273 2034 de
295 1984 447 2036 verba
471 1982 600 2045 Dei;
638 1984 729 2037 sed
751 1984 836 2037 ille
873 2000 973 2037 non
1007 1992 1113 2037 erat
1143 1984 1204 2035 de
1227 1982 1529 2051 sapientibus
1551 1981 1794 2050 formicis,

209 2088 327 2139 qua:
362 2073 460 2125 sibi
497 2082 666 2126 testate
711 2073 1034 2144 collegerunt,
1078 2074 1210 2127 unde
1254 2074 1414 2126 hieme
1454 2074 1636 2125 vivant.
1670 2070 1797 2125 Cum

208 2164 347 2215 enim
376 2181 459 2218 res
484 2174 598 2217 sunt
621 2166 921 2234 tranquillet,
949 2175 1064 2217 tunc
1102 2166 1248 2217 homo
1276 2165 1368 2217 sibi
1399 2164 1631 2233 colligere
1658 2162 1798 2215 debet

209 2253 413 2307 verbum
440 2254 560 2321 Dei,
584 2266 631 2308 et
659 2256 925 2309 recondere
952 2258 1002 2309 in
1030 2256 1215 2309 intintis
1235 2256 1401 2309 cordis
1430 2256 1531 2321 sui,
1563 2254 1796 2326 quemad-

210 2344 419 2397 modum
450 2348 667 2415 formica
690 2345 950 2399 abscondit
973 2348 1026 2399 in
1054 2348 1335 2401 cavernosis
1366 2345 1701 2417 penetralibus
1721 2347 1796 2399 la-

209 2434 349 2489 bores
375 2438 592 2489 (astatis.
628 2436 727 2489 Per
749 2446 971 2491 testatent
1001 2439 1133 2496 enim
1177 2449 1320 2491 vacat
1360 2439 1453 2491 hoc
1495 2454 1642 2509 agere
1672 2456 1683 2490 :
1712 2454 1795 2492 ve-

212 2528 284 2579 nit
300 2536 474 2580 autem
502 2529 681 2593 hiems,
699 2529 752 2581 id
768 2538 863 2595 est,
898 2532 1177 2600 supervenit
1200 2530 1451 2584 tribulatio
1472 2546 1490 2595 ;
1518 2540 1566 2584 et
1592 2531 1689 2584 nisi
1714 2532 1795 2584 in-

210 2627 287 2669 tus
323 2616 574 2671 inuenerit
618 2620 756 2687 quod
792 2620 927 2681 edat,
968 2636 1163 2674 necesse
1197 2630 1267 2674 est
1293 2630 1345 2673 ut
1367 2626 1500 2691 fante
1525 2621 1793 2691 dispereat.

210 2708 313 2763 Iste
354 2728 478 2781 ergo
508 2713 606 2766 sibi
649 2729 749 2765 non
787 2714 1052 2783 collegerat
1098 2712 1299 2766 verbum
1347 2712 1481 2777 Dei;
1518 2715 1797 2783 supervenit

210 2802 388 2867 hiems,
417 2820 525 2856 non
563 2804 647 2856 hic
687 2806 872 2857 invenit
917 2804 1049 2874 quod
1077 2806 1360 2875 qmerebat;
1405 2806 1653 2859 consolari
1700 2805 1798 2857 nisi

208 2895 325 2947 inde
344 2912 450 2947 non
480 2905 698 2965 poterat,
726 2896 788 2949 de
808 2898 952 2950 verba
974 2906 1139 2949 autem
1176 2896 1272 2949 Dei
1292 2897 1433 2949 nullo
1453 2896 1619 2949 ntodo.
1650 2894 1796 2950 Intus

208 2987 353 3055 apud
384 3003 435 3040 se
462 2987 596 3041 nihil
621 2987 851 3053 habebat,
876 2989 999 3059 foris
1020 2987 1153 3056 quod
1176 2986 1427 3055 (lacerabat
1454 3003 1554 3040 non
1577 2987 1796 3041 invenie-

207 3077 337 3141 bat;
363 3078 568 3130 ardebat
613 3078 1015 3148 indignationum
1048 3086 1095 3131 et
1119 3078 1349 3131 dolorum
1378 3077 1607 3146 facibus;
1630 3079 1797 3147 agita-

207 3167 354 3219 batur
374 3185 517 3221 mens
542 3170 656 3239 ejus
674 3169 937 3234 violenter,
953 3178 999 3222 et
1024 3178 1123 3221 tam
1146 3170 1234 3221 diu
1261 3170 1450 3222 occulte
1471 3171 1626 3222 donec
1647 3169 1796 3223 etiant

206 3269 488 3327 erumperet
511 3260 564 3311 in
592 3260 837 3327 quosdam
862 3261 1092 3330 gemitus,
1120 3260 1192 3312 ita
1216 3270 1268 3313 ut
1296 3261 1423 3313 inter
1448 3264 1628 3329 fratres
1648 3277 1798 3314 sona-

205 3357 297 3410 ret,
325 3358 378 3401 et
404 3364 459 3401 se
488 3350 663 3402 audiri
700 3351 925 3404 nesciret.
964 3349 1285 3416 Videbamus,
1318 3360 1365 3404 et
1401 3350 1688 3403 dolebamus
1712 3366 1795 3403 ve-

207 3441 485 3505 hementer,
510 3440 650 3495 Deus
674 3443 764 3494 scit
793 3451 985 3495 tantant
1015 3458 1212 3513 pozttant
1240 3443 1441 3505 animae,
1474 3450 1638 3495 tantas
1677 3458 1794 3494 cru-

204 3546 303 3594 ces,
354 3541 533 3584 tantas
574 3532 846 3600 gehennas,
888 3541 1028 3585 tanta
1074 3542 1337 3586 tormenta.
1371 3532 1513 3599 Quid.
1530 3534 1798 3603 pluribus?

204 3621 481 3690 impatiens
508 3623 607 3675 loci
632 3623 853 3687 humilis,
880 3625 981 3690 cui,
1018 3624 1061 3677 si
1098 3634 1310 3693 saperet,
1349 3635 1513 3695 posset
1535 3643 1639 3679 esse
1658 3627 1795 3681 locus

205 3714 448 3779 salubris,
481 3715 601 3768 talis
627 3716 883 3784 apparuit,
916 3716 1133 3768 utetiam
1155 3717 1482 3783 proficeretur
1507 3714 1717 3785 (Enarr.
1741 3719 1794 3772 in

208 3801 353 3857 Psal.
384 3820 594 3871 xxxvr,
618 3822 767 3859 sernt.
794 3806 848 3870 2,
874 3823 924 3859 η.
950 3804 1061 3878 il).
1089 3806 1306 3860 Videtur
1323 3815 1497 3862 tamen
1522 3808 1669 3862 fateri
1688 3811 1794 3863 Au-

204 3898 472 3965 gustinus,
498 3880 1240 3968 quemdam,Quodvultdeum
1258 3902 1487 3965 nomine,
1517 3917 1673 3971 quem
1695 3903 1795 3955 Do-

204 3988 416 4040 natista:
436 3989 593 4057 quasi
618 3989 841 4057 duplicis
864 3990 1106 4044 adulterii
1137 3993 1435 4045 convictum
1464 3992 1788 4060 abjecerant,

204 4077 283 4129 vel
310 4077 380 4130 ad
407 4080 864 4141 communionem,
911 4081 993 4134 vel
1037 4080 1103 4134 ad
1150 4081 1449 4136 elericalem
1484 4081 1789 4150 dignitatem

204 4179 483 4237 receptum
514 4169 677 4225 fuisse
706 4188 718 4223 :
752 4186 930 4225 verum
976 4171 1028 4225 id
1071 4187 1178 4226 non
1220 4173 1364 4241 prius
1393 4171 1607 4235 factum,
1630 4186 1791 4241 quam

204 4258 569 4313 innocentiam
598 4276 744 4314 suam
782 4262 1013 4332 legitime
1041 4264 1368 4333 probavisset
1394 4262 1602 4335 (Contra
1634 4265 1790 4320 Litte-

202 4366 283 4402 ras
308 4349 576 4415 Petiliani,
614 4351 699 4403 lib.
725 4353 776 4414 3,
801 4370 843 4406 ε.
871 4354 958 4417 5‘2,
989 4371 1044 4407 η.
1069 4354 1179 4425 57).

268 4441 325 4493 4.
360 4440 429 4494 Ut
470 4442 536 4494 ad
574 4442 991 4513 Carthaginense
1033 4447 1311 4501 concilium
1340 4448 1643 4512 redeamus,
1678 4458 1787 4502 sta-

205 4532 332 4584 tutis
386 4532 452 4585 iis
482 4548 601 4600 qua!
631 4534 695 4587 ad
726 4535 1027 4589 Donatistas
1056 4538 1418 4605 pertinebant,
1454 4540 1704 4593 nonnulla
1736 4540 1786 4593 itt

200 4638 267 4678 eo
293 4624 602 4694 disciplinae
653 4642 811 4680 causa
865 4629 1075 4682 decreta
1109 4639 1250 4683 sunt.
1284 4629 1424 4683 Inter
1448 4640 1638 4685 caatera
1668 4632 1789 4700 quia

201 4730 302 4768 usu
354 4715 497 4769 forte
544 4726 813 4785 receptum
846 4728 960 4773 erat
990 4719 1125 4788 apud
1156 4718 1328 4782 Afros,
1358 4729 1415 4772 ut
1444 4722 1651 4789 quoties
1681 4721 1786 4774 Ec-

195 4807 365 4861 clesia
412 4807 675 4875 quaepiam
702 4818 932 4874 vacaret,
978 4825 1038 4863 ea
1082 4818 1230 4864 certo
1279 4810 1489 4864 cuidam
1538 4810 1789 4880 episcopo

191 4897 652 4964 committeretur,
707 4898 774 4953 de
817 4901 1152 4968 temporariis
1199 4900 1499 4969 hujnsmodi
1526 4902 1788 4971 episcopis

194 4986 450 5041 nonnihil
472 4997 746 5041 statutum.
777 4989 933 5044 Tales
952 5001 1125 5045 autem
1158 4991 1544 5046 lntervcntores
1567 4993 1677 5047 sive
1704 4991 1789 5046 ln-

196 5088 534 5134 tercessores
565 5080 872 5134 vocitabant
900 5098 913 5133 :
947 5091 1225 5152 exstatque
1252 5083 1389 5151 apud
1437 5085 1785 5152 Augustinum

194 5168 599 5224 Donatismrttm
621 5170 942 5235 criminatio,
970 5187 1069 5235 qua
1103 5173 1247 5226 necis
1274 5172 1433 5226 illatae
1461 5173 1668 5226 cuidam
1698 5174 1785 5227 ln-

194 5261 516 5321 terventori,
537 5276 695 5330 quem
727 5271 837 5315 tum
864 5263 1117 5332 Majorino
1146 5264 1377 5317 nondum
1404 5265 1658 5318 adversus
1672 5264 1787 5319 Ca:-

191 5351 456 5403 cilianutn
487 5351 735 5405 ordinato
764 5353 1132 5422 Carthaginem
1158 5356 1428 5419 miserant,
1453 5356 1780 5412 orthodoxos

191 5443 708 5512 calumniabantur(
741 5445 903 5514 Epist.
948 5447 1046 5512 ιιι,
1077 5463 1123 5499 c.
1170 5448 1223 5513 4,
1269 5466 1320 5501 n.
1368 5449 1443 5517 8).
1474 5448 1784 5518 Hujusmodi

191 5547 414 5601 quoque
446 5534 841 5589 lnterventorcs
870 5535 1189 5590 adventitios
1212 5579 1226 5602 ,
1258 5546 1316 5591 ut
1357 5548 1512 5591 vocat
1536 5538 1785 5608 Augusti-

196 5637 321 5683 nus.
354 5623 422 5675 illi
452 5623 681 5678 Romam
737 5625 802 5680 ad
832 5640 955 5681 suos
981 5636 1272 5683 sectatores
1302 5629 1599 5695 mittebant,
1628 5638 1780 5684 ante—

194 5726 357 5782 quam
388 5715 636 5785 proprios
665 5716 770 5771 illis
792 5717 1069 5787 episcopos
1096 5717 1342 5774 ordinare
1368 5720 1653 5790 caepisscnt
1679 5719 1777 5791 (De

1584 316 1784 371 LIBER
1822 316 2138 385 QUINTUS.

3383 332 3486 387 506

1912 429 2070 483 Unico
2090 429 2365 500 Baptismo,
2382 449 2427 485 c.
2452 433 2536 498 l6,
2558 450 2607 487 tt.
2626 433 2737 506 28).
2764 436 3013 494 Prohibet
3028 455 3155 510 ergo
3174 444 3477 513 concilium,-

1908 536 1975 574 ne
2000 522 2117 589 quis
2142 522 2255 590 ejus
2280 523 2526 578 Ecclesia:
2551 525 2620 579 sit
2644 527 2942 597 episcopus,
2962 545 3119 599 quam
3148 533 3292 600 prius
3316 535 3481 590 Inter.

1908 615 2140 668 vcntoris
2167 616 2317 670 titulo
2345 619 2539 671 rexerit
2564 634 2575 669 :
2606 619 2693 687 qui
2721 620 2765 674 si
2786 621 3081 690 nequiverit
3106 622 3318 680 efﬁcere
3341 627 3474 681 intra

1906 721 2134 774 annum,
2169 716 2224 762 ut
2248 709 2440 763 electio
2467 711 2699 781 episcopi
2730 724 3087 783 perageretur,
3114 717 3266 786 jubet
3313 719 3483 774 aliunt

1904 796 2322 854 lntcrventorem
2352 811 2538 855 exacto
2561 818 2702 858 anno
2742 804 2795 858 itt
2826 805 2967 859 illius
2995 808 3164 861 locum
3194 810 3469 879 subrogari

1906 889 2109 959 (Codice
2125 890 2383 944 (Iunonum
2409 893 2594 963 Afric.,
2620 910 2731 947 catt.
2774 896 2881 966 74).
2908 896 3017 950 Hoc
3034 897 3170 952 idem
3192 900 3472 954 concilium

1904 977 2136 1033 decrevit
2159 1020 2175 1045 ,
2207 990 2259 1033 ut
2287 980 2495 1035 clericis
2522 984 2589 1038 ab
2625 984 2858 1039 Ecclesia
2886 997 3100 1055 propter
3125 988 3337 1057 aliquod
3366 991 3470 1044 cri~

1903 1084 2025 1123 men
2082 1072 2373 1139 separatis,
2421 1088 2590 1126 annus
2637 1074 2703 1127 ad
2752 1076 3073 1143 probandant
3118 1078 3470 1134 innocentiam

1900 1159 2310 1226 concederetur;
2355 1177 2459 1231 quo
2486 1164 2666 1232 elapso
2713 1166 2886 1220 onmis
2940 1168 3019 1220 sui
3067 1170 3324 1237 purgandi
3370 1171 3475 1225 illis

1902 1250 2238 1306 adimeretur
2266 1253 2483 1306 facultas
2514 1254 2695 1323 {lbid.,
2723 1273 2835 1309 can.
2860 1258 2971 1326 79).
3000 1260 3163 1328 Cujus
3189 1260 3399 1315 decreti
3420 1263 3479 1315 in

1901 1342 2122 1409 epistola
2152 1383 2167 1407 ,
2209 1344 2276 1397 de
2300 1360 2400 1413 qua
2438 1346 2590 1400 nobis
2611 1347 2717 1415 jam
2756 1347 2863 1416 jam
2891 1348 3171 1404 dicendum
3202 1352 3324 1419 erit,
3358 1368 3472 1407 me-

1900 1432 2053 1485 tninit
2080 1434 2401 1503 Augustinus
2423 1434 2611 1503 (Epist.
2644 1437 2744 1501 65,
2776 1455 2827 1491 η.
2852 1437 2929 1508 9.).
2958 1441 3275 1510 Seque'ntetn
3305 1444 3463 1498 etiam

1900 1536 2157 1575 canonem
2184 1522 2348 1577 citare
2376 1524 2604 1592 videtur,
2635 1542 2790 1594 quem
2818 1528 2869 1582 in
2903 1529 3083 1583 ultima
3114 1532 3317 1602 synodo
3343 1548 3471 1587 eon-

1898 1610 2139 1664 stitutum
2168 1613 2387 1676 asserit,
2419 1621 2475 1666 ut
2502 1615 2591 1682 qui
2636 1614 2704 1669 de
2737 1616 2912 1685 aliquo
2942 1621 3263 1674 monasterio
3293 1636 3470 1676 reces-

1898 1701 2091 1755 sissent
2119 1704 2212 1756 aut
2244 1703 2398 1772 ejecti
2426 1702 2687 1770 fuissent,
2731 1721 2825 1761 cos
2872 1723 3043 1777 neque
3074 1710 3139 1763 ad
3171 1711 3466 1766 clericalent

1898 1795 2137 1848 ordinem
2166 1796 2217 1849 in
2248 1796 2348 1850 alia
2386 1797 2643 1862 Ecclesia,
2672 1814 2843 1868 neque
2875 1800 2938 1853 ad
2978 1804 3283 1858 monasterii
3311 1804 3469 1858 ullius

1898 1884 2405 1941 administrationem
2450 1890 2750 1957 prontoveri
2790 1890 2865 1943 fas
2912 1900 3053 1945 esset
3074 1891 3276 1961 (Codice
3299 1892 3469 1949 Cano-

1899 1994 2019 2030 nutn
2045 1978 2227 2046 Afric.,
2251 1996 2364 2032 can.
2394 1979 2507 2050 80).
2533 1980 2681 2034 Illum
2704 1997 2912 2051 quoque
2940 1982 3237 2037 subindicat
3267 1985 3316 2036 itt
3338 2000 3467 2052 qua-

1897 2066 2017 2119 dam
2053 2068 2118 2121 ad
2149 2070 2420 2123 Aurelium
2449 2071 2674 2137 cpistola
2695 2112 2709 2135 ,
2738 2080 2791 2126 et
2832 2072 2895 2125 ad
2927 2089 3047 2128 eum
3074 2074 3463 2129 observandum

1897 2157 2222 2212 cohortatur.
2251 2160 2487 2214 Cmnobii
2518 2162 2567 2213 in
2598 2161 2770 2215 aliena
2813 2162 3030 2216 dimcesi
3058 2164 3328 2217 constituti
3354 2179 3468 2219 mo-

1898 2247 2098 2302 nachos
2143 2249 2377 2319 synodus
2430 2251 2714 2305 universim
2755 2252 3190 2322 comprehendit,
3239 2269 3466 2322 eumque

1897 2337 2228 2407 episcopum,
2273 2354 2303 2392 a
2347 2355 2452 2408 quo
2488 2339 2685 2395 fuerint
2736 2343 2958 2410 promoti
2987 2385 2999 2407 ,
3028 2343 3095 2395 ab
3121 2344 3355 2397 omnium
3385 2343 3468 2413 (si

1899 2429 2163 2496 propriam
2188 2429 2395 2497 plebem
2419 2432 2677 2503 excipias)
2699 2434 3071 2513 communione
3086 2444 3314 2504 separat.
3339 2436 3467 2505 Agi-

1899 2531 2003 2576 tata
2028 2522 2122 2575 fuit
2142 2525 2245 2576 hoc
2271 2524 2321 2577 in
2338 2524 2558 2578 concilio
2580 2525 2851 2580 Cresconii
2871 2527 3293 2597 Villa-Regensis
3308 2544 3465 2582 causa

1898 2615 2081 2684 (Ibid.,
2102 2634 2215 2670 can.
2235 2617 2322 2688 77)
2344 2636 2356 2672 :
2375 2634 2577 2673 necnon
2591 2628 2644 2673 et
2663 2620 2855 2690 Equitii
2875 2620 3468 2692 Hippo-Diarrhytornm

1897 2709 2129 2777 episcopi
2161 2708 2344 2778 (ibid.,
2375 2727 2487 2763 can.
2522 2711 2653 2780 78);
2682 2711 2772 2780 qui
2818 2712 2942 2779 quid
2971 2715 3353 2781 perpetraverit
3378 2713 3463 2766 in-

1896 2808 2226 2868 compertum
2268 2808 2369 2855 est.
2421 2801 2533 2857 Hoc
2580 2810 2778 2856 tantum
2806 2804 3131 2871 exploratum
3164 2804 3420 2859 habemus
3450 2846 3464 2867 ,

1897 2905 2017 2944 eum
2044 2891 2152 2961 jam
2196 2892 2401 2963 pridem
2458 2894 2827 2964 episcoporum
2866 2896 3126 2950 sententia
3160 2896 3466 2950 damnatum

1897 2982 1967 3036 ob
1996 2983 2227 3049 scelera,
2277 3000 2383 3039 non
2420 2985 2579 3040 modo
2605 2986 2833 3050 illorum,
2862 2996 2919 3041 ut
2943 3004 3037 3056 par
3061 2996 3197 3054 erat,
3244 3004 3348 3042 non
3378 3004 3471 3058 pa-

1898 3076 2066 3130 ruisse
2102 3076 2334 3145 judicio,
2366 3092 2549 3132 verum
2598 3078 2757 3132 etiam
2789 3078 3009 3147 inquieti
3045 3079 3210 3132 animi
3240 3080 3365 3134 vitio
3409 3086 3465 3135 et

1897 3166 2222 3237 impudentia
2246 3169 2537 3223 Ecclesiam
2565 3170 2981 3240 perturbavisse.
3011 3171 3140 3235 Quae
3166 3186 3323 3225 causa
3347 3170 3465 3233 fuit,

1897 3271 1992 3311 cur
2018 3258 2299 3312 concilium
2342 3258 2407 3311 ad
2438 3258 2701 3313 decimum
2749 3268 2958 3313 sextum
3006 3259 3260 3314 kalendas
3307 3259 3470 3331 julias

1898 3349 2020 3402 anni
2061 3349 2564 3419 quadringentesimi
2606 3350 2762 3419 primi
2804 3358 3045 3404 coactum
3080 3350 3293 3420 legatis,
3335 3364 3467 3419 quos

1897 3439 1963 3492 ad
1992 3439 2370 3508 Imperatorem
2410 3438 2737 3505 destinabat,
2776 3439 3082 3502 mandaret,
3112 3448 3187 3504 ut,
3237 3440 3281 3493 si
3332 3439 3472 3493 forte

1907 3530 2179 3599 Equitinm
2210 3530 2355 3584 illum
2403 3530 2455 3583 in
2499 3530 2646 3583 Italia
2675 3530 3029 3598 reperissent,
3056 3530 3199 3584 omni
3224 3529 3359 3598 juris
3386 3530 3469 3583 via

1896 3620 2147 3675 adversus
2178 3620 2347 3689 ipsum
2368 3628 2584 3690 agerent
2606 3619 2789 3691 (Ibid,
2830 3636 2944 3674 can.
2973 3620 3085 3689 65).
3108 3619 3221 3673 Non
3250 3619 3471 3674 deerant

1898 3714 1949 3767 in
1974 3713 2088 3783 ejus
2127 3713 2258 3768 urbe
2280 3754 2295 3777 ,
2330 3713 2420 3783 qui
2447 3728 2621 3768 causa}
2644 3713 2809 3782 ipsius
2831 3714 2946 3782 plus
2982 3713 3147 3767 nimio
3172 3712 3464 3776 studerent,

1896 3808 2119 3875 ejusque
2142 3822 2169 3858 a
2195 3806 2311 3876 fuga
2332 3806 2557 3861 reditum
2572 3806 3002 3874 prznstolarentur
3029 3823 3041 3859 :
3063 3820 3187 3859 cum
3208 3804 3322 3873 ejus
3344 3818 3469 3858 con-

1898 3904 1977 3949 tra
1998 3896 2085 3948 alii
2110 3896 2177 3949 ab
2204 3896 2317 3950 istis
2335 3895 2653 3950 dissidentes
2673 3895 2979 3950 abdicarent
2994 3896 3419 3949 communionem
3449 3912 3461 3947 :

1894 3994 1949 4041 et
1973 3985 2027 4039 hi
2056 3985 2267 4055 quidem
2313 3985 2455 4039 aedes
2485 3986 2592 4039 Deo
2617 4000 2797 4040 sacras
2848 3985 3125 4050 tenebant,
3174 3999 3236 4038 ac
3260 3986 3463 4054 episco-

1897 4091 2019 4144 pum
2046 4075 2219 4129 adhuc
2244 4074 2447 4129 nullum
2468 4083 2804 4143 acceperant.
2832 4074 2963 4128 Cum
2988 4074 3145 4145 igitur
3174 4074 3463 4129 Ecclesiaut

1896 4165 2039 4219 illam
2078 4181 2182 4219 non
2236 4174 2443 4234 putaret
2482 4164 2766 4221 concilium
2815 4165 3080 4219 desertam
3110 4165 3307 4219 diutius
3345 4179 3465 4220 esse

1894 4258 2316 4328 relinquendam,
2344 4258 2623 4327 episcopos
2653 4256 2868 4327 viginti,
2902 4265 2956 4311 et
2988 4258 3038 4310 itt
3077 4257 3464 4326 bisAlypium,

1894 4350 2240 4419 Augustinum
2265 4357 2426 4418 atque
2455 4350 2709 4403 Evodium
2739 4349 2953 4418 selegit,
2985 4348 3073 4417 qui
3114 4362 3231 4403 sese
3260 4364 3323 4403 eo
3348 4364 3464 4404 con-

1895 4439 2157 4505 ferentes,
2189 4440 2494 4508 episcopum
2537 4438 2805 4493 communi
2848 4441 3111 4494 universa:
3142 4424 3309 4509 plebis
3337 4456 3466 4494 COllr

1894 4545 2082 4597 sensu,
2110 4532 2154 4583 si
2186 4540 2361 4584 tamen
2407 4530 2597 4597 Equitii
2639 4528 2870 4583 fautores
2898 4530 2965 4583 ad
3012 4530 3295 4585 ineundant
3343 4545 3464 4585 cum

1891 4622 2009 4677 aliis
2060 4623 2377 4676 societatem
2402 4621 2588 4675 liceret
2633 4621 2897 4676 adducere
2918 4664 2933 4688 ,
2966 4622 3303 4678 instituerent
3330 4640 3343 4676 :
3377 4622 3461 4678 sin

1892 4713 2067 4767 minus
2093 4756 2105 4777 ,
2146 4713 2333 4767 darent
2356 4728 2592 4781 operam,
2621 4728 2689 4768 ne
2720 4728 2879 4783 quam
2907 4714 2991 4767 isti
3023 4730 3225 4768 moram
3254 4715 3464 4783 episco-

1892 4806 1996 4873 pali
2023 4806 2269 4861 electioni
2296 4805 2564 4861 afferrent.
2597 4806 2917 4877 Augustinus
2937 4808 3187 4862 continuo
3222 4816 3337 4877 post
3364 4808 3463 4860 ab.-

1891 4898 2118 4951 solutam
2141 4897 2281 4951 illaut
2308 4898 2568 4969 synodum
2598 4899 2859 4963 scribens,
2902 4899 3130 4953 affirmat
3155 4901 3460 4969 episcopum

1892 4986 2321 5057 Vigesilitanum,
2363 4998 2448 5041 aut
2482 4997 2625 5043 certe
2664 4989 2728 5043 ad
2758 4991 2913 5058 cujus
2938 4989 3206 5043 dioecesim
3230 4989 3463 5058 pertine-

1891 5080 1981 5134 bat
2014 5081 2351 5151 Vigcsilitana
2383 5081 2615 5135 Ecclesia
2634 5122 2648 5144 ,
2672 5082 2726 5134 in
2756 5082 2986 5149 plenario
3010 5080 3198 5135 Africae
3239 5076 3463 5139 concilio

1891 5172 1958 5227 de
2007 5173 2172 5241 gradu
2216 5172 2377 5226 fuisse
2428 5172 2726 5240 dejectum,
2771 5180 2929 5240 atque
2973 5170 3108 5223 hanc
3148 5171 3216 5226 ob
3246 5186 3461 5227 causam

1889 5263 2126 5332 ejusdem
2156 5263 2257 5317 loci
2307 5263 2558 5332 populum
2584 5303 2597 5325 ,
2629 5262 2673 5315 si
2723 5262 2869 5315 illunt
2914 5261 3151 5330 recipere
3193 5264 3455 5328 noluerit,

1890 5357 2054 5425 probe
2095 5355 2385 5420 facturum,
2430 5368 2602 5422 neque
2645 5353 2710 5407 ad
2761 5353 2812 5408 id
2843 5353 2927 5407 vel
2968 5368 3123 5422 posse
3152 5355 3235 5410 vel
3267 5354 3464 5411 debere

1890 5447 1956 5500 ab
1996 5447 2105 5499 ullo
2144 5445 2259 5513 cogi
2295 5462 2308 5498 :
2343 5456 2693 5498 memoratum
2740 5458 2869 5499 vero
2913 5444 3256 5513 episcopum,
3288 5444 3331 5500 si
3372 5460 3465 5514 po-

1892 5537 2069 5606 tentiae
2091 5535 2359 5590 saecularis
2387 5544 2611 5599 terrore,
2639 5533 2780 5603 quod
2828 5534 3040 5604 quidem
3072 5535 3277 5589 videtur
3301 5535 3465 5588 fuisse

1890 5626 2118 5681 minatus
2138 5663 2157 5692 ,
2199 5624 2264 5679 ad
2285 5640 2400 5678 eam
2430 5639 2539 5679 rem
2566 5625 2742 5695 ipsum
2763 5625 2976 5695 adigere
3005 5633 3265 5691 tentaret,
3295 5623 3463 5695 qualis

1888 5718 2047 5775 modo
2077 5716 2175 5785 sit,
2222 5727 2276 5773 et
2327 5717 2496 5788 qualis
2542 5726 2665 5774 ante
2707 5717 2867 5773 fuerit
2903 5717 3112 5788 quando
3148 5716 3216 5773 de
3244 5732 3305 5772 se
3330 5715 3455 5774 nihil
