3990 6360
560 296 664 353 507

562 410 682 463 mali
704 408 846 463 credi
885 409 1113 476 volebat,
1142 417 1498 463 ostensurum.
1528 405 1717 460 Nullus
1742 406 1894 470 enim,
1926 406 2129 473 inquit.

560 505 633 557 sic
654 503 885 574 proditur
908 503 1105 572 qualem
1143 519 1347 556 causam
1375 500 1618 567 habuerit,
1648 516 1799 567 quam
1829 499 1913 552 ille
1936 498 2023 567 qui
2046 513 2135 566 per

560 596 827 649 simulares
853 602 1119 665 potestates
1138 636 1152 659 ,
1186 592 1261 647 vel
1287 591 1528 663 quaslibet
1574 589 1854 655 violentias,
1876 604 1987 642 cum
2015 602 2134 656 pcr-

560 686 841 741 turbatione
864 696 910 741 et
945 687 1146 758 querela
1175 696 1385 740 conatur
1422 684 1638 754 recipere
1684 682 1920 735 honorem
1940 722 1955 745 ,
1988 696 2135 750 quem

562 781 797 849 perdidit.
828 779 950 835 Non
998 780 1101 835 vult
1142 780 1273 833 enim
1324 776 1506 831 volenti
1552 774 1749 829 Christo
1786 772 2001 838 servire,
2045 770 2134 825 sed

563 872 859 927 Christianis
887 872 1167 927 nolentibus
1202 870 1453 924 dominari
1481 866 1669 938 (Epist.
1696 867 1784 929 64,
1813 883 1864 919 η.
1892 864 1967 935 4).
2004 866 2132 918 Ter-

562 964 792 1019 iuinatur
827 960 1056 1033 denique
1098 961 1378 1017 concilium
1410 957 1546 1012 facta
1574 956 1973 1026 Carthaginensi
1993 954 2133 1008 anti-

561 1054 672 1108 stiti
704 1061 964 1123 potestate
1007 1067 1099 1108 eas
1141 1052 1355 1106 nemine
1384 1050 1753 1118 episcoporum
1784 1047 2019 1101 omnium
2046 1045 2125 1099 di-

558 1144 733 1200 ctandi
753 1155 912 1216 atque
927 1143 1233 1213 obsignandi
1249 1141 1517 1210 epistolas,
1536 1154 1665 1209 quas
1686 1138 1904 1193 concilia
1926 1138 2133 1192 mittere

559 1236 962 1291 constituissent
987 1252 1000 1289 :
1037 1250 1138 1288 nou
1166 1248 1319 1288 secus
1340 1248 1402 1287 ac
1432 1232 1623 1287 tradita
1650 1230 1859 1300 scriptis
1886 1229 2133 1285 mandata

560 1343 775 1395 eorum,
819 1343 936 1396 qua:
984 1328 1122 1381 circa
1192 1325 1493 1379 Donatistas
1539 1322 1868 1379 observanda
1917 1321 2133 1376 omnino

560 1430 738 1475 essent
759 1417 967 1490 (Codice
987 1420 1249 1473 Canonum
1268 1418 1455 1487 Afric.,
1478 1432 1595 1470 can.
1623 1416 1735 1486 85).

1154 1507 1379 1564 CAPUT
1418 1505 1508 1560 Vl.

560 1600 583 1651 l
627 1597 912 1654 Victorinus
932 1608 976 1653 et
1002 1596 1295 1670 Xantippus
1320 1599 1382 1652 de
1404 1598 1620 1670 primatu
1637 1595 1957 1651 contendunt.
1976 1593 2013 1648 2
2033 1593 2130 1649 Co-

566 1692 569 1693 ⁷
630 1689 774 1744 lonos
814 1707 933 1744 suos
963 1689 1148 1745 Donati
1169 1689 1394 1762 partibus
1413 1687 1727 1743 adhaerentes
1754 1688 1821 1740 ad
1849 1686 2127 1741 Ecclesium

626 1793 823 1837 revocat
851 1781 1231 1836 Pammachius.
1262 1784 1295 1836 5
1320 1781 1589 1853 Augustini
1627 1780 1983 1835 monasterium
2012 1779 2125 1832 Do-

636 1883 787 1929 natus
824 1891 937 1928 cum
956 1890 1048 1927 suo
1077 1878 1233 1944 fratre
1258 1873 1458 1927 deserit.
1484 1874 1517 1926 4
1547 1872 1822 1937 Quintiano
1847 1870 2131 1941 presbytero

625 1983 832 2021 causam
870 1967 1007 2037 apud
1043 1965 1302 2020 Aurelium
1329 1964 1527 2019 habenti
1558 1963 1801 2017 rescribit.
1832 1964 1865 2017 5
1886 1961 2131 2031 Ejusdem

624 2059 685 2115 ob
703 2068 979 2129 susceptum
999 2061 1047 2113 in
1061 2058 1326 2128 Augustini
1341 2058 1636 2112 monasterio
1652 2055 1990 2109 Privationem
2006 2070 2129 2124 que-

624 2153 855 2206 rimonia.
884 2153 916 2207 6
946 2152 1319 2206 Abundantium
1344 2150 1565 2204 dimcesis
1590 2164 1696 2203 suta
1716 2146 2053 2217 presbyterum
2069 2145 2130 2198 ab

626 2243 788 2313 ofﬁcio
829 2250 1043 2296 removet
1066 2240 1395 2312 Augustinus.
1418 2241 1449 2295 7
1473 2239 1703 2294 Exeuute
1722 2238 1817 2292 hoc
1846 2252 1979 2290 anno
1999 2251 2128 2306 qua-

635 2333 1019 2403 dringcntcsimo
1047 2333 1230 2401 primo,
1271 2329 1533 2401 Crispinus
1574 2329 1787 2384 rusticos
1810 2326 2133 2398 Mappalien-

636 2423 706 2477 sis
732 2423 843 2494 agri
868 2421 1163 2493 rebuptizat.

628 2515 673 2567 ί.
708 2513 966 2568 Numidim
1017 2514 1232 2583 primas,
1273 2512 1337 2566 ad
1365 2526 1525 2583 quem
1556 2510 1623 2565 (Ie
1648 2509 1938 2566 Cresconio
1970 2508 2131 2564 Villa-

550 2605 776 2675 Regensi
823 2604 1158 2659 scribendum
1202 2610 1459 2657 statuerat
1484 2601 1899 2672 Carthaginiense
1944 2602 2126 2657 conci-

555 2696 680 2749 lium
720 2698 736 2763 (
763 2693 935 2749 Codic.
962 2693 1149 2767 Afric.,
1176 2712 1291 2749 can.
1321 2695 1386 2748 77
1408 2692 1448 2764 ),
1473 2693 1610 2749 diem
1631 2710 1783 2749 suum
1812 2694 1950 2749 haud
1968 2694 2127 2749 dubie

550 2801 656 2841 non
680 2787 749 2841 ita
779 2788 944 2840 multo
967 2796 1088 2855 post
1112 2786 1318 2841 clausit.
1350 2787 1597 2857 Ejusdem
1629 2789 1819 2858 quippe
1843 2787 2126 2857 provincia:

551 2878 831 2947 primatum
852 2876 960 2947 jam
986 2878 1199 2932 ineunte
1218 2877 1282 2931 ad
1310 2893 1573 2933 summum
1600 2893 1740 2933 anno
1772 2878 2126 2949 quadringen-

549 2971 741 3025 tesimo
787 2970 1023 3026 secundo
1071 2970 1293 3040 adeptus
1342 2962 1455 3025 erat
1482 2970 1780 3041 Xantippus
1810 2971 2126 3041 Tagosensis

547 3063 828 3133 cpisc0pus
857 3063 1043 3135 (Epist.
1068 3061 1157 3129 65,
1189 3079 1241 3117 n.
1267 3062 1347 3133 2),
1369 3079 1525 3133 quem
1552 3073 1606 3119 et
1634 3064 1805 3119 adhuc
1829 3078 1970 3118 anno
1991 3078 2122 3133 qua-

548 3154 963 3224 dringentesimo
982 3153 1206 3222 septimo
1220 3153 1430 3223 gerebat
1450 3152 1653 3225 (Codice
1673 3170 1921 3207 canonum
1934 3152 2094 3226 Afric.
2105 3193 2121 3218 ,

548 3262 664 3300 can.
706 3244 854 3315 100).
912 3244 974 3299 Ei
1023 3257 1183 3313 porro
1242 3244 1522 3313 primatum
1577 3244 1777 3297 ineunti
1812 3244 1998 3299 oborta
2043 3251 2125 3297 est

548 3335 930 3392 controversia.
956 3334 1162 3389 Etenim
1180 3334 1366 3405 quinto
1388 3334 1505 3389 idus
1531 3334 1853 3400 novembris,
1874 3336 1981 3403 jam
2004 3349 2124 3389 ver—

547 3435 705 3498 gente
730 3427 782 3481 in
828 3434 1037 3481 noctem
1059 3424 1165 3490 die,
1192 3424 1393 3479 reddita
1425 3432 1508 3479 est
1532 3425 1831 3495 AlthStino
1855 3424 2121 3496 encyclica

548 3518 802 3575 Victorini
826 3517 1075 3588 epistola,
1106 3517 1194 3586 qui
1228 3517 1502 3586 primatem
1550 3530 1734 3585 agens,
1760 3531 1881 3569 eum
1922 3514 1987 3568 ad
2016 3514 2124 3567 Nu-

545 3610 724 3665 midia:
758 3607 1041 3663 concilium
1072 3606 1327 3660 invitabat
1368 3603 1559 3677 (Epist.
1587 3606 1699 3675 59).
1727 3604 1780 3659 In
1802 3605 1989 3660 eadem
2012 3604 2125 3673 epi-

546 3702 679 3757 stola
699 3741 714 3767 ,
742 3717 838 3758 seu
854 3746 868 3769 ,
902 3704 975 3758 uti
1002 3706 1263 3761 vocitatur
1286 3746 1301 3771 ,
1348 3705 1597 3759 tractoria
1617 3746 1631 3767 ,
1665 3702 1940 3773 legebatur
1963 3702 2122 3757 etiam

548 3793 615 3848 ad
646 3794 986 3850 Mauritanias
1012 3810 1131 3850 esse
1157 3797 1413 3865 scriptum
1430 3836 1444 3858 ,
1473 3794 1717 3865 quamvis
1742 3794 1822 3848 ha:
1839 3794 2123 3861 provincia:

547 3898 674 3938 suos
698 3884 955 3940 haberent
973 3885 1246 3955 primates.
1280 3885 1380 3940 Sed
1411 3885 1509 3939 etsi
1535 3900 1599 3938 ex
1630 3882 1708 3938 eis
1732 3883 1799 3938 ad
1822 3882 2122 3938 Numidiam

546 3975 945 4031 convocandum
966 3987 1109 4032 esset
1126 3977 1429 4045 concilium,
1455 3976 1734 4045 oportebat
1755 3985 1806 4029 ut
1829 3976 2124 4046 aliquorum

546 4066 849 4123 Maurorum
868 4108 884 4136 ,
906 4068 994 4138 qui
1019 4068 1126 4124 illic
1152 4070 1355 4137 priores
1380 4076 1530 4133 sunt,
1562 4067 1775 4122 nomina
1799 4068 1852 4122 in
1874 4066 2122 4121 tractoria

548 4165 876 4226 ponerentur
897 4176 910 4211 :
934 4158 1075 4228 quod
1104 4173 1224 4213 cum
1252 4158 1303 4213 in
1335 4159 1432 4212 ista
1458 4173 1563 4212 non
1588 4158 1845 4228 reperiret
1870 4158 2122 4228 Augusti-

545 4266 646 4305 nus
665 4291 681 4317 ,
716 4250 937 4305 multum
963 4250 1184 4306 miratus
1213 4258 1313 4305 est.
1343 4251 1607 4306 Praeterea
1631 4250 1851 4305 moleste
1876 4250 2014 4313 tulit,
2041 4263 2117 4311 se,

545 4341 755 4397 tametsi
782 4341 1104 4412 antiquiores
1147 4350 1325 4397 essent
1351 4341 1585 4411 episcopi
1614 4342 1938 4411 complures,
1967 4342 2123 4396 tertio

542 4432 663 4487 loco
681 4433 969 4488 recenseri.
1016 4432 1196 4503 Neque
1241 4432 1416 4487 minus
1445 4432 1783 4499 movebatur,
1810 4434 1949 4504 quod
1974 4433 2121 4488 Xan-

547 4525 725 4594 tippus
754 4524 888 4594 ipse,
919 4523 1007 4595 qui
1035 4525 1317 4594 primatum
1350 4523 1416 4578 ad
1465 4538 1527 4581 se
1570 4524 1852 4594 pertinere,
1884 4525 2021 4579 ultro
2070 4525 2121 4580 ei

546 4615 961 4672 assentientibus
996 4615 1239 4685 plurimis
1260 4655 1277 4684 ,
1314 4615 1565 4683 dicebat,
1614 4630 1783 4686 eoque
1803 4616 2018 4671 nomine
2047 4626 2123 4671 ta-

545 4709 624 4764 les
677 4708 922 4763 mittebat
949 4707 1201 4777 epistolas
1231 4722 1349 4776 qua:
1376 4707 1655 4776 primatem
1688 4705 1913 4774 decent,
1945 4707 1998 4761 in
2027 4706 2122 4762 iis-

545 4798 667 4853 dem
695 4798 890 4855 litteris
914 4811 983 4853 ne
1027 4797 1330 4851 nominatus
1350 4796 1563 4866 quidem
1591 4806 1763 4863 esset;
1798 4812 1918 4853 eum
1946 4805 2122 4852 tamen

546 4890 636 4945 ille
664 4890 895 4946 maxime
917 4889 984 4944 ad
1004 4888 1287 4945 concilium
1307 4890 1517 4954 venire,
1546 4903 1610 4944 ac
1639 4889 1840 4959 primus
1858 4890 2120 4945 nominari

544 4982 837 5038 debuisset.
867 4980 1001 5037 istos
1037 4981 1106 5037 ob
1130 4995 1345 5036 errores
1370 4980 1571 5045 timuit,
1598 4995 1665 5035 ne
1694 4981 1827 5037 forte
1852 4981 2121 5036 subdilitia

542 5082 685 5127 esset
713 5073 801 5127 illa
852 5070 1119 5126 tractoria.
1162 5070 1294 5139 Qua:
1345 5085 1448 5123 una
1502 5069 1779 5137 dubitatio,
1810 5086 1878 5126 ne
1911 5081 2123 5141 pareret

543 5163 905 5218 convocationi
927 5203 942 5227 ,
973 5176 1069 5232 per
1094 5175 1155 5217 se
1184 5160 1424 5216 inhibere
1447 5174 1568 5217 eum
1591 5170 1795 5231 poterat
1819 5179 1832 5215 :
1859 5162 1951 5217 sed
1980 5177 2120 5232 pra:-

548 5263 691 5305 terca
726 5260 781 5306 et
806 5252 1046 5322 angustia
1074 5252 1348 5320 temporis,
1381 5260 1436 5307 et
1470 5252 1630 5305 varia:
1663 5266 1953 5323 gravesque
1978 5268 2121 5309 cura:

553 5342 739 5411 quibus
762 5352 873 5398 tum
899 5344 1266 5411 distinebatur,
1288 5358 1410 5400 cum
1430 5343 1651 5399 adversa
1675 5344 1893 5400 forsitan
1919 5346 2121 5402 valetu-

548 5436 673 5490 dine
695 5474 713 5503 ,
742 5450 849 5490 non
877 5434 1031 5494 facile
1051 5436 1330 5504 sinebant,
1357 5445 1415 5492 ut
1442 5436 1508 5492 ad
1533 5436 1790 5509 synodum
1811 5452 1927 5493 sese
1944 5441 2123 5494 accin-

548 5533 719 5598 geret.
767 5526 948 5600 itaque
990 5529 1119 5584 satis
1156 5528 1340 5587 habuit
1380 5529 1446 5585 ad
1498 5529 1828 5586 Victorinum
1857 5532 2118 5600 scribere;

549 5615 783 5687 primum
810 5618 861 5674 ei
889 5628 945 5673 ut
980 5631 1041 5673 se
1066 5628 1380 5683 excusaret,
1410 5630 1522 5676 tum
1551 5630 1610 5675 ut
1646 5636 1767 5676 eum
1810 5636 2120 5678 commone-

547 5707 791 5776 faceret,
821 5710 875 5765 in
914 5710 1098 5782 primis
1127 5712 1227 5783 ipsi
1252 5727 1356 5770 una
1384 5728 1505 5775 cum
1538 5712 1804 5789 Xantippo
1828 5714 2117 5773 discutien-

1703 292 1857 348 YITA
1900 290 1957 347 S.
1999 288 2366 345 AUGUSTINI
2405 290 2720 346 EPlSCOPl.

3712 303 3814 362 308

2242 403 2365 457 dum
2417 406 2585 460 utrius
2634 414 2777 461 esset
2805 407 3061 475 primatus
3094 418 3147 463 et
3185 410 3263 477 ius
3291 414 3514 485 cogendi
3564 421 3809 488 concilii;

2240 496 2327 550 vel
2356 497 2527 565 potius
2552 498 2664 552 sine
2690 499 2997 569 cujusquam
3018 501 3324 573 prtejudicio
3340 508 3620 564 concilium
3652 512 3809 570 simul

2238 588 2304 642 ab
2342 597 2565 657 utroque
2621 590 2954 645 indicendum
2995 608 3149 660 esse,
3198 596 3285 650 ubi
3340 613 3462 653 cum
3515 604 3812 661 senioribus

2238 679 2667 745 examinarelur,
2720 690 2839 736 uter
2888 690 3065 737 utrum
3142 687 3455 757 antiquitate
3516 705 3808 762 superaret.

2238 770 2404 826 Porro
2430 772 2728 842 hujusmodi
2772 775 2838 829 de
2876 775 3265 843 provinciarum
3315 781 3508 837 Africa:
3556 784 3811 845 decanatu

2238 861 2319 915 vel
2348 862 2573 930 primatu
2618 866 2994 919 controversia:
3038 866 3103 921 ad
3127 867 3383 937 judicium
3426 873 3656 945 episcopi
3680 876 3811 932 Car-

2239 951 2562 1020 thaginensis
2588 969 2618 1008 a
2648 956 2871 1010 concilio
2900 954 3090 1011 delata:
3111 968 3253 1014 sunt.
3281 960 3348 1016 Et
3378 962 3491 1018 lucc
3522 965 3656 1021 forte
3681 984 3811 1023 con—

2239 1042 2404 1096 tentio
2432 1044 2483 1097 in
2512 1059 2671 1100 causa
2698 1046 2819 1110 fuit,
2854 1062 2952 1103 cur
2981 1049 3126 1103 varia
3159 1055 3406 1108 statuerit
3431 1058 3553 1111 anni
3584 1075 3813 1130 sequen-

2237 1136 2305 1189 tis
2330 1138 2644 1205 concilium,
2674 1140 2868 1209 quibus
2893 1141 3067 1196 omnis
3106 1143 3174 1198 de
3206 1154 3448 1217 tempore
3467 1151 3815 1210 ordinationis

2235 1227 2604 1298 episc0porum
2634 1231 2948 1302 ambiguitas
2996 1234 3273 1291 tolleretur
3302 1236 3322 1309 (
3348 1237 3530 1294 Codice
3554 1241 3812 1299 Cananum

2240 1320 2420 1389 Afric.,
2453 1338 2567 1376 can.
2597 1320 2712 1394 86).

2305 1411 2358 1465 ‘2.
2392 1413 2501 1467 lloc
2532 1414 2646 1485 ipso
2676 1414 2894 1470 forsitan
2918 1424 3163 1473 vertente
3195 1436 3335 1477 anno
3360 1421 3815 1493 quadringentesi-

2234 1517 2323 1556 mo
2348 1503 2519 1572 primo
2543 1506 2867 1574 Augustinus
2892 1522 2986 1576 per
3014 1508 3214 1578 legatos
3230 1511 3659 1582 Carthaginensis
3684 1531 3812 1570 con-

2234 1596 2339 1649 cilii
2384 1597 2722 1653 Pammachio
2762 1601 3011 1669 scriptam
3062 1602 3337 1671 epistolam
3379 1604 3583 1660 dederit
3618 1607 3811 1677 (Epist.

2235 1689 2337 1754 58,
2382 1707 2434 1743 η.
2480 1692 2556 1761 5).
2607 1692 2740 1747 lluic
2777 1694 2917 1747 enim
2968 1694 3260 1765 significat,
3312 1712 3444 1766 quas
3479 1698 3721 1769 improbo
3762 1702 3811 1755 in

2234 1780 2534 1837 Catholicos
2564 1784 2741 1837 animo
2779 1784 3069 1841 Donatista:
3102 1786 3320 1841 insidias
3352 1789 3731 1858 moliebantur,
3764 1798 3815 1849 ei

2233 1885 2290 1926 se
2324 1873 2543 1928 minime
2566 1874 2772 1939 dicere;
2825 1876 2971 1930 illum
3002 1892 3131 1931 vero
3169 1892 3198 1930 a
3229 1877 3482 1935 fratribus
3510 1881 3648 1945 suis,
3676 1897 3814 1951 quos

2234 1964 2330 2032 ipsi
2353 1965 2708 2030 commendat,
2740 1981 2832 2020 eas
2857 1967 3189 2022 commodius
3213 1970 3535 2025 auditurum.
3563 1972 3813 2027 Pamma-

2233 2056 2354 2110 chio
2388 2062 2542 2111 erant
2561 2058 2925 2125 possessiones
2948 2057 3118 2113 media
3145 2058 3199 2113 in
3226 2059 3466 2115 Numidia
3490 2102 3506 2129 ,
3551 2063 3707 2132 cujus
3737 2065 3816 2117 iu-

2231 2147 2365 2201 colre
2409 2147 2595 2202 Donati
2641 2150 2877 2218 partibus
2905 2149 3357 2206 adhaerescebant.
3393 2152 3733 2223 Quapropter
3771 2157 3816 2211 is

2231 2238 2503 2295 charitatis
2554 2253 2618 2295 ac
2653 2241 2861 2309 pietatis
2920 2241 3179 2296 adductus
3230 2243 3458 2311 impulsu
3512 2244 3723 2300 litteras
3748 2246 3817 2301 ad

2228 2346 2324 2386 eos
2348 2331 2414 2387 de
2438 2332 2807 2404 amplectenda
2840 2334 3093 2389 Ecclesia:
3122 2338 3320 2389 unitate
3342 2335 3573 2405 scripsit,
3606 2344 3814 2391 tantum

2230 2425 2447 2494 spiritus
2481 2424 2743 2480 fervorem
2784 2441 2891 2494 prae
2931 2440 2989 2480 se
3034 2425 3297 2490 ferentes,
3332 2435 3387 2480 ut
3428 2436 3620 2497 praeter
3656 2444 3815 2498 spem

2241 2516 2636 2587 promptissimo
2668 2516 2831 2571 animi
2857 2517 3032 2572 studio
3060 2517 3354 2587 delegerint
3382 2518 3431 2572 id
3457 2518 3811 2589 sequendum,

2230 2606 2371 2675 quod
2420 2606 2576 2662 talem
2623 2622 2687 2662 ac
2715 2614 2919 2661 tantum
2956 2609 3126 2662 virum
3170 2609 3385 2662 nonnisi
3413 2608 3547 2663 duce
3586 2609 3817 2664 veritate

2229 2698 2378 2767 sequi
2427 2698 2527 2751 sibi
2572 2697 2972 2767 persuaderent.
3031 2698 3083 2752 ld
3128 2698 3340 2769 quidem
3379 2700 3674 2769 Augustino
3709 2710 3817 2755 tam

2227 2798 2434 2858 gratum
2460 2790 2683 2854 accidit,
2726 2799 2785 2845 ut
2820 2791 3069 2862 gaudium
3128 2807 3280 2846 suum
3328 2792 3673 2849 Pammachio
3722 2811 3817 2865 per

2228 2882 2432 2937 litteras
2456 2923 2471 2946 ,
2498 2881 2565 2936 de
2591 2882 2784 2951 quibus
2814 2882 2974 2937 modo
3001 2884 3227 2953 agimus,
3258 2883 3660 2954 signiﬁcandum
3689 2901 3817 2941 cen-

2228 2975 2430 3030 suerit:
2461 2990 2683 3044 quarum
2735 2983 2909 3029 tamen
2954 2990 3020 3029 ex
3065 2976 3240 3031 verbis
3270 2976 3469 3031 lanitia:
3502 2992 3611 3032 sua:
3657 2980 3815 3033 voln-

2228 3074 2427 3135 ptatem
2454 3107 2470 3132 ,
2502 3066 2584 3120 vel
2620 3066 2818 3120 amoris
2845 3081 2967 3137 erga
2992 3082 3113 3120 eum
3139 3070 3219 3120 sui
3248 3067 3492 3122 ardorem
3514 3068 3815 3123 existimari

2230 3158 2297 3212 ab
2327 3158 2441 3227 ipso
2472 3173 2577 3211 non
2620 3158 2732 3212 vult
2760 3175 2772 3211 :
2801 3158 2892 3213 sed
2913 3200 2929 3223 ,
2969 3157 3133 3229 Perge
3174 3160 3477 3229 cogitando,
3510 3161 3684 3231 inquit
3706 3203 3723 3226 ,
3763 3163 3816 3216 in

2230 3260 2404 3320 pectus
2432 3266 2614 3315 meum,
2640 3259 2690 3303 et
2730 3265 2875 3304 cerne
2916 3251 3037 3321 quid
3074 3251 3180 3304 illic
3219 3251 3282 3306 de
3305 3262 3353 3307 te
3375 3263 3575 3325 agatur.
3604 3253 3815 3309 Patebit

2226 3342 2359 3394 enim
2427 3339 2575 3395 oculo
2641 3341 2903 3415 charitatis
2960 3340 3249 3396 cubiculum
3320 3344 3579 3399 charitatis
3606 3385 3622 3411 ,
3674 3345 3815 3416 quod

2238 3431 2519 3485 claudimus
2566 3430 2807 3485 adversus
2853 3448 3012 3503 nugas
3059 3433 3392 3489 tumultuosus
3428 3436 3634 3499 saeculi,
3701 3452 3815 3490 cum

2228 3520 2335 3575 illic
2377 3520 2543 3576 Deum
2593 3521 2904 3589 adoramus;
2940 3532 2988 3577 et
3035 3524 3221 3577 videbis
3263 3525 3331 3579 ibi
3370 3525 3571 3581 delicias
3618 3526 3817 3583 latitia:

2227 3628 2352 3667 mea:
2395 3612 2459 3665 de
2512 3620 2616 3666 tam
2670 3613 2797 3667 bono
2849 3630 2997 3685 opere
3045 3625 3159 3680 tuo,
3202 3632 3328 3687 quas
3374 3632 3464 3671 nec
3513 3616 3695 3687 lingua
3741 3619 3813 3688 ef-

2228 3702 2357 3773 fari,
2406 3718 2496 3757 nec
2538 3702 2654 3757 stilo
2708 3704 2988 3774 exprimere
3030 3704 3169 3757 valeo
3192 3745 3207 3769 ,
3263 3706 3480 3761 calentes
3528 3718 3684 3776 atque
3711 3709 3813 3777 ﬂa-

2226 3803 2427 3865 grantes
2450 3795 2503 3848 in
2530 3795 2780 3863 sacrificio
2803 3795 2971 3849 laudis
2999 3796 3129 3866 ejus,
3170 3812 3267 3867 quo
3294 3798 3569 3867 inspirante
3596 3798 3701 3852 hoc
3724 3815 3815 3854 vo-

2228 3883 2385 3950 luisti,
2416 3892 2463 3937 et
2490 3900 2588 3949 quo
2615 3883 2888 3954 adjuvante
2912 3885 3138 3954 potuisti.
3182 3885 3337 3939 Addit
3364 3901 3423 3940 se
3465 3885 3818 3943 vehementer

2226 3990 2443 4043 cupere,
2472 3983 2529 4028 ut
2558 3975 2623 4029 ad
2666 3974 2804 4029 idem
2837 3975 3191 4044 prmstandum
3221 3975 3309 4029 alii
3339 3974 3610 4031 christiani
3645 3992 3815 4032 sena-

2231 4074 2377 4120 tores
2396 4064 2591 4119 adduci
2616 4066 2845 4128 vellent;
2867 4074 2922 4120 at
2945 4065 3044 4120 sibi
3072 4081 3175 4119 non
3195 4081 3312 4120 eam
3339 4067 3511 4120 inesse
3536 4066 3811 4133 liduciam,

2228 4167 2287 4214 ut
2318 4157 2385 4213 ad
2421 4157 2525 4213 hoc
2558 4158 2676 4215 illos
2714 4158 2908 4213 audeat
2951 4158 3240 4213 exhortari.
3292 4156 3385 4212 Illi
3434 4159 3599 4223 enim,
3629 4161 3817 4215 subdit

2229 4257 2443 4304 sanctus
2468 4248 2725 4315 Antistes,
2758 4251 2888 4320 forte
2932 4264 3033 4301 non
3058 4249 3266 4317 facient,
3289 4258 3335 4301 et
3357 4256 3594 4317 tanquam
3634 4266 3737 4304 nos
3762 4248 3817 4304 in

2229 4342 2399 4395 animo
2424 4358 2598 4394 eorum
2625 4342 2829 4395 vicerint
2850 4341 3040 4394 inimici
3061 4338 3324 4405 Ecclesia,
3350 4339 3662 4410 decipiendis
3684 4343 3817 4395 insi-

2228 4431 2499 4485 diabunlur
2523 4431 2760 4500 inﬁmis.
2789 4430 2965 4501 Quare
3008 4430 3111 4487 hoc
3140 4446 3299 4485 unum
3343 4431 3590 4486 eumdem
3614 4441 3815 4503 rogat,

2227 4532 2287 4578 ut
2312 4537 2503 4592 nempe
2529 4532 2797 4591 acceptam
2823 4537 2854 4577 a
2875 4538 2934 4577 se
2961 4522 3237 4592 epistolam
3260 4536 3438 4577 coram
3469 4522 3550 4578 eis
3576 4524 3778 4579 recitet
3804 4542 3819 4589 ;

2228 4613 2369 4684 quod
2400 4612 2512 4668 fieri
2550 4614 2760 4682 possit,
2803 4614 2947 4684 ipsos
2972 4614 3285 4668 colonorum
3320 4629 3538 4669 suorum
3578 4629 3815 4671 conver-

2229 4707 2433 4761 sionem
2460 4720 2565 4760 non
2605 4706 2705 4759 alia
2734 4706 2802 4760 de
2838 4719 2997 4759 causa
3036 4705 3302 4774 negligere
3326 4744 3342 4772 ,
3373 4719 3530 4775 quam
3573 4706 3707 4775 quia
3748 4706 3817 4761 de

2228 4802 2327 4853 hac
2348 4796 2673 4866 procuranda
2705 4796 3009 4865 desperent.
3060 4795 3171 4849 Hoc
3197 4810 3323 4865 ergo
3366 4796 3652 4865 contigisse
3684 4797 3818 4852 satis

2220 4900 2455 4957 constat,
2488 4906 2591 4960 quo
2620 4898 2861 4961 tempore
2900 4887 3291 4943 Donatistarum
3332 4901 3526 4957 magno
3581 4902 3819 4942 numero

2227 4984 2385 5038 simul
2406 4984 2470 5037 ad
2497 4983 2748 5039 Ecclesia:
2767 4982 3021 5036 unitatem
3050 4980 3378 5036 redeuntium
3407 4980 3607 5035 rariora
3628 4989 3793 5035 exsta

2229 5076 2353 5129 bant
2380 5073 2621 5142 exempla
2637 5114 2653 5139 ,
2679 5081 2838 5141 atque
2861 5071 2997 5127 adeo
3019 5078 3143 5126 ante
3170 5086 3366 5125 annum
3385 5070 3816 5139 quadringente-

2228 5166 2420 5219 simum
2448 5164 2724 5233 qnintum;
2760 5162 2867 5216 imo
2904 5161 3135 5216 nondum
3165 5161 3297 5217 actis
3339 5159 3489 5216 hisce
3513 5161 3812 5226 violentiis,

2229 5256 2421 5325 quibus
2449 5255 2503 5307 in
2542 5252 2846 5308 Catholicos
2868 5251 3109 5307 bacchati
3137 5260 3261 5305 sunt
3285 5250 3764 5307 Circumcelliones
3795 5292 3813 5315 ,

2227 5351 2317 5407 ubi
2350 5350 2600 5405 viderunt
2624 5346 3127 5402 Maximianistarum
3160 5343 3456 5411 historiam,
3506 5352 3667 5413 prout
3706 5341 3815 5397 hoc

2227 5457 2369 5498 anno
2409 5440 2693 5497 concilium
2748 5436 3168 5507 Carthaginense
3212 5443 3498 5499 statuerat,
3543 5434 3814 5488 instanter

2226 5532 2421 5603 ubique
2466 5545 2495 5584 a
2540 5527 2829 5585 Catholicis
2874 5525 3128 5596 evulgari.
3156 5525 3483 5595 Augustinus
3518 5522 3719 5593 quippe
3746 5538 3813 5578 ea

2229 5633 2435 5681 tantum
2470 5622 2665 5677 damna
2717 5625 3134 5682 commemorat,
3171 5630 3291 5687 qua:
3316 5616 3385 5671 ab
3419 5614 3604 5671 iisdem
3641 5614 3811 5669 time-

2229 5716 2557 5784 bantur,nec
2588 5713 2697 5784 ipse
2728 5710 3012 5776 inliciatur,
3031 5708 3275 5763 timorem
3295 5719 3450 5763 suum
3478 5704 3612 5779 apud
3631 5720 3808 5775 quos-
