3990 6360
252 268 354 322 δῦῦ

250 380 367 432 datu
423 391 521 445 pro
588 390 726 429 Vane
775 375 953 428 haberi
1009 390 1162 444 posse
1212 374 1482 444 :ideoquc
1528 384 1710 443 rogat,
1760 388 1827 429 ne

249 476 562 535 aspernetur
586 467 745 520 etiam
770 464 1035 533 superﬂua
1066 472 1379 519 metuentes.

315 557 369 610 3.
405 557 465 610 in
493 556 820 612 monasterio
869 570 965 608 suo
1002 568 1106 609 non
1157 569 1341 623 parum
1381 553 1552 608 solatii
1589 552 1828 622 capiebat

246 649 606 717 Augustinus;
660 646 752 701 sed
781 646 1123 701 nihilominus
1167 646 1390 700 molesta
1430 661 1641 716 quoque
1689 662 1823 700 non-

248 740 387 793 nulla
437 739 512 794 ibi
561 738 784 795 subinde
821 737 1220 808 experiebatur;
1268 746 1321 792 ct
1371 738 1646 807 quantavis
1699 753 1822 792 cura

245 844 429 883 eorum
457 870 473 894 ,
520 830 611 897 qui
637 843 819 883 secum
846 829 1109 897 vivebant,
1140 827 1435 898 disciplinae
1465 828 1819 898 prospiceret;

246 920 510 975 sentiebat
564 931 776 986 tamen,
834 928 889 977 et
933 935 991 973 se
1046 919 1311 975 hominem
1353 935 1507 983 esse,
1555 919 1693 973 etin
1730 919 1824 974 ho-

243 1012 453 1069 minum
487 1011 843 1066 contubernio
873 1010 1108 1078 versari,
1136 1027 1233 1065 nec
1256 1026 1470 1082 sperare
1510 1012 1617 1065 ullo
1664 1011 1821 1065 modo

240 1116 426 1169 posse,
464 1102 640 1156 nullos
668 1117 727 1157 se
755 1112 945 1172 prwter
965 1113 1179 1158 sanctos
1212 1104 1265 1157 in
1292 1104 1411 1157 vitm
1448 1104 1699 1157 societate
1730 1102 1821 1155 ha-

238 1191 512 1245 biturum:
546 1208 671 1247 eum
701 1210 806 1248 non
860 1193 1066 1247 licuerit
1100 1194 1229 1259 hoc,
1285 1210 1455 1264 neque
1487 1196 1537 1248 in
1580 1195 1817 1261 illorum,

241 1282 324 1349 qui
351 1284 479 1336 vita:
519 1284 867 1338 sanctimonia
904 1285 1344 1353 prcccellnerunt,
1377 1286 1566 1339 familia
1588 1325 1603 1351 ,
1650 1300 1820 1355 neque

238 1372 286 1426 in
310 1370 519 1427 Christi
569 1373 777 1427 Domini
806 1374 1089 1440 comitatu,
1129 1390 1302 1445 neque
1341 1375 1393 1427 in
1420 1375 1556 1430 caelo
1586 1376 1698 1443 ipso
1735 1389 1819 1429 rc-

237 1465 412 1535 perire
435 1464 641 1535 (Epist.
665 1466 752 1531 78,
783 1484 870 1520 mt.
893 1468 947 1533 8,
970 1467 1050 1537 9).
1079 1468 1235 1521 IStam
1266 1468 1614 1521 humanarum
1642 1483 1814 1521 rerum

240 1558 606 1612 calamitatem
646 1558 746 1613 hoc
783 1567 1019 1627 tempore
1057 1568 1305 1628 expertus
1329 1568 1427 1614 est.
1459 1559 1587 1627 Ejus
1618 1558 1667 1611 in
1700 1574 1813 1611 mo-

236 1648 469 1702 nasterio
494 1655 655 1702 erant
694 1648 799 1702 duo
844 1648 1062 1713 fratres,
1093 1647 1409 1717 Carthagine
1436 1656 1524 1701 aut
1553 1647 1602 1701 in
1628 1647 1817 1701 vicinia

233 1740 337 1793 nati
358 1781 373 1802 ,
400 1755 635 1809 quorum
663 1740 813 1794 alteri
843 1740 1055 1795 Donato
1083 1754 1301 1795 nomen.
1332 1739 1395 1795 Hi
1416 1738 1641 1809 quadam
1669 1754 1814 1792 vana:

236 1831 419 1900 gloria:
444 1831 740 1900 cupiditate
767 1831 909 1886 ducti
926 1846 957 1887 e
984 1831 1304 1887 monasterio
1330 1831 1589 1887 excedere
1612 1831 1812 1900 cogita-

230 1932 347 1977 :‘unt
370 1940 385 1977 :
406 1923 755 1988 desiderium,
782 1925 855 1978 uti
877 1924 1102 1990 videtur,
1130 1922 1476 1979 obtendeutes
1499 1923 1678 1992 patria:
1704 1938 1814 1977 sua:

234 2017 284 2067 in
316 2014 562 2068 clericali
590 2013 889 2068 ministerio
908 2014 1189 2070 serviendi.
1215 2012 1444 2083 Cupidus
1473 2027 1656 2066 eorum
1683 2012 1815 2067 salu-

228 2105 298 2159 tis
322 2106 698 2175 Augustinus,
744 2114 940 2176 quanta
977 2106 1144 2176 potuit
1177 2105 1552 2175 impedimenta
1577 2145 1591 2167 ,
1640 2121 1707 2158 nc
1738 2104 1811 2157 illi

232 2210 401 2264 prava
426 2197 659 2266 cogitata
684 2196 1027 2265 perﬁcerent,
1055 2195 1267 2265 objecit.
1298 2196 1366 2250 At
1390 2209 1510 2251 cum
1536 2194 1724 2248 abduci
1754 2208 1812 2248 se

228 2300 257 2342 ο
284 2286 565 2356 proposito
612 2301 940 2356 nequaquam
990 2296 1171 2341 essent
1211 2286 1386 2355 passi,
1437 2284 1810 2354 Carthaginem

228 2377 450 2447 profecti
508 2388 635 2432 sunt
666 2396 678 2431 :
711 2378 801 2432 ubi
840 2377 1088 2432 Aurelius
1127 2385 1272 2431 ratus
1319 2374 1542 2430 fortasse
1571 2375 1675 2429 huc
1714 2388 1811 2428 eos

228 2485 348 2524 cum
370 2469 515 2524 bona
560 2468 716 2524 venia
744 2467 1022 2538 Augustini
1065 2467 1293 2529 venisse,
1326 2467 1585 2521 Donatum
1615 2465 1669 2519 in
1699 2464 1807 2519 cle-

228 2575 341 2613 rum
388 2559 609 2613 ascivit.
646 2557 776 2611 Huic
804 2558 1019 2612 fratrem
1041 2597 1056 2622 ,
1083 2572 1178 2611 cur
1204 2556 1563 2627 egrederetur,
1598 2569 1809 2610 causam

228 2649 523 2716 pracbuisse
550 2657 775 2702 testatur
813 2647 1153 2717 Augustinus.
1178 2646 1336 2716 Atqui
1360 2645 1487 2700 illud
1520 2646 1662 2715 prius
1690 2659 1811 2699 cve-

228 2737 300 2793 nit
322 2778 338 2802 ,
380 2754 547 2808 quam
575 2738 892 2805 concilium,
926 2738 979 2793 in
1004 2753 1109 2809 quo
1133 2737 1201 2794 de
1239 2739 1676 2793 monasteriorum
1705 2740 1806 2795 de-

224 2829 524 2884 sertoribus
542 2844 839 2899 eorumque
864 2829 1195 2896 ordinatione
1220 2836 1394 2884 actum
1422 2839 1503 2885 est
1527 2869 1543 2896 ,
1572 2830 1810 2886 celebra-

222 2927 405 2986 retur,
430 2934 629 2989 nempe
655 2928 778 2973 ante
804 2919 923 2974 idus
947 2920 1272 2989 septembris
1300 2920 1423 2974 anni
1449 2920 1805 2991 quadringen-

223 3012 405 3067 Iesimi
430 3012 610 3082 primi.
640 3012 789 3067 Haud
820 3012 1114 3082 reperimus
1143 3020 1321 3067 tamen
1366 3012 1421 3067 in
1460 3011 1560 3068 hac
1606 3013 1810 3084 synodo

223 3103 585 3173 Augustinum
635 3117 699 3157 ea
728 3103 795 3158 de
851 3117 910 3158 re
965 3117 1084 3157 cum
1138 3102 1352 3157 Aurelio
1400 3084 1631 3157 locutum
1667 3120 1680 3157 :
1710 3105 1809 3158 etsi

223 3194 411 3250 eodem
440 3194 551 3249 loci
571 3236 588 3261 ,
613 3194 775 3250 verbo
792 3202 1141 3261 statueremus,
1166 3210 1275 3249 non
1299 3194 1523 3250 obscure
1546 3195 1809 3265 signiﬁcet

227 3284 280 3338 ei
301 3297 362 3338 se
392 3282 727 3338 interfuisse.
758 3283 827 3338 At
856 3290 991 3354 quas‘
1026 3282 1231 3337 litteras
1256 3283 1578 3352 Augustinus
1600 3285 1668 3339 ab
1692 3286 1807 3340 Att-

222 3372 355 3426 relio
380 3371 635 3442 proxime
656 3380 779 3443 post
806 3386 956 3426 suum
984 3372 1052 3427 ab
1096 3372 1322 3426 invicem
1345 3372 1637 3429 discessum
1657 3389 1808 3429 acce-

232 3463 337 3531 pit,
370 3464 424 3517 in
470 3464 541 3518 iis
588 3463 657 3520 de
697 3464 902 3518 Donato
946 3464 1170 3534 ejusque
1204 3463 1364 3519 fratre
1411 3466 1677 3535 agebatur.
1711 3468 1807 3522 Diu

225 3553 489 3608 dubitavit
520 3564 737 3609 sanctus
767 3554 1062 3624 Episcopus
1082 3554 1209 3625 quid
1235 3555 1284 3609 ei
1317 3556 1557 3624 responsi
1585 3556 1804 3611 daturus

223 3652 488 3699 essetmt
533 3644 721 3699 salutis
768 3644 976 3698 tandem
1019 3643 1263 3709 illorum,
1299 3644 1489 3713 quibus
1529 3646 1806 3701 consulere

226 3737 529 3804 tenebatur,
557 3736 829 3791 desiderio
852 3744 1028 3791 motus
1066 3736 1375 3807 rescripsit,
1404 3736 1693 3790 monachos
1715 3753 1804 3806 pe-

223 3826 469 3882 riculosae
495 3827 777 3881 tentationi
802 3826 983 3896 objici,
1013 3826 1257 3891 clericos,
1284 3840 1316 3880 e
1336 3841 1558 3894 quorum
1584 3841 1808 3882 numero

228 3919 470 3988 episcopi
501 3918 603 3987 ipsi
629 3926 782 3986 sunt,
812 3933 915 3973 non
942 3917 1047 3973 levi
1071 3916 1210 3972 afﬁci
1247 3917 1587 3985 contumelia,
1611 3917 1654 3972 si
1683 3917 1804 3973 vita:

226 4010 538 4064 monasticae
562 4009 930 4064 descrtoresin
958 4024 1139 4064 eorum
1162 4008 1401 4063 ordinem
1427 4020 1799 4078 assumantur;

222 4115 341 4156 eum
382 4103 530 4170 prius
555 4102 602 4156 is
642 4102 811 4157 honor
835 4102 1046 4157 nonnisi
1073 4101 1452 4157 monachorum
1482 4102 1799 4170 probatissi-

229 4193 329 4245 mis
366 4191 530 4246 tribui
556 4193 786 4260 soleret,
813 4209 911 4248 nec
938 4207 1061 4248 raro
1086 4193 1120 4247 ii
1150 4192 1249 4262 ipsi
1278 4192 1652 4247 ecclesiasticis
1679 4209 1801 4248 mu-

222 4282 449 4338 neribus
488 4292 671 4339 essent
712 4284 897 4354 inepti.
946 4284 1146 4352 Quibus
1184 4282 1368 4349 addit,
1412 4284 1682 4338 Aurelium
1734 4299 1801 4340 ex

222 4373 389 4426 animi
414 4375 681 4427 sententia
711 4374 916 4429 Donato
934 4415 950 4441 ,
980 4374 1025 4428 si
1052 4372 1263 4443 quidem
1290 4373 1588 4443 superbiam
1629 4374 1674 4428 is
1703 4389 1802 4443 po-

220 4464 421 4529 suerit,
449 4464 527 4517 uti
558 4479 746 4532 posse;
768 4464 978 4535 quando
1001 4465 1176 4531 illum,
1203 4474 1487 4534 antequam
1512 4465 1610 4518 hac
1632 4464 1697 4519 de
1732 4481 1793 4521 re

215 4553 518 4623 quidquam
549 4556 821 4610 statuisset
845 4556 1125 4611 concilium
1152 4597 1166 4621 ,
1198 4556 1479 4611 ordinauit.
1526 4555 1604 4609 De
1644 4559 1801 4628 fratre

213 4655 396 4697 autem
425 4647 561 4715 ejus,
583 4646 771 4716 inquit,
801 4663 915 4700 cum
938 4647 1187 4717 intelligas
1208 4647 1332 4717 quid
1354 4646 1603 4712 sentiant,
1633 4648 1797 4700 nescio

210 4737 341 4804 quid
366 4739 719 4806 respondeant.
739 4737 855 4804 Quo
875 4737 1029 4807 plane
1048 4738 1305 4808 signiﬁcat
1326 4738 1479 4792 istum
1502 4753 1604 4790 non
1621 4752 1794 4805 posse,

212 4826 321 4880 nisi
348 4826 550 4880 violato
592 4827 801 4882 concilii
827 4828 1063 4894 decreto,
1109 4828 1361 4882 ordinari.
1396 4827 1797 4883 Subditnihilo-

210 4917 424 4978 minus,
455 4916 573 4985 ejus
614 4931 675 4972 se
718 4917 1010 4987 prudentia:
1038 4924 1093 4972 et
1119 4916 1363 4971 charitati
1393 4916 1531 4971 nolle
1564 4916 1793 4971 interce-

208 5009 350 5063 dere
368 5048 386 5072 ,
414 5017 573 5078 atque
599 5008 734 5065 adeo
759 5023 916 5079 posse
944 5009 1115 5077 ipsum
1146 5007 1247 5063 hac
1287 5007 1338 5061 in
1365 5022 1423 5060 re
1447 5006 1623 5076 sequi,
1648 5006 1791 5075 quod

208 5100 407 5152 utilius
435 5099 684 5155 Ecclesia:
705 5099 1037 5168 judicaverit.
1076 5099 1233 5166 Papa:
1257 5097 1586 5161 vocabulum,
1615 5097 1791 5166 quoin

208 5189 461 5260 episwktt
506 5190 853 5260 inscriptione
880 5188 1148 5244 Aurelium
1178 5189 1400 5255 salutat,
1429 5189 1646 5241 dubium
1675 5202 1793 5242 esse

208 5296 323 5333 non
361 5281 525 5348 sinit,
563 5282 693 5352 quin
743 5283 789 5338 is
843 5282 999 5337 fuerit
1044 5282 1474 5351 Cartltagittensis
1515 5281 1792 5352 cpiscopus

208 5368 416 5439 (Epist.
448 5370 559 5439 eo).

281 5461 344 5513 4.
380 5459 527 5515 [laud
561 5460 759 5515 scimus
797 5476 868 5516 an
893 5459 1028 5516 idem
1050 5474 1256 5530 quoque
1281 5459 1381 5523 sit,
1419 5474 1576 5529 quem
1604 5457 1659 5512 in
1680 5459 1793 5527 epi-

206 5550 361 5605 stola
398 5548 466 5605 ad
515 5549 857 5616 Quintianum
885 5550 1049 5606 semel
1078 5565 1141 5605 ac
1162 5550 1393 5605 secundo
1417 5564 1597 5604 senem
1624 5553 1790 5605 Aure-

207 5643 346 5698 lium
375 5643 571 5699 vocilat
599 5641 794 5713 (Epist.
827 5644 914 5709 64,
938 5661 1023 5697 nn.
1048 5643 1103 5710 Ξ,
1127 5641 1181 5713 5)
1208 5642 1497 5714 :siquidem
1524 5640 1662 5697 istud
1688 5657 1783 5697 vo-

1609 260 1807 314 LIBER
1845 259 2155 327 QUINTUS.

3401 275 3505 330 510

1937 375 2179 430 cabulum
2207 387 2422 447 recepto
2449 394 2544 434 usu
2562 380 2777 435 decanis
2798 383 2907 437 sive
2934 386 3239 453 primatibus
3254 387 3306 441 in
3324 386 3501 445 Africa

1935 466 2257 522 tribuebatur
2285 486 2297 521 :
2321 469 2458 538 quod
2489 486 2555 524 an
2582 471 2775 527 deferri
2803 475 3001 543 pariter
3025 477 3223 533 soleret
3249 481 3498 551 episcOpn

1933 556 2335 629 Carthagiuensi
2372 571 2586 632 propter
2609 564 2917 634 dignitatem
2946 568 3086 623 sedis
3104 612 3119 636 ,
3150 573 3255 625 non
3281 574 3407 628 satis
3433 575 3499 630 li-

1930 657 2075 716 quet.
2104 648 2215 704 Hoc
2244 666 2369 706 vero
2395 652 2615 708 minime
2639 654 2854 709 dubium
2875 698 2890 724 ,
2935 656 2979 712 si
3004 660 3251 727 praedicta
3278 662 3498 731 epistola

1930 747 2049 804 post
2069 736 2306 793 Natalem
2330 740 2657 798 Dominicum
2681 742 2833 814 hujus
2856 746 3018 815 ipsius
3032 749 3153 801 anni
3177 748 3293 803 data
3323 751 3497 816 fuerit,

1929 841 2031 893 qua
2059 828 2123 882 de
2146 844 2204 883 re
2230 829 2597 901 ambigendum
2624 833 2803 904 utique
2830 850 2934 889 non
2975 837 3208 904 videtur,
3234 839 3493 895 Numidia:

1927 926 2204 987 primatem
2233 920 2632 993 haudquaquam
2671 925 2931 981 exstitisse
2980 926 3121 983 hunc
3176 931 3492 996 Aurelium;

1927 1025 2046 1063 cum
2084 1025 2200 1065 eam
2242 1011 2551 1083 dignitatem
2588 1014 2886 1070 Victorinus
2914 1026 3003 1072 aut
3032 1028 3173 1073 certe
3201 1019 3495 1090 Xantippus

1927 1100 2204 1157 obtineret.
2231 1104 2387 1173 Atqui
2431 1114 2663 1162 statuere
2691 1124 2793 1161 non
2825 1108 3081 1164 audemus
3101 1150 3114 1174 ,
3147 1109 3288 1165 illinc
3322 1112 3491 1167 Aure-

1926 1190 1997 1245 lio
2050 1194 2309 1262 primatus
2366 1195 2593 1250 adscribi
2656 1199 2825 1267 possit
2888 1200 2942 1253 in
2997 1200 3151 1253 aliam
3205 1202 3491 1271 quamlibet

1926 1282 2115 1338 Africa:
2170 1285 2531 1352 provinciam,
2582 1298 2639 1342 ut
2679 1298 2802 1357 puta
2844 1290 3187 1356 Bizacenam,
3229 1294 3294 1347 ad
3332 1308 3488 1363 quam

1927 1374 2258 1446 Vigesilitana
2282 1378 2511 1433 Ecclesia
2533 1421 2547 1445 ,
2581 1380 2731 1451 cujus
2750 1381 2801 1435 in
2829 1382 3014 1438 eadem
3043 1384 3260 1455 cpistola
3292 1388 3489 1442 mentio

1922 1464 2057 1519 facta
2086 1476 2167 1521 est
2190 1466 2370 1535 (ΗΜΛ,
2398 1486 2449 1523 n.
2478 1467 2555 1542 4),
2584 1472 2899 1541 pertinebat.
2932 1473 3037 1528 Sed
3071 1475 3305 1545 quisquis
3332 1474 3489 1532 fuerit

1924 1558 2021 1613 iste
2048 1561 2291 1615 Aurelius
2309 1604 2323 1625 ,
2355 1562 2404 1615 in
2432 1562 2546 1631 ejus
2572 1564 2653 1617 vel
2677 1564 2912 1631 dimccsi,
2940 1566 3018 1621 vel
3048 1576 3196 1622 certe
3221 1570 3485 1636 provincia

1923 1647 2328 1703 Badezilitanatn
2378 1652 2667 1707 Ecclesium
2690 1696 2705 1719 ,
2736 1663 2827 1708 aut
2852 1654 2973 1709 huic
3001 1658 3245 1722 vicinam,
3273 1659 3498 1727 regebat

1922 1738 2198 1809 presbyter
2240 1740 2571 1808 Quintianus.
2632 1743 2728 1798 llic
2773 1746 3001 1812 jusserat
3052 1747 3102 1799 in
3145 1747 3366 1802 ecclesia
3392 1761 3485 1802 sua

1920 1829 2129 1883 recitari
2174 1830 2342 1885 libros
2370 1834 2650 1888 nonnullus
2679 1835 2766 1903 qui
2790 1835 2843 1889 in
2870 1851 3071 1891 canone
3099 1836 3483 1906 Scripturarum

1921 1920 2108 1989 synodi
2141 1924 2453 1979 auctoritate
2478 1926 2763 1979 constituto
2802 1926 3016 1980 minimc
3042 1928 3306 1991 contenti,
3336 1943 3367 1982 e
3389 1944 3485 1981 nu-

1918 2025 2067 2064 mero
2096 2022 2248 2067 erant
2290 2015 2713 2087 apocryphorum
2741 2058 2754 2079 ,
2807 2019 2997 2085 quibus
3044 2018 3110 2070 ad
3161 2018 3485 2073 inducendos

1919 2103 1973 2158 in
2024 2104 2259 2160 fraudem
2310 2109 2532 2177 populos
2560 2110 2713 2177 vulgo
2742 2109 2974 2164 llﬂ’PCliCl
3010 2110 3390 2175 abolebantur,
3424 2126 3490 2166 ac

1915 2208 2026 2263 prie
2053 2197 2259 2251 caeteris
2300 2197 2569 2253 Manichaei
2594 2240 2607 2262 ,
2652 2200 2739 2268 qui
2783 2200 2957 2268 reipsa
3011 2200 3358 2254 narrabantur
3387 2200 3488 2254 hoc

1915 2286 1967 2339 in
1990 2285 2105 2340 loco
2128 2286 2353 2342 libenter
2374 2288 2575 2343 latitare
2603 2287 2783 2362 (Ibid,
2812 2307 2864 2342 η.
2889 2289 2966 2359 5).
2989 2288 3099 2344 Nec
3125 2290 3304 2360 procul
3325 2290 3503 2345 dubio.

1916 2375 2054 2429 aliud
2084 2374 2208 2441 fuit,
2242 2392 2339 2432 cur
2360 2378 2607 2433 Aurelius
2628 2394 2657 2432 a
2700 2380 3069 2434 communione
3108 2395 3201 2434 sua
3241 2380 3483 2445 Quintia-

1915 2483 2038 2521 num
2071 2479 2382 2533 amoveret,
2428 2471 2667 2539 quamvis
2695 2471 2760 2525 de
2797 2470 2911 2541 ejus
2959 2486 3115 2525 causa
3166 2471 3483 2527 sententiam

1914 2555 2176 2622 ultimam,
2201 2559 2633 2628 occupationibus
2656 2559 2913 2614 distentus
2931 2601 2945 2625 ,
2977 2560 3211 2614 nondum
3239 2561 3479 2615 tulisset:

1918 2663 2097 2701 verum
2126 2658 2382 2705 statuerat
2412 2651 2553 2705 circa
2600 2651 2799 2706 Natalis
2826 2651 3078 2706 Dominiei
3107 2650 3262 2706 ferias
3291 2652 3357 2705 ad
3386 2652 3483 2706 Ba-

1913 2736 2243 2792 dezilitauam
2271 2739 2562 2793 Ecclesium
2588 2755 2646 2794 se
2672 2739 2911 2797 conferre
2940 2738 3123 2813 (Ibid.,
3150 2757 3202 2793 η.
3229 2740 3306 2809 2).

1983 2827 2035 2882 5.
2070 2829 2265 2884 Eadem
2296 2845 2505 2899 quoque
2556 2838 2868 2899 tempestate
2905 2831 3155 2899 contigit,
3187 2840 3243 2884 ut
3272 2830 3481 2899 quidam

1912 2920 2239 2986 adolescens,
2270 2923 2482 2975 nomine
2504 2922 2733 2977 Privatio
2756 2964 2770 2989 ,
2792 2922 2887 2992 ,qui
2917 2922 3124 2976 nonnisi
3145 2922 3308 2976 semel
3338 2921 3484 2991 quid-

1913 3011 2052 3082 piam
2080 3027 2145 3067 ex
2174 3010 2491 3082 apocrypbis
2534 3012 2683 3067 libris
2724 3012 3024 3081 hujusmodi
3052 3012 3251 3081 legerat
3292 3011 3347 3066 in
3393 3012 3481 3066 illa

1914 3101 2156 3166 ecclesia,
2190 3102 2395 3156 veniret
2430 3101 2497 3156 ad
2524 3105 2897 3169 Augustinum,
2934 3117 3126 3172 rogans
3181 3111 3236 3157 ut
3270 3102 3384 3172 ejus
3427 3104 3480 3157 in

1912 3193 2230 3248 monasterio
2256 3194 2578 3264 reciperetur
2595 3194 2641 3264 (1
2650 3194 2776 3256 bid.,
2806 3210 2858 3247 η.
2883 3193 2952 3264 ‘5).
2978 3194 3128 3249 llunc
3144 3208 3246 3248 non
3277 3194 3479 3264 putavit

1912 3292 2129 3339 sanctus
2154 3284 2385 3338 Antistes
2408 3283 2629 3339 lectoris
2654 3282 2953 3338 habendum
2972 3284 3088 3338 loco
3104 3324 3119 3349 ,
3142 3299 3240 3340 nec
3264 3285 3482 3353 proinde

1911 3376 2291 3444 subjiciendum
2313 3376 2522 3442 canoni,
2545 3390 2649 3445 quo
2665 3375 2880 3429 vetitum
2907 3383 3039 3439 erat,
3070 3390 3135 3429 ne
3156 3375 3480 3444 reciperetur

1910 3466 2127 3521 alterius
2155 3466 2398 3521 dimcesis
2423 3467 2668 3522 clericus.
2711 3464 2769 3518 Id
2812 3474 2985 3519 tamen
3019 3480 3115 3535 per
3149 3465 3349 3520 litteras
3373 3465 3481 3519 An—

1910 3557 2043 3611 relio
2071 3554 2416 3625 signiﬁcavit,
2447 3555 2563 3625 ejus
2597 3555 2696 3610 hac
2737 3556 2789 3609 in
2828 3570 2885 3609 re
2920 3555 3231 3609 sententiam
3267 3564 3479 3609 secutu-

1909 3664 2025 3703 rum
2047 3663 2107 3704 se
2130 3646 2423 3702 afﬁrmans.
2453 3646 2743 3716 Augustino
2768 3646 2923 3716 igitur
2936 3645 3248 3710 Quintianus
3268 3644 3483 3712 scripsit

1910 3748 2019 3793 tum
2050 3738 2118 3795 de
2144 3738 2332 3794 eodem
2356 3738 2686 3802 Privatione,
2715 3752 2869 3807 quem
2899 3736 3001 3790 nisi
3027 3734 3234 3789 violatis
3260 3734 3475 3789 canoni-

1907 3831 2005 3887 bus
2031 3829 2237 3886 admitti
2277 3846 2381 3885 non
2428 3844 2585 3899 posse
2612 3829 2998 3894 contendebat;
3034 3835 3143 3882 tum
3172 3826 3238 3881 de
3268 3827 3500 3897 propria-

1907 3936 2027 3976 cum
2053 3920 2269 3976 Aurelio
2294 3920 2651 3975 controversia
2673 3960 2689 3986 ,
2721 3934 2751 3972 a
2779 3933 2885 3988 quo
2934 3933 3083 3973 suam
3110 3931 3321 3971 causam
3368 3932 3472 3970 non

1902 4010 2127 4082 judicari
2156 4010 2493 4080 querebatur.
2547 4008 2676 4079 Ejus
2723 4008 2998 4078 epistolam
3040 4006 3207 4077 pridie
3229 4049 3243 4069 ,
3280 4014 3371 4060 aut
3407 4006 3473 4061 ad

1906 4118 2169 4157 summum
2225 4101 2383 4156 biduo
2408 4110 2531 4155 ante
2557 4100 2794 4155 Natalem
2826 4099 3031 4155 Domini
3071 4098 3271 4167 acCepit
3299 4097 3476 4167 Augu«

1906 4197 2112 4262 stinus;
2140 4210 2295 4264 quam
2348 4202 2402 4248 et
2437 4194 2649 4247 Aurelio
2672 4191 2870 4248 deferri
2898 4207 2956 4244 ea
2985 4200 3163 4245 mente
3199 4190 3385 4256 voluit,
3416 4200 3471 4244 ut

1908 4286 2256 4356 intelligertt,
2292 4284 2481 4353 quibus
2525 4284 2612 4338 ille
2640 4283 2706 4337 de
2752 4282 2912 4337 rebus
2951 4281 3325 4351 expostularet,
3359 4281 3489 4351 qui-

1905 4377 2072 4431 busve
2112 4376 2164 4429 in
2230 4374 2537 4429 defensione
2600 4372 2892 4426 rationibus
2962 4371 3036 4425 uti
3090 4371 3470 4426 constituisset.

1906 4466 2107 4522 Deinde
2143 4466 2314 4520 eidem
2335 4465 2616 4530 Quintiano
2643 4476 2764 4517 cum
2793 4461 2937 4516 omni
2965 4461 3277 4517 urbanitatis
3305 4462 3470 4531 signi-

1904 4556 2146 4610 ficatione
2195 4553 2502 4622 respondit:
2531 4567 2594 4607 ac
2620 4551 2812 4617 simul,
2854 4558 2913 4604 ut
2951 4566 3067 4605 eam
3094 4590 3110 4617 ,
3152 4565 3253 4620 qua
3291 4565 3471 4605 secum

1902 4646 2172 4715 agebatur,
2204 4644 2460 4698 rationem
2518 4658 2671 4712 arquo
2710 4642 2887 4695 animo
2921 4640 3102 4705 ferret,
3133 4640 3349 4710 perinde
3390 4649 3475 4696 est

1902 4728 2207 4783 adhortatus
2226 4768 2242 4794 ,
2268 4727 2417 4797 quasi
2444 4727 2796 4781 existintasset
2822 4725 3159 4780 innocentem
3186 4742 3200 4790 ;
3229 4725 3359 4778 satis
3387 4735 3467 4778 ta-

1902 4837 2024 4875 men
2075 4819 2421 4888 intelligitur,
2468 4834 2588 4885 eum
2642 4818 2741 4872 sibi
2788 4817 2888 4873 hac
2913 4817 2979 4872 de
3004 4833 3062 4872 re
3090 4817 3349 4872 statuendi
3381 4815 3481 4885 jus.

1900 4926 2148 4981 arrogare
2172 4910 2423 4965 noluisse.
2452 4909 2587 4977 Quin
2618 4910 2778 4964 etiam
2808 4908 2959 4963 illum
2995 4908 3210 4961 omnino
3240 4906 3343 4961 hoc
3368 4921 3464 4960 no-

1901 5005 2042 5059 mine
2085 5001 2458 5074 reprehendit,
2496 4999 2636 5071 quod
2680 4986 3013 5071 apocryphos
3064 4998 3226 5050 libros
3255 4996 3467 5050 recitari

1894 5094 2145 5164 jusserit;
2176 5108 2240 5147 ac
2286 5100 2539 5162 praeterea
2577 5098 2725 5145 notat
2765 5089 2935 5158 ipsum
2956 5128 2973 5155 ,
3006 5086 3146 5156 quod
3190 5086 3255 5140 ad
3288 5085 3468 5140 Priva-

1898 5188 2094 5241 tionem
2124 5184 2331 5250 attinet,
2361 5184 2477 5252 plus
2518 5198 2670 5252 :equo
2693 5189 3013 5234 commotum
3056 5176 3236 5233 fuisse.
3269 5179 3337 5232 Se
3367 5193 3464 5230 au-

1900 5285 2004 5333 tem
2034 5278 2101 5331 ab
2125 5276 2239 5346 ejus
2262 5273 2595 5343 suscipienda
2626 5286 2783 5326 causa
2806 5277 3052 5334 excusat;
3094 5283 3214 5323 cum
3245 5268 3350 5323 sint
3377 5268 3466 5324 alii

1895 5366 2157 5423 antistites
2184 5365 2308 5435 qui,
2357 5372 2570 5433 propter
2615 5360 2867 5430 majorem
2911 5367 3018 5413 tum
3073 5360 3462 5423 auctoritatem,

1897 5466 2005 5511 tum
2036 5455 2507 5527 propinquitatem,
2537 5451 2587 5505 id
2608 5449 2808 5505 facilius
2831 5458 3083 5520 praestare
3098 5459 3310 5521 queant.
3336 5449 3475 5517 Ejus

1894 5556 2071 5603 tamen
2126 5546 2400 5615 epistolam
2441 5543 2513 5597 ait
2561 5559 2591 5596 a
2641 5557 2698 5597 se
2739 5540 2806 5596 ad
2874 5542 3144 5597 Aurelium
3189 5540 3463 5596 transmis-

1894 5652 2043 5703 sam;
2078 5652 2183 5691 non
2221 5635 2453 5705 potuisse
2479 5641 2653 5688 autem
2678 5633 2870 5707 populo
2894 5648 3033 5689 curae
3069 5631 3209 5688 illius
3234 5631 3460 5697 credito,
