  <div class='ocr_page' id='page_1' title='image "/cluster/home/n/w/nwhite01/storage/ocr_20150623/32/hvd.32044015706328/161.png"; bbox 0 0 3990 6360; ppageno 0'>
   <div class='ocr_carea' id='block_1_1' title="bbox 536 326 633 385">
    <p class='ocr_par' dir='ltr' id='par_1_1' title="bbox 536 326 633 385">
     <span class='ocr_line' id='line_1_1' title="bbox 536 326 633 385; baseline 0.021 -2"><span class='ocrx_word' id='word_1_1' title='bbox 536 326 633 385; x_wconf 62' lang='grc' dir='ltr'><strong>ιιι</strong></span> 
     </span>
    </p>
   </div>
   <div class='ocr_carea' id='block_1_2' title="bbox 536 426 2110 513">
    <p class='ocr_par' dir='ltr' id='par_1_2' title="bbox 536 426 2110 513">
     <span class='ocr_line' id='line_1_2' title="bbox 536 426 2110 513; baseline -0.011 -16"><span class='ocrx_word' id='word_1_2' title='bbox 536 458 568 503; x_wconf 85' lang='lat' dir='ltr'><strong>a</strong></span> <span class='ocrx_word' id='word_1_3' title='bbox 596 455 703 513; x_wconf 93' lang='lat' dir='ltr'><strong>quo</strong></span> <span class='ocrx_word' id='word_1_4' title='bbox 742 441 943 495; x_wconf 92' lang='lat' dir='ltr'><strong>litteras</strong></span> <span class='ocrx_word' id='word_1_5' title='bbox 975 436 1146 493; x_wconf 87' lang='lat' dir='ltr'><strong>nullas</strong></span> <span class='ocrx_word' id='word_1_6' title='bbox 1185 440 1500 505; x_wconf 88' lang='lat' dir='ltr'><strong>acceperat,</strong></span> <span class='ocrx_word' id='word_1_7' title='bbox 1541 430 1801 494; x_wconf 90' lang='lat' dir='ltr'><strong>scribere;</strong></span> <span class='ocrx_word' id='word_1_8' title='bbox 1837 438 1943 483; x_wconf 88' lang='lat' dir='ltr'><strong>tum</strong></span> <span class='ocrx_word' id='word_1_9' title='bbox 1968 426 2110 497; x_wconf 90' lang='lat' dir='ltr'><strong>quod</strong></span> 
     </span>
    </p>
   </div>
   <div class='ocr_carea' id='block_1_3' title="bbox 540 520 2111 601">
    <p class='ocr_par' dir='ltr' id='par_1_3' title="bbox 540 520 2111 601">
     <span class='ocr_line' id='line_1_3' title="bbox 540 520 2111 601; baseline -0.011 -13"><span class='ocrx_word' id='word_1_10' title='bbox 540 533 656 601; x_wconf 87' lang='lat' dir='ltr'><strong>ipse</strong></span> <span class='ocrx_word' id='word_1_11' title='bbox 708 530 910 584; x_wconf 88' lang='lat' dir='ltr'><strong>tardius</strong></span> <span class='ocrx_word' id='word_1_12' title='bbox 960 527 1231 597; x_wconf 79' lang='lat' dir='ltr'><strong>Quintiani</strong></span> <span class='ocrx_word' id='word_1_13' title='bbox 1291 524 1565 595; x_wconf 84' lang='lat' dir='ltr'><strong>epistolam</strong></span> <span class='ocrx_word' id='word_1_14' title='bbox 1622 520 1953 589; x_wconf 87' lang='lat' dir='ltr'><strong>accepisset,</strong></span> <span class='ocrx_word' id='word_1_15' title='bbox 2001 528 2111 572; x_wconf 92' lang='lat' dir='ltr'><strong>tum</strong></span> 
     </span>
    </p>
   </div>
   <div class='ocr_carea' id='block_1_4' title="bbox 540 615 2115 694">
    <p class='ocr_par' dir='ltr' id='par_1_4' title="bbox 540 615 2115 694">
     <span class='ocr_line' id='line_1_4' title="bbox 540 615 2115 694; baseline -0.008 -17"><span class='ocrx_word' id='word_1_16' title='bbox 540 623 679 694; x_wconf 90' lang='lat' dir='ltr'><strong>quod</strong></span> <span class='ocrx_word' id='word_1_17' title='bbox 707 622 879 693; x_wconf 88' lang='lat' dir='ltr'><strong>plebi,</strong></span> <span class='ocrx_word' id='word_1_18' title='bbox 907 637 1025 690; x_wconf 89' lang='lat' dir='ltr'><strong>quae</strong></span> <span class='ocrx_word' id='word_1_19' title='bbox 1054 618 1434 690; x_wconf 83' lang='lat' dir='ltr'><strong>dispensationi</strong></span> <span class='ocrx_word' id='word_1_20' title='bbox 1461 632 1569 671; x_wconf 71' lang='lat' dir='ltr'><strong>sua:</strong></span> <span class='ocrx_word' id='word_1_21' title='bbox 1596 615 1875 669; x_wconf 89' lang='lat' dir='ltr'><strong>commissa</strong></span> <span class='ocrx_word' id='word_1_22' title='bbox 1898 627 2005 666; x_wconf 94' lang='lat' dir='ltr'><strong>non</strong></span> <span class='ocrx_word' id='word_1_23' title='bbox 2030 626 2115 665; x_wconf 81' lang='lat' dir='ltr'><strong>es-</strong></span> 
     </span>
    </p>
   </div>
   <div class='ocr_carea' id='block_1_5' title="bbox 539 706 2115 778">
    <p class='ocr_par' dir='ltr' id='par_1_5' title="bbox 539 706 2115 778">
     <span class='ocr_line' id='line_1_5' title="bbox 539 706 2115 778; baseline -0.008 -8"><span class='ocrx_word' id='word_1_24' title='bbox 539 726 621 771; x_wconf 91' lang='lat' dir='ltr'><strong>set</strong></span> <span class='ocrx_word' id='word_1_25' title='bbox 641 759 655 778; x_wconf 86' lang='grc'><strong>,</strong></span> <span class='ocrx_word' id='word_1_26' title='bbox 686 717 824 770; x_wconf 91' lang='lat' dir='ltr'><strong>ultro</strong></span> <span class='ocrx_word' id='word_1_27' title='bbox 852 716 1084 769; x_wconf 91' lang='lat' dir='ltr'><strong>scribere</strong></span> <span class='ocrx_word' id='word_1_28' title='bbox 1126 728 1222 767; x_wconf 87' lang='lat' dir='ltr'><strong>uec</strong></span> <span class='ocrx_word' id='word_1_29' title='bbox 1258 711 1493 773; x_wconf 85' lang='lat' dir='ltr'><strong>auderet,</strong></span> <span class='ocrx_word' id='word_1_30' title='bbox 1523 724 1620 763; x_wconf 92' lang='lat' dir='ltr'><strong>nec</strong></span> <span class='ocrx_word' id='word_1_31' title='bbox 1644 723 1735 762; x_wconf 91' lang='lat' dir='ltr'><strong>sua</strong></span> <span class='ocrx_word' id='word_1_32' title='bbox 1759 706 1968 776; x_wconf 86' lang='lat' dir='ltr'><strong>quidem</strong></span> <span class='ocrx_word' id='word_1_33' title='bbox 1992 721 2115 761; x_wconf 86' lang='lat' dir='ltr'><strong>sen-</strong></span> 
     </span>
    </p>
   </div>
   <div class='ocr_carea' id='block_1_6' title="bbox 540 798 2113 875">
    <p class='ocr_par' dir='ltr' id='par_1_6' title="bbox 540 798 2113 875">
     <span class='ocr_line' id='line_1_6' title="bbox 540 798 2113 875; baseline -0.008 -14"><span class='ocrx_word' id='word_1_34' title='bbox 540 807 704 861; x_wconf 89' lang='lat' dir='ltr'><strong>tentia</strong></span> <span class='ocrx_word' id='word_1_35' title='bbox 760 815 905 861; x_wconf 92' lang='lat' dir='ltr'><strong>rccte</strong></span> <span class='ocrx_word' id='word_1_36' title='bbox 959 815 1171 875; x_wconf 88' lang='lat' dir='ltr'><strong>posset;</strong></span> <span class='ocrx_word' id='word_1_37' title='bbox 1211 818 1358 858; x_wconf 90' lang='lat' dir='ltr'><strong>suam</strong></span> <span class='ocrx_word' id='word_1_38' title='bbox 1390 816 1515 855; x_wconf 89' lang='lat' dir='ltr'><strong>vero</strong></span> <span class='ocrx_word' id='word_1_39' title='bbox 1556 800 1721 868; x_wconf 90' lang='lat' dir='ltr'><strong>ipsius</strong></span> <span class='ocrx_word' id='word_1_40' title='bbox 1758 798 1823 851; x_wconf 84' lang='lat' dir='ltr'><strong>ad</strong></span> <span class='ocrx_word' id='word_1_41' title='bbox 1865 812 1984 851; x_wconf 91' lang='lat' dir='ltr'><strong>eum</strong></span> <span class='ocrx_word' id='word_1_42' title='bbox 2024 811 2113 850; x_wconf 91' lang='lat' dir='ltr'><strong>re-</strong></span> 
     </span>
    </p>
   </div>
   <div class='ocr_carea' id='block_1_7' title="bbox 543 887 2115 965">
    <p class='ocr_par' dir='ltr' id='par_1_7' title="bbox 543 887 2115 965">
     <span class='ocr_line' id='line_1_7' title="bbox 543 887 2115 965; baseline -0.007 -14"><span class='ocrx_word' id='word_1_43' title='bbox 543 897 881 965; x_wconf 89' lang='lat' dir='ltr'><strong>sponsionem</strong></span> <span class='ocrx_word' id='word_1_44' title='bbox 917 895 1163 949; x_wconf 91' lang='lat' dir='ltr'><strong>omnibus</strong></span> <span class='ocrx_word' id='word_1_45' title='bbox 1216 893 1366 947; x_wconf 81' lang='lat' dir='ltr'><strong>facile</strong></span> <span class='ocrx_word' id='word_1_46' title='bbox 1412 890 1818 945; x_wconf 89' lang='lat' dir='ltr'><strong>satisfacturam.</strong></span> <span class='ocrx_word' id='word_1_47' title='bbox 1847 887 2115 955; x_wconf 84' lang='lat' dir='ltr'><strong>Significat</strong></span> 
     </span>
    </p>
   </div>
   <div class='ocr_carea' id='block_1_8' title="bbox 541 980 2114 1052">
    <p class='ocr_par' dir='ltr' id='par_1_8' title="bbox 541 980 2114 1052">
     <span class='ocr_line' id='line_1_8' title="bbox 541 980 2114 1052; baseline -0.008 -10"><span class='ocrx_word' id='word_1_48' title='bbox 541 988 712 1052; x_wconf 91' lang='lat' dir='ltr'><strong>illum,</strong></span> <span class='ocrx_word' id='word_1_49' title='bbox 740 1003 859 1041; x_wconf 88' lang='lat' dir='ltr'><strong>cum</strong></span> <span class='ocrx_word' id='word_1_50' title='bbox 884 986 1091 1040; x_wconf 87' lang='lat' dir='ltr'><strong>libuerit</strong></span> <span class='ocrx_word' id='word_1_51' title='bbox 1111 1027 1125 1051; x_wconf 95' lang='lat'><strong>,</strong></span> <span class='ocrx_word' id='word_1_52' title='bbox 1157 984 1222 1038; x_wconf 88' lang='lat' dir='ltr'><strong>ad</strong></span> <span class='ocrx_word' id='word_1_53' title='bbox 1269 998 1326 1037; x_wconf 91' lang='lat' dir='ltr'><strong>se</strong></span> <span class='ocrx_word' id='word_1_54' title='bbox 1354 980 1533 1035; x_wconf 90' lang='lat' dir='ltr'><strong>venire</strong></span> <span class='ocrx_word' id='word_1_55' title='bbox 1560 994 1714 1050; x_wconf 87' lang='lat' dir='ltr'><strong>posse</strong></span> <span class='ocrx_word' id='word_1_56' title='bbox 1738 1020 1751 1043; x_wconf 97' lang='lat'><strong>,</strong></span> <span class='ocrx_word' id='word_1_57' title='bbox 1801 992 1899 1032; x_wconf 89' lang='lat' dir='ltr'><strong>nec</strong></span> <span class='ocrx_word' id='word_1_58' title='bbox 1924 992 2114 1032; x_wconf 50' lang='lat' dir='ltr'><strong>onero.</strong></span> 
     </span>
    </p>
   </div>
   <div class='ocr_carea' id='block_1_9' title="bbox 540 1068 2111 1144">
    <p class='ocr_par' dir='ltr' id='par_1_9' title="bbox 540 1068 2111 1144">
     <span class='ocr_line' id='line_1_9' title="bbox 540 1068 2111 1144; baseline -0.006 -12"><span class='ocrx_word' id='word_1_59' title='bbox 540 1095 659 1133; x_wconf 92' lang='lat' dir='ltr'><strong>sum</strong></span> <span class='ocrx_word' id='word_1_60' title='bbox 684 1078 794 1133; x_wconf 85' lang='lat' dir='ltr'><strong>fore</strong></span> <span class='ocrx_word' id='word_1_61' title='bbox 822 1078 1104 1131; x_wconf 87' lang='lat' dir='ltr'><strong>adventum</strong></span> <span class='ocrx_word' id='word_1_62' title='bbox 1146 1076 1292 1144; x_wconf 82' lang='lat' dir='ltr'><strong>ejus;</strong></span> <span class='ocrx_word' id='word_1_63' title='bbox 1323 1089 1426 1127; x_wconf 90' lang='lat' dir='ltr'><strong>non</strong></span> <span class='ocrx_word' id='word_1_64' title='bbox 1456 1080 1631 1126; x_wconf 90' lang='lat' dir='ltr'><strong>tamen</strong></span> <span class='ocrx_word' id='word_1_65' title='bbox 1661 1070 1821 1123; x_wconf 89' lang='lat' dir='ltr'><strong>licere</strong></span> <span class='ocrx_word' id='word_1_66' title='bbox 1848 1068 1948 1123; x_wconf 85' lang='lat' dir='ltr'><strong>sibi</strong></span> <span class='ocrx_word' id='word_1_67' title='bbox 1989 1084 2111 1123; x_wconf 87' lang='lat' dir='ltr'><strong>eum</strong></span> 
     </span>
    </p>
   </div>
   <div class='ocr_carea' id='block_1_10' title="bbox 539 1160 2115 1231">
    <p class='ocr_par' dir='ltr' id='par_1_10' title="bbox 539 1160 2115 1231">
     <span class='ocr_line' id='line_1_10' title="bbox 539 1160 2115 1231; baseline -0.006 -8"><span class='ocrx_word' id='word_1_68' title='bbox 539 1169 822 1223; x_wconf 87' lang='lat' dir='ltr'><strong>admittere</strong></span> <span class='ocrx_word' id='word_1_69' title='bbox 844 1168 906 1221; x_wconf 90' lang='lat' dir='ltr'><strong>ad</strong></span> <span class='ocrx_word' id='word_1_70' title='bbox 931 1183 1082 1221; x_wconf 91' lang='lat' dir='ltr'><strong>suam</strong></span> <span class='ocrx_word' id='word_1_71' title='bbox 1109 1165 1538 1219; x_wconf 88' lang='lat' dir='ltr'><strong>communionem</strong></span> <span class='ocrx_word' id='word_1_72' title='bbox 1561 1204 1574 1228; x_wconf 89' lang='lat'><strong>,</strong></span> <span class='ocrx_word' id='word_1_73' title='bbox 1618 1161 1705 1231; x_wconf 88' lang='lat' dir='ltr'><strong>qui</strong></span> <span class='ocrx_word' id='word_1_74' title='bbox 1733 1175 1853 1215; x_wconf 92' lang='lat' dir='ltr'><strong>cum</strong></span> <span class='ocrx_word' id='word_1_75' title='bbox 1898 1160 2115 1214; x_wconf 89' lang='lat' dir='ltr'><strong>Aurelio</strong></span> 
     </span>
    </p>
   </div>
   <div class='ocr_carea' id='block_1_11' title="bbox 542 1250 2116 1324">
    <p class='ocr_par' dir='ltr' id='par_1_11' title="bbox 542 1250 2116 1324">
     <span class='ocr_line' id='line_1_11' title="bbox 542 1250 2116 1324; baseline -0.006 -11"><span class='ocrx_word' id='word_1_76' title='bbox 542 1273 645 1313; x_wconf 90' lang='lat' dir='ltr'><strong>non</strong></span> <span class='ocrx_word' id='word_1_77' title='bbox 670 1258 1101 1312; x_wconf 85' lang='lat' dir='ltr'><strong>communicaret.</strong></span> <span class='ocrx_word' id='word_1_78' title='bbox 1130 1256 1187 1310; x_wconf 89' lang='lat' dir='ltr'><strong>lu</strong></span> <span class='ocrx_word' id='word_1_79' title='bbox 1217 1255 1315 1309; x_wconf 91' lang='lat' dir='ltr'><strong>hac</strong></span> <span class='ocrx_word' id='word_1_80' title='bbox 1352 1268 1562 1324; x_wconf 90' lang='lat' dir='ltr'><strong>quoque</strong></span> <span class='ocrx_word' id='word_1_81' title='bbox 1588 1251 1839 1321; x_wconf 90' lang='lat' dir='ltr'><strong>epistola,</strong></span> <span class='ocrx_word' id='word_1_82' title='bbox 1866 1250 1991 1321; x_wconf 93' lang='lat' dir='ltr'><strong>quid</strong></span> <span class='ocrx_word' id='word_1_83' title='bbox 2013 1266 2116 1304; x_wconf 84' lang='lat' dir='ltr'><strong>nu-</strong></span> 
     </span>
    </p>
   </div>
   <div class='ocr_carea' id='block_1_12' title="bbox 540 1342 2115 1420">
    <p class='ocr_par' dir='ltr' id='par_1_12' title="bbox 540 1342 2115 1420">
     <span class='ocr_line' id='line_1_12' title="bbox 540 1342 2115 1420; baseline -0.004 -16"><span class='ocrx_word' id='word_1_84' title='bbox 540 1366 635 1420; x_wconf 90' lang='lat' dir='ltr'><strong>per</strong></span> <span class='ocrx_word' id='word_1_85' title='bbox 662 1364 691 1404; x_wconf 93' lang='lat' dir='ltr'><strong>a</strong></span> <span class='ocrx_word' id='word_1_86' title='bbox 721 1350 945 1404; x_wconf 88' lang='lat' dir='ltr'><strong>concilio</strong></span> <span class='ocrx_word' id='word_1_87' title='bbox 972 1348 1038 1402; x_wconf 93' lang='lat' dir='ltr'><strong>de</strong></span> <span class='ocrx_word' id='word_1_88' title='bbox 1083 1346 1355 1402; x_wconf 85' lang='lat' dir='ltr'><strong>monachis</strong></span> <span class='ocrx_word' id='word_1_89' title='bbox 1400 1344 1707 1400; x_wconf 86' lang='lat' dir='ltr'><strong>monasterii</strong></span> <span class='ocrx_word' id='word_1_90' title='bbox 1754 1342 2115 1399; x_wconf 88' lang='lat' dir='ltr'><strong>desertoribus</strong></span> 
     </span>
    </p>
   </div>
   <div class='ocr_carea' id='block_1_13' title="bbox 539 1432 2114 1503">
    <p class='ocr_par' dir='ltr' id='par_1_13' title="bbox 539 1432 2114 1503">
     <span class='ocr_line' id='line_1_13' title="bbox 539 1432 2114 1503; baseline -0.004 -11"><span class='ocrx_word' id='word_1_91' title='bbox 539 1448 791 1492; x_wconf 88' lang='lat' dir='ltr'><strong>statutum</strong></span> <span class='ocrx_word' id='word_1_92' title='bbox 814 1439 881 1492; x_wconf 91' lang='lat' dir='ltr'><strong>sit</strong></span> <span class='ocrx_word' id='word_1_93' title='bbox 901 1479 914 1503; x_wconf 97' lang='lat'><strong>,</strong></span> <span class='ocrx_word' id='word_1_94' title='bbox 945 1438 1191 1491; x_wconf 78' lang='lat' dir='ltr'><strong>observat</strong></span> <span class='ocrx_word' id='word_1_95' title='bbox 1218 1455 1230 1490; x_wconf 92' lang='lat'><strong>:</strong></span> <span class='ocrx_word' id='word_1_96' title='bbox 1254 1436 1395 1490; x_wconf 90' lang='lat' dir='ltr'><strong>unde</strong></span> <span class='ocrx_word' id='word_1_97' title='bbox 1424 1435 1735 1489; x_wconf 87' lang='lat' dir='ltr'><strong>adducimur</strong></span> <span class='ocrx_word' id='word_1_98' title='bbox 1758 1475 1774 1501; x_wconf 95' lang='lat'><strong>,</strong></span> <span class='ocrx_word' id='word_1_99' title='bbox 1822 1441 1880 1487; x_wconf 92' lang='lat' dir='ltr'><strong>ut</strong></span> <span class='ocrx_word' id='word_1_100' title='bbox 1925 1432 2114 1487; x_wconf 85' lang='lat' dir='ltr'><strong>creda—</strong></span> 
     </span>
    </p>
   </div>
   <div class='ocr_carea' id='block_1_14' title="bbox 539 1526 2114 1599">
    <p class='ocr_par' dir='ltr' id='par_1_14' title="bbox 539 1526 2114 1599">
     <span class='ocr_line' id='line_1_14' title="bbox 539 1526 2114 1599; baseline -0.004 -14"><span class='ocrx_word' id='word_1_101' title='bbox 539 1546 659 1586; x_wconf 91' lang='lat' dir='ltr'><strong>mus</strong></span> <span class='ocrx_word' id='word_1_102' title='bbox 706 1546 853 1596; x_wconf 90' lang='lat' dir='ltr'><strong>eam,</strong></span> <span class='ocrx_word' id='word_1_103' title='bbox 916 1538 1036 1599; x_wconf 90' lang='lat' dir='ltr'><strong>post</strong></span> <span class='ocrx_word' id='word_1_104' title='bbox 1077 1540 1319 1598; x_wconf 88' lang='lat' dir='ltr'><strong>acceptas</strong></span> <span class='ocrx_word' id='word_1_105' title='bbox 1364 1529 1573 1582; x_wconf 89' lang='lat' dir='ltr'><strong>circiter</strong></span> <span class='ocrx_word' id='word_1_106' title='bbox 1624 1527 1830 1582; x_wconf 90' lang='lat' dir='ltr'><strong>Domini</strong></span> <span class='ocrx_word' id='word_1_107' title='bbox 1875 1526 2114 1580; x_wconf 86' lang='lat' dir='ltr'><strong>Natalem</strong></span> 
     </span>
    </p>
   </div>
   <div class='ocr_carea' id='block_1_15' title="bbox 538 1618 2115 1690">
    <p class='ocr_par' dir='ltr' id='par_1_15' title="bbox 538 1618 2115 1690">
     <span class='ocr_line' id='line_1_15' title="bbox 538 1618 2115 1690; baseline -0.003 -14"><span class='ocrx_word' id='word_1_108' title='bbox 538 1622 805 1690; x_wconf 86' lang='lat' dir='ltr'><strong>Quintiani</strong></span> <span class='ocrx_word' id='word_1_109' title='bbox 836 1622 1068 1689; x_wconf 82' lang='lat' dir='ltr'><strong>litteras,</strong></span> <span class='ocrx_word' id='word_1_110' title='bbox 1099 1621 1201 1675; x_wconf 91' lang='lat' dir='ltr'><strong>hoc</strong></span> <span class='ocrx_word' id='word_1_111' title='bbox 1226 1629 1462 1675; x_wconf 80' lang='lat' dir='ltr'><strong>vertente</strong></span> <span class='ocrx_word' id='word_1_112' title='bbox 1482 1635 1621 1674; x_wconf 91' lang='lat' dir='ltr'><strong>anno</strong></span> <span class='ocrx_word' id='word_1_113' title='bbox 1647 1620 1895 1689; x_wconf 87' lang='lat' dir='ltr'><strong>scriptam</strong></span> <span class='ocrx_word' id='word_1_114' title='bbox 1918 1618 2115 1681; x_wconf 87' lang='lat' dir='ltr'><strong>fuisse;</strong></span> 
     </span>
    </p>
   </div>
   <div class='ocr_carea' id='block_1_16' title="bbox 538 1710 2114 1783">
    <p class='ocr_par' dir='ltr' id='par_1_16' title="bbox 538 1710 2114 1783">
     <span class='ocr_line' id='line_1_16' title="bbox 538 1710 2114 1783; baseline -0.004 -14"><span class='ocrx_word' id='word_1_115' title='bbox 538 1729 660 1769; x_wconf 89' lang='lat' dir='ltr'><strong>cum</strong></span> <span class='ocrx_word' id='word_1_116' title='bbox 697 1732 800 1768; x_wconf 92' lang='lat' dir='ltr'><strong>non</strong></span> <span class='ocrx_word' id='word_1_117' title='bbox 830 1714 968 1768; x_wconf 91' lang='lat' dir='ltr'><strong>aliud</strong></span> <span class='ocrx_word' id='word_1_118' title='bbox 993 1730 1022 1769; x_wconf 93' lang='lat' dir='ltr'><strong>e</strong></span> <span class='ocrx_word' id='word_1_119' title='bbox 1049 1714 1275 1768; x_wconf 89' lang='lat' dir='ltr'><strong>concilio</strong></span> <span class='ocrx_word' id='word_1_120' title='bbox 1305 1712 1557 1782; x_wconf 89' lang='lat' dir='ltr'><strong>proferat,</strong></span> <span class='ocrx_word' id='word_1_121' title='bbox 1587 1728 1743 1783; x_wconf 89' lang='lat' dir='ltr'><strong>quam</strong></span> <span class='ocrx_word' id='word_1_122' title='bbox 1773 1710 1912 1781; x_wconf 92' lang='lat' dir='ltr'><strong>quod</strong></span> <span class='ocrx_word' id='word_1_123' title='bbox 1944 1710 2114 1765; x_wconf 89' lang='lat' dir='ltr'><strong>fuerat</strong></span> 
     </span>
    </p>
   </div>
   <div class='ocr_carea' id='block_1_17' title="bbox 537 1804 1973 1876">
    <p class='ocr_par' dir='ltr' id='par_1_17' title="bbox 537 1804 1973 1876">
     <span class='ocr_line' id='line_1_17' title="bbox 537 1804 1973 1876; baseline -0.005 -15"><span class='ocrx_word' id='word_1_124' title='bbox 537 1808 592 1861; x_wconf 87' lang='lat' dir='ltr'><strong>in</strong></span> <span class='ocrx_word' id='word_1_125' title='bbox 631 1805 1029 1876; x_wconf 87' lang='lat' dir='ltr'><strong>Carthaginensi</strong></span> <span class='ocrx_word' id='word_1_126' title='bbox 1058 1806 1228 1860; x_wconf 89' lang='lat' dir='ltr'><strong>idibus</strong></span> <span class='ocrx_word' id='word_1_127' title='bbox 1266 1804 1581 1874; x_wconf 87' lang='lat' dir='ltr'><strong>septembris</strong></span> <span class='ocrx_word' id='word_1_128' title='bbox 1607 1804 1973 1858; x_wconf 83' lang='lat' dir='ltr'><strong>constitutum.</strong></span> 
     </span>
    </p>
   </div>
   <div class='ocr_carea' id='block_1_18' title="bbox 613 1892 2115 1966">
    <p class='ocr_par' dir='ltr' id='par_1_18' title="bbox 613 1892 2115 1966">
     <span class='ocr_line' id='line_1_18' title="bbox 613 1892 2115 1966; baseline -0.004 -15"><span class='ocrx_word' id='word_1_129' title='bbox 613 1900 665 1951; x_wconf 83' lang='grc'><strong>6.</strong></span> <span class='ocrx_word' id='word_1_130' title='bbox 696 1897 751 1951; x_wconf 88' lang='lat' dir='ltr'><strong>id</strong></span> <span class='ocrx_word' id='word_1_131' title='bbox 798 1898 962 1951; x_wconf 83' lang='lat' dir='ltr'><strong>ferme</strong></span> <span class='ocrx_word' id='word_1_132' title='bbox 992 1898 1242 1966; x_wconf 85' lang='lat' dir='ltr'><strong>temporis</strong></span> <span class='ocrx_word' id='word_1_133' title='bbox 1272 1896 1593 1965; x_wconf 82' lang='lat' dir='ltr'><strong>Augustinus</strong></span> <span class='ocrx_word' id='word_1_134' title='bbox 1630 1894 1696 1948; x_wconf 92' lang='lat' dir='ltr'><strong>dc</strong></span> <span class='ocrx_word' id='word_1_135' title='bbox 1725 1908 1880 1949; x_wconf 86' lang='lat' dir='ltr'><strong>causa</strong></span> <span class='ocrx_word' id='word_1_136' title='bbox 1931 1892 2115 1947; x_wconf 86' lang='lat' dir='ltr'><strong>Abun-</strong></span> 
     </span>
    </p>
   </div>
   <div class='ocr_carea' id='block_1_19' title="bbox 540 1986 2111 2055">
    <p class='ocr_par' dir='ltr' id='par_1_19' title="bbox 540 1986 2111 2055">
     <span class='ocr_line' id='line_1_19' title="bbox 540 1986 2111 2055; baseline -0.003 -14"><span class='ocrx_word' id='word_1_137' title='bbox 540 1987 703 2041; x_wconf 90' lang='lat' dir='ltr'><strong>dantii</strong></span> <span class='ocrx_word' id='word_1_138' title='bbox 755 1989 1069 2043; x_wconf 87' lang='lat' dir='ltr'><strong>sententiam</strong></span> <span class='ocrx_word' id='word_1_139' title='bbox 1115 1988 1251 2051; x_wconf 90' lang='lat' dir='ltr'><strong>tulit,</strong></span> <span class='ocrx_word' id='word_1_140' title='bbox 1290 1997 1504 2041; x_wconf 87' lang='lat' dir='ltr'><strong>centum</strong></span> <span class='ocrx_word' id='word_1_141' title='bbox 1524 2029 1538 2051; x_wconf 93' lang='lat'><strong>,</strong></span> <span class='ocrx_word' id='word_1_142' title='bbox 1562 1994 1619 2039; x_wconf 91' lang='lat' dir='ltr'><strong>ut</strong></span> <span class='ocrx_word' id='word_1_143' title='bbox 1659 1986 1770 2054; x_wconf 89' lang='lat' dir='ltr'><strong>ipse</strong></span> <span class='ocrx_word' id='word_1_144' title='bbox 1794 1986 2075 2055; x_wconf 88' lang='lat' dir='ltr'><strong>proﬁtetur</strong></span> <span class='ocrx_word' id='word_1_145' title='bbox 2096 2025 2111 2049; x_wconf 95' lang='lat'><strong>,</strong></span> 
     </span>
    </p>
   </div>
   <div class='ocr_carea' id='block_1_20' title="bbox 539 2072 2111 2147">
    <p class='ocr_par' dir='ltr' id='par_1_20' title="bbox 539 2072 2111 2147">
     <span class='ocr_line' id='line_1_20' title="bbox 539 2072 2111 2147; baseline -0.003 -16"><span class='ocrx_word' id='word_1_146' title='bbox 539 2077 727 2132; x_wconf 91' lang='lat' dir='ltr'><strong>diebus</strong></span> <span class='ocrx_word' id='word_1_147' title='bbox 753 2088 874 2131; x_wconf 87' lang='lat' dir='ltr'><strong>ante</strong></span> <span class='ocrx_word' id='word_1_148' title='bbox 901 2078 1227 2131; x_wconf 90' lang='lat' dir='ltr'><strong>Dominicum</strong></span> <span class='ocrx_word' id='word_1_149' title='bbox 1277 2077 1492 2132; x_wconf 68' lang='lat' dir='ltr'><strong>Pascha:</strong></span> <span class='ocrx_word' id='word_1_150' title='bbox 1539 2076 1739 2147; x_wconf 81' lang='lat' dir='ltr'><strong>(Epist.</strong></span> <span class='ocrx_word' id='word_1_151' title='bbox 1784 2075 1872 2141; x_wconf 80' lang='grc'><strong>65,</strong></span> <span class='ocrx_word' id='word_1_152' title='bbox 1920 2092 1973 2127; x_wconf 84' lang='lat' dir='ltr'><strong>n.</strong></span> <span class='ocrx_word' id='word_1_153' title='bbox 2012 2072 2111 2144; x_wconf 94' lang='lat'><strong>2),</strong></span> 
     </span>
    </p>
   </div>
   <div class='ocr_carea' id='block_1_21' title="bbox 541 2166 2117 2239">
    <p class='ocr_par' dir='ltr' id='par_1_21' title="bbox 541 2166 2117 2239">
     <span class='ocr_line' id='line_1_21' title="bbox 541 2166 2117 2239; baseline -0.001 -18"><span class='ocrx_word' id='word_1_154' title='bbox 541 2170 629 2239; x_wconf 87' lang='lat' dir='ltr'><strong>qui</strong></span> <span class='ocrx_word' id='word_1_155' title='bbox 659 2178 845 2223; x_wconf 86' lang='lat' dir='ltr'><strong>octavo</strong></span> <span class='ocrx_word' id='word_1_156' title='bbox 873 2170 989 2223; x_wconf 87' lang='lat' dir='ltr'><strong>idus</strong></span> <span class='ocrx_word' id='word_1_157' title='bbox 1012 2169 1191 2237; x_wconf 89' lang='lat' dir='ltr'><strong>aprilis</strong></span> <span class='ocrx_word' id='word_1_158' title='bbox 1220 2170 1423 2221; x_wconf 87' lang='lat' dir='ltr'><strong>futurus</strong></span> <span class='ocrx_word' id='word_1_159' title='bbox 1453 2177 1583 2222; x_wconf 88' lang='lat' dir='ltr'><strong>erat.</strong></span> <span class='ocrx_word' id='word_1_160' title='bbox 1614 2169 1901 2221; x_wconf 89' lang='lat' dir='ltr'><strong>Primatum</strong></span> <span class='ocrx_word' id='word_1_161' title='bbox 1934 2167 1983 2220; x_wconf 94' lang='lat' dir='ltr'><strong>in</strong></span> <span class='ocrx_word' id='word_1_162' title='bbox 2010 2166 2117 2219; x_wconf 87' lang='lat' dir='ltr'><strong>Nu-</strong></span> 
     </span>
    </p>
   </div>
   <div class='ocr_carea' id='block_1_22' title="bbox 545 2258 2117 2331">
    <p class='ocr_par' dir='ltr' id='par_1_22' title="bbox 545 2258 2117 2331">
     <span class='ocr_line' id='line_1_22' title="bbox 545 2258 2117 2331; baseline -0.001 -17"><span class='ocrx_word' id='word_1_163' title='bbox 545 2260 702 2314; x_wconf 85' lang='lat' dir='ltr'><strong>midia</strong></span> <span class='ocrx_word' id='word_1_164' title='bbox 734 2270 855 2315; x_wconf 91' lang='lat' dir='ltr'><strong>tunc</strong></span> <span class='ocrx_word' id='word_1_165' title='bbox 880 2261 1147 2314; x_wconf 88' lang='lat' dir='ltr'><strong>obtinebat</strong></span> <span class='ocrx_word' id='word_1_166' title='bbox 1173 2260 1466 2329; x_wconf 76' lang='lat' dir='ltr'><strong>Xautippus</strong></span> <span class='ocrx_word' id='word_1_167' title='bbox 1512 2258 1681 2331; x_wconf 84' lang='lat' dir='ltr'><strong>(Ibid.</strong></span> <span class='ocrx_word' id='word_1_168' title='bbox 1728 2258 1969 2327; x_wconf 60' lang='lat' dir='ltr'><strong>titulo):</strong></span> <span class='ocrx_word' id='word_1_169' title='bbox 2011 2272 2117 2327; x_wconf 89' lang='lat' dir='ltr'><strong>quo</strong></span> 
     </span>
    </p>
   </div>
   <div class='ocr_carea' id='block_1_23' title="bbox 543 2346 2117 2419">
    <p class='ocr_par' dir='ltr' id='par_1_23' title="bbox 543 2346 2117 2419">
     <span class='ocr_line' id='line_1_23' title="bbox 543 2346 2117 2419; baseline -0.003 -15"><span class='ocrx_word' id='word_1_170' title='bbox 543 2365 668 2404; x_wconf 87' lang='lat' dir='ltr'><strong>sane</strong></span> <span class='ocrx_word' id='word_1_171' title='bbox 696 2360 930 2419; x_wconf 89' lang='lat' dir='ltr'><strong>tempore</strong></span> <span class='ocrx_word' id='word_1_172' title='bbox 962 2350 1161 2404; x_wconf 80' lang='lat' dir='ltr'><strong>Pascha</strong></span> <span class='ocrx_word' id='word_1_173' title='bbox 1186 2351 1236 2403; x_wconf 90' lang='lat' dir='ltr'><strong>in</strong></span> <span class='ocrx_word' id='word_1_174' title='bbox 1268 2360 1508 2403; x_wconf 91' lang='lat' dir='ltr'><strong>octavum</strong></span> <span class='ocrx_word' id='word_1_175' title='bbox 1552 2349 1669 2402; x_wconf 91' lang='lat' dir='ltr'><strong>idus</strong></span> <span class='ocrx_word' id='word_1_176' title='bbox 1696 2348 1876 2417; x_wconf 87' lang='lat' dir='ltr'><strong>aprilis</strong></span> <span class='ocrx_word' id='word_1_177' title='bbox 1905 2346 2117 2401; x_wconf 88' lang='lat' dir='ltr'><strong>nonnisi</strong></span> 
     </span>
    </p>
   </div>
   <div class='ocr_carea' id='block_1_24' title="bbox 542 2437 2115 2510">
    <p class='ocr_par' dir='ltr' id='par_1_24' title="bbox 542 2437 2115 2510">
     <span class='ocr_line' id='line_1_24' title="bbox 542 2437 2115 2510; baseline -0.002 -16"><span class='ocrx_word' id='word_1_178' title='bbox 542 2455 681 2494; x_wconf 87' lang='lat' dir='ltr'><strong>anno</strong></span> <span class='ocrx_word' id='word_1_179' title='bbox 724 2440 1242 2510; x_wconf 80' lang='lat' dir='ltr'><strong>quadringentesimo</strong></span> <span class='ocrx_word' id='word_1_180' title='bbox 1286 2440 1518 2507; x_wconf 84' lang='lat' dir='ltr'><strong>secundo</strong></span> <span class='ocrx_word' id='word_1_181' title='bbox 1559 2438 1807 2493; x_wconf 86' lang='lat' dir='ltr'><strong>incidisse</strong></span> <span class='ocrx_word' id='word_1_182' title='bbox 1836 2437 2115 2506; x_wconf 88' lang='lat' dir='ltr'><strong>reperitur.</strong></span> 
     </span>
    </p>
   </div>
   <div class='ocr_carea' id='block_1_25' title="bbox 546 2528 2119 2600">
    <p class='ocr_par' dir='ltr' id='par_1_25' title="bbox 546 2528 2119 2600">
     <span class='ocr_line' id='line_1_25' title="bbox 546 2528 2119 2600; baseline -0.002 -16"><span class='ocrx_word' id='word_1_183' title='bbox 546 2531 654 2585; x_wconf 88' lang='lat' dir='ltr'><strong>llac</strong></span> <span class='ocrx_word' id='word_1_184' title='bbox 682 2546 806 2600; x_wconf 85' lang='lat' dir='ltr'><strong>ergo</strong></span> <span class='ocrx_word' id='word_1_185' title='bbox 824 2532 888 2585; x_wconf 91' lang='lat' dir='ltr'><strong>de</strong></span> <span class='ocrx_word' id='word_1_186' title='bbox 916 2547 972 2586; x_wconf 90' lang='lat' dir='ltr'><strong>re</strong></span> <span class='ocrx_word' id='word_1_187' title='bbox 990 2541 1137 2585; x_wconf 76' lang='lat' dir='ltr'><strong>sexto</strong></span> <span class='ocrx_word' id='word_1_188' title='bbox 1159 2530 1690 2598; x_wconf 85' lang='lat' dir='ltr'><strong>kalendasjanuarias</strong></span> <span class='ocrx_word' id='word_1_189' title='bbox 1716 2528 1838 2581; x_wconf 91' lang='lat' dir='ltr'><strong>anni</strong></span> <span class='ocrx_word' id='word_1_190' title='bbox 1865 2528 2119 2598; x_wconf 82' lang='lat' dir='ltr'><strong>quadrin-</strong></span> 
     </span>
    </p>
   </div>
   <div class='ocr_carea' id='block_1_26' title="bbox 548 2618 2119 2690">
    <p class='ocr_par' dir='ltr' id='par_1_26' title="bbox 548 2618 2119 2690">
     <span class='ocr_line' id='line_1_26' title="bbox 548 2618 2119 2690; baseline -0.001 -17"><span class='ocrx_word' id='word_1_191' title='bbox 548 2622 825 2688; x_wconf 86' lang='lat' dir='ltr'><strong>gentesimi</strong></span> <span class='ocrx_word' id='word_1_192' title='bbox 866 2620 1022 2690; x_wconf 89' lang='lat' dir='ltr'><strong>primi</strong></span> <span class='ocrx_word' id='word_1_193' title='bbox 1044 2620 1314 2689; x_wconf 84' lang='lat' dir='ltr'><strong>judicavit.</strong></span> <span class='ocrx_word' id='word_1_194' title='bbox 1345 2620 1470 2673; x_wconf 84' lang='lat' dir='ltr'><strong>Erat</strong></span> <span class='ocrx_word' id='word_1_195' title='bbox 1495 2618 1861 2672; x_wconf 86' lang='lat' dir='ltr'><strong>Abundantius</strong></span> <span class='ocrx_word' id='word_1_196' title='bbox 1889 2619 2009 2685; x_wconf 89' lang='lat' dir='ltr'><strong>loci,</strong></span> <span class='ocrx_word' id='word_1_197' title='bbox 2031 2619 2119 2687; x_wconf 90' lang='lat' dir='ltr'><strong>qui</strong></span> 
     </span>
    </p>
   </div>
   <div class='ocr_carea' id='block_1_27' title="bbox 545 2708 2119 2776">
    <p class='ocr_par' dir='ltr' id='par_1_27' title="bbox 545 2708 2119 2776">
     <span class='ocr_line' id='line_1_27' title="bbox 545 2708 2119 2776; baseline -0.001 -13"><span class='ocrx_word' id='word_1_198' title='bbox 545 2709 1008 2767; x_wconf 87' lang='lat' dir='ltr'><strong>Strabonianensis</strong></span> <span class='ocrx_word' id='word_1_199' title='bbox 1063 2709 1367 2775; x_wconf 88' lang='lat' dir='ltr'><strong>dicebatur,</strong></span> <span class='ocrx_word' id='word_1_200' title='bbox 1428 2709 1482 2762; x_wconf 93' lang='lat' dir='ltr'><strong>in</strong></span> <span class='ocrx_word' id='word_1_201' title='bbox 1531 2708 1746 2761; x_wconf 71' lang='lat' dir='ltr'><strong>dimccsi</strong></span> <span class='ocrx_word' id='word_1_202' title='bbox 1800 2708 2119 2776; x_wconf 87' lang='lat' dir='ltr'><strong>llipponeusi</strong></span> 
     </span>
    </p>
   </div>
   <div class='ocr_carea' id='block_1_28' title="bbox 547 2798 2114 2871">
    <p class='ocr_par' dir='ltr' id='par_1_28' title="bbox 547 2798 2114 2871">
     <span class='ocr_line' id='line_1_28' title="bbox 547 2798 2114 2871; baseline 0.001 -19"><span class='ocrx_word' id='word_1_203' title='bbox 547 2798 839 2871; x_wconf 87' lang='lat' dir='ltr'><strong>presbyter.</strong></span> <span class='ocrx_word' id='word_1_204' title='bbox 874 2798 945 2853; x_wconf 93' lang='lat' dir='ltr'><strong>lbi</strong></span> <span class='ocrx_word' id='word_1_205' title='bbox 968 2815 1086 2853; x_wconf 92' lang='lat' dir='ltr'><strong>eum</strong></span> <span class='ocrx_word' id='word_1_206' title='bbox 1114 2800 1401 2853; x_wconf 86' lang='lat' dir='ltr'><strong>Ecclesiam</strong></span> <span class='ocrx_word' id='word_1_207' title='bbox 1429 2799 1761 2870; x_wconf 82' lang='lat' dir='ltr'><strong>gubernaret,</strong></span> <span class='ocrx_word' id='word_1_208' title='bbox 1793 2798 1986 2852; x_wconf 89' lang='lat' dir='ltr'><strong>famam</strong></span> <span class='ocrx_word' id='word_1_209' title='bbox 2010 2814 2114 2853; x_wconf 93' lang='lat' dir='ltr'><strong>non</strong></span> 
     </span>
    </p>
   </div>
   <div class='ocr_carea' id='block_1_29' title="bbox 547 2890 2124 2961">
    <p class='ocr_par' dir='ltr' id='par_1_29' title="bbox 547 2890 2124 2961">
     <span class='ocr_line' id='line_1_29' title="bbox 547 2890 2124 2961; baseline 0.001 -16"><span class='ocrx_word' id='word_1_210' title='bbox 547 2890 740 2946; x_wconf 85' lang='lat' dir='ltr'><strong>bonam</strong></span> <span class='ocrx_word' id='word_1_211' title='bbox 788 2891 981 2945; x_wconf 90' lang='lat' dir='ltr'><strong>habere</strong></span> <span class='ocrx_word' id='word_1_212' title='bbox 1024 2891 1182 2960; x_wconf 69' lang='lat' dir='ltr'><strong>ccepit</strong></span> <span class='ocrx_word' id='word_1_213' title='bbox 1212 2910 1223 2945; x_wconf 89' lang='lat'>:</span> <span class='ocrx_word' id='word_1_214' title='bbox 1258 2906 1359 2961; x_wconf 90' lang='lat' dir='ltr'><strong>qua</strong></span> <span class='ocrx_word' id='word_1_215' title='bbox 1399 2892 1716 2946; x_wconf 89' lang='lat' dir='ltr'><strong>conterritus</strong></span> <span class='ocrx_word' id='word_1_216' title='bbox 1747 2892 1869 2946; x_wconf 92' lang='lat' dir='ltr'><strong>licet</strong></span> <span class='ocrx_word' id='word_1_217' title='bbox 1909 2901 2124 2946; x_wconf 90' lang='lat' dir='ltr'><strong>sanctus</strong></span> 
     </span>
    </p>
   </div>
   <div class='ocr_carea' id='block_1_30' title="bbox 545 2980 2122 3046">
    <p class='ocr_par' dir='ltr' id='par_1_30' title="bbox 545 2980 2122 3046">
     <span class='ocr_line' id='line_1_30' title="bbox 545 2980 2122 3046; baseline 0.003 -15"><span class='ocrx_word' id='word_1_218' title='bbox 545 2980 802 3046; x_wconf 74' lang='lat' dir='ltr'><strong>Antistes,</strong></span> <span class='ocrx_word' id='word_1_219' title='bbox 833 2980 963 3033; x_wconf 89' lang='lat' dir='ltr'><strong>nihil</strong></span> <span class='ocrx_word' id='word_1_220' title='bbox 992 2991 1164 3035; x_wconf 88' lang='lat' dir='ltr'><strong>tamen</strong></span> <span class='ocrx_word' id='word_1_221' title='bbox 1195 2990 1395 3035; x_wconf 88' lang='lat' dir='ltr'><strong>temere</strong></span> <span class='ocrx_word' id='word_1_222' title='bbox 1437 2981 1681 3035; x_wconf 90' lang='lat' dir='ltr'><strong>credidit.</strong></span> <span class='ocrx_word' id='word_1_223' title='bbox 1724 2981 1916 3035; x_wconf 84' lang='lat' dir='ltr'><strong>Verum</strong></span> <span class='ocrx_word' id='word_1_224' title='bbox 1954 2981 2122 3036; x_wconf 90' lang='lat' dir='ltr'><strong>factus</strong></span> 
     </span>
    </p>
   </div>
   <div class='ocr_carea' id='block_1_31' title="bbox 547 3070 2121 3142">
    <p class='ocr_par' dir='ltr' id='par_1_31' title="bbox 547 3070 2121 3142">
     <span class='ocr_line' id='line_1_31' title="bbox 547 3070 2121 3142; baseline 0.003 -20"><span class='ocrx_word' id='word_1_225' title='bbox 547 3070 672 3124; x_wconf 91' lang='lat' dir='ltr'><strong>inde</strong></span> <span class='ocrx_word' id='word_1_226' title='bbox 696 3070 988 3137; x_wconf 89' lang='lat' dir='ltr'><strong>sollicitior,</strong></span> <span class='ocrx_word' id='word_1_227' title='bbox 1017 3086 1231 3141; x_wconf 88' lang='lat' dir='ltr'><strong>operam</strong></span> <span class='ocrx_word' id='word_1_228' title='bbox 1259 3071 1423 3136; x_wconf 89' lang='lat' dir='ltr'><strong>dedit,</strong></span> <span class='ocrx_word' id='word_1_229' title='bbox 1454 3072 1497 3125; x_wconf 91' lang='lat' dir='ltr'><strong>si</strong></span> <span class='ocrx_word' id='word_1_230' title='bbox 1528 3087 1632 3142; x_wconf 93' lang='lat' dir='ltr'><strong>quo</strong></span> <span class='ocrx_word' id='word_1_231' title='bbox 1658 3072 1818 3126; x_wconf 91' lang='lat' dir='ltr'><strong>modo</strong></span> <span class='ocrx_word' id='word_1_232' title='bbox 1850 3082 2029 3142; x_wconf 91' lang='lat' dir='ltr'><strong>posset</strong></span> <span class='ocrx_word' id='word_1_233' title='bbox 2057 3072 2121 3126; x_wconf 89' lang='lat' dir='ltr'><strong>ad</strong></span> 
     </span>
    </p>
   </div>
   <div class='ocr_carea' id='block_1_32' title="bbox 548 3159 2120 3233">
    <p class='ocr_par' dir='ltr' id='par_1_32' title="bbox 548 3159 2120 3233">
     <span class='ocr_line' id='line_1_32' title="bbox 548 3159 2120 3233; baseline 0.003 -20"><span class='ocrx_word' id='word_1_234' title='bbox 548 3160 722 3230; x_wconf 80' lang='lat' dir='ltr'><strong>aliqua</strong></span> <span class='ocrx_word' id='word_1_235' title='bbox 765 3159 1065 3230; x_wconf 77' lang='lat' dir='ltr'><strong>depravatze</strong></span> <span class='ocrx_word' id='word_1_236' title='bbox 1114 3161 1253 3215; x_wconf 92' lang='lat' dir='ltr'><strong>illius</strong></span> <span class='ocrx_word' id='word_1_237' title='bbox 1280 3161 1403 3215; x_wconf 72' lang='lat' dir='ltr'><strong>vita:</strong></span> <span class='ocrx_word' id='word_1_238' title='bbox 1429 3171 1572 3216; x_wconf 91' lang='lat' dir='ltr'><strong>certa</strong></span> <span class='ocrx_word' id='word_1_239' title='bbox 1600 3162 1787 3216; x_wconf 80' lang='lat' dir='ltr'><strong>indicia</strong></span> <span class='ocrx_word' id='word_1_240' title='bbox 1818 3164 2120 3233; x_wconf 86' lang='lat' dir='ltr'><strong>pervenire.</strong></span> 
     </span>
    </p>
   </div>
   <div class='ocr_carea' id='block_1_33' title="bbox 550 3251 2125 3324">
    <p class='ocr_par' dir='ltr' id='par_1_33' title="bbox 550 3251 2125 3324">
     <span class='ocr_line' id='line_1_33' title="bbox 550 3251 2125 3324; baseline 0.003 -19"><span class='ocrx_word' id='word_1_241' title='bbox 550 3251 795 3306; x_wconf 89' lang='lat' dir='ltr'><strong>Primum</strong></span> <span class='ocrx_word' id='word_1_242' title='bbox 824 3253 983 3323; x_wconf 79' lang='lat' dir='ltr'><strong>igitur</strong></span> <span class='ocrx_word' id='word_1_243' title='bbox 1002 3254 1279 3322; x_wconf 89' lang='lat' dir='ltr'><strong>comperit,</strong></span> <span class='ocrx_word' id='word_1_244' title='bbox 1307 3255 1451 3308; x_wconf 89' lang='lat' dir='ltr'><strong>illum</strong></span> <span class='ocrx_word' id='word_1_245' title='bbox 1478 3253 1543 3308; x_wconf 92' lang='lat' dir='ltr'><strong>de</strong></span> <span class='ocrx_word' id='word_1_246' title='bbox 1583 3255 1804 3324; x_wconf 89' lang='lat' dir='ltr'><strong>pecunia</strong></span> <span class='ocrx_word' id='word_1_247' title='bbox 1847 3269 1957 3309; x_wconf 77' lang='lat' dir='ltr'><strong>sua:</strong></span> <span class='ocrx_word' id='word_1_248' title='bbox 2002 3255 2125 3310; x_wconf 89' lang='lat' dir='ltr'><strong>ﬁdei</strong></span> 
     </span>
    </p>
   </div>
   <div class='ocr_carea' id='block_1_34' title="bbox 547 3343 2125 3414">
    <p class='ocr_par' dir='ltr' id='par_1_34' title="bbox 547 3343 2125 3414">
     <span class='ocr_line' id='line_1_34' title="bbox 547 3343 2125 3414; baseline 0.004 -19"><span class='ocrx_word' id='word_1_249' title='bbox 547 3356 576 3394; x_wconf 88' lang='lat' dir='ltr'><strong>a</strong></span> <span class='ocrx_word' id='word_1_250' title='bbox 606 3344 800 3396; x_wconf 91' lang='lat' dir='ltr'><strong>rustico</strong></span> <span class='ocrx_word' id='word_1_251' title='bbox 828 3343 1027 3399; x_wconf 90' lang='lat' dir='ltr'><strong>credita</strong></span> <span class='ocrx_word' id='word_1_252' title='bbox 1075 3346 1271 3399; x_wconf 88' lang='lat' dir='ltr'><strong>nullam</strong></span> <span class='ocrx_word' id='word_1_253' title='bbox 1319 3360 1475 3413; x_wconf 90' lang='lat' dir='ltr'><strong>posse</strong></span> <span class='ocrx_word' id='word_1_254' title='bbox 1522 3345 1852 3414; x_wconf 87' lang='lat' dir='ltr'><strong>probabilem</strong></span> <span class='ocrx_word' id='word_1_255' title='bbox 1900 3345 2125 3401; x_wconf 90' lang='lat' dir='ltr'><strong>reddere</strong></span> 
     </span>
    </p>
   </div>
   <div class='ocr_carea' id='block_1_35' title="bbox 549 3434 2120 3507">
    <p class='ocr_par' dir='ltr' id='par_1_35' title="bbox 549 3434 2120 3507">
     <span class='ocr_line' id='line_1_35' title="bbox 549 3434 2120 3507; baseline 0.002 -19"><span class='ocrx_word' id='word_1_256' title='bbox 549 3434 807 3489; x_wconf 86' lang='lat' dir='ltr'><strong>rationem</strong></span> <span class='ocrx_word' id='word_1_257' title='bbox 842 3454 855 3489; x_wconf 87' lang='lat'><strong>:</strong></span> <span class='ocrx_word' id='word_1_258' title='bbox 888 3445 1048 3507; x_wconf 91' lang='lat' dir='ltr'><strong>atque</strong></span> <span class='ocrx_word' id='word_1_259' title='bbox 1074 3436 1206 3491; x_wconf 88' lang='lat' dir='ltr'><strong>adeo</strong></span> <span class='ocrx_word' id='word_1_260' title='bbox 1244 3436 1381 3491; x_wconf 89' lang='lat' dir='ltr'><strong>hanc</strong></span> <span class='ocrx_word' id='word_1_261' title='bbox 1420 3437 1593 3506; x_wconf 90' lang='lat' dir='ltr'><strong>ipsum</strong></span> <span class='ocrx_word' id='word_1_262' title='bbox 1638 3438 1690 3491; x_wconf 90' lang='lat' dir='ltr'><strong>in</strong></span> <span class='ocrx_word' id='word_1_263' title='bbox 1721 3452 1847 3491; x_wconf 92' lang='lat' dir='ltr'><strong>usus</strong></span> <span class='ocrx_word' id='word_1_264' title='bbox 1871 3438 2120 3507; x_wconf 89' lang='lat' dir='ltr'><strong>proprios</strong></span> 
     </span>
    </p>
   </div>
   <div class='ocr_carea' id='block_1_36' title="bbox 547 3528 2124 3600">
    <p class='ocr_par' dir='ltr' id='par_1_36' title="bbox 547 3528 2124 3600">
     <span class='ocr_line' id='line_1_36' title="bbox 547 3528 2124 3600; baseline 0.002 -19"><span class='ocrx_word' id='word_1_265' title='bbox 547 3530 892 3584; x_wconf 89' lang='lat' dir='ltr'><strong>convertisse.</strong></span> <span class='ocrx_word' id='word_1_266' title='bbox 926 3529 973 3585; x_wconf 93' lang='lat' dir='ltr'><strong>ls</strong></span> <span class='ocrx_word' id='word_1_267' title='bbox 1001 3531 1192 3586; x_wconf 91' lang='lat' dir='ltr'><strong>deinde</strong></span> <span class='ocrx_word' id='word_1_268' title='bbox 1218 3531 1490 3585; x_wconf 91' lang='lat' dir='ltr'><strong>convictus</strong></span> <span class='ocrx_word' id='word_1_269' title='bbox 1529 3529 1646 3595; x_wconf 87' lang='lat' dir='ltr'><strong>fuit,</strong></span> <span class='ocrx_word' id='word_1_270' title='bbox 1669 3530 1809 3600; x_wconf 92' lang='lat' dir='ltr'><strong>quod</strong></span> <span class='ocrx_word' id='word_1_271' title='bbox 1833 3530 2021 3600; x_wconf 91' lang='lat' dir='ltr'><strong>jejunii</strong></span> <span class='ocrx_word' id='word_1_272' title='bbox 2053 3528 2124 3584; x_wconf 88' lang='lat' dir='ltr'><strong>ob</strong></span> 
     </span>
    </p>
   </div>
   <div class='ocr_carea' id='block_1_37' title="bbox 548 3616 2123 3691">
    <p class='ocr_par' dir='ltr' id='par_1_37' title="bbox 548 3616 2123 3691">
     <span class='ocr_line' id='line_1_37' title="bbox 548 3616 2123 3691; baseline 0.002 -21"><span class='ocrx_word' id='word_1_273' title='bbox 548 3616 783 3673; x_wconf 89' lang='lat' dir='ltr'><strong>Natalem</strong></span> <span class='ocrx_word' id='word_1_274' title='bbox 812 3620 1141 3675; x_wconf 92' lang='lat' dir='ltr'><strong>Dominicum</strong></span> <span class='ocrx_word' id='word_1_275' title='bbox 1169 3620 1394 3674; x_wconf 89' lang='lat' dir='ltr'><strong>instituti</strong></span> <span class='ocrx_word' id='word_1_276' title='bbox 1418 3619 1507 3675; x_wconf 91' lang='lat' dir='ltr'><strong>die</strong></span> <span class='ocrx_word' id='word_1_277' title='bbox 1532 3634 1561 3673; x_wconf 92' lang='lat' dir='ltr'><strong>a</strong></span> <span class='ocrx_word' id='word_1_278' title='bbox 1593 3620 1873 3689; x_wconf 89' lang='lat' dir='ltr'><strong>Gippitano</strong></span> <span class='ocrx_word' id='word_1_279' title='bbox 1899 3619 2123 3691; x_wconf 87' lang='lat' dir='ltr'><strong>presby-</strong></span> 
     </span>
    </p>
   </div>
   <div class='ocr_carea' id='block_1_38' title="bbox 553 3710 2121 3781">
    <p class='ocr_par' dir='ltr' id='par_1_38' title="bbox 553 3710 2121 3781">
     <span class='ocr_line' id='line_1_38' title="bbox 553 3710 2121 3781; baseline 0.002 -19"><span class='ocrx_word' id='word_1_280' title='bbox 553 3719 687 3773; x_wconf 89' lang='lat' dir='ltr'><strong>tero,</strong></span> <span class='ocrx_word' id='word_1_281' title='bbox 718 3711 865 3781; x_wconf 90' lang='lat' dir='ltr'><strong>quasi</strong></span> <span class='ocrx_word' id='word_1_282' title='bbox 896 3710 1187 3765; x_wconf 92' lang='lat' dir='ltr'><strong>utdomum</strong></span> <span class='ocrx_word' id='word_1_283' title='bbox 1219 3719 1505 3780; x_wconf 89' lang='lat' dir='ltr'><strong>repeteret,</strong></span> <span class='ocrx_word' id='word_1_284' title='bbox 1530 3710 1658 3764; x_wconf 91' lang='lat' dir='ltr'><strong>hora</strong></span> <span class='ocrx_word' id='word_1_285' title='bbox 1681 3710 1894 3765; x_wconf 90' lang='lat' dir='ltr'><strong>circiter</strong></span> <span class='ocrx_word' id='word_1_286' title='bbox 1921 3712 2121 3781; x_wconf 89' lang='lat' dir='ltr'><strong>quinta,</strong></span> 
     </span>
    </p>
   </div>
   <div class='ocr_carea' id='block_1_39' title="bbox 549 3797 2124 3870">
    <p class='ocr_par' dir='ltr' id='par_1_39' title="bbox 549 3797 2124 3870">
     <span class='ocr_line' id='line_1_39' title="bbox 549 3797 2124 3870; baseline 0.001 -17"><span class='ocrx_word' id='word_1_287' title='bbox 549 3797 651 3853; x_wconf 90' lang='lat' dir='ltr'><strong>hoc</strong></span> <span class='ocrx_word' id='word_1_288' title='bbox 669 3808 771 3866; x_wconf 92' lang='lat' dir='ltr'><strong>est,</strong></span> <span class='ocrx_word' id='word_1_289' title='bbox 792 3809 973 3855; x_wconf 90' lang='lat' dir='ltr'><strong>nostro</strong></span> <span class='ocrx_word' id='word_1_290' title='bbox 996 3801 1242 3870; x_wconf 91' lang='lat' dir='ltr'><strong>loquendi</strong></span> <span class='ocrx_word' id='word_1_291' title='bbox 1265 3816 1433 3869; x_wconf 92' lang='lat' dir='ltr'><strong>more,</strong></span> <span class='ocrx_word' id='word_1_292' title='bbox 1448 3801 1746 3865; x_wconf 89' lang='lat' dir='ltr'><strong>undecima,</strong></span> <span class='ocrx_word' id='word_1_293' title='bbox 1761 3800 2041 3855; x_wconf 88' lang='lat' dir='ltr'><strong>discedens</strong></span> <span class='ocrx_word' id='word_1_294' title='bbox 2058 3800 2124 3855; x_wconf 89' lang='lat' dir='ltr'><strong>ad</strong></span> 
     </span>
    </p>
   </div>
   <div class='ocr_carea' id='block_1_40' title="bbox 549 3889 2125 3962">
    <p class='ocr_par' dir='ltr' id='par_1_40' title="bbox 549 3889 2125 3962">
     <span class='ocr_line' id='line_1_40' title="bbox 549 3889 2125 3962; baseline 0.002 -20"><span class='ocrx_word' id='word_1_295' title='bbox 549 3889 786 3960; x_wconf 85' lang='lat' dir='ltr'><strong>ejusdem</strong></span> <span class='ocrx_word' id='word_1_296' title='bbox 808 3892 909 3945; x_wconf 93' lang='lat' dir='ltr'><strong>loci</strong></span> <span class='ocrx_word' id='word_1_297' title='bbox 934 3892 1228 3959; x_wconf 90' lang='lat' dir='ltr'><strong>mulierem,</strong></span> <span class='ocrx_word' id='word_1_298' title='bbox 1253 3907 1372 3962; x_wconf 85' lang='lat' dir='ltr'><strong>quae</strong></span> <span class='ocrx_word' id='word_1_299' title='bbox 1396 3892 1535 3946; x_wconf 91' lang='lat' dir='ltr'><strong>male</strong></span> <span class='ocrx_word' id='word_1_300' title='bbox 1564 3891 1830 3959; x_wconf 89' lang='lat' dir='ltr'><strong>audiebat,</strong></span> <span class='ocrx_word' id='word_1_301' title='bbox 1861 3891 2125 3947; x_wconf 85' lang='lat' dir='ltr'><strong>nullo’co-</strong></span> 
     </span>
    </p>
   </div>
   <div class='ocr_carea' id='block_1_41' title="bbox 551 3981 2122 4053">
    <p class='ocr_par' dir='ltr' id='par_1_41' title="bbox 551 3981 2122 4053">
     <span class='ocr_line' id='line_1_41' title="bbox 551 3981 2122 4053; baseline 0.003 -21"><span class='ocrx_word' id='word_1_302' title='bbox 551 3981 771 4036; x_wconf 87' lang='lat' dir='ltr'><strong>mitantc</strong></span> <span class='ocrx_word' id='word_1_303' title='bbox 814 3982 1008 4037; x_wconf 89' lang='lat' dir='ltr'><strong>clerico</strong></span> <span class='ocrx_word' id='word_1_304' title='bbox 1056 3982 1388 4047; x_wconf 91' lang='lat' dir='ltr'><strong>divertisset;</strong></span> <span class='ocrx_word' id='word_1_305' title='bbox 1420 3991 1473 4038; x_wconf 89' lang='lat' dir='ltr'><strong>et</strong></span> <span class='ocrx_word' id='word_1_306' title='bbox 1502 3983 1742 4052; x_wconf 88' lang='lat' dir='ltr'><strong>quamvis</strong></span> <span class='ocrx_word' id='word_1_307' title='bbox 1783 3983 2041 4053; x_wconf 90' lang='lat' dir='ltr'><strong>jejunium</strong></span> <span class='ocrx_word' id='word_1_308' title='bbox 2070 3983 2122 4037; x_wconf 92' lang='lat' dir='ltr'><strong>in</strong></span> 
     </span>
    </p>
   </div>
   <div class='ocr_carea' id='block_1_42' title="bbox 551 4071 2125 4143">
    <p class='ocr_par' dir='ltr' id='par_1_42' title="bbox 551 4071 2125 4143">
     <span class='ocr_line' id='line_1_42' title="bbox 551 4071 2125 4143; baseline 0.004 -19"><span class='ocrx_word' id='word_1_309' title='bbox 551 4071 829 4143; x_wconf 88' lang='lat' dir='ltr'><strong>Gippitana</strong></span> <span class='ocrx_word' id='word_1_310' title='bbox 863 4073 1094 4128; x_wconf 86' lang='lat' dir='ltr'><strong>Ecclesia</strong></span> <span class='ocrx_word' id='word_1_311' title='bbox 1121 4083 1419 4129; x_wconf 89' lang='lat' dir='ltr'><strong>servaretur</strong></span> <span class='ocrx_word' id='word_1_312' title='bbox 1439 4090 1543 4129; x_wconf 92' lang='lat' dir='ltr'><strong>non</strong></span> <span class='ocrx_word' id='word_1_313' title='bbox 1572 4090 1724 4130; x_wconf 91' lang='lat' dir='ltr'><strong>secus</strong></span> <span class='ocrx_word' id='word_1_314' title='bbox 1749 4090 1811 4129; x_wconf 89' lang='lat' dir='ltr'><strong>ac</strong></span> <span class='ocrx_word' id='word_1_315' title='bbox 1839 4075 1890 4129; x_wconf 93' lang='lat' dir='ltr'><strong>in</strong></span> <span class='ocrx_word' id='word_1_316' title='bbox 1916 4076 2125 4131; x_wconf 74' lang='lat' dir='ltr'><strong>czeteris</strong></span> 
     </span>
    </p>
   </div>
   <div class='ocr_carea' id='block_1_43' title="bbox 554 4164 2121 4239">
    <p class='ocr_par' dir='ltr' id='par_1_43' title="bbox 554 4164 2121 4239">
     <span class='ocr_line' id='line_1_43' title="bbox 554 4164 2121 4239; baseline 0.003 -20"><span class='ocrx_word' id='word_1_317' title='bbox 554 4164 828 4232; x_wconf 82' lang='lat' dir='ltr'><strong>Ecelcsiis,</strong></span> <span class='ocrx_word' id='word_1_318' title='bbox 852 4176 1028 4223; x_wconf 89' lang='lat' dir='ltr'><strong>tamen</strong></span> <span class='ocrx_word' id='word_1_319' title='bbox 1052 4169 1189 4238; x_wconf 89' lang='lat' dir='ltr'><strong>apud</strong></span> <span class='ocrx_word' id='word_1_320' title='bbox 1220 4168 1459 4223; x_wconf 86' lang='lat' dir='ltr'><strong>eamdem</strong></span> <span class='ocrx_word' id='word_1_321' title='bbox 1486 4170 1846 4224; x_wconf 90' lang='lat' dir='ltr'><strong>mulierculam</strong></span> <span class='ocrx_word' id='word_1_322' title='bbox 1876 4168 2121 4239; x_wconf 88' lang='lat' dir='ltr'><strong>prandis-</strong></span> 
     </span>
    </p>
   </div>
   <div class='ocr_carea' id='block_1_44' title="bbox 556 4259 2120 4329">
    <p class='ocr_par' dir='ltr' id='par_1_44' title="bbox 556 4259 2120 4329">
     <span class='ocr_line' id='line_1_44' title="bbox 556 4259 2120 4329; baseline -0.001 -18"><span class='ocrx_word' id='word_1_323' title='bbox 556 4266 661 4323; x_wconf 80' lang='lat' dir='ltr'><strong>set,</strong></span> <span class='ocrx_word' id='word_1_324' title='bbox 693 4267 977 4325; x_wconf 74' lang='lat' dir='ltr'><strong>coenasset,</strong></span> <span class='ocrx_word' id='word_1_325' title='bbox 1010 4269 1083 4321; x_wconf 92' lang='lat' dir='ltr'><strong>et,</strong></span> <span class='ocrx_word' id='word_1_326' title='bbox 1127 4259 1269 4329; x_wconf 90' lang='lat' dir='ltr'><strong>quod</strong></span> <span class='ocrx_word' id='word_1_327' title='bbox 1312 4260 1724 4328; x_wconf 86' lang='lat' dir='ltr'><strong>reprehensione</strong></span> <span class='ocrx_word' id='word_1_328' title='bbox 1767 4259 1976 4328; x_wconf 80' lang='lat' dir='ltr'><strong>dignius</strong></span> <span class='ocrx_word' id='word_1_329' title='bbox 2020 4266 2120 4317; x_wconf 87' lang='lat' dir='ltr'><strong>est.</strong></span> 
     </span>
    </p>
   </div>
   <div class='ocr_carea' id='block_1_45' title="bbox 556 4348 2121 4418">
    <p class='ocr_par' dir='ltr' id='par_1_45' title="bbox 556 4348 2121 4418">
     <span class='ocr_line' id='line_1_45' title="bbox 556 4348 2121 4418; baseline 0.001 -18"><span class='ocrx_word' id='word_1_330' title='bbox 556 4356 941 4415; x_wconf 89' lang='lat' dir='ltr'><strong>pernoctasset.</strong></span> <span class='ocrx_word' id='word_1_331' title='bbox 970 4348 1118 4403; x_wconf 90' lang='lat' dir='ltr'><strong>Tunc</strong></span> <span class='ocrx_word' id='word_1_332' title='bbox 1146 4365 1272 4405; x_wconf 88' lang='lat' dir='ltr'><strong>vero</strong></span> <span class='ocrx_word' id='word_1_333' title='bbox 1301 4351 1553 4418; x_wconf 88' lang='lat' dir='ltr'><strong>temporis</strong></span> <span class='ocrx_word' id='word_1_334' title='bbox 1585 4348 1936 4417; x_wconf 87' lang='lat' dir='ltr'><strong>Hipponensis</strong></span> <span class='ocrx_word' id='word_1_335' title='bbox 1968 4349 2121 4402; x_wconf 91' lang='lat' dir='ltr'><strong>cleri-</strong></span> 
     </span>
    </p>
   </div>
   <div class='ocr_carea' id='block_1_46' title="bbox 550 4437 2119 4516">
    <p class='ocr_par' dir='ltr' id='par_1_46' title="bbox 550 4437 2119 4516">
     <span class='ocr_line' id='line_1_46' title="bbox 550 4437 2119 4516; baseline 0 -25"><span class='ocrx_word' id='word_1_336' title='bbox 550 4451 667 4505; x_wconf 88' lang='lat' dir='ltr'><strong>cus,</strong></span> <span class='ocrx_word' id='word_1_337' title='bbox 695 4437 881 4492; x_wconf 91' lang='lat' dir='ltr'><strong>eodem</strong></span> <span class='ocrx_word' id='word_1_338' title='bbox 910 4449 1151 4511; x_wconf 86' lang='lat' dir='ltr'><strong>receptus</strong></span> <span class='ocrx_word' id='word_1_339' title='bbox 1190 4440 1416 4516; x_wconf 90' lang='lat' dir='ltr'><strong>hospitio</strong></span> <span class='ocrx_word' id='word_1_340' title='bbox 1447 4439 1618 4512; x_wconf 92' lang='lat' dir='ltr'><strong>(unde</strong></span> <span class='ocrx_word' id='word_1_341' title='bbox 1646 4440 1913 4509; x_wconf 90' lang='lat' dir='ltr'><strong>publicum</strong></span> <span class='ocrx_word' id='word_1_342' title='bbox 1945 4438 2119 4493; x_wconf 88' lang='lat' dir='ltr'><strong>diver-</strong></span> 
     </span>
    </p>
   </div>
   <div class='ocr_carea' id='block_1_47' title="bbox 555 4527 2119 4601">
    <p class='ocr_par' dir='ltr' id='par_1_47' title="bbox 555 4527 2119 4601">
     <span class='ocr_line' id='line_1_47' title="bbox 555 4527 2119 4601; baseline 0.003 -20"><span class='ocrx_word' id='word_1_343' title='bbox 555 4527 757 4582; x_wconf 89' lang='lat' dir='ltr'><strong>sorium</strong></span> <span class='ocrx_word' id='word_1_344' title='bbox 804 4529 966 4585; x_wconf 91' lang='lat' dir='ltr'><strong>fuisse</strong></span> <span class='ocrx_word' id='word_1_345' title='bbox 1012 4529 1162 4585; x_wconf 79' lang='lat' dir='ltr'><strong>facile</strong></span> <span class='ocrx_word' id='word_1_346' title='bbox 1189 4529 1506 4601; x_wconf 87' lang='lat' dir='ltr'><strong>credideris)</strong></span> <span class='ocrx_word' id='word_1_347' title='bbox 1535 4530 1734 4585; x_wconf 87' lang='lat' dir='ltr'><strong>aderat.</strong></span> <span class='ocrx_word' id='word_1_348' title='bbox 1784 4531 1898 4596; x_wconf 93' lang='lat' dir='ltr'><strong>Quo</strong></span> <span class='ocrx_word' id='word_1_349' title='bbox 1923 4529 2119 4585; x_wconf 85' lang='lat' dir='ltr'><strong>factum</strong></span> 
     </span>
    </p>
   </div>
   <div class='ocr_carea' id='block_1_48' title="bbox 553 4619 2122 4691">
    <p class='ocr_par' dir='ltr' id='par_1_48' title="bbox 553 4619 2122 4691">
     <span class='ocr_line' id='line_1_48' title="bbox 553 4619 2122 4691; baseline 0.003 -21"><span class='ocrx_word' id='word_1_350' title='bbox 553 4626 657 4683; x_wconf 92' lang='lat' dir='ltr'><strong>est,</strong></span> <span class='ocrx_word' id='word_1_351' title='bbox 686 4629 743 4673; x_wconf 92' lang='lat' dir='ltr'><strong>ut</strong></span> <span class='ocrx_word' id='word_1_352' title='bbox 772 4628 1042 4686; x_wconf 68' lang='lat' dir='ltr'><strong>quaerente</strong></span> <span class='ocrx_word' id='word_1_353' title='bbox 1083 4622 1378 4691; x_wconf 82' lang='lat' dir='ltr'><strong>Augustino</strong></span> <span class='ocrx_word' id='word_1_354' title='bbox 1407 4620 1472 4673; x_wconf 93' lang='lat' dir='ltr'><strong>de</strong></span> <span class='ocrx_word' id='word_1_355' title='bbox 1502 4634 1658 4673; x_wconf 89' lang='lat' dir='ltr'><strong>causa</strong></span> <span class='ocrx_word' id='word_1_356' title='bbox 1707 4619 2048 4685; x_wconf 90' lang='lat' dir='ltr'><strong>Abundantii,</strong></span> <span class='ocrx_word' id='word_1_357' title='bbox 2078 4621 2122 4675; x_wconf 94' lang='lat' dir='ltr'><strong>is</strong></span> 
     </span>
    </p>
   </div>
   <div class='ocr_carea' id='block_1_49' title="bbox 549 4707 2120 4779">
    <p class='ocr_par' dir='ltr' id='par_1_49' title="bbox 549 4707 2120 4779">
     <span class='ocr_line' id='line_1_49' title="bbox 549 4707 2120 4779; baseline 0 -18"><span class='ocrx_word' id='word_1_358' title='bbox 549 4716 706 4777; x_wconf 86' lang='lat' dir='ltr'><strong>caput</strong></span> <span class='ocrx_word' id='word_1_359' title='bbox 731 4707 830 4763; x_wconf 93' lang='lat' dir='ltr'><strong>hoc</strong></span> <span class='ocrx_word' id='word_1_360' title='bbox 850 4724 1039 4779; x_wconf 86' lang='lat' dir='ltr'><strong>negare</strong></span> <span class='ocrx_word' id='word_1_361' title='bbox 1061 4709 1199 4763; x_wconf 90' lang='lat' dir='ltr'><strong>haud</strong></span> <span class='ocrx_word' id='word_1_362' title='bbox 1228 4724 1490 4779; x_wconf 89' lang='lat' dir='ltr'><strong>quaquam</strong></span> <span class='ocrx_word' id='word_1_363' title='bbox 1518 4709 1765 4777; x_wconf 91' lang='lat' dir='ltr'><strong>potuerit.</strong></span> <span class='ocrx_word' id='word_1_364' title='bbox 1795 4708 1971 4779; x_wconf 91' lang='lat' dir='ltr'><strong>Itaque</strong></span> <span class='ocrx_word' id='word_1_365' title='bbox 1996 4724 2120 4762; x_wconf 89' lang='lat' dir='ltr'><strong>san-</strong></span> 
     </span>
    </p>
   </div>
   <div class='ocr_carea' id='block_1_50' title="bbox 550 4798 2117 4871">
    <p class='ocr_par' dir='ltr' id='par_1_50' title="bbox 550 4798 2117 4871">
     <span class='ocr_line' id='line_1_50' title="bbox 550 4798 2117 4871; baseline 0.001 -20"><span class='ocrx_word' id='word_1_366' title='bbox 550 4807 667 4852; x_wconf 91' lang='lat' dir='ltr'><strong>ctus</strong></span> <span class='ocrx_word' id='word_1_367' title='bbox 694 4799 917 4864; x_wconf 70' lang='lat' dir='ltr'><strong>Prmsul,</strong></span> <span class='ocrx_word' id='word_1_368' title='bbox 948 4799 1055 4853; x_wconf 90' lang='lat' dir='ltr'><strong>Deo</strong></span> <span class='ocrx_word' id='word_1_369' title='bbox 1080 4798 1314 4855; x_wconf 90' lang='lat' dir='ltr'><strong>dimissis</strong></span> <span class='ocrx_word' id='word_1_370' title='bbox 1337 4815 1454 4871; x_wconf 87' lang='lat' dir='ltr'><strong>quae</strong></span> <span class='ocrx_word' id='word_1_371' title='bbox 1482 4799 1569 4854; x_wconf 91' lang='lat' dir='ltr'><strong>ille</strong></span> <span class='ocrx_word' id='word_1_372' title='bbox 1596 4798 1945 4866; x_wconf 89' lang='lat' dir='ltr'><strong>iuﬁciabalur,</strong></span> <span class='ocrx_word' id='word_1_373' title='bbox 1988 4815 2117 4853; x_wconf 86' lang='lat' dir='ltr'><strong>con-</strong></span> 
     </span>
    </p>
   </div>
   <div class='ocr_carea' id='block_1_51' title="bbox 548 4890 2122 4956">
    <p class='ocr_par' dir='ltr' id='par_1_51' title="bbox 548 4890 2122 4956">
     <span class='ocr_line' id='line_1_51' title="bbox 548 4890 2122 4956; baseline 0.002 -13"><span class='ocrx_word' id='word_1_374' title='bbox 548 4890 833 4946; x_wconf 80' lang='lat' dir='ltr'><strong>fessionem</strong></span> <span class='ocrx_word' id='word_1_375' title='bbox 863 4890 997 4945; x_wconf 89' lang='lat' dir='ltr'><strong>hanc</strong></span> <span class='ocrx_word' id='word_1_376' title='bbox 1040 4890 1283 4946; x_wconf 90' lang='lat' dir='ltr'><strong>sufﬁcere</strong></span> <span class='ocrx_word' id='word_1_377' title='bbox 1312 4891 1651 4956; x_wconf 84' lang='lat' dir='ltr'><strong>existimavit,</strong></span> <span class='ocrx_word' id='word_1_378' title='bbox 1690 4899 1746 4944; x_wconf 93' lang='lat' dir='ltr'><strong>ut</strong></span> <span class='ocrx_word' id='word_1_379' title='bbox 1775 4906 1895 4945; x_wconf 91' lang='lat' dir='ltr'><strong>eum</strong></span> <span class='ocrx_word' id='word_1_380' title='bbox 1931 4890 1998 4944; x_wconf 92' lang='lat' dir='ltr'><strong>ab</strong></span> <span class='ocrx_word' id='word_1_381' title='bbox 2024 4892 2122 4946; x_wconf 88' lang='lat' dir='ltr'><strong>Ec-</strong></span> 
     </span>
    </p>
   </div>
   <div class='ocr_carea' id='block_1_52' title="bbox 548 4980 2117 5051">
    <p class='ocr_par' dir='ltr' id='par_1_52' title="bbox 548 4980 2117 5051">
     <span class='ocr_line' id='line_1_52' title="bbox 548 4980 2117 5051; baseline 0 -16"><span class='ocrx_word' id='word_1_382' title='bbox 548 4982 746 5047; x_wconf 63' lang='lat' dir='ltr'><strong>clesiai,</strong></span> <span class='ocrx_word' id='word_1_383' title='bbox 778 4996 934 5051; x_wconf 91' lang='lat' dir='ltr'><strong>quam</strong></span> <span class='ocrx_word' id='word_1_384' title='bbox 962 4981 1192 5050; x_wconf 88' lang='lat' dir='ltr'><strong>undique</strong></span> <span class='ocrx_word' id='word_1_385' title='bbox 1218 4980 1627 5036; x_wconf 83' lang='lat' dir='ltr'><strong>circumstabant</strong></span> <span class='ocrx_word' id='word_1_386' title='bbox 1656 4980 1911 5043; x_wconf 86' lang='lat' dir='ltr'><strong>haeretici,</strong></span> <span class='ocrx_word' id='word_1_387' title='bbox 1944 4981 2117 5035; x_wconf 79' lang='lat' dir='ltr'><strong>admi-</strong></span> 
     </span>
    </p>
   </div>
   <div class='ocr_carea' id='block_1_53' title="bbox 549 5071 2119 5143">
    <p class='ocr_par' dir='ltr' id='par_1_53' title="bbox 549 5071 2119 5143">
     <span class='ocr_line' id='line_1_53' title="bbox 549 5071 2119 5143; baseline 0.002 -20"><span class='ocrx_word' id='word_1_388' title='bbox 549 5071 863 5126; x_wconf 86' lang='lat' dir='ltr'><strong>nistratione</strong></span> <span class='ocrx_word' id='word_1_389' title='bbox 908 5079 1241 5137; x_wconf 90' lang='lat' dir='ltr'><strong>removeret,</strong></span> <span class='ocrx_word' id='word_1_390' title='bbox 1274 5080 1364 5124; x_wconf 89' lang='lat' dir='ltr'><strong>aut</strong></span> <span class='ocrx_word' id='word_1_391' title='bbox 1391 5073 1549 5127; x_wconf 90' lang='lat' dir='ltr'><strong>etiam</strong></span> <span class='ocrx_word' id='word_1_392' title='bbox 1591 5080 1808 5143; x_wconf 88' lang='lat' dir='ltr'><strong>propter</strong></span> <span class='ocrx_word' id='word_1_393' title='bbox 1851 5072 2119 5126; x_wconf 90' lang='lat' dir='ltr'><strong>sinistram</strong></span> 
     </span>
    </p>
   </div>
   <div class='ocr_carea' id='block_1_54' title="bbox 550 5160 2121 5235">
    <p class='ocr_par' dir='ltr' id='par_1_54' title="bbox 550 5160 2121 5235">
     <span class='ocr_line' id='line_1_54' title="bbox 550 5160 2121 5235; baseline 0.003 -23"><span class='ocrx_word' id='word_1_394' title='bbox 550 5162 742 5214; x_wconf 83' lang='lat' dir='ltr'><strong>famam</strong></span> <span class='ocrx_word' id='word_1_395' title='bbox 785 5160 851 5215; x_wconf 89' lang='lat' dir='ltr'><strong>de</strong></span> <span class='ocrx_word' id='word_1_396' title='bbox 892 5161 1203 5231; x_wconf 88' lang='lat' dir='ltr'><strong>presbyterii</strong></span> <span class='ocrx_word' id='word_1_397' title='bbox 1245 5160 1409 5231; x_wconf 88' lang='lat' dir='ltr'><strong>gradu</strong></span> <span class='ocrx_word' id='word_1_398' title='bbox 1456 5161 1763 5235; x_wconf 90' lang='lat' dir='ltr'><strong>depelleret.</strong></span> <span class='ocrx_word' id='word_1_399' title='bbox 1806 5160 1917 5215; x_wconf 82' lang='lat' dir='ltr'><strong>Hoc</strong></span> <span class='ocrx_word' id='word_1_400' title='bbox 1963 5161 2121 5231; x_wconf 84' lang='lat' dir='ltr'><strong>igitur</strong></span> 
     </span>
    </p>
   </div>
   <div class='ocr_carea' id='block_1_55' title="bbox 548 5250 2119 5320">
    <p class='ocr_par' dir='ltr' id='par_1_55' title="bbox 548 5250 2119 5320">
     <span class='ocr_line' id='line_1_55' title="bbox 548 5250 2119 5320; baseline 0.002 -16"><span class='ocrx_word' id='word_1_401' title='bbox 548 5259 705 5305; x_wconf 80' lang='lat' dir='ltr'><strong>sexto</strong></span> <span class='ocrx_word' id='word_1_402' title='bbox 732 5250 985 5305; x_wconf 82' lang='lat' dir='ltr'><strong>kalendas</strong></span> <span class='ocrx_word' id='word_1_403' title='bbox 1012 5250 1278 5320; x_wconf 84' lang='lat' dir='ltr'><strong>jauuarias</strong></span> <span class='ocrx_word' id='word_1_404' title='bbox 1306 5262 1517 5307; x_wconf 90' lang='lat' dir='ltr'><strong>centum</strong></span> <span class='ocrx_word' id='word_1_405' title='bbox 1543 5252 1729 5307; x_wconf 92' lang='lat' dir='ltr'><strong>diebus</strong></span> <span class='ocrx_word' id='word_1_406' title='bbox 1758 5263 1881 5307; x_wconf 87' lang='lat' dir='ltr'><strong>ante</strong></span> <span class='ocrx_word' id='word_1_407' title='bbox 1918 5252 2119 5307; x_wconf 86' lang='lat' dir='ltr'><strong>Pascha</strong></span> 
     </span>
    </p>
   </div>
   <div class='ocr_carea' id='block_1_56' title="bbox 546 5339 2117 5417">
    <p class='ocr_par' dir='ltr' id='par_1_56' title="bbox 546 5339 2117 5417">
     <span class='ocr_line' id='line_1_56' title="bbox 546 5339 2117 5417; baseline 0.004 -26"><span class='ocrx_word' id='word_1_408' title='bbox 546 5339 741 5394; x_wconf 88' lang='lat' dir='ltr'><strong>factum</strong></span> <span class='ocrx_word' id='word_1_409' title='bbox 771 5351 870 5394; x_wconf 90' lang='lat' dir='ltr'><strong>est.</strong></span> <span class='ocrx_word' id='word_1_410' title='bbox 904 5341 1096 5395; x_wconf 89' lang='lat' dir='ltr'><strong>Statuit</strong></span> <span class='ocrx_word' id='word_1_411' title='bbox 1121 5343 1487 5398; x_wconf 83' lang='lat' dir='ltr'><strong>Abundantius</strong></span> <span class='ocrx_word' id='word_1_412' title='bbox 1513 5344 1577 5397; x_wconf 93' lang='lat' dir='ltr'><strong>ad</strong></span> <span class='ocrx_word' id='word_1_413' title='bbox 1609 5344 1977 5417; x_wconf 87' lang='lat' dir='ltr'><strong>presbyterum</strong></span> <span class='ocrx_word' id='word_1_414' title='bbox 2014 5347 2117 5399; x_wconf 82' lang='lat' dir='ltr'><strong>Ar-</strong></span> 
     </span>
    </p>
   </div>
   <div class='ocr_carea' id='block_1_57' title="bbox 547 5431 2119 5501">
    <p class='ocr_par' dir='ltr' id='par_1_57' title="bbox 547 5431 2119 5501">
     <span class='ocr_line' id='line_1_57' title="bbox 547 5431 2119 5501; baseline 0.005 -19"><span class='ocrx_word' id='word_1_415' title='bbox 547 5444 967 5495; x_wconf 90' lang='lat' dir='ltr'><strong>memanensem,</strong></span> <span class='ocrx_word' id='word_1_416' title='bbox 998 5431 1049 5484; x_wconf 91' lang='lat' dir='ltr'><strong>iu</strong></span> <span class='ocrx_word' id='word_1_417' title='bbox 1096 5432 1330 5487; x_wconf 89' lang='lat' dir='ltr'><strong>Bullensi</strong></span> <span class='ocrx_word' id='word_1_418' title='bbox 1358 5448 1545 5501; x_wconf 89' lang='lat' dir='ltr'><strong>campo</strong></span> <span class='ocrx_word' id='word_1_419' title='bbox 1568 5474 1583 5499; x_wconf 90' lang='lat'><strong>,</strong></span> <span class='ocrx_word' id='word_1_420' title='bbox 1613 5434 1771 5499; x_wconf 28' lang='lat' dir='ltr'><strong>unde-</strong></span> <span class='ocrx_word' id='word_1_421' title='bbox 1794 5443 2029 5500; x_wconf 90' lang='lat' dir='ltr'><strong>venerat,</strong></span> <span class='ocrx_word' id='word_1_422' title='bbox 2060 5448 2119 5490; x_wconf 86' lang='lat' dir='ltr'><strong>se</strong></span> 
     </span>
    </p>
   </div>
   <div class='ocr_carea' id='block_1_58' title="bbox 546 5521 2118 5595">
    <p class='ocr_par' dir='ltr' id='par_1_58' title="bbox 546 5521 2118 5595">
     <span class='ocr_line' id='line_1_58' title="bbox 546 5521 2118 5595; baseline 0.005 -20"><span class='ocrx_word' id='word_1_423' title='bbox 546 5523 803 5591; x_wconf 86' lang='lat' dir='ltr'><strong>recipere.</strong></span> <span class='ocrx_word' id='word_1_424' title='bbox 836 5521 931 5575; x_wconf 89' lang='lat' dir='ltr'><strong>Est</strong></span> <span class='ocrx_word' id='word_1_425' title='bbox 949 5532 1127 5578; x_wconf 91' lang='lat' dir='ltr'><strong>autem</strong></span> <span class='ocrx_word' id='word_1_426' title='bbox 1154 5525 1304 5579; x_wconf 88' lang='lat' dir='ltr'><strong>Bulla</strong></span> <span class='ocrx_word' id='word_1_427' title='bbox 1327 5541 1418 5580; x_wconf 93' lang='lat' dir='ltr'><strong>seu</strong></span> <span class='ocrx_word' id='word_1_428' title='bbox 1441 5525 1788 5595; x_wconf 82' lang='lat' dir='ltr'><strong>Bulla-Regia</strong></span> <span class='ocrx_word' id='word_1_429' title='bbox 1816 5526 1866 5579; x_wconf 95' lang='lat' dir='ltr'><strong>in</strong></span> <span class='ocrx_word' id='word_1_430' title='bbox 1887 5525 2118 5583; x_wconf 86' lang='lat' dir='ltr'><strong>Procon-</strong></span> 
     </span>
    </p>
   </div>
   <div class='ocr_carea' id='block_1_59' title="bbox 546 5611 2112 5685">
    <p class='ocr_par' dir='ltr' id='par_1_59' title="bbox 546 5611 2112 5685">
     <span class='ocr_line' id='line_1_59' title="bbox 546 5611 2112 5685; baseline 0.002 -20"><span class='ocrx_word' id='word_1_431' title='bbox 546 5611 709 5669; x_wconf 88' lang='lat' dir='ltr'><strong>sulari</strong></span> <span class='ocrx_word' id='word_1_432' title='bbox 742 5612 860 5664; x_wconf 92' lang='lat' dir='ltr'><strong>sita.</strong></span> <span class='ocrx_word' id='word_1_433' title='bbox 893 5611 1223 5682; x_wconf 86' lang='lat' dir='ltr'><strong>Quapropter</strong></span> <span class='ocrx_word' id='word_1_434' title='bbox 1250 5617 1599 5685; x_wconf 85' lang='lat' dir='ltr'><strong>Augustinum</strong></span> <span class='ocrx_word' id='word_1_435' title='bbox 1625 5616 1845 5685; x_wconf 89' lang='lat' dir='ltr'><strong>rogavit,</strong></span> <span class='ocrx_word' id='word_1_436' title='bbox 1877 5617 1951 5669; x_wconf 90' lang='lat' dir='ltr'><strong>uti</strong></span> <span class='ocrx_word' id='word_1_437' title='bbox 1975 5616 2112 5669; x_wconf 80' lang='lat' dir='ltr'><strong>seri-</strong></span> 
     </span>
    </p>
   </div>
   <div class='ocr_carea' id='block_1_60' title="bbox 547 5699 2117 5775">
    <p class='ocr_par' dir='ltr' id='par_1_60' title="bbox 547 5699 2117 5775">
     <span class='ocr_line' id='line_1_60' title="bbox 547 5699 2117 5775; baseline 0.004 -19"><span class='ocrx_word' id='word_1_438' title='bbox 547 5699 696 5757; x_wconf 88' lang='lat' dir='ltr'><strong>beret</strong></span> <span class='ocrx_word' id='word_1_439' title='bbox 740 5701 805 5757; x_wconf 89' lang='lat' dir='ltr'><strong>ad</strong></span> <span class='ocrx_word' id='word_1_440' title='bbox 847 5702 1213 5775; x_wconf 85' lang='lat' dir='ltr'><strong>presbyterum</strong></span> <span class='ocrx_word' id='word_1_441' title='bbox 1244 5705 1415 5773; x_wconf 90' lang='lat' dir='ltr'><strong>illum,</strong></span> <span class='ocrx_word' id='word_1_442' title='bbox 1443 5721 1504 5762; x_wconf 83' lang='lat' dir='ltr'><strong>ac</strong></span> <span class='ocrx_word' id='word_1_443' title='bbox 1534 5704 1611 5761; x_wconf 90' lang='lat' dir='ltr'><strong>rei</strong></span> <span class='ocrx_word' id='word_1_444' title='bbox 1658 5705 1839 5775; x_wconf 89' lang='lat' dir='ltr'><strong>totius,</strong></span> <span class='ocrx_word' id='word_1_445' title='bbox 1881 5719 1949 5761; x_wconf 89' lang='lat' dir='ltr'><strong>ne</strong></span> <span class='ocrx_word' id='word_1_446' title='bbox 1976 5704 2117 5763; x_wconf 83' lang='lat' dir='ltr'><strong>forte</strong></span> 
     </span>
    </p>
   </div>
   <div class='ocr_carea' id='block_1_61' title="bbox 1697 312 2710 373">
    <p class='ocr_par' dir='ltr' id='par_1_61' title="bbox 1697 312 2710 373">
     <span class='ocr_line' id='line_1_61' title="bbox 1697 312 2710 373; baseline 0.001 -2"><span class='ocrx_word' id='word_1_447' title='bbox 1697 314 1853 373; x_wconf 78' lang='grc' dir='ltr'><strong>νιΤΑ</strong></span> <span class='ocrx_word' id='word_1_448' title='bbox 1890 315 1947 372; x_wconf 90' lang='lat' dir='ltr'><strong>S.</strong></span> <span class='ocrx_word' id='word_1_449' title='bbox 1988 312 2217 370; x_wconf 87' lang='lat' dir='ltr'><strong>AUGUS</strong></span> <span class='ocrx_word' id='word_1_450' title='bbox 2234 314 2353 369; x_wconf 77' lang='lat' dir='ltr'><strong>“Nl</strong></span> <span class='ocrx_word' id='word_1_451' title='bbox 2392 315 2710 372; x_wconf 85' lang='lat' dir='ltr'><strong>EPISCOPI.</strong></span> 
     </span>
    </p>
   </div>
   <div class='ocr_carea' id='block_1_62' title="bbox 3690 324 3793 382">
    <p class='ocr_par' dir='ltr' id='par_1_62' title="bbox 3690 324 3793 382">
     <span class='ocr_line' id='line_1_62' title="bbox 3690 324 3793 382; baseline -0.01 0"><span class='ocrx_word' id='word_1_452' title='bbox 3690 324 3793 382; x_wconf 75' lang='lat' dir='ltr'><strong>3i2</strong></span> 
     </span>
    </p>
   </div>
   <div class='ocr_carea' id='block_1_63' title="bbox 2224 429 3849 511">
    <p class='ocr_par' dir='ltr' id='par_1_63' title="bbox 2224 429 3849 511">
     <span class='ocr_line' id='line_1_63' title="bbox 2224 429 3849 511; baseline 0.009 -30"><span class='ocrx_word' id='word_1_453' title='bbox 2224 429 2419 499; x_wconf 92' lang='lat' dir='ltr'><strong>aliquid</strong></span> <span class='ocrx_word' id='word_1_454' title='bbox 2442 431 2652 500; x_wconf 86' lang='lat' dir='ltr'><strong>gravius</strong></span> <span class='ocrx_word' id='word_1_455' title='bbox 2675 430 3051 499; x_wconf 90' lang='lat' dir='ltr'><strong>suspicaretur,</strong></span> <span class='ocrx_word' id='word_1_456' title='bbox 3078 433 3359 490; x_wconf 88' lang='lat' dir='ltr'><strong>certiorem</strong></span> <span class='ocrx_word' id='word_1_457' title='bbox 3384 434 3579 493; x_wconf 91' lang='lat' dir='ltr'><strong>faceret</strong></span> <span class='ocrx_word' id='word_1_458' title='bbox 3603 456 3615 491; x_wconf 93' lang='lat'>:</span> <span class='ocrx_word' id='word_1_459' title='bbox 3646 444 3784 511; x_wconf 89' lang='lat' dir='ltr'><strong>quod</strong></span> <span class='ocrx_word' id='word_1_460' title='bbox 3848 492 3849 495; x_wconf 44' lang='grc' dir='ltr'><strong>η</strong></span> 
     </span>
    </p>
   </div>
   <div class='ocr_carea' id='block_1_64' title="bbox 2222 520 3787 597">
    <p class='ocr_par' dir='ltr' id='par_1_64' title="bbox 2222 520 3787 597">
     <span class='ocr_line' id='line_1_64' title="bbox 2222 520 3787 597; baseline 0.008 -23"><span class='ocrx_word' id='word_1_461' title='bbox 2222 530 2274 575; x_wconf 92' lang='lat' dir='ltr'><strong>et</strong></span> <span class='ocrx_word' id='word_1_462' title='bbox 2296 521 2395 589; x_wconf 90' lang='lat' dir='ltr'><strong>ipsi</strong></span> <span class='ocrx_word' id='word_1_463' title='bbox 2426 520 2781 575; x_wconf 85' lang='lat' dir='ltr'><strong>misericordia</strong></span> <span class='ocrx_word' id='word_1_464' title='bbox 2808 521 3030 591; x_wconf 88' lang='lat' dir='ltr'><strong>quadam</strong></span> <span class='ocrx_word' id='word_1_465' title='bbox 3057 526 3319 579; x_wconf 86' lang='lat' dir='ltr'><strong>concessit</strong></span> <span class='ocrx_word' id='word_1_466' title='bbox 3346 528 3690 597; x_wconf 83' lang='lat' dir='ltr'><strong>Augustinus,</strong></span> <span class='ocrx_word' id='word_1_467' title='bbox 3726 542 3787 586; x_wconf 89' lang='lat' dir='ltr'><strong>ut</strong></span> 
     </span>
    </p>
   </div>
   <div class='ocr_carea' id='block_1_65' title="bbox 2219 613 3789 690">
    <p class='ocr_par' dir='ltr' id='par_1_65' title="bbox 2219 613 3789 690">
     <span class='ocr_line' id='line_1_65' title="bbox 2219 613 3789 690; baseline 0.008 -26"><span class='ocrx_word' id='word_1_468' title='bbox 2219 626 2248 664; x_wconf 91' lang='lat' dir='ltr'><strong>a</strong></span> <span class='ocrx_word' id='word_1_469' title='bbox 2275 613 2589 682; x_wconf 88' lang='lat' dir='ltr'><strong>presbyterii</strong></span> <span class='ocrx_word' id='word_1_470' title='bbox 2632 628 2857 667; x_wconf 85' lang='lat' dir='ltr'><strong>munere</strong></span> <span class='ocrx_word' id='word_1_471' title='bbox 2905 623 3163 678; x_wconf 84' lang='lat' dir='ltr'><strong>remotus,</strong></span> <span class='ocrx_word' id='word_1_472' title='bbox 3216 615 3286 669; x_wconf 88' lang='lat' dir='ltr'><strong>ibi</strong></span> <span class='ocrx_word' id='word_1_473' title='bbox 3320 632 3438 671; x_wconf 86' lang='lat' dir='ltr'><strong>cum</strong></span> <span class='ocrx_word' id='word_1_474' title='bbox 3475 618 3789 690; x_wconf 87' lang='lat' dir='ltr'><strong>diligentiori</strong></span> 
     </span>
    </p>
   </div>
   <div class='ocr_carea' id='block_1_66' title="bbox 2219 705 3789 777">
    <p class='ocr_par' dir='ltr' id='par_1_66' title="bbox 2219 705 3789 777">
     <span class='ocr_line' id='line_1_66' title="bbox 2219 705 3789 777; baseline 0.006 -18"><span class='ocrx_word' id='word_1_475' title='bbox 2219 705 2624 760; x_wconf 85' lang='lat' dir='ltr'><strong>existimationis</strong></span> <span class='ocrx_word' id='word_1_476' title='bbox 2648 722 2757 760; x_wconf 70' lang='lat' dir='ltr'><strong>sua:</strong></span> <span class='ocrx_word' id='word_1_477' title='bbox 2783 721 2927 771; x_wconf 88' lang='lat' dir='ltr'><strong>cura,</strong></span> <span class='ocrx_word' id='word_1_478' title='bbox 2953 716 3072 773; x_wconf 88' lang='lat' dir='ltr'><strong>aut,</strong></span> <span class='ocrx_word' id='word_1_479' title='bbox 3100 709 3543 777; x_wconf 86' lang='lat' dir='ltr'><strong>quemadmodum</strong></span> <span class='ocrx_word' id='word_1_480' title='bbox 3569 714 3641 767; x_wconf 89' lang='lat' dir='ltr'><strong>ait</strong></span> <span class='ocrx_word' id='word_1_481' title='bbox 3662 729 3789 769; x_wconf 86' lang='lat' dir='ltr'><strong>san-</strong></span> 
     </span>
    </p>
   </div>
   <div class='ocr_carea' id='block_1_67' title="bbox 2219 796 3792 872">
    <p class='ocr_par' dir='ltr' id='par_1_67' title="bbox 2219 796 3792 872">
     <span class='ocr_line' id='line_1_67' title="bbox 2219 796 3792 872; baseline 0.007 -22"><span class='ocrx_word' id='word_1_482' title='bbox 2219 806 2336 851; x_wconf 86' lang='lat' dir='ltr'><strong>etus</strong></span> <span class='ocrx_word' id='word_1_483' title='bbox 2362 796 2581 863; x_wconf 78' lang='lat' dir='ltr'><strong>Przesul,</strong></span> <span class='ocrx_word' id='word_1_484' title='bbox 2613 797 2901 852; x_wconf 89' lang='lat' dir='ltr'><strong>correctior</strong></span> <span class='ocrx_word' id='word_1_485' title='bbox 2924 798 3144 853; x_wconf 91' lang='lat' dir='ltr'><strong>viveret.</strong></span> <span class='ocrx_word' id='word_1_486' title='bbox 3172 800 3225 853; x_wconf 91' lang='lat' dir='ltr'><strong>in</strong></span> <span class='ocrx_word' id='word_1_487' title='bbox 3245 800 3416 856; x_wconf 89' lang='lat' dir='ltr'><strong>indice</strong></span> <span class='ocrx_word' id='word_1_488' title='bbox 3452 804 3792 872; x_wconf 89' lang='lat' dir='ltr'><strong>epistolarum</strong></span> 
     </span>
    </p>
   </div>
   <div class='ocr_carea' id='block_1_68' title="bbox 2220 887 3797 966">
    <p class='ocr_par' dir='ltr' id='par_1_68' title="bbox 2220 887 3797 966">
     <span class='ocr_line' id='line_1_68' title="bbox 2220 887 3797 966; baseline 0.004 -23"><span class='ocrx_word' id='word_1_489' title='bbox 2220 888 2517 958; x_wconf 85' lang='lat' dir='ltr'><strong>Augustini,</strong></span> <span class='ocrx_word' id='word_1_490' title='bbox 2548 904 2706 942; x_wconf 91' lang='lat' dir='ltr'><strong>uuam</strong></span> <span class='ocrx_word' id='word_1_491' title='bbox 2736 888 2799 943; x_wconf 90' lang='lat' dir='ltr'><strong>ad</strong></span> <span class='ocrx_word' id='word_1_492' title='bbox 2823 887 3089 944; x_wconf 82' lang='lat' dir='ltr'><strong>Victorem</strong></span> <span class='ocrx_word' id='word_1_493' title='bbox 3130 892 3497 963; x_wconf 84' lang='lat' dir='ltr'><strong>presbyterum</strong></span> <span class='ocrx_word' id='word_1_494' title='bbox 3526 894 3591 949; x_wconf 91' lang='lat' dir='ltr'><strong>de</strong></span> <span class='ocrx_word' id='word_1_495' title='bbox 3606 909 3797 966; x_wconf 88' lang='lat' dir='ltr'><strong>campo</strong></span> 
     </span>
    </p>
   </div>
   <div class='ocr_carea' id='block_1_69' title="bbox 2220 978 3791 1057">
    <p class='ocr_par' dir='ltr' id='par_1_69' title="bbox 2220 978 3791 1057">
     <span class='ocr_line' id='line_1_69' title="bbox 2220 978 3791 1057; baseline 0.004 -24"><span class='ocrx_word' id='word_1_496' title='bbox 2220 978 2453 1033; x_wconf 89' lang='lat' dir='ltr'><strong>Bullensi</strong></span> <span class='ocrx_word' id='word_1_497' title='bbox 2499 989 2740 1035; x_wconf 92' lang='lat' dir='ltr'><strong>recenset</strong></span> <span class='ocrx_word' id='word_1_498' title='bbox 2783 980 3053 1036; x_wconf 90' lang='lat' dir='ltr'><strong>Possidius</strong></span> <span class='ocrx_word' id='word_1_499' title='bbox 3081 981 3171 1054; x_wconf 88' lang='lat' dir='ltr'><strong>(In</strong></span> <span class='ocrx_word' id='word_1_500' title='bbox 3206 981 3478 1050; x_wconf 80' lang='lat' dir='ltr'><strong>Indiculo,</strong></span> <span class='ocrx_word' id='word_1_501' title='bbox 3532 1002 3647 1057; x_wconf 87' lang='lat' dir='ltr'><strong>cap.</strong></span> <span class='ocrx_word' id='word_1_502' title='bbox 3680 987 3712 1041; x_wconf 89' lang='lat'><strong>7</strong></span> <span class='ocrx_word' id='word_1_503' title='bbox 3749 989 3791 1057; x_wconf 90' lang='lat'><strong>).</strong></span> 
     </span>
    </p>
   </div>
   <div class='ocr_carea' id='block_1_70' title="bbox 2219 1070 3794 1145">
    <p class='ocr_par' dir='ltr' id='par_1_70' title="bbox 2219 1070 3794 1145">
     <span class='ocr_line' id='line_1_70' title="bbox 2219 1070 3794 1145; baseline 0.005 -20"><span class='ocrx_word' id='word_1_504' title='bbox 2219 1070 2615 1125; x_wconf 89' lang='lat' dir='ltr'><strong>Abundantium</strong></span> <span class='ocrx_word' id='word_1_505' title='bbox 2646 1071 2801 1126; x_wconf 84' lang='lat' dir='ltr'><strong>simul</strong></span> <span class='ocrx_word' id='word_1_506' title='bbox 2837 1072 3111 1128; x_wconf 89' lang='lat' dir='ltr'><strong>admonuit</strong></span> <span class='ocrx_word' id='word_1_507' title='bbox 3135 1074 3478 1145; x_wconf 86' lang='lat' dir='ltr'><strong>Augustinus,</strong></span> <span class='ocrx_word' id='word_1_508' title='bbox 3510 1077 3554 1131; x_wconf 90' lang='lat' dir='ltr'><strong>si</strong></span> <span class='ocrx_word' id='word_1_509' title='bbox 3574 1078 3731 1134; x_wconf 88' lang='lat' dir='ltr'><strong>vellet</strong></span> <span class='ocrx_word' id='word_1_510' title='bbox 3763 1094 3794 1133; x_wconf 84' lang='lat' dir='ltr'><strong>a</strong></span> 
     </span>
    </p>
   </div>
   <div class='ocr_carea' id='block_1_71' title="bbox 2219 1162 3793 1238">
    <p class='ocr_par' dir='ltr' id='par_1_71' title="bbox 2219 1162 3793 1238">
     <span class='ocr_line' id='line_1_71' title="bbox 2219 1162 3793 1238; baseline 0.004 -23"><span class='ocrx_word' id='word_1_511' title='bbox 2219 1163 2477 1216; x_wconf 87' lang='lat' dir='ltr'><strong>sententia</strong></span> <span class='ocrx_word' id='word_1_512' title='bbox 2508 1162 2559 1215; x_wconf 92' lang='lat' dir='ltr'><strong>in</strong></span> <span class='ocrx_word' id='word_1_513' title='bbox 2591 1176 2649 1217; x_wconf 90' lang='lat' dir='ltr'><strong>se</strong></span> <span class='ocrx_word' id='word_1_514' title='bbox 2677 1163 2778 1217; x_wconf 89' lang='lat' dir='ltr'><strong>lata</strong></span> <span class='ocrx_word' id='word_1_515' title='bbox 2804 1178 3112 1233; x_wconf 90' lang='lat' dir='ltr'><strong>provocare,</strong></span> <span class='ocrx_word' id='word_1_516' title='bbox 3144 1165 3195 1218; x_wconf 93' lang='lat' dir='ltr'><strong>id</strong></span> <span class='ocrx_word' id='word_1_517' title='bbox 3227 1165 3325 1232; x_wconf 92' lang='lat' dir='ltr'><strong>ipsi</strong></span> <span class='ocrx_word' id='word_1_518' title='bbox 3353 1166 3494 1221; x_wconf 87' lang='lat' dir='ltr'><strong>intra</strong></span> <span class='ocrx_word' id='word_1_519' title='bbox 3512 1168 3633 1222; x_wconf 90' lang='lat' dir='ltr'><strong>anni</strong></span> <span class='ocrx_word' id='word_1_520' title='bbox 3664 1183 3793 1238; x_wconf 89' lang='lat' dir='ltr'><strong>spa-</strong></span> 
     </span>
    </p>
   </div>
   <div class='ocr_carea' id='block_1_72' title="bbox 2219 1253 3793 1329">
    <p class='ocr_par' dir='ltr' id='par_1_72' title="bbox 2219 1253 3793 1329">
     <span class='ocr_line' id='line_1_72' title="bbox 2219 1253 3793 1329; baseline 0.003 -23"><span class='ocrx_word' id='word_1_521' title='bbox 2219 1253 2349 1307; x_wconf 91' lang='lat' dir='ltr'><strong>tium</strong></span> <span class='ocrx_word' id='word_1_522' title='bbox 2375 1269 2437 1307; x_wconf 82' lang='lat' dir='ltr'><strong>ex</strong></span> <span class='ocrx_word' id='word_1_523' title='bbox 2459 1254 2642 1306; x_wconf 91' lang='lat' dir='ltr'><strong>ultimo</strong></span> <span class='ocrx_word' id='word_1_524' title='bbox 2662 1254 2885 1309; x_wconf 90' lang='lat' dir='ltr'><strong>concilio</strong></span> <span class='ocrx_word' id='word_1_525' title='bbox 2907 1254 3129 1309; x_wconf 88' lang='lat' dir='ltr'><strong>liberum</strong></span> <span class='ocrx_word' id='word_1_526' title='bbox 3149 1270 3267 1311; x_wconf 91' lang='lat' dir='ltr'><strong>esse</strong></span> <span class='ocrx_word' id='word_1_527' title='bbox 3294 1255 3509 1329; x_wconf 83' lang='lat' dir='ltr'><strong>(Codice</strong></span> <span class='ocrx_word' id='word_1_528' title='bbox 3528 1257 3793 1313; x_wconf 84' lang='lat' dir='ltr'><strong>Canonum</strong></span> 
     </span>
    </p>
   </div>
   <div class='ocr_carea' id='block_1_73' title="bbox 2219 1343 3795 1419">
    <p class='ocr_par' dir='ltr' id='par_1_73' title="bbox 2219 1343 3795 1419">
     <span class='ocr_line' id='line_1_73' title="bbox 2219 1343 3795 1419; baseline 0.004 -23"><span class='ocrx_word' id='word_1_529' title='bbox 2219 1343 2403 1413; x_wconf 81' lang='lat' dir='ltr'><strong>Afric.,</strong></span> <span class='ocrx_word' id='word_1_530' title='bbox 2426 1361 2540 1398; x_wconf 83' lang='lat' dir='ltr'><strong>can.</strong></span> <span class='ocrx_word' id='word_1_531' title='bbox 2577 1346 2665 1415; x_wconf 84' lang='lat'><strong>79)</strong></span> <span class='ocrx_word' id='word_1_532' title='bbox 2696 1360 2710 1410; x_wconf 93' lang='lat'><strong>;</strong></span> <span class='ocrx_word' id='word_1_533' title='bbox 2737 1361 2842 1415; x_wconf 91' lang='lat' dir='ltr'><strong>quo</strong></span> <span class='ocrx_word' id='word_1_534' title='bbox 2878 1354 3115 1416; x_wconf 89' lang='lat' dir='ltr'><strong>tempore</strong></span> <span class='ocrx_word' id='word_1_535' title='bbox 3142 1347 3321 1415; x_wconf 91' lang='lat' dir='ltr'><strong>elapso</strong></span> <span class='ocrx_word' id='word_1_536' title='bbox 3341 1389 3355 1414; x_wconf 93' lang='lat'><strong>,</strong></span> <span class='ocrx_word' id='word_1_537' title='bbox 3384 1347 3491 1417; x_wconf 91' lang='lat' dir='ltr'><strong>jam</strong></span> <span class='ocrx_word' id='word_1_538' title='bbox 3523 1348 3588 1402; x_wconf 92' lang='lat' dir='ltr'><strong>ad</strong></span> <span class='ocrx_word' id='word_1_539' title='bbox 3631 1365 3795 1419; x_wconf 90' lang='lat' dir='ltr'><strong>agen-</strong></span> 
     </span>
    </p>
   </div>
   <div class='ocr_carea' id='block_1_74' title="bbox 2219 1434 3789 1508">
    <p class='ocr_par' dir='ltr' id='par_1_74' title="bbox 2219 1434 3789 1508">
     <span class='ocr_line' id='line_1_74' title="bbox 2219 1434 3789 1508; baseline 0.003 -20"><span class='ocrx_word' id='word_1_540' title='bbox 2219 1434 2344 1488; x_wconf 92' lang='lat' dir='ltr'><strong>dum</strong></span> <span class='ocrx_word' id='word_1_541' title='bbox 2381 1436 2684 1505; x_wconf 89' lang='lat' dir='ltr'><strong>neutiquam</strong></span> <span class='ocrx_word' id='word_1_542' title='bbox 2712 1436 3096 1490; x_wconf 88' lang='lat' dir='ltr'><strong>admitteretur.</strong></span> <span class='ocrx_word' id='word_1_543' title='bbox 3128 1436 3392 1505; x_wconf 81' lang='lat' dir='ltr'><strong>Xautippo</strong></span> <span class='ocrx_word' id='word_1_544' title='bbox 3416 1454 3625 1508; x_wconf 89' lang='lat' dir='ltr'><strong>quoque</strong></span> <span class='ocrx_word' id='word_1_545' title='bbox 3667 1449 3789 1492; x_wconf 56' lang='lat' dir='ltr'><strong>tan-</strong></span> 
     </span>
    </p>
   </div>
   <div class='ocr_carea' id='block_1_75' title="bbox 2222 1526 3795 1596">
    <p class='ocr_par' dir='ltr' id='par_1_75' title="bbox 2222 1526 3795 1596">
     <span class='ocr_line' id='line_1_75' title="bbox 2222 1526 3795 1596; baseline 0.004 -18"><span class='ocrx_word' id='word_1_546' title='bbox 2222 1541 2377 1595; x_wconf 91' lang='lat' dir='ltr'><strong>quam</strong></span> <span class='ocrx_word' id='word_1_547' title='bbox 2410 1528 2691 1595; x_wconf 73' lang='lat' dir='ltr'><strong>provincia:</strong></span> <span class='ocrx_word' id='word_1_548' title='bbox 2734 1528 2942 1596; x_wconf 87' lang='lat' dir='ltr'><strong>primati</strong></span> <span class='ocrx_word' id='word_1_549' title='bbox 2989 1526 3216 1595; x_wconf 89' lang='lat' dir='ltr'><strong>scripsit,</strong></span> <span class='ocrx_word' id='word_1_550' title='bbox 3253 1528 3370 1582; x_wconf 83' lang='lat' dir='ltr'><strong>facti</strong></span> <span class='ocrx_word' id='word_1_551' title='bbox 3400 1529 3481 1582; x_wconf 90' lang='lat' dir='ltr'><strong>sui</strong></span> <span class='ocrx_word' id='word_1_552' title='bbox 3530 1530 3795 1584; x_wconf 88' lang='lat' dir='ltr'><strong>rationem</strong></span> 
     </span>
    </p>
   </div>
   <div class='ocr_carea' id='block_1_76' title="bbox 2220 1618 3787 1690">
    <p class='ocr_par' dir='ltr' id='par_1_76' title="bbox 2220 1618 3787 1690">
     <span class='ocr_line' id='line_1_76' title="bbox 2220 1618 3787 1690; baseline 0.001 -19"><span class='ocrx_word' id='word_1_553' title='bbox 2220 1618 2541 1673; x_wconf 87' lang='lat' dir='ltr'><strong>redditurus.</strong></span> <span class='ocrx_word' id='word_1_554' title='bbox 2586 1619 2820 1688; x_wconf 88' lang='lat' dir='ltr'><strong>Cumque</strong></span> <span class='ocrx_word' id='word_1_555' title='bbox 2864 1620 3044 1674; x_wconf 88' lang='lat' dir='ltr'><strong>liceret</strong></span> <span class='ocrx_word' id='word_1_556' title='bbox 3084 1620 3420 1673; x_wconf 89' lang='lat' dir='ltr'><strong>Ahuudantio</strong></span> <span class='ocrx_word' id='word_1_557' title='bbox 3483 1621 3787 1690; x_wconf 88' lang='lat' dir='ltr'><strong>postulare,</strong></span> 
     </span>
    </p>
   </div>
   <div class='ocr_carea' id='block_1_77' title="bbox 2221 1709 3799 1780">
    <p class='ocr_par' dir='ltr' id='par_1_77' title="bbox 2221 1709 3799 1780">
     <span class='ocr_line' id='line_1_77' title="bbox 2221 1709 3799 1780; baseline 0.003 -20"><span class='ocrx_word' id='word_1_558' title='bbox 2221 1718 2275 1762; x_wconf 92' lang='lat' dir='ltr'><strong>ut</strong></span> <span class='ocrx_word' id='word_1_559' title='bbox 2321 1724 2411 1763; x_wconf 83' lang='lat' dir='ltr'><strong>sex</strong></span> <span class='ocrx_word' id='word_1_560' title='bbox 2449 1709 2681 1780; x_wconf 90' lang='lat' dir='ltr'><strong>episcopi</strong></span> <span class='ocrx_word' id='word_1_561' title='bbox 2711 1711 2777 1765; x_wconf 91' lang='lat' dir='ltr'><strong>de</strong></span> <span class='ocrx_word' id='word_1_562' title='bbox 2819 1725 2975 1764; x_wconf 90' lang='lat' dir='ltr'><strong>causa</strong></span> <span class='ocrx_word' id='word_1_563' title='bbox 3026 1710 3139 1778; x_wconf 84' lang='lat' dir='ltr'><strong>ejus</strong></span> <span class='ocrx_word' id='word_1_564' title='bbox 3181 1718 3420 1764; x_wconf 81' lang='lat' dir='ltr'><strong>extremo</strong></span> <span class='ocrx_word' id='word_1_565' title='bbox 3444 1710 3641 1779; x_wconf 89' lang='lat' dir='ltr'><strong>judicio</strong></span> <span class='ocrx_word' id='word_1_566' title='bbox 3672 1725 3799 1780; x_wconf 91' lang='lat' dir='ltr'><strong>pro-</strong></span> 
     </span>
    </p>
   </div>
   <div class='ocr_carea' id='block_1_78' title="bbox 2219 1800 3796 1870">
    <p class='ocr_par' dir='ltr' id='par_1_78' title="bbox 2219 1800 3796 1870">
     <span class='ocr_line' id='line_1_78' title="bbox 2219 1800 3796 1870; baseline 0.001 -18"><span class='ocrx_word' id='word_1_567' title='bbox 2219 1800 2549 1866; x_wconf 91' lang='lat' dir='ltr'><strong>nuntiarent;</strong></span> <span class='ocrx_word' id='word_1_568' title='bbox 2576 1800 2847 1869; x_wconf 87' lang='lat' dir='ltr'><strong>proﬁtctur</strong></span> <span class='ocrx_word' id='word_1_569' title='bbox 2873 1802 3213 1870; x_wconf 85' lang='lat' dir='ltr'><strong>Augustinus,</strong></span> <span class='ocrx_word' id='word_1_570' title='bbox 3247 1800 3291 1854; x_wconf 91' lang='lat' dir='ltr'><strong>si</strong></span> <span class='ocrx_word' id='word_1_571' title='bbox 3330 1800 3429 1854; x_wconf 89' lang='lat' dir='ltr'><strong>hoc</strong></span> <span class='ocrx_word' id='word_1_572' title='bbox 3458 1801 3507 1853; x_wconf 92' lang='lat' dir='ltr'><strong>iu</strong></span> <span class='ocrx_word' id='word_1_573' title='bbox 3549 1802 3796 1854; x_wconf 78' lang='lat' dir='ltr'><strong>examine</strong></span> 
     </span>
    </p>
   </div>
   <div class='ocr_carea' id='block_1_79' title="bbox 2218 1892 3786 1963">
    <p class='ocr_par' dir='ltr' id='par_1_79' title="bbox 2218 1892 3786 1963">
     <span class='ocr_line' id='line_1_79' title="bbox 2218 1892 3786 1963; baseline 0.002 -17"><span class='ocrx_word' id='word_1_574' title='bbox 2218 1892 2406 1961; x_wconf 90' lang='lat' dir='ltr'><strong>dignus</strong></span> <span class='ocrx_word' id='word_1_575' title='bbox 2433 1893 2758 1962; x_wconf 90' lang='lat' dir='ltr'><strong>depositione</strong></span> <span class='ocrx_word' id='word_1_576' title='bbox 2784 1895 2827 1947; x_wconf 90' lang='lat' dir='ltr'><strong>is</strong></span> <span class='ocrx_word' id='word_1_577' title='bbox 2849 1909 2949 1947; x_wconf 91' lang='lat' dir='ltr'><strong>non</strong></span> <span class='ocrx_word' id='word_1_578' title='bbox 2971 1892 3127 1947; x_wconf 89' lang='lat' dir='ltr'><strong>fuerit</strong></span> <span class='ocrx_word' id='word_1_579' title='bbox 3154 1902 3414 1962; x_wconf 77' lang='lat' dir='ltr'><strong>repertus,</strong></span> <span class='ocrx_word' id='word_1_580' title='bbox 3441 1909 3595 1963; x_wconf 84' lang='lat' dir='ltr'><strong>posse</strong></span> <span class='ocrx_word' id='word_1_581' title='bbox 3621 1910 3786 1963; x_wconf 88' lang='lat' dir='ltr'><strong>quem</strong></span> 
     </span>
    </p>
   </div>
   <div class='ocr_carea' id='block_1_80' title="bbox 2220 1982 3794 2052">
    <p class='ocr_par' dir='ltr' id='par_1_80' title="bbox 2220 1982 3794 2052">
     <span class='ocr_line' id='line_1_80' title="bbox 2220 1982 3794 2052; baseline 0.003 -18"><span class='ocrx_word' id='word_1_582' title='bbox 2220 1982 2450 2046; x_wconf 90' lang='lat' dir='ltr'><strong>libuerit,</strong></span> <span class='ocrx_word' id='word_1_583' title='bbox 2477 1986 2524 2036; x_wconf 90' lang='lat' dir='ltr'><strong>ei</strong></span> <span class='ocrx_word' id='word_1_584' title='bbox 2555 1984 2840 2037; x_wconf 84' lang='lat' dir='ltr'><strong>Ecclesiam</strong></span> <span class='ocrx_word' id='word_1_585' title='bbox 2870 1999 2980 2037; x_wconf 71' lang='lat' dir='ltr'><strong>sua:</strong></span> <span class='ocrx_word' id='word_1_586' title='bbox 3005 1984 3389 2052; x_wconf 87' lang='lat' dir='ltr'><strong>jurisdictionis</strong></span> <span class='ocrx_word' id='word_1_587' title='bbox 3429 1985 3794 2052; x_wconf 82' lang='lat' dir='ltr'><strong>committere;</strong></span> 
     </span>
    </p>
   </div>
   <div class='ocr_carea' id='block_1_81' title="bbox 2217 2072 3796 2145">
    <p class='ocr_par' dir='ltr' id='par_1_81' title="bbox 2217 2072 3796 2145">
     <span class='ocr_line' id='line_1_81' title="bbox 2217 2072 3796 2145; baseline 0.003 -20"><span class='ocrx_word' id='word_1_588' title='bbox 2217 2072 2317 2126; x_wconf 91' lang='lat' dir='ltr'><strong>sibi</strong></span> <span class='ocrx_word' id='word_1_589' title='bbox 2339 2088 2463 2127; x_wconf 88' lang='lat' dir='ltr'><strong>vero</strong></span> <span class='ocrx_word' id='word_1_590' title='bbox 2486 2074 2534 2127; x_wconf 92' lang='lat' dir='ltr'><strong>id</strong></span> <span class='ocrx_word' id='word_1_591' title='bbox 2566 2075 2710 2127; x_wconf 91' lang='lat' dir='ltr'><strong>nullo</strong></span> <span class='ocrx_word' id='word_1_592' title='bbox 2739 2074 2896 2127; x_wconf 89' lang='lat' dir='ltr'><strong>modo</strong></span> <span class='ocrx_word' id='word_1_593' title='bbox 2924 2090 3041 2128; x_wconf 84' lang='lat' dir='ltr'><strong>esse</strong></span> <span class='ocrx_word' id='word_1_594' title='bbox 3060 2076 3335 2143; x_wconf 83' lang='lat' dir='ltr'><strong>integrum,</strong></span> <span class='ocrx_word' id='word_1_595' title='bbox 3362 2092 3426 2127; x_wconf 93' lang='lat' dir='ltr'><strong>ne</strong></span> <span class='ocrx_word' id='word_1_596' title='bbox 3451 2091 3567 2145; x_wconf 65' lang='lat' dir='ltr'><strong>qua:</strong></span> <span class='ocrx_word' id='word_1_597' title='bbox 3595 2076 3796 2129; x_wconf 90' lang='lat' dir='ltr'><strong>damna</strong></span> 
     </span>
    </p>
   </div>
   <div class='ocr_carea' id='block_1_82' title="bbox 2222 2161 3803 2233">
    <p class='ocr_par' dir='ltr' id='par_1_82' title="bbox 2222 2161 3803 2233">
     <span class='ocr_line' id='line_1_82' title="bbox 2222 2161 3803 2233; baseline 0.005 -19"><span class='ocrx_word' id='word_1_598' title='bbox 2222 2161 2347 2216; x_wconf 91' lang='lat' dir='ltr'><strong>hinc</strong></span> <span class='ocrx_word' id='word_1_599' title='bbox 2387 2162 2524 2217; x_wconf 87' lang='lat' dir='ltr'><strong>forte</strong></span> <span class='ocrx_word' id='word_1_600' title='bbox 2566 2164 2852 2227; x_wconf 86' lang='lat' dir='ltr'><strong>orirentur,</strong></span> <span class='ocrx_word' id='word_1_601' title='bbox 2884 2165 2934 2217; x_wconf 91' lang='lat' dir='ltr'><strong>in</strong></span> <span class='ocrx_word' id='word_1_602' title='bbox 2976 2180 3033 2219; x_wconf 81' lang='lat' dir='ltr'><strong>se</strong></span> <span class='ocrx_word' id='word_1_603' title='bbox 3084 2165 3253 2233; x_wconf 91' lang='lat' dir='ltr'><strong>ipsum</strong></span> <span class='ocrx_word' id='word_1_604' title='bbox 3293 2166 3605 2220; x_wconf 90' lang='lat' dir='ltr'><strong>reciderent.</strong></span> <span class='ocrx_word' id='word_1_605' title='bbox 3646 2166 3803 2222; x_wconf 84' lang='lat' dir='ltr'><strong>Hanc</strong></span> 
     </span>
    </p>
   </div>
   <div class='ocr_carea' id='block_1_83' title="bbox 2219 2255 3797 2327">
    <p class='ocr_par' dir='ltr' id='par_1_83' title="bbox 2219 2255 3797 2327">
     <span class='ocr_line' id='line_1_83' title="bbox 2219 2255 3797 2327; baseline 0.003 -20"><span class='ocrx_word' id='word_1_606' title='bbox 2219 2255 2492 2323; x_wconf 75' lang='lat' dir='ltr'><strong>epistolam</strong></span> <span class='ocrx_word' id='word_1_607' title='bbox 2507 2255 2569 2308; x_wconf 90' lang='lat' dir='ltr'><strong>ad</strong></span> <span class='ocrx_word' id='word_1_608' title='bbox 2597 2271 2858 2310; x_wconf 85' lang='lat' dir='ltr'><strong>summum</strong></span> <span class='ocrx_word' id='word_1_609' title='bbox 2880 2257 3089 2310; x_wconf 90' lang='lat' dir='ltr'><strong>ineunte</strong></span> <span class='ocrx_word' id='word_1_610' title='bbox 3110 2272 3249 2310; x_wconf 89' lang='lat' dir='ltr'><strong>anno</strong></span> <span class='ocrx_word' id='word_1_611' title='bbox 3265 2258 3797 2327; x_wconf 85' lang='lat' dir='ltr'><strong>quadringentesimo</strong></span> 
     </span>
    </p>
   </div>
   <div class='ocr_carea' id='block_1_84' title="bbox 2221 2347 3804 2421">
    <p class='ocr_par' dir='ltr' id='par_1_84' title="bbox 2221 2347 3804 2421">
     <span class='ocr_line' id='line_1_84' title="bbox 2221 2347 3804 2421; baseline 0.003 -20"><span class='ocrx_word' id='word_1_612' title='bbox 2221 2347 2485 2414; x_wconf 88' lang='lat' dir='ltr'><strong>secundo,</strong></span> <span class='ocrx_word' id='word_1_613' title='bbox 2532 2359 2585 2403; x_wconf 90' lang='lat' dir='ltr'><strong>et</strong></span> <span class='ocrx_word' id='word_1_614' title='bbox 2631 2349 2790 2403; x_wconf 89' lang='lat' dir='ltr'><strong>dubio</strong></span> <span class='ocrx_word' id='word_1_615' title='bbox 2840 2349 3027 2418; x_wconf 92' lang='lat' dir='ltr'><strong>procul</strong></span> <span class='ocrx_word' id='word_1_616' title='bbox 3072 2359 3195 2404; x_wconf 88' lang='lat' dir='ltr'><strong>ante</strong></span> <span class='ocrx_word' id='word_1_617' title='bbox 3252 2350 3487 2415; x_wconf 87' lang='lat' dir='ltr'><strong>Pascha,</strong></span> <span class='ocrx_word' id='word_1_618' title='bbox 3541 2351 3804 2421; x_wconf 83' lang='lat' dir='ltr'><strong>scriptam</strong></span> 
     </span>
    </p>
   </div>
   <div class='ocr_carea' id='block_1_85' title="bbox 2223 2438 2634 2508">
    <p class='ocr_par' dir='ltr' id='par_1_85' title="bbox 2223 2438 2634 2508">
     <span class='ocr_line' id='line_1_85' title="bbox 2223 2438 2634 2508; baseline -0.002 -16"><span class='ocrx_word' id='word_1_619' title='bbox 2223 2438 2382 2494; x_wconf 89' lang='lat' dir='ltr'><strong>fuisse</strong></span> <span class='ocrx_word' id='word_1_620' title='bbox 2408 2449 2634 2508; x_wconf 88' lang='lat' dir='ltr'><strong>oportet.</strong></span> 
     </span>
    </p>
   </div>
   <div class='ocr_carea' id='block_1_86' title="bbox 2294 2529 3805 2603">
    <p class='ocr_par' dir='ltr' id='par_1_86' title="bbox 2294 2529 3805 2603">
     <span class='ocr_line' id='line_1_86' title="bbox 2294 2529 3805 2603; baseline 0.003 -20"><span class='ocrx_word' id='word_1_621' title='bbox 2294 2531 2345 2583; x_wconf 87' lang='lat'><strong>7.</strong></span> <span class='ocrx_word' id='word_1_622' title='bbox 2400 2529 2730 2585; x_wconf 79' lang='lat' dir='ltr'><strong>Referendus</strong></span> <span class='ocrx_word' id='word_1_623' title='bbox 2770 2530 2975 2586; x_wconf 88' lang='lat' dir='ltr'><strong>videtur</strong></span> <span class='ocrx_word' id='word_1_624' title='bbox 3024 2530 3088 2585; x_wconf 90' lang='lat' dir='ltr'><strong>ad</strong></span> <span class='ocrx_word' id='word_1_625' title='bbox 3134 2532 3257 2585; x_wconf 87' lang='lat' dir='ltr'><strong>anni</strong></span> <span class='ocrx_word' id='word_1_626' title='bbox 3298 2532 3805 2603; x_wconf 87' lang='lat' dir='ltr'><strong>quadringentesimi</strong></span> 
     </span>
    </p>
   </div>
   <div class='ocr_carea' id='block_1_87' title="bbox 2223 2623 3806 2695">
    <p class='ocr_par' dir='ltr' id='par_1_87' title="bbox 2223 2623 3806 2695">
     <span class='ocr_line' id='line_1_87' title="bbox 2223 2623 3806 2695; baseline 0.003 -20"><span class='ocrx_word' id='word_1_627' title='bbox 2223 2623 2374 2689; x_wconf 89' lang='lat' dir='ltr'><strong>primi</strong></span> <span class='ocrx_word' id='word_1_628' title='bbox 2400 2623 2598 2676; x_wconf 79' lang='lat' dir='ltr'><strong>exitum</strong></span> <span class='ocrx_word' id='word_1_629' title='bbox 2628 2623 2825 2677; x_wconf 90' lang='lat' dir='ltr'><strong>tristior</strong></span> <span class='ocrx_word' id='word_1_630' title='bbox 2856 2623 2943 2678; x_wconf 85' lang='lat' dir='ltr'><strong>ille</strong></span> <span class='ocrx_word' id='word_1_631' title='bbox 2968 2638 3143 2689; x_wconf 92' lang='lat' dir='ltr'><strong>casus,</strong></span> <span class='ocrx_word' id='word_1_632' title='bbox 3172 2640 3330 2694; x_wconf 90' lang='lat' dir='ltr'><strong>quem</strong></span> <span class='ocrx_word' id='word_1_633' title='bbox 3374 2626 3522 2678; x_wconf 93' lang='lat' dir='ltr'><strong>initio</strong></span> <span class='ocrx_word' id='word_1_634' title='bbox 3546 2626 3806 2695; x_wconf 87' lang='lat' dir='ltr'><strong>quadrin-</strong></span> 
     </span>
    </p>
   </div>
   <div class='ocr_carea' id='block_1_88' title="bbox 2223 2715 3804 2788">
    <p class='ocr_par' dir='ltr' id='par_1_88' title="bbox 2223 2715 3804 2788">
     <span class='ocr_line' id='line_1_88' title="bbox 2223 2715 3804 2788; baseline 0.003 -21"><span class='ocrx_word' id='word_1_635' title='bbox 2223 2715 2498 2784; x_wconf 88' lang='lat' dir='ltr'><strong>gentesimi</strong></span> <span class='ocrx_word' id='word_1_636' title='bbox 2524 2716 2739 2769; x_wconf 88' lang='lat' dir='ltr'><strong>secundi</strong></span> <span class='ocrx_word' id='word_1_637' title='bbox 2784 2725 3049 2771; x_wconf 91' lang='lat' dir='ltr'><strong>recentem</strong></span> <span class='ocrx_word' id='word_1_638' title='bbox 3079 2716 3253 2772; x_wconf 91' lang='lat' dir='ltr'><strong>adhuc</strong></span> <span class='ocrx_word' id='word_1_639' title='bbox 3280 2716 3495 2788; x_wconf 84' lang='lat' dir='ltr'><strong>lugebat</strong></span> <span class='ocrx_word' id='word_1_640' title='bbox 3541 2720 3804 2788; x_wconf 90' lang='lat' dir='ltr'><strong>Augusti-</strong></span> 
     </span>
    </p>
   </div>
   <div class='ocr_carea' id='block_1_89' title="bbox 2226 2805 3808 2878">
    <p class='ocr_par' dir='ltr' id='par_1_89' title="bbox 2226 2805 3808 2878">
     <span class='ocr_line' id='line_1_89' title="bbox 2226 2805 3808 2878; baseline 0.003 -19"><span class='ocrx_word' id='word_1_641' title='bbox 2226 2821 2344 2859; x_wconf 92' lang='lat' dir='ltr'><strong>nus.</strong></span> <span class='ocrx_word' id='word_1_642' title='bbox 2373 2805 2645 2875; x_wconf 88' lang='lat' dir='ltr'><strong>Crispinus</strong></span> <span class='ocrx_word' id='word_1_643' title='bbox 2674 2805 2998 2862; x_wconf 87' lang='lat' dir='ltr'><strong>Calamensis</strong></span> <span class='ocrx_word' id='word_1_644' title='bbox 3024 2823 3053 2861; x_wconf 96' lang='lat' dir='ltr'><strong>e</strong></span> <span class='ocrx_word' id='word_1_645' title='bbox 3094 2808 3281 2862; x_wconf 85' lang='lat' dir='ltr'><strong>Donati</strong></span> <span class='ocrx_word' id='word_1_646' title='bbox 3333 2821 3481 2877; x_wconf 89' lang='lat' dir='ltr'><strong>parte</strong></span> <span class='ocrx_word' id='word_1_647' title='bbox 3518 2810 3808 2878; x_wconf 83' lang='lat' dir='ltr'><strong>episcOpus</strong></span> 
     </span>
    </p>
   </div>
   <div class='ocr_carea' id='block_1_90' title="bbox 2225 2896 3811 2968">
    <p class='ocr_par' dir='ltr' id='par_1_90' title="bbox 2225 2896 3811 2968">
     <span class='ocr_line' id='line_1_90' title="bbox 2225 2896 3811 2968; baseline 0.001 -18"><span class='ocrx_word' id='word_1_648' title='bbox 2225 2912 2346 2950; x_wconf 92' lang='lat' dir='ltr'><strong>cum</strong></span> <span class='ocrx_word' id='word_1_649' title='bbox 2372 2896 2509 2950; x_wconf 86' lang='lat' dir='ltr'><strong>haud</strong></span> <span class='ocrx_word' id='word_1_650' title='bbox 2527 2912 2786 2967; x_wconf 89' lang='lat' dir='ltr'><strong>quaquam</strong></span> <span class='ocrx_word' id='word_1_651' title='bbox 2814 2912 2877 2952; x_wconf 90' lang='lat' dir='ltr'><strong>eo</strong></span> <span class='ocrx_word' id='word_1_652' title='bbox 2900 2898 3199 2952; x_wconf 84' lang='lat' dir='ltr'><strong>divitiarum</strong></span> <span class='ocrx_word' id='word_1_653' title='bbox 3227 2910 3389 2963; x_wconf 92' lang='lat' dir='ltr'><strong>metu,</strong></span> <span class='ocrx_word' id='word_1_654' title='bbox 3418 2915 3572 2968; x_wconf 87' lang='lat' dir='ltr'><strong>quem</strong></span> <span class='ocrx_word' id='word_1_655' title='bbox 3590 2900 3811 2953; x_wconf 85' lang='lat' dir='ltr'><strong>Petilia-</strong></span> 
     </span>
    </p>
   </div>
   <div class='ocr_carea' id='block_1_91' title="bbox 2227 2988 3809 3057">
    <p class='ocr_par' dir='ltr' id='par_1_91' title="bbox 2227 2988 3809 3057">
     <span class='ocr_line' id='line_1_91' title="bbox 2227 2988 3809 3057; baseline 0.004 -18"><span class='ocrx_word' id='word_1_656' title='bbox 2227 3002 2329 3041; x_wconf 91' lang='lat' dir='ltr'><strong>nus</strong></span> <span class='ocrx_word' id='word_1_657' title='bbox 2379 3002 2487 3041; x_wconf 76' lang='lat' dir='ltr'><strong>sua:</strong></span> <span class='ocrx_word' id='word_1_658' title='bbox 2534 2996 2691 3042; x_wconf 84' lang='lat' dir='ltr'><strong>sectae</strong></span> <span class='ocrx_word' id='word_1_659' title='bbox 2738 2988 3037 3043; x_wconf 88' lang='lat' dir='ltr'><strong>hominibus</strong></span> <span class='ocrx_word' id='word_1_660' title='bbox 3082 2989 3258 3044; x_wconf 89' lang='lat' dir='ltr'><strong>inesse</strong></span> <span class='ocrx_word' id='word_1_661' title='bbox 3315 2989 3650 3057; x_wconf 71' lang='lat' dir='ltr'><strong>prmdicabat,</strong></span> <span class='ocrx_word' id='word_1_662' title='bbox 3708 2988 3809 3045; x_wconf 86' lang='lat' dir='ltr'><strong>sed</strong></span> 
     </span>
    </p>
   </div>
   <div class='ocr_carea' id='block_1_92' title="bbox 2225 3075 3806 3152">
    <p class='ocr_par' dir='ltr' id='par_1_92' title="bbox 2225 3075 3806 3152">
     <span class='ocr_line' id='line_1_92' title="bbox 2225 3075 3806 3152; baseline 0.001 -23"><span class='ocrx_word' id='word_1_663' title='bbox 2225 3093 2405 3131; x_wconf 90' lang='lat' dir='ltr'><strong>amore</strong></span> <span class='ocrx_word' id='word_1_664' title='bbox 2421 3084 2603 3132; x_wconf 87' lang='lat' dir='ltr'><strong>contra</strong></span> <span class='ocrx_word' id='word_1_665' title='bbox 2628 3093 2806 3133; x_wconf 91' lang='lat' dir='ltr'><strong>earum</strong></span> <span class='ocrx_word' id='word_1_666' title='bbox 2839 3088 3105 3134; x_wconf 89' lang='lat' dir='ltr'><strong>teneretur</strong></span> <span class='ocrx_word' id='word_1_667' title='bbox 3122 3078 3331 3152; x_wconf 85' lang='lat' dir='ltr'><strong>(Contra</strong></span> <span class='ocrx_word' id='word_1_668' title='bbox 3358 3075 3583 3133; x_wconf 71' lang='lat' dir='ltr'><strong>Litteras</strong></span> <span class='ocrx_word' id='word_1_669' title='bbox 3614 3078 3806 3147; x_wconf 75' lang='lat' dir='ltr'><strong>Petil.,</strong></span> 
     </span>
    </p>
   </div>
   <div class='ocr_carea' id='block_1_93' title="bbox 2228 3169 3811 3242">
    <p class='ocr_par' dir='ltr' id='par_1_93' title="bbox 2228 3169 3811 3242">
     <span class='ocr_line' id='line_1_93' title="bbox 2228 3169 3811 3242; baseline 0.003 -19"><span class='ocrx_word' id='word_1_670' title='bbox 2228 3171 2317 3225; x_wconf 86' lang='lat' dir='ltr'><strong>lib.</strong></span> <span class='ocrx_word' id='word_1_671' title='bbox 2345 3169 2399 3235; x_wconf 91' lang='lat'><strong>2,</strong></span> <span class='ocrx_word' id='word_1_672' title='bbox 2432 3186 2477 3223; x_wconf 84' lang='lat' dir='ltr'><strong>c.</strong></span> <span class='ocrx_word' id='word_1_673' title='bbox 2503 3170 2592 3237; x_wconf 89' lang='grc'><strong>99,</strong></span> <span class='ocrx_word' id='word_1_674' title='bbox 2624 3187 2674 3225; x_wconf 87' lang='lat' dir='ltr'><strong>n.</strong></span> <span class='ocrx_word' id='word_1_675' title='bbox 2706 3171 2877 3242; x_wconf 81' lang='lat'><strong>228);</strong></span> <span class='ocrx_word' id='word_1_676' title='bbox 2906 3181 3087 3227; x_wconf 87' lang='lat' dir='ltr'><strong>coacta</strong></span> <span class='ocrx_word' id='word_1_677' title='bbox 3130 3174 3368 3242; x_wconf 68' lang='lat' dir='ltr'><strong>pecunia:</strong></span> <span class='ocrx_word' id='word_1_678' title='bbox 3409 3189 3512 3227; x_wconf 92' lang='lat' dir='ltr'><strong>non</strong></span> <span class='ocrx_word' id='word_1_679' title='bbox 3544 3173 3811 3228; x_wconf 90' lang='lat' dir='ltr'><strong>mediocri</strong></span> 
     </span>
    </p>
   </div>
   <div class='ocr_carea' id='block_1_94' title="bbox 2228 3262 3813 3334">
    <p class='ocr_par' dir='ltr' id='par_1_94' title="bbox 2228 3262 3813 3334">
     <span class='ocr_line' id='line_1_94' title="bbox 2228 3262 3813 3334; baseline 0.001 -18"><span class='ocrx_word' id='word_1_680' title='bbox 2228 3277 2432 3316; x_wconf 81' lang='lat' dir='ltr'><strong>Summa</strong></span> <span class='ocrx_word' id='word_1_681' title='bbox 2484 3262 2743 3332; x_wconf 83' lang='lat' dir='ltr'><strong>praedium</strong></span> <span class='ocrx_word' id='word_1_682' title='bbox 2786 3263 2915 3317; x_wconf 92' lang='lat' dir='ltr'><strong>emit</strong></span> <span class='ocrx_word' id='word_1_683' title='bbox 2952 3262 3325 3333; x_wconf 83' lang='lat' dir='ltr'><strong>Mappaliense,</strong></span> <span class='ocrx_word' id='word_1_684' title='bbox 3381 3280 3486 3318; x_wconf 92' lang='lat' dir='ltr'><strong>non</strong></span> <span class='ocrx_word' id='word_1_685' title='bbox 3528 3265 3682 3334; x_wconf 87' lang='lat' dir='ltr'><strong>longe</strong></span> <span class='ocrx_word' id='word_1_686' title='bbox 3745 3264 3813 3319; x_wconf 91' lang='lat' dir='ltr'><strong>ab</strong></span> 
     </span>
    </p>
   </div>
   <div class='ocr_carea' id='block_1_95' title="bbox 2227 3350 3812 3423">
    <p class='ocr_par' dir='ltr' id='par_1_95' title="bbox 2227 3350 3812 3423">
     <span class='ocr_line' id='line_1_95' title="bbox 2227 3350 3812 3423; baseline 0 -18"><span class='ocrx_word' id='word_1_687' title='bbox 2227 3351 2468 3421; x_wconf 81' lang='lat' dir='ltr'><strong>Hippone</strong></span> <span class='ocrx_word' id='word_1_688' title='bbox 2494 3353 2649 3406; x_wconf 90' lang='lat' dir='ltr'><strong>situm</strong></span> <span class='ocrx_word' id='word_1_689' title='bbox 2682 3350 2884 3423; x_wconf 80' lang='lat' dir='ltr'><strong>(Epist.</strong></span> <span class='ocrx_word' id='word_1_690' title='bbox 2918 3352 3003 3406; x_wconf 88' lang='lat'><strong>66.</strong></span> <span class='ocrx_word' id='word_1_691' title='bbox 3036 3370 3087 3406; x_wconf 83' lang='grc' dir='ltr'><strong>η.</strong></span> <span class='ocrx_word' id='word_1_692' title='bbox 3134 3354 3231 3423; x_wconf 78' lang='grc'><strong>1),</strong></span> <span class='ocrx_word' id='word_1_693' title='bbox 3259 3354 3407 3422; x_wconf 88' lang='lat' dir='ltr'><strong>cujus</strong></span> <span class='ocrx_word' id='word_1_694' title='bbox 3443 3353 3668 3409; x_wconf 88' lang='lat' dir='ltr'><strong>miseros</strong></span> <span class='ocrx_word' id='word_1_695' title='bbox 3726 3354 3812 3406; x_wconf 83' lang='lat' dir='ltr'><strong>in-</strong></span> 
     </span>
    </p>
   </div>
   <div class='ocr_carea' id='block_1_96' title="bbox 2228 3443 3813 3514">
    <p class='ocr_par' dir='ltr' id='par_1_96' title="bbox 2228 3443 3813 3514">
     <span class='ocr_line' id='line_1_96' title="bbox 2228 3443 3813 3514; baseline 0.002 -17"><span class='ocrx_word' id='word_1_696' title='bbox 2228 3444 2377 3497; x_wconf 88' lang='lat' dir='ltr'><strong>colas</strong></span> <span class='ocrx_word' id='word_1_697' title='bbox 2408 3454 2513 3497; x_wconf 92' lang='lat' dir='ltr'><strong>tam</strong></span> <span class='ocrx_word' id='word_1_698' title='bbox 2559 3443 2818 3498; x_wconf 90' lang='lat' dir='ltr'><strong>violenter</strong></span> <span class='ocrx_word' id='word_1_699' title='bbox 2859 3444 3120 3513; x_wconf 89' lang='lat' dir='ltr'><strong>oppressit</strong></span> <span class='ocrx_word' id='word_1_700' title='bbox 3166 3454 3320 3514; x_wconf 88' lang='lat' dir='ltr'><strong>atque</strong></span> <span class='ocrx_word' id='word_1_701' title='bbox 3349 3445 3704 3507; x_wconf 84' lang='lat' dir='ltr'><strong>conturbavit,</strong></span> <span class='ocrx_word' id='word_1_702' title='bbox 3757 3454 3813 3500; x_wconf 90' lang='lat' dir='ltr'><strong>ut</strong></span> 
     </span>
    </p>
   </div>
   <div class='ocr_carea' id='block_1_97' title="bbox 2228 3534 3812 3606">
    <p class='ocr_par' dir='ltr' id='par_1_97' title="bbox 2228 3534 3812 3606">
     <span class='ocr_line' id='line_1_97' title="bbox 2228 3534 3812 3606; baseline 0 -17"><span class='ocrx_word' id='word_1_703' title='bbox 2228 3551 2332 3589; x_wconf 93' lang='lat' dir='ltr'><strong>uno</strong></span> <span class='ocrx_word' id='word_1_704' title='bbox 2361 3535 2578 3589; x_wconf 90' lang='lat' dir='ltr'><strong>terroris</strong></span> <span class='ocrx_word' id='word_1_705' title='bbox 2606 3534 2803 3606; x_wconf 85' lang='lat' dir='ltr'><strong>impetu</strong></span> <span class='ocrx_word' id='word_1_706' title='bbox 2830 3535 3096 3604; x_wconf 87' lang='lat' dir='ltr'><strong>octoginta</strong></span> <span class='ocrx_word' id='word_1_707' title='bbox 3140 3534 3305 3589; x_wconf 89' lang='lat' dir='ltr'><strong>ferme</strong></span> <span class='ocrx_word' id='word_1_708' title='bbox 3345 3535 3548 3589; x_wconf 85' lang='lat' dir='ltr'><strong>animas</strong></span> <span class='ocrx_word' id='word_1_709' title='bbox 3587 3536 3812 3589; x_wconf 79' lang='lat' dir='ltr'><strong>misera-</strong></span> 
     </span>
    </p>
   </div>
   <div class='ocr_carea' id='block_1_98' title="bbox 2230 3624 3814 3695">
    <p class='ocr_par' dir='ltr' id='par_1_98' title="bbox 2230 3624 3814 3695">
     <span class='ocr_line' id='line_1_98' title="bbox 2230 3624 3814 3695; baseline -0.001 -16"><span class='ocrx_word' id='word_1_710' title='bbox 2230 3626 2321 3680; x_wconf 90' lang='lat' dir='ltr'><strong>bili</strong></span> <span class='ocrx_word' id='word_1_711' title='bbox 2368 3625 2563 3695; x_wconf 90' lang='lat' dir='ltr'><strong>gemitu</strong></span> <span class='ocrx_word' id='word_1_712' title='bbox 2602 3624 2943 3678; x_wconf 86' lang='lat' dir='ltr'><strong>mussitantes</strong></span> <span class='ocrx_word' id='word_1_713' title='bbox 2990 3639 3097 3677; x_wconf 91' lang='lat' dir='ltr'><strong>non</strong></span> <span class='ocrx_word' id='word_1_714' title='bbox 3133 3624 3384 3678; x_wconf 90' lang='lat' dir='ltr'><strong>dubitarit</strong></span> <span class='ocrx_word' id='word_1_715' title='bbox 3427 3624 3814 3693; x_wconf 83' lang='lat' dir='ltr'><strong>rebaptizaudo</strong></span> 
     </span>
    </p>
   </div>
   <div class='ocr_carea' id='block_1_99' title="bbox 2227 3712 3812 3787">
    <p class='ocr_par' dir='ltr' id='par_1_99' title="bbox 2227 3712 3812 3787">
     <span class='ocr_line' id='line_1_99' title="bbox 2227 3712 3812 3787; baseline -0.002 -18"><span class='ocrx_word' id='word_1_716' title='bbox 2227 3715 2567 3785; x_wconf 82' lang='lat' dir='ltr'><strong>submergere</strong></span> <span class='ocrx_word' id='word_1_717' title='bbox 2585 3712 2750 3787; x_wconf 82' lang='lat' dir='ltr'><strong>(Cant.</strong></span> <span class='ocrx_word' id='word_1_718' title='bbox 2776 3714 2988 3767; x_wconf 81' lang='lat' dir='ltr'><strong>Litteras</strong></span> <span class='ocrx_word' id='word_1_719' title='bbox 3010 3713 3185 3779; x_wconf 84' lang='lat' dir='ltr'><strong>Petil.,</strong></span> <span class='ocrx_word' id='word_1_720' title='bbox 3211 3714 3297 3768; x_wconf 81' lang='lat' dir='ltr'><strong>lib.</strong></span> <span class='ocrx_word' id='word_1_721' title='bbox 3315 3713 3369 3780; x_wconf 90' lang='lat'><strong>2,</strong></span> <span class='ocrx_word' id='word_1_722' title='bbox 3390 3730 3435 3767; x_wconf 88' lang='lat' dir='ltr'><strong>c.</strong></span> <span class='ocrx_word' id='word_1_723' title='bbox 3453 3714 3541 3779; x_wconf 75' lang='lat'><strong>83,</strong></span> <span class='ocrx_word' id='word_1_724' title='bbox 3565 3732 3617 3767; x_wconf 85' lang='grc' dir='ltr'><strong>η.</strong></span> <span class='ocrx_word' id='word_1_725' title='bbox 3652 3712 3812 3785; x_wconf 72' lang='grc'><strong>184).</strong></span> 
     </span>
    </p>
   </div>
   <div class='ocr_carea' id='block_1_100' title="bbox 2228 3804 3814 3879">
    <p class='ocr_par' dir='ltr' id='par_1_100' title="bbox 2228 3804 3814 3879">
     <span class='ocr_line' id='line_1_100' title="bbox 2228 3804 3814 3879; baseline -0.001 -18"><span class='ocrx_word' id='word_1_726' title='bbox 2228 3808 2550 3879; x_wconf 88' lang='lat' dir='ltr'><strong>Augustinus</strong></span> <span class='ocrx_word' id='word_1_727' title='bbox 2575 3806 2799 3860; x_wconf 88' lang='lat' dir='ltr'><strong>luctuosi</strong></span> <span class='ocrx_word' id='word_1_728' title='bbox 2821 3804 3042 3875; x_wconf 90' lang='lat' dir='ltr'><strong>hujusce</strong></span> <span class='ocrx_word' id='word_1_729' title='bbox 3067 3804 3189 3860; x_wconf 88' lang='lat' dir='ltr'><strong>facti</strong></span> <span class='ocrx_word' id='word_1_730' title='bbox 3212 3805 3394 3860; x_wconf 89' lang='lat' dir='ltr'><strong>dolore</strong></span> <span class='ocrx_word' id='word_1_731' title='bbox 3420 3821 3654 3876; x_wconf 85' lang='lat' dir='ltr'><strong>pressus.</strong></span> <span class='ocrx_word' id='word_1_732' title='bbox 3683 3804 3814 3861; x_wconf 88' lang='lat' dir='ltr'><strong>Cri-</strong></span> 
     </span>
    </p>
   </div>
   <div class='ocr_carea' id='block_1_101' title="bbox 2229 3895 3815 3967">
    <p class='ocr_par' dir='ltr' id='par_1_101' title="bbox 2229 3895 3815 3967">
     <span class='ocr_line' id='line_1_101' title="bbox 2229 3895 3815 3967; baseline -0.001 -15"><span class='ocrx_word' id='word_1_733' title='bbox 2229 3898 2381 3967; x_wconf 93' lang='lat' dir='ltr'><strong>spino</strong></span> <span class='ocrx_word' id='word_1_734' title='bbox 2433 3911 2529 3967; x_wconf 90' lang='lat' dir='ltr'><strong>per</strong></span> <span class='ocrx_word' id='word_1_735' title='bbox 2566 3896 2772 3951; x_wconf 83' lang='lat' dir='ltr'><strong>litteras</strong></span> <span class='ocrx_word' id='word_1_736' title='bbox 2815 3895 3161 3967; x_wconf 85' lang='lat' dir='ltr'><strong>signiﬁcavit,</strong></span> <span class='ocrx_word' id='word_1_737' title='bbox 3222 3911 3281 3950; x_wconf 92' lang='lat' dir='ltr'><strong>se</strong></span> <span class='ocrx_word' id='word_1_738' title='bbox 3328 3896 3541 3966; x_wconf 92' lang='lat' dir='ltr'><strong>quidem</strong></span> <span class='ocrx_word' id='word_1_739' title='bbox 3587 3896 3815 3951; x_wconf 85' lang='lat' dir='ltr'><strong>efﬁcere</strong></span> 
     </span>
    </p>
   </div>
   <div class='ocr_carea' id='block_1_102' title="bbox 2228 3985 3813 4057">
    <p class='ocr_par' dir='ltr' id='par_1_102' title="bbox 2228 3985 3813 4057">
     <span class='ocr_line' id='line_1_102' title="bbox 2228 3985 3813 4057; baseline -0.001 -15"><span class='ocrx_word' id='word_1_740' title='bbox 2228 4003 2405 4057; x_wconf 89' lang='lat' dir='ltr'><strong>posse,</strong></span> <span class='ocrx_word' id='word_1_741' title='bbox 2438 3998 2493 4042; x_wconf 90' lang='lat' dir='ltr'><strong>ut</strong></span> <span class='ocrx_word' id='word_1_742' title='bbox 2520 3987 2703 4041; x_wconf 89' lang='lat' dir='ltr'><strong>decem</strong></span> <span class='ocrx_word' id='word_1_743' title='bbox 2730 3987 2842 4041; x_wconf 89' lang='lat' dir='ltr'><strong>auri</strong></span> <span class='ocrx_word' id='word_1_744' title='bbox 2872 3985 3066 4057; x_wconf 91' lang='lat' dir='ltr'><strong>pondo,</strong></span> <span class='ocrx_word' id='word_1_745' title='bbox 3098 3986 3288 4056; x_wconf 87' lang='lat' dir='ltr'><strong>quibus</strong></span> <span class='ocrx_word' id='word_1_746' title='bbox 3316 3986 3543 4041; x_wconf 89' lang='lat' dir='ltr'><strong>clericos</strong></span> <span class='ocrx_word' id='word_1_747' title='bbox 3587 3987 3813 4042; x_wconf 71' lang='lat' dir='ltr'><strong>barreti-</strong></span> 
     </span>
    </p>
   </div>
   <div class='ocr_carea' id='block_1_103' title="bbox 2228 4076 3815 4141">
    <p class='ocr_par' dir='ltr' id='par_1_103' title="bbox 2228 4076 3815 4141">
     <span class='ocr_line' id='line_1_103' title="bbox 2228 4076 3815 4141; baseline -0.001 -9"><span class='ocrx_word' id='word_1_748' title='bbox 2228 4094 2319 4132; x_wconf 82' lang='lat' dir='ltr'><strong>eos</strong></span> <span class='ocrx_word' id='word_1_749' title='bbox 2331 4077 2664 4132; x_wconf 88' lang='lat' dir='ltr'><strong>Theodosius</strong></span> <span class='ocrx_word' id='word_1_750' title='bbox 2687 4078 2986 4141; x_wconf 89' lang='lat' dir='ltr'><strong>mulctarat,</strong></span> <span class='ocrx_word' id='word_1_751' title='bbox 3010 4077 3275 4138; x_wconf 88' lang='lat' dir='ltr'><strong>solveret;</strong></span> <span class='ocrx_word' id='word_1_752' title='bbox 3305 4076 3460 4130; x_wconf 90' lang='lat' dir='ltr'><strong>malle</strong></span> <span class='ocrx_word' id='word_1_753' title='bbox 3482 4084 3815 4130; x_wconf 87' lang='lat' dir='ltr'><strong>tamencum</strong></span> 
     </span>
    </p>
   </div>
   <div class='ocr_carea' id='block_1_104' title="bbox 2229 4166 3816 4238">
    <p class='ocr_par' dir='ltr' id='par_1_104' title="bbox 2229 4166 3816 4238">
     <span class='ocr_line' id='line_1_104' title="bbox 2229 4166 3816 4238; baseline -0.001 -15"><span class='ocrx_word' id='word_1_754' title='bbox 2229 4169 2538 4235; x_wconf 89' lang='lat' dir='ltr'><strong>admonere,</strong></span> <span class='ocrx_word' id='word_1_755' title='bbox 2562 4177 2621 4222; x_wconf 93' lang='lat' dir='ltr'><strong>ut</strong></span> <span class='ocrx_word' id='word_1_756' title='bbox 2658 4167 2785 4238; x_wconf 92' lang='lat' dir='ltr'><strong>quid</strong></span> <span class='ocrx_word' id='word_1_757' title='bbox 2824 4167 2935 4222; x_wconf 91' lang='lat' dir='ltr'><strong>Deo</strong></span> <span class='ocrx_word' id='word_1_758' title='bbox 2971 4166 3071 4237; x_wconf 92' lang='lat' dir='ltr'><strong>ipsi</strong></span> <span class='ocrx_word' id='word_1_759' title='bbox 3108 4180 3455 4236; x_wconf 88' lang='lat' dir='ltr'><strong>responsurus</strong></span> <span class='ocrx_word' id='word_1_760' title='bbox 3492 4168 3580 4233; x_wconf 92' lang='lat' dir='ltr'><strong>sit,</strong></span> <span class='ocrx_word' id='word_1_761' title='bbox 3623 4169 3816 4237; x_wconf 77' lang='lat' dir='ltr'><strong>provi-</strong></span> 
     </span>
    </p>
   </div>
   <div class='ocr_carea' id='block_1_105' title="bbox 2231 4256 3812 4327">
    <p class='ocr_par' dir='ltr' id='par_1_105' title="bbox 2231 4256 3812 4327">
     <span class='ocr_line' id='line_1_105' title="bbox 2231 4256 3812 4327; baseline -0.002 -13"><span class='ocrx_word' id='word_1_762' title='bbox 2231 4260 2354 4314; x_wconf 87' lang='lat' dir='ltr'><strong>deat</strong></span> <span class='ocrx_word' id='word_1_763' title='bbox 2411 4258 2597 4325; x_wconf 81' lang='lat' dir='ltr'><strong>:quod</strong></span> <span class='ocrx_word' id='word_1_764' title='bbox 2645 4259 2690 4313; x_wconf 93' lang='lat' dir='ltr'><strong>si</strong></span> <span class='ocrx_word' id='word_1_765' title='bbox 2740 4256 2970 4313; x_wconf 82' lang='lat' dir='ltr'><strong>afﬁrmet</strong></span> <span class='ocrx_word' id='word_1_766' title='bbox 3008 4256 3229 4311; x_wconf 90' lang='lat' dir='ltr'><strong>colonos</strong></span> <span class='ocrx_word' id='word_1_767' title='bbox 3274 4257 3660 4327; x_wconf 84' lang='lat' dir='ltr'><strong>Mappalienses</strong></span> <span class='ocrx_word' id='word_1_768' title='bbox 3710 4273 3812 4313; x_wconf 81' lang='lat' dir='ltr'><strong>sua</strong></span> 
     </span>
    </p>
   </div>
   <div class='ocr_carea' id='block_1_106' title="bbox 2232 4346 3809 4419">
    <p class='ocr_par' dir='ltr' id='par_1_106' title="bbox 2232 4346 3809 4419">
     <span class='ocr_line' id='line_1_106' title="bbox 2232 4346 3809 4419; baseline -0.001 -16"><span class='ocrx_word' id='word_1_769' title='bbox 2232 4359 2418 4419; x_wconf 77' lang='lat' dir='ltr'><strong>Sponte</strong></span> <span class='ocrx_word' id='word_1_770' title='bbox 2445 4349 2558 4416; x_wconf 92' lang='lat' dir='ltr'><strong>ejus</strong></span> <span class='ocrx_word' id='word_1_771' title='bbox 2583 4347 2878 4416; x_wconf 91' lang='lat' dir='ltr'><strong>suscepisse</strong></span> <span class='ocrx_word' id='word_1_772' title='bbox 2903 4346 3353 4412; x_wconf 88' lang='lat' dir='ltr'><strong>communionem,</strong></span> <span class='ocrx_word' id='word_1_773' title='bbox 3406 4355 3588 4415; x_wconf 90' lang='lat' dir='ltr'><strong>petere</strong></span> <span class='ocrx_word' id='word_1_774' title='bbox 3617 4362 3674 4401; x_wconf 90' lang='lat' dir='ltr'><strong>se</strong></span> <span class='ocrx_word' id='word_1_775' title='bbox 3696 4389 3713 4411; x_wconf 92' lang='lat'><strong>,</strong></span> <span class='ocrx_word' id='word_1_776' title='bbox 3748 4357 3809 4401; x_wconf 92' lang='lat' dir='ltr'><strong>ut</strong></span> 
     </span>
    </p>
   </div>
   <div class='ocr_carea' id='block_1_107' title="bbox 2236 4434 3819 4509">
    <p class='ocr_par' dir='ltr' id='par_1_107' title="bbox 2236 4434 3819 4509">
     <span class='ocr_line' id='line_1_107' title="bbox 2236 4434 3819 4509; baseline -0.001 -17"><span class='ocrx_word' id='word_1_777' title='bbox 2236 4441 2363 4509; x_wconf 87' lang='lat' dir='ltr'><strong>ipsis</strong></span> <span class='ocrx_word' id='word_1_778' title='bbox 2406 4438 2754 4508; x_wconf 68' lang='lat' dir='ltr'><strong>prmsentibus</strong></span> <span class='ocrx_word' id='word_1_779' title='bbox 2799 4437 3055 4492; x_wconf 88' lang='lat' dir='ltr'><strong>habeatur</strong></span> <span class='ocrx_word' id='word_1_780' title='bbox 3083 4434 3379 4505; x_wconf 89' lang='lat' dir='ltr'><strong>Crispinum</strong></span> <span class='ocrx_word' id='word_1_781' title='bbox 3429 4438 3567 4492; x_wconf 88' lang='lat' dir='ltr'><strong>inter</strong></span> <span class='ocrx_word' id='word_1_782' title='bbox 3609 4446 3663 4492; x_wconf 89' lang='lat' dir='ltr'><strong>et</strong></span> <span class='ocrx_word' id='word_1_783' title='bbox 3710 4440 3819 4491; x_wconf 80' lang='lat' dir='ltr'><strong>Au-</strong></span> 
     </span>
    </p>
   </div>
   <div class='ocr_carea' id='block_1_108' title="bbox 2231 4525 3818 4599">
    <p class='ocr_par' dir='ltr' id='par_1_108' title="bbox 2231 4525 3818 4599">
     <span class='ocr_line' id='line_1_108' title="bbox 2231 4525 3818 4599; baseline 0 -18"><span class='ocrx_word' id='word_1_784' title='bbox 2231 4528 2498 4599; x_wconf 87' lang='lat' dir='ltr'><strong>gustinum</strong></span> <span class='ocrx_word' id='word_1_785' title='bbox 2526 4528 2592 4581; x_wconf 88' lang='lat' dir='ltr'><strong>de</strong></span> <span class='ocrx_word' id='word_1_786' title='bbox 2616 4526 2867 4581; x_wconf 60' lang='lat' dir='ltr'><strong>Ecclesiae</strong></span> <span class='ocrx_word' id='word_1_787' title='bbox 2893 4541 3047 4580; x_wconf 86' lang='lat' dir='ltr'><strong>causa</strong></span> <span class='ocrx_word' id='word_1_788' title='bbox 3068 4525 3374 4595; x_wconf 88' lang='lat' dir='ltr'><strong>disputatio,</strong></span> <span class='ocrx_word' id='word_1_789' title='bbox 3396 4535 3586 4597; x_wconf 78' lang='lat' dir='ltr'><strong>etquae</strong></span> <span class='ocrx_word' id='word_1_790' title='bbox 3612 4528 3818 4581; x_wconf 87' lang='lat' dir='ltr'><strong>utrim-</strong></span> 
     </span>
    </p>
   </div>
   <div class='ocr_carea' id='block_1_109' title="bbox 2230 4616 3818 4687">
    <p class='ocr_par' dir='ltr' id='par_1_109' title="bbox 2230 4616 3818 4687">
     <span class='ocr_line' id='line_1_109' title="bbox 2230 4616 3818 4687; baseline 0.001 -16"><span class='ocrx_word' id='word_1_791' title='bbox 2230 4634 2333 4687; x_wconf 92' lang='lat' dir='ltr'><strong>que</strong></span> <span class='ocrx_word' id='word_1_792' title='bbox 2361 4618 2621 4682; x_wconf 89' lang='lat' dir='ltr'><strong>dicentur,</strong></span> <span class='ocrx_word' id='word_1_793' title='bbox 2647 4617 2843 4686; x_wconf 87' lang='lat' dir='ltr'><strong>seripta</strong></span> <span class='ocrx_word' id='word_1_794' title='bbox 2868 4626 3023 4686; x_wconf 91' lang='lat' dir='ltr'><strong>atque</strong></span> <span class='ocrx_word' id='word_1_795' title='bbox 3057 4616 3329 4686; x_wconf 85' lang='lat' dir='ltr'><strong>obsignata</strong></span> <span class='ocrx_word' id='word_1_796' title='bbox 3360 4616 3548 4671; x_wconf 91' lang='lat' dir='ltr'><strong>iisdem</strong></span> <span class='ocrx_word' id='word_1_797' title='bbox 3593 4619 3818 4673; x_wconf 89' lang='lat' dir='ltr'><strong>rusticis</strong></span> 
     </span>
    </p>
   </div>
   <div class='ocr_carea' id='block_1_110' title="bbox 2232 4706 3820 4778">
    <p class='ocr_par' dir='ltr' id='par_1_110' title="bbox 2232 4706 3820 4778">
     <span class='ocr_line' id='line_1_110' title="bbox 2232 4706 3820 4778; baseline 0.003 -20"><span class='ocrx_word' id='word_1_798' title='bbox 2232 4708 2420 4777; x_wconf 88' lang='lat' dir='ltr'><strong>punica</strong></span> <span class='ocrx_word' id='word_1_799' title='bbox 2451 4708 2621 4777; x_wconf 88' lang='lat' dir='ltr'><strong>lingua</strong></span> <span class='ocrx_word' id='word_1_800' title='bbox 2648 4715 3010 4776; x_wconf 78' lang='lat' dir='ltr'><strong>exponuntur;</strong></span> <span class='ocrx_word' id='word_1_801' title='bbox 3053 4706 3243 4775; x_wconf 85' lang='lat' dir='ltr'><strong>quibus</strong></span> <span class='ocrx_word' id='word_1_802' title='bbox 3294 4707 3543 4776; x_wconf 90' lang='lat' dir='ltr'><strong>peractis,</strong></span> <span class='ocrx_word' id='word_1_803' title='bbox 3574 4708 3679 4761; x_wconf 90' lang='lat' dir='ltr'><strong>illis</strong></span> <span class='ocrx_word' id='word_1_804' title='bbox 3716 4724 3820 4778; x_wconf 90' lang='lat' dir='ltr'><strong>per</strong></span> 
     </span>
    </p>
   </div>
   <div class='ocr_carea' id='block_1_111' title="bbox 2227 4797 3808 4869">
    <p class='ocr_par' dir='ltr' id='par_1_111' title="bbox 2227 4797 3808 4869">
     <span class='ocr_line' id='line_1_111' title="bbox 2227 4797 3808 4869; baseline 0.001 -16"><span class='ocrx_word' id='word_1_805' title='bbox 2227 4800 2532 4869; x_wconf 88' lang='lat' dir='ltr'><strong>Crispinum</strong></span> <span class='ocrx_word' id='word_1_806' title='bbox 2559 4808 2794 4868; x_wconf 90' lang='lat' dir='ltr'><strong>potestas</strong></span> <span class='ocrx_word' id='word_1_807' title='bbox 2822 4798 2931 4863; x_wconf 87' lang='lat' dir='ltr'><strong>ﬁat,</strong></span> <span class='ocrx_word' id='word_1_808' title='bbox 2963 4807 3132 4851; x_wconf 88' lang='lat' dir='ltr'><strong>utram</strong></span> <span class='ocrx_word' id='word_1_809' title='bbox 3156 4797 3338 4864; x_wconf 90' lang='lat' dir='ltr'><strong>velint,</strong></span> <span class='ocrx_word' id='word_1_810' title='bbox 3365 4801 3808 4854; x_wconf 90' lang='lat' dir='ltr'><strong>communionem</strong></span> 
     </span>
    </p>
   </div>
   <div class='ocr_carea' id='block_1_112' title="bbox 2229 4888 3810 4961">
    <p class='ocr_par' dir='ltr' id='par_1_112' title="bbox 2229 4888 3810 4961">
     <span class='ocr_line' id='line_1_112' title="bbox 2229 4888 3810 4961; baseline -0.001 -16"><span class='ocrx_word' id='word_1_811' title='bbox 2229 4890 2473 4961; x_wconf 87' lang='lat' dir='ltr'><strong>eligendi.</strong></span> <span class='ocrx_word' id='word_1_812' title='bbox 2508 4889 2672 4943; x_wconf 87' lang='lat' dir='ltr'><strong>Addit</strong></span> <span class='ocrx_word' id='word_1_813' title='bbox 2697 4895 2970 4958; x_wconf 84' lang='lat' dir='ltr'><strong>praeterea,</strong></span> <span class='ocrx_word' id='word_1_814' title='bbox 2996 4888 3038 4941; x_wconf 92' lang='lat' dir='ltr'><strong>si</strong></span> <span class='ocrx_word' id='word_1_815' title='bbox 3069 4902 3198 4957; x_wconf 88' lang='lat' dir='ltr'><strong>quas</strong></span> <span class='ocrx_word' id='word_1_816' title='bbox 3217 4890 3374 4943; x_wconf 91' lang='lat' dir='ltr'><strong>etiam</strong></span> <span class='ocrx_word' id='word_1_817' title='bbox 3400 4888 3581 4958; x_wconf 90' lang='lat' dir='ltr'><strong>plebes</strong></span> <span class='ocrx_word' id='word_1_818' title='bbox 3602 4890 3810 4960; x_wconf 85' lang='lat' dir='ltr'><strong>Crispi-</strong></span> 
     </span>
    </p>
   </div>
   <div class='ocr_carea' id='block_1_113' title="bbox 2228 4979 3820 5050">
    <p class='ocr_par' dir='ltr' id='par_1_113' title="bbox 2228 4979 3820 5050">
     <span class='ocr_line' id='line_1_113' title="bbox 2228 4979 3820 5050; baseline 0.001 -15"><span class='ocrx_word' id='word_1_819' title='bbox 2228 4996 2328 5035; x_wconf 90' lang='lat' dir='ltr'><strong>nus</strong></span> <span class='ocrx_word' id='word_1_820' title='bbox 2373 4988 2519 5050; x_wconf 86' lang='lat' dir='ltr'><strong>putet</strong></span> <span class='ocrx_word' id='word_1_821' title='bbox 2560 4988 2702 5034; x_wconf 90' lang='lat' dir='ltr'><strong>metu</strong></span> <span class='ocrx_word' id='word_1_822' title='bbox 2733 4979 3066 5033; x_wconf 87' lang='lat' dir='ltr'><strong>dominorum</strong></span> <span class='ocrx_word' id='word_1_823' title='bbox 3097 4988 3307 5034; x_wconf 90' lang='lat' dir='ltr'><strong>coactas</strong></span> <span class='ocrx_word' id='word_1_824' title='bbox 3337 4994 3366 5032; x_wconf 90' lang='lat' dir='ltr'><strong>a</strong></span> <span class='ocrx_word' id='word_1_825' title='bbox 3400 4980 3692 5034; x_wconf 89' lang='lat' dir='ltr'><strong>Donatistis</strong></span> <span class='ocrx_word' id='word_1_826' title='bbox 3717 4981 3820 5036; x_wconf 85' lang='lat' dir='ltr'><strong>de-</strong></span> 
     </span>
    </p>
   </div>
   <div class='ocr_carea' id='block_1_114' title="bbox 2226 5070 3817 5140">
    <p class='ocr_par' dir='ltr' id='par_1_114' title="bbox 2226 5070 3817 5140">
     <span class='ocr_line' id='line_1_114' title="bbox 2226 5070 3817 5140; baseline 0 -14"><span class='ocrx_word' id='word_1_827' title='bbox 2226 5073 2442 5127; x_wconf 88' lang='lat' dir='ltr'><strong>scivisse</strong></span> <span class='ocrx_word' id='word_1_828' title='bbox 2477 5111 2490 5135; x_wconf 94' lang='lat'><strong>,</strong></span> <span class='ocrx_word' id='word_1_829' title='bbox 2540 5085 2599 5125; x_wconf 90' lang='lat' dir='ltr'><strong>se</strong></span> <span class='ocrx_word' id='word_1_830' title='bbox 2645 5070 2947 5139; x_wconf 90' lang='lat' dir='ltr'><strong>neutiquam</strong></span> <span class='ocrx_word' id='word_1_831' title='bbox 2983 5083 3271 5136; x_wconf 89' lang='lat' dir='ltr'><strong>recusare,</strong></span> <span class='ocrx_word' id='word_1_832' title='bbox 3311 5070 3437 5139; x_wconf 89' lang='lat' dir='ltr'><strong>quin</strong></span> <span class='ocrx_word' id='word_1_833' title='bbox 3482 5070 3583 5125; x_wconf 92' lang='lat' dir='ltr'><strong>hoe</strong></span> <span class='ocrx_word' id='word_1_834' title='bbox 3633 5072 3817 5140; x_wconf 91' lang='lat' dir='ltr'><strong>ipsum</strong></span> 
     </span>
    </p>
   </div>
   <div class='ocr_carea' id='block_1_115' title="bbox 2225 5156 3820 5232">
    <p class='ocr_par' dir='ltr' id='par_1_115' title="bbox 2225 5156 3820 5232">
     <span class='ocr_line' id='line_1_115' title="bbox 2225 5156 3820 5232; baseline -0.002 -14"><span class='ocrx_word' id='word_1_835' title='bbox 2225 5172 2279 5218; x_wconf 92' lang='lat' dir='ltr'><strong>et</strong></span> <span class='ocrx_word' id='word_1_836' title='bbox 2326 5163 2395 5218; x_wconf 90' lang='lat' dir='ltr'><strong>ibi</strong></span> <span class='ocrx_word' id='word_1_837' title='bbox 2439 5162 2546 5225; x_wconf 88' lang='lat' dir='ltr'><strong>ﬁat,</strong></span> <span class='ocrx_word' id='word_1_838' title='bbox 2588 5162 2730 5230; x_wconf 91' lang='lat' dir='ltr'><strong>ipsos</strong></span> <span class='ocrx_word' id='word_1_839' title='bbox 2775 5160 2976 5214; x_wconf 87' lang='lat' dir='ltr'><strong>scilicet</strong></span> <span class='ocrx_word' id='word_1_840' title='bbox 3011 5160 3195 5213; x_wconf 87' lang='lat' dir='ltr'><strong>ambos</strong></span> <span class='ocrx_word' id='word_1_841' title='bbox 3222 5160 3454 5225; x_wconf 89' lang='lat' dir='ltr'><strong>audiant,</strong></span> <span class='ocrx_word' id='word_1_842' title='bbox 3486 5156 3669 5232; x_wconf 83' lang='lat' dir='ltr'><strong>iisque</strong></span> <span class='ocrx_word' id='word_1_843' title='bbox 3715 5177 3820 5215; x_wconf 88' lang='lat' dir='ltr'><strong>au-</strong></span> 
     </span>
    </p>
   </div>
   <div class='ocr_carea' id='block_1_116' title="bbox 2224 5249 3819 5320">
    <p class='ocr_par' dir='ltr' id='par_1_116' title="bbox 2224 5249 3819 5320">
     <span class='ocr_line' id='line_1_116' title="bbox 2224 5249 3819 5320; baseline 0 -14"><span class='ocrx_word' id='word_1_844' title='bbox 2224 5252 2346 5306; x_wconf 91' lang='lat' dir='ltr'><strong>ditis</strong></span> <span class='ocrx_word' id='word_1_845' title='bbox 2394 5252 2589 5320; x_wconf 89' lang='lat' dir='ltr'><strong>eligant</strong></span> <span class='ocrx_word' id='word_1_846' title='bbox 2630 5249 2771 5319; x_wconf 91' lang='lat' dir='ltr'><strong>quod</strong></span> <span class='ocrx_word' id='word_1_847' title='bbox 2822 5250 3096 5319; x_wconf 90' lang='lat' dir='ltr'><strong>placuerit.</strong></span> <span class='ocrx_word' id='word_1_848' title='bbox 3144 5249 3347 5316; x_wconf 89' lang='lat' dir='ltr'><strong>Quibus</strong></span> <span class='ocrx_word' id='word_1_849' title='bbox 3388 5259 3445 5304; x_wconf 92' lang='lat' dir='ltr'><strong>ut</strong></span> <span class='ocrx_word' id='word_1_850' title='bbox 3485 5251 3819 5320; x_wconf 83' lang='lat' dir='ltr'><strong>respondeat</strong></span> 
     </span>
    </p>
   </div>
   <div class='ocr_carea' id='block_1_117' title="bbox 2224 5340 3817 5412">
    <p class='ocr_par' dir='ltr' id='par_1_117' title="bbox 2224 5340 3817 5412">
     <span class='ocr_line' id='line_1_117' title="bbox 2224 5340 3817 5412; baseline -0.002 -14"><span class='ocrx_word' id='word_1_851' title='bbox 2224 5343 2529 5412; x_wconf 89' lang='lat' dir='ltr'><strong>Crispinus,</strong></span> <span class='ocrx_word' id='word_1_852' title='bbox 2567 5357 2687 5395; x_wconf 93' lang='lat' dir='ltr'><strong>eum</strong></span> <span class='ocrx_word' id='word_1_853' title='bbox 2732 5355 2826 5409; x_wconf 91' lang='lat' dir='ltr'><strong>per</strong></span> <span class='ocrx_word' id='word_1_854' title='bbox 2872 5340 3150 5393; x_wconf 91' lang='lat' dir='ltr'><strong>Dominum</strong></span> <span class='ocrx_word' id='word_1_855' title='bbox 3192 5340 3462 5394; x_wconf 91' lang='lat' dir='ltr'><strong>Christum</strong></span> <span class='ocrx_word' id='word_1_856' title='bbox 3506 5341 3817 5395; x_wconf 86' lang='lat' dir='ltr'><strong>obtestatur</strong></span> 
     </span>
    </p>
   </div>
   <div class='ocr_carea' id='block_1_118' title="bbox 2227 5430 3813 5504">
    <p class='ocr_par' dir='ltr' id='par_1_118' title="bbox 2227 5430 3813 5504">
     <span class='ocr_line' id='line_1_118' title="bbox 2227 5430 3813 5504; baseline 0.001 -19"><span class='ocrx_word' id='word_1_857' title='bbox 2227 5432 2424 5504; x_wconf 77' lang='lat' dir='ltr'><strong>(Epist.</strong></span> <span class='ocrx_word' id='word_1_858' title='bbox 2456 5432 2544 5498; x_wconf 85' lang='lat'><strong>66,</strong></span> <span class='ocrx_word' id='word_1_859' title='bbox 2590 5448 2679 5484; x_wconf 84' lang='lat' dir='ltr'><strong>nn.</strong></span> <span class='ocrx_word' id='word_1_860' title='bbox 2734 5432 2785 5493; x_wconf 79' lang='grc'><strong>1,</strong></span> <span class='ocrx_word' id='word_1_861' title='bbox 2824 5430 2921 5499; x_wconf 91' lang='lat'><strong>2).</strong></span> <span class='ocrx_word' id='word_1_862' title='bbox 2951 5431 3263 5500; x_wconf 90' lang='lat' dir='ltr'><strong>Quanquam</strong></span> <span class='ocrx_word' id='word_1_863' title='bbox 3310 5431 3410 5485; x_wconf 90' lang='lat' dir='ltr'><strong>hoc</strong></span> <span class='ocrx_word' id='word_1_864' title='bbox 3444 5446 3549 5485; x_wconf 94' lang='lat' dir='ltr'><strong>non</strong></span> <span class='ocrx_word' id='word_1_865' title='bbox 3595 5441 3813 5500; x_wconf 86' lang='lat' dir='ltr'><strong>poterat</strong></span> 
     </span>
    </p>
   </div>
   <div class='ocr_carea' id='block_1_119' title="bbox 2224 5519 3815 5589">
    <p class='ocr_par' dir='ltr' id='par_1_119' title="bbox 2224 5519 3815 5589">
     <span class='ocr_line' id='line_1_119' title="bbox 2224 5519 3815 5589; baseline 0.001 -14"><span class='ocrx_word' id='word_1_866' title='bbox 2224 5521 2497 5589; x_wconf 88' lang='lat' dir='ltr'><strong>Crispinus</strong></span> <span class='ocrx_word' id='word_1_867' title='bbox 2556 5520 2841 5589; x_wconf 90' lang='lat' dir='ltr'><strong>defugere,</strong></span> <span class='ocrx_word' id='word_1_868' title='bbox 2890 5520 3014 5589; x_wconf 91' lang='lat' dir='ltr'><strong>quin</strong></span> <span class='ocrx_word' id='word_1_869' title='bbox 3066 5519 3221 5572; x_wconf 88' lang='lat' dir='ltr'><strong>simul</strong></span> <span class='ocrx_word' id='word_1_870' title='bbox 3273 5534 3333 5574; x_wconf 89' lang='lat' dir='ltr'><strong>se</strong></span> <span class='ocrx_word' id='word_1_871' title='bbox 3386 5519 3526 5573; x_wconf 89' lang='lat' dir='ltr'><strong>haud</strong></span> <span class='ocrx_word' id='word_1_872' title='bbox 3578 5521 3815 5577; x_wconf 87' lang='lat' dir='ltr'><strong>veritate</strong></span> 
     </span>
    </p>
   </div>
   <div class='ocr_carea' id='block_1_120' title="bbox 2225 5609 3812 5675">
    <p class='ocr_par' dir='ltr' id='par_1_120' title="bbox 2225 5609 3812 5675">
     <span class='ocr_line' id='line_1_120' title="bbox 2225 5609 3812 5675; baseline 0 -10"><span class='ocrx_word' id='word_1_873' title='bbox 2225 5612 2317 5666; x_wconf 90' lang='lat' dir='ltr'><strong>niti</strong></span> <span class='ocrx_word' id='word_1_874' title='bbox 2347 5612 2638 5666; x_wconf 91' lang='lat' dir='ltr'><strong>declararet</strong></span> <span class='ocrx_word' id='word_1_875' title='bbox 2668 5628 2679 5661; x_wconf 95' lang='lat'>:</span> <span class='ocrx_word' id='word_1_876' title='bbox 2708 5609 2822 5665; x_wconf 90' lang='lat' dir='ltr'><strong>veri</strong></span> <span class='ocrx_word' id='word_1_877' title='bbox 2865 5616 3038 5663; x_wconf 89' lang='lat' dir='ltr'><strong>tamen</strong></span> <span class='ocrx_word' id='word_1_878' title='bbox 3090 5609 3267 5663; x_wconf 91' lang='lat' dir='ltr'><strong>simile</strong></span> <span class='ocrx_word' id='word_1_879' title='bbox 3306 5617 3388 5664; x_wconf 92' lang='lat' dir='ltr'><strong>est</strong></span> <span class='ocrx_word' id='word_1_880' title='bbox 3412 5651 3427 5675; x_wconf 94' lang='lat'><strong>,</strong></span> <span class='ocrx_word' id='word_1_881' title='bbox 3474 5610 3623 5664; x_wconf 91' lang='lat' dir='ltr'><strong>illum</strong></span> <span class='ocrx_word' id='word_1_882' title='bbox 3666 5626 3812 5666; x_wconf 86' lang='lat' dir='ltr'><strong>con-</strong></span> 
     </span>
    </p>
   </div>
   <div class='ocr_carea' id='block_1_121' title="bbox 2224 5701 3813 5772">
    <p class='ocr_par' dir='ltr' id='par_1_121' title="bbox 2224 5701 3813 5772">
     <span class='ocr_line' id='line_1_121' title="bbox 2224 5701 3813 5772; baseline 0 -12"><span class='ocrx_word' id='word_1_883' title='bbox 2224 5704 2477 5760; x_wconf 90' lang='lat' dir='ltr'><strong>ditionem</strong></span> <span class='ocrx_word' id='word_1_884' title='bbox 2535 5703 2751 5760; x_wconf 87' lang='lat' dir='ltr'><strong>miuime</strong></span> <span class='ocrx_word' id='word_1_885' title='bbox 2808 5716 2992 5757; x_wconf 89' lang='lat' dir='ltr'><strong>ausum</strong></span> <span class='ocrx_word' id='word_1_886' title='bbox 3055 5701 3297 5771; x_wconf 87' lang='lat' dir='ltr'><strong>accipere</strong></span> <span class='ocrx_word' id='word_1_887' title='bbox 3328 5743 3344 5772; x_wconf 91' lang='lat'><strong>,</strong></span> <span class='ocrx_word' id='word_1_888' title='bbox 3397 5716 3464 5757; x_wconf 92' lang='lat' dir='ltr'><strong>ne</strong></span> <span class='ocrx_word' id='word_1_889' title='bbox 3518 5701 3813 5760; x_wconf 77' lang='lat' dir='ltr'><strong>manifesta</strong></span> 
     </span>
    </p>
   </div>
  </div>
