3990 6360
261 318 358 376 315

260 434 430 491 clades
476 433 578 504 ipsi
626 434 809 489 esset,
866 436 1024 495 quam
1080 420 1241 489 fuga,

854 516 1079 574 CAPUT
1118 514 1228 568 VII.

264 621 288 676 1
315 616 668 676 Controversia
709 611 1040 683 Augustinum
1067 609 1197 660 inter
1222 621 1288 673 ac.
1310 602 1549 658 Severum
1585 600 1832 655 Milevita-

322 726 443 765 num
491 717 695 777 propter
747 702 1059 757 Timotheum
1104 706 1298 751 exorta.
1343 696 1379 750 2
1430 694 1581 748 Hunc
1625 693 1829 759 Severo,

325 801 575 856 obstinate
612 799 760 853 illum
795 792 1092 864 reposcenti,
1130 790 1281 843 mittit
1307 787 1637 857 Augustinus.
1665 786 1700 841 '5
1732 784 1832 838 0r-

329 892 598 945 natissima
650 888 878 943 laudatio
903 884 1183 955 Augustino
1217 881 1336 934 data
1360 896 1391 933 a
1414 878 1615 934 Severo.
1651 877 1687 931 4
1724 876 1833 930 Au-

325 981 519 1051 gustini
537 980 798 1049 responsio
823 977 891 1030 ad
916 975 1007 1031 sibi
1026 974 1195 1027 datam
1212 972 1273 1026 ab
1293 971 1453 1024 amico
1472 969 1832 1024 laudationem.

324 1072 359 1128 5
388 1070 724 1125 Necessitudo
751 1078 938 1137 quanta
962 1064 1244 1136 Augustino
1274 1069 1380 1117 erat
1412 1077 1524 1114 cum
1554 1060 1757 1125 Severo,
1789 1066 1836 1112 et

330 1163 509 1232 capita
531 1161 761 1229 quasdam
786 1176 849 1213 ea:
872 1158 1025 1227 hujus
1045 1155 1271 1208 historia.

327 1256 380 1309 1.
407 1255 635 1323 Scripta:
677 1260 801 1307 sunt
844 1252 1055 1305 circiter
1095 1248 1147 1302 id
1192 1246 1443 1316 temporis
1488 1243 1726 1313 epistola:
1772 1240 1839 1296 ad

260 1346 515 1401 Severum
555 1344 675 1398 dua:
712 1342 911 1413 (Epist.
960 1340 1048 1405 62,
1086 1349 1131 1393 et
1162 1338 1328 1409 Epist.
1356 1337 1495 1407 65),
1539 1335 1841 1390 Milevitano

258 1437 488 1492 concilio
516 1434 775 1497 nondum,
819 1443 875 1488 ut
898 1440 1081 1502 postea
1105 1430 1269 1486 visuri
1314 1442 1517 1492 sumus,
1549 1426 1837 1482 celebrato.

258 1530 493 1583 Severus
522 1527 609 1581 ille
629 1527 744 1580 sine
765 1523 1131 1580 controversia
1161 1522 1297 1577 idem
1326 1529 1409 1576 est
1430 1520 1537 1590 qui,
1567 1528 1685 1589 post
1710 1534 1839 1572 exa-

259 1631 371 1675 ctos
393 1619 443 1672 in
477 1619 805 1672 monasterio
834 1615 1108 1684 Augustini
1131 1614 1331 1682 aliquot
1365 1626 1554 1677 annos,
1585 1610 1841 1664 Milevita-

260 1728 357 1766 nus
386 1710 671 1780 episcopus
701 1718 909 1763 creatus
934 1715 1015 1762 est
1042 1704 1196 1776 (Vide
1224 1720 1401 1773 supra,
1437 1701 1524 1756 lib.
1558 1703 1611 1768 5,
1639 1717 1753 1771 cap.
1786 1700 1840 1767 5,

262 1820 313 1856 π.
338 1802 409 1873 5)
446 1821 461 1857 :
509 1803 560 1855 in
606 1817 707 1869 qua
748 1798 873 1854 sede
912 1813 1019 1853 non
1074 1810 1257 1865 parum
1298 1791 1703 1847 existimationis
1733 1789 1844 1859 jam

262 1904 371 1948 tum
413 1893 516 1946 sibi
551 1899 968 1960 comparaverat,
999 1904 1119 1942 cum
1146 1885 1423 1940 Paulinum
1466 1883 1580 1952 ejus
1606 1880 1842 1946 nomine,

261 1988 376 2055 ipse
395 1985 462 2039 ad
499 1985 857 2053 episcopatum
888 1980 1059 2033 adhuc
1096 1993 1282 2035 recens
1308 1983 1523 2029 evectus
1544 2015 1557 2037 ,
1587 1972 1844 2043 Augusti-

263 2094 370 2131 nus
395 2077 574 2131 amicis
601 2074 777 2129 verhis
821 2071 1080 2127 salutabat
1106 2067 1313 2141 (Epist.
1346 2067 1434 2131 51,
1464 2082 1518 2119 n.
1563 2064 1648 2135 9).
1682 2064 1848 2119 Seve-

265 2182 364 2222 rus
385 2181 591 2235 quoque
615 2166 813 2217 litteras
835 2162 898 2215 ad
928 2161 1201 2215 Paulinum
1231 2166 1355 2211 tunc
1379 2156 1675 2210 destinasse
1701 2153 1846 2207 video

264 2264 350 2311 tur
375 2273 393 2309 :
418 2271 539 2309 cum
566 2255 651 2309 hic
676 2254 909 2307 laetitiam
938 2266 1109 2315 suam,
1139 2249 1209 2304 ob
1253 2256 1500 2316 acceptas
1527 2246 1592 2299 ab
1621 2261 1686 2301 eo
1712 2244 1847 2299 sicut

262 2356 315 2401 et
341 2345 412 2399 ab
452 2346 572 2399 aliis
614 2343 972 2413 compluribus
992 2340 1192 2396 sanctis
1231 2353 1293 2393 ac
1320 2336 1711 2392 venerabilibus
1738 2334 1848 2403 epi-

263 2438 437 2505 scopis
463 2437 703 2498 litteras,
747 2435 1056 2489 testiticetur
1090 2431 1280 2505 (Epist.
1310 2432 1379 2486 32
1407 2472 1422 2495 ,
1451 2447 1505 2482 η.
1538 2427 1621 2500 1).
1656 2427 1847 2481 Profu-

263 2539 408 2581 turus
434 2526 699 2581 Cirtensis
734 2527 1008 2595 aliquanto
1031 2532 1147 2592 post
1169 2523 1238 2576 ab
1260 2521 1553 2590 Augustino
1579 2518 1676 2573 fuit
1698 2534 1851 2588 roga-

265 2630 367 2685 tus,
396 2629 456 2673 ut
481 2621 600 2687 ejus
629 2621 841 2672 nomine
886 2618 1162 2680 Severum,
1189 2613 1256 2669 ad
1290 2629 1447 2684 quem
1472 2612 1568 2680 ipsi
1599 2626 1690 2681 per
1712 2621 1848 2665 tem-

262 2728 362 2779 pus
390 2727 500 2765 nou
523 2711 725 2766 licebat
750 2709 1003 2773 scribere,
1032 2707 1287 2763 salutaret
1313 2706 1330 2775 (
1355 2703 1518 2773 Epist.
1552 2703 1640 2768 58,
1672 2719 1724 2755 n.
1756 2702 1846 2773 5).

260 2802 446 2858 Ortum
474 2818 629 2855 suum
649 2788 878 2856 Severus
898 2799 1070 2854 cidem
1094 2795 1477 2858 urbidebebat,
1497 2804 1652 2863 atque
1673 2794 1850 2861 Augu-

262 2895 455 2958 stinus,
480 2904 534 2947 et
565 2908 665 2945 una
693 2892 851 2945 ambo
881 2890 972 2945 diu
1002 2889 1333 2957 multumque
1354 2886 1533 2939 divino
1558 2883 1723 2939 verbo
1751 2898 1849 2953 pa~

266 2987 332 3039 sti
353 2984 561 3039 fuerant
593 2983 798 3058 (Epist.
833 2983 922 3049 84,
951 2999 1002 3035 n.
1038 2978 1103 3052 1)
1140 2998 1153 3035 :
1184 2987 1245 3034 ut
1274 2976 1659 3048 quantumlibet
1680 2976 1851 3029 valeat

269 3090 494 3129 concors
543 3075 761 3128 fraterni
799 3072 1069 3142 sanguinis
1103 3068 1445 3145 germanitas,
1491 3067 1629 3120 nulla
1672 3074 1849 3119 tamen

264 3166 505 3221 vinceret
522 3165 770 3220 amicitia:
795 3162 1083 3226 vinculum,
1111 3174 1217 3229 quo
1245 3159 1345 3212 sibi
1382 3157 1603 3210 invicem
1626 3154 1852 3209 ittltmre-

261 3256 407 3310 bant.
438 3255 629 3323 Neque
678 3263 853 3309 tamen
881 3252 931 3306 id
962 3250 1249 3321 prohibuit.
1279 3248 1563 3318 quominus
1593 3246 1730 3300 inter
1756 3258 1851 3299 eos

262 3346 509 3399 nonnihil
538 3345 818 3399 discordia:
844 3342 1189 3397 suboriretur.
1212 3340 1319 3393 Res
1340 3338 1551 3408 quidem
1572 3336 1711 3391 baud
1739 3351 1854 3390 me-

261 3438 519 3492 diocriter
567 3438 810 3490 intricata
847 3443 972 3489 est:
1009 3441 1373 3489 verumtamen
1411 3431 1512 3485 hoc
1552 3446 1668 3485 eam
1696 3439 1849 3499 pacto

260 3532 501 3600 expediri
549 3546 709 3602 posse
750 3529 1087 3583 arbitramur.
1126 3528 1369 3595 Coeperat
1410 3524 1625 3595 quidam
1668 3524 1851 3577 Timo-

264 3623 418 3678 theus
466 3624 608 3692 apud
639 3623 931 3677 Subsanam
959 3662 974 3686 ,
1006 3618 1362 3689 Hipponensis
1390 3616 1703 3681 dimceseos,
1729 3630 1854 3671 nec-

262 3728 365 3767 non
413 3715 541 3766 aliis
587 3711 900 3783 quibusdam
936 3712 988 3765 in
1018 3710 1273 3765 Ecclesiis
1296 3752 1311 3775 ,
1343 3708 1410 3763 ad
1434 3709 1673 3763 eamdem
1719 3708 1852 3762 forte

262 3805 540 3861 dimcesim
582 3806 985 3875 pertinentibus,
1036 3803 1244 3873 publice
1289 3801 1592 3871 Scripturas
1648 3802 1847 3870 legere.

261 3894 609 3965 Quapropter
647 3896 696 3950 ei
744 3895 954 3949 lectoris
1002 3894 1074 3948 ibi
1113 3907 1304 3947 munus
1333 3892 1546 3961 adepto,
1592 3891 1659 3945 ad
1696 3891 1851 3945 aliam

263 3982 563 4037 Ecclesiam
629 3978 854 4033 transire
912 3978 1111 4032 licitum
1162 3992 1267 4031 non
1313 3984 1445 4031 erat.
1500 3976 1852 4031 Nihilominus

265 4083 440 4127 tamen
460 4072 637 4139 ipsum
658 4070 725 4124 de
745 4068 971 4138 petendo
990 4069 1177 4122 Milevo
1198 4068 1458 4137 cogitasse
1480 4068 1847 4137 intelligimus.

270 4164 445 4217 Vetuit
477 4162 697 4232 quidem
726 4162 955 4215 Severus
982 4176 1047 4215 ne
1076 4160 1144 4214 ad
1173 4174 1232 4215 se
1256 4159 1445 4224 adiret,
1480 4160 1580 4213 nisi
1610 4176 1732 4213 cum
1759 4174 1851 4214 ve-

267 4257 353 4308 nia
374 4254 719 4315 Carcedonii,
742 4253 831 4321 qui
854 4262 1026 4307 utrum
1058 4252 1411 4307 Subsanensis
1439 4251 1713 4321 presbyter
1732 4251 1849 4306 fue-

265 4347 354 4408 rit,
384 4360 579 4408 necne,
610 4343 749 4397 haud
778 4343 906 4397 satis
927 4351 1152 4395 constat.
1185 4341 1267 4395 Ad
1295 4341 1441 4394 illum
1471 4350 1647 4395 tamen
1667 4341 1849 4395 Timo-

266 4438 444 4503 theus,
478 4436 677 4490 nullam
695 4435 832 4505 jussi
854 4435 1009 4504 hujus
1031 4434 1292 4488 rationem
1317 4434 1540 4500 habens,
1565 4449 1661 4488 nec
1688 4434 1850 4502 petito

264 4528 584 4583 Carcedonii
632 4543 892 4582 consensu
916 4569 930 4591 ,
965 4542 1023 4581 sc
1051 4527 1290 4581 contulit.
1316 4526 1489 4596 Atque
1533 4526 1647 4581 haec
1692 4528 1851 4582 totius

265 4620 365 4673 fuit
387 4619 598 4674 discidii
628 4619 776 4687 origo
808 4616 1009 4690 (Epist.
1029 4618 1115 4683 65,
1145 4635 1232 4671 nn.
1263 4619 1315 4683 1,
1348 4616 1436 4689 2).
1461 4616 1590 4671 Nam
1621 4633 1742 4672 cum
1771 4619 1849 4672 ei-

262 4714 389 4768 dem
418 4712 671 4773 Severus,
705 4720 760 4765 ut
792 4727 883 4779 par
912 4718 1048 4776 erat,
1089 4720 1274 4764 auctor
1294 4710 1494 4773 fuisset,
1525 4719 1581 4764 ut
1619 4710 1684 4763 ad
1711 4709 1850 4765 Sub-

263 4821 450 4859 sanam
480 4805 685 4859 rediret
710 4803 819 4857 Deo
846 4802 1039 4857 ibidem
1059 4802 1471 4866 ministraturus,
1501 4801 1587 4856 hic
1613 4803 1851 4871 interpo-

261 4900 372 4951 sito
398 4894 769 4965 jurejurando
791 4892 1093 4957 afﬁrmavit,
1118 4908 1178 4946 se
1202 4893 1267 4947 ab
1298 4892 1413 4961 ipso
1440 4892 1581 4946 nulla
1614 4908 1843 4962 unquam

258 5002 425 5040 causa
456 5000 794 5041 recessurum
824 4984 1027 5054 (Epist.
1060 4984 1150 5048 6'2,
1183 5001 1236 5036 n.
1264 4982 1349 5052 2).
1382 4982 1611 5053 Contigit
1634 4992 1805 5037 tamen
1832 5027 1847 5051 ,

260 5089 321 5132 ut
356 5078 657 5133 Subsanam
687 5085 969 5145 repeteret.
1002 5075 1209 5129 Interea
1240 5075 1466 5130 Severus
1509 5092 1629 5129 cum
1669 5079 1849 5146 Augu-

260 5171 409 5223 stino
451 5184 760 5225 sermonem
787 5166 1027 5231 contulit,
1078 5166 1235 5236 idque
1271 5165 1406 5220 forte
1449 5166 1717 5234 llippone;
1755 5183 1851 5221 nec

260 5264 337 5316 ob
368 5263 525 5316 aliam
563 5260 750 5331 procul
796 5259 959 5314 dubio
984 5273 1220 5326 causam,
1272 5258 1370 5311 nisi
1400 5266 1454 5312 ut
1482 5259 1549 5312 ab
1577 5274 1642 5313 eo
1668 5258 1849 5315 Timo-

263 5356 452 5407 theum
480 5355 817 5422 impetraret.
842 5352 1037 5406 Verum
1063 5351 1188 5405 dum
1205 5352 1528 5421 Augustinus
1554 5367 1731 5406 secum
1763 5368 1849 5407 re-

261 5453 433 5513 putat,
466 5443 596 5513 quid
619 5442 687 5497 de
712 5443 803 5497 illo
827 5442 1163 5497 statuendum
1194 5442 1283 5505 sit,
1328 5450 1472 5495 ratus
1499 5441 1755 5497 Severum
1778 5458 1845 5497 ex

259 5536 461 5590 collato
483 5536 712 5590 invicem
743 5550 991 5591 sermone
1020 5534 1207 5589 adduci
1238 5535 1495 5604 potuisse,
1516 5543 1574 5589 ut
1598 5536 1741 5589 illum
1768 5552 1850 5591 se-

261 5638 385 5677 cum
411 5640 534 5679 essc
564 5633 837 5694 pateretur
858 5666 871 5689 ,
905 5624 1151 5679 eumdem
1186 5624 1441 5679 Subsanaz
1468 5625 1846 5681 subdiaconum

262 5716 530 5785 ordinari,
552 5717 668 5787 ejus
689 5716 945 5773 Ecclesiis
968 5717 1245 5788 presbyter
1264 5725 1320 5773 et
1346 5717 1482 5773 alius
1506 5717 1719 5787 quidam
1746 5720 1847 5777 Ve-

1290 414 1677 487 prOpudiosior.

1621 294 1820 353 LIBER
1860 292 2173 361 QUINTUS.

3403 309 3510 368 3M

1936 409 2086 463 riuus
2110 419 2302 479 prmter
2319 414 2598 470 consilium
2628 426 2681 472 et
2709 418 3033 474 voluntatem
3064 422 3358 491 Augustini,
3391 442 3513 493 pro-

1935 511 2121 554 curant
2150 500 2345 573 (Epist.
2372 505 2459 572 63,
2488 523 2541 559 η.
2571 508 2592 561 1
2618 508 2658 577 ).
2686 508 2802 563 Νοιι
2829 510 2896 563 ita
2921 512 3088 565 multo
3118 523 3234 581 post
3259 515 3509 583 August?

1938 608 2038 647 nus
2085 609 2205 648 cum
2237 595 2426 665 Alypio
2454 607 2507 651 et
2535 599 2782 669 episcopo
2816 601 3089 657 Samsucio
3128 604 3420 659 Subsanam
3450 620 3512 660 se

1938 688 2159 742 contulit
2189 688 2385 759 (Epist.
2430 690 2518 755 62,
2548 708 2601 744 η.
2642 690 2738 763 1),
2765 694 2851 747 ubi
2889 694 2955 748 de
2996 696 3059 749 iis
3094 713 3208 767 qua!
3239 713 3330 767 per
3360 714 3509 752 suam

1939 779 2172 848 ipsorum
2194 780 2485 836 absentiam
2508 792 2560 837 et
2579 795 2765 839 contra
2785 788 3106 841 voluntatem
3130 788 3263 843 facta
3286 789 3511 855 fuerant,

1940 872 2233 939 quaestione
2258 872 2452 938 habita,
2489 890 2663 929 rerum
2691 892 2824 945 quas
2848 879 3307 947 acceperantalias
3331 879 3509 946 falsas,

1941 961 2069 1016 alias
2096 977 2267 1029 veras,
2316 963 2412 1018 sed
2456 980 2643 1020 omnes
2686 969 2936 1022 molestas
2965 984 3083 1025 esse
3111 983 3507 1040 compererunt.

1942 1050 2148 1119 Quibus
2179 1062 2351 1108 tamen
2372 1056 2591 1123 mederi,
2624 1059 2796 1127 quoad
2844 1070 3079 1128 potuere,
3116 1064 3304 1131 partim
3332 1065 3516 1133 objur-

1943 1146 2135 1215 gando,
2168 1149 2357 1216 partim
2382 1151 2667 1216 monendo,
2702 1155 2892 1221 partim
2914 1155 3113 1209 orando
3152 1158 3323 1212 conati
3350 1168 3470 1211 sunt
3499 1174 3515 1213 :

1944 1236 2270 1307 objurganda
2318 1240 2528 1309 quidem
2556 1258 2647 1295 eos
2668 1243 2756 1312 qui
2789 1245 2840 1297 in
2874 1245 2972 1299 hoc
3014 1255 3122 1299 toto
3156 1250 3365 1316 negotio
3390 1249 3520 1305 deli-

1946 1335 2194 1396 querant;
2225 1338 2331 1382 tum
2360 1346 2485 1384 vero
2511 1332 2627 1395 hos,
2658 1333 2896 1403 aliosque
2925 1337 3206 1399 monendo,
3239 1338 3361 1406 quid
3386 1338 3513 1407 ipsis

1947 1418 2001 1471 in
2027 1430 2298 1487 posterum
2337 1424 2692 1491 praestandum
2734 1436 2908 1491 esset,
2938 1443 3043 1495 quo
3068 1444 3183 1497 qua:
3215 1429 3350 1483 male
3381 1432 3520 1484 facta

1947 1507 2154 1563 fuerant
2183 1512 2597 1580 corrigerentur.
2642 1514 2847 1569 Orando
2876 1527 3061 1582 autem,
3094 1528 3151 1572 ut
3192 1521 3370 1574 verbis
3398 1530 3518 1574 uta-

1947 1615 2068 1654 mur
2102 1601 2398 1669 Augustini,
2428 1604 2733 1657 correximus
2758 1622 2847 1659 nos
2872 1607 3027 1675 ipsos,
3054 1619 3171 1661 utet
3202 1610 3520 1679 gubernatio-

1948 1707 2035 1744 nes
2082 1700 2127 1743 et
2176 1692 2336 1745 exitus
2367 1703 2649 1746 nostrorum
2691 1696 3011 1749 consiliorum
3040 1700 3396 1753 misericordia:
3425 1699 3521 1754 Dei

1949 1783 2443 1848 comntendaremus;
2469 1794 2513 1836 et
2543 1786 2585 1837 si
2605 1785 2724 1853 quid
2750 1787 3105 1856 indignationis
3127 1807 3215 1843 nos
3246 1792 3523 1844 momorde-

1950 1884 2048 1939 rat,
2078 1875 2169 1928 sub
2200 1876 2336 1929 illius
2363 1876 2708 1930 medicinalem
2730 1879 2985 1931 dexteram
3011 1882 3339 1951 confugiendo
3364 1899 3517 1936 sana-

1950 1964 2336 2034 remur(Epist.
2365 1967 2453 2033 63,
2486 1985 2536 2019 n.
2568 1966 2657 2039 2).
2683 1968 2989 2023 Timotheus
3010 1986 3153 2032 vero,
3178 1987 3296 2025 cum
3318 1974 3363 2025 ei
3394 1989 3521 2042 per-

1952 2058 2175 2113 suadere
2192 2058 2504 2125 niterentur,
2525 2069 2581 2113 ut
2606 2076 2671 2114 ne
2698 2076 2726 2114 a
2743 2061 3065 2117 Subsanensi
3094 2062 3327 2117 Ecclesia
3349 2065 3523 2119 disce-

1953 2149 2121 2215 deret,
2146 2149 2316 2217 palam
2345 2159 2563 2204 testatus
2593 2162 2694 2215 est,
2736 2168 2795 2207 se
2817 2154 3163 2222 jurejurando
3192 2155 3518 2222 promisiSSe,

1953 2242 2019 2296 ab
2048 2241 2228 2295 Severi
2255 2241 2602 2296 contubernio
2625 2259 2683 2297 se
2709 2260 2974 2313 nunquam
2994 2245 3390 2309 abducendum;
3420 2262 3527 2315 quo

1956 2350 2095 2389 nexu
2124 2334 2225 2387 nisi
2254 2343 2538 2400 teneretur,
2573 2351 2775 2389 morem
2805 2337 2883 2390 eis
2911 2352 3096 2405 gerere
3121 2354 3223 2390 non
3256 2350 3528 2392 recusatu-

1954 2441 2095 2479 rum.
2122 2426 2219 2479 Cui
2246 2427 2413 2480 sancti
2444 2427 2696 2495 praesules
2717 2426 3169 2495 demonstrarunt,
3194 2430 3239 2481 si
3270 2430 3517 2495 Severus,

1955 2516 2102 2569 nullo
2131 2516 2243 2586 ipse
2272 2516 2879 2587 astrictusjurisjurandi
2906 2520 3135 2587 vinculo,
3168 2536 3289 2575 eum
3319 2538 3416 2575 suo
3441 2538 3530 2576 so-

1958 2608 2122 2660 lutum
2152 2608 2330 2672 vellet,
2355 2609 2787 2678 consentiretquc
2810 2620 2866 2663 ut
2898 2611 3097 2665 vitandi
3136 2612 3367 2665 scandali
3398 2627 3527 2683 ergo

1956 2700 2009 2753 in
2049 2700 2287 2754 Subsaua
2340 2710 2595 2765 maneret,
2632 2702 2683 2755 id
2714 2703 2811 2771 ipsi
2842 2702 2957 2756 sine
2998 2703 3099 2755 ulla
3133 2704 3349 2773 perjurii
3400 2713 3523 2757 nota

1956 2793 2154 2846 licitum
2178 2792 2310 2847 fore.
2329 2793 2531 2859 Quibus
2558 2793 2749 2848 auditis
2776 2795 2826 2848 id
2858 2796 3119 2863 prmstitit,
3148 2794 3289 2864 quod
3318 2810 3529 2848 servum

1957 2884 2073 2948 Dei,
2100 2892 2255 2953 atque
2280 2885 2528 2938 Ecclesia:
2556 2884 2718 2938 filium
2738 2884 2913 2939 facere
2940 2887 3214 2954 oportebat
3244 2886 3527 2940 :nimirum

1959 2977 2224 3047 pollicitus
2251 2986 2333 3030 est
2361 2992 2419 3031 se
2446 3019 2460 3044 ,
2488 2978 2743 3046 quidquid
2771 2992 2889 3032 cum
2919 2978 3115 3032 Severo
3144 2979 3521 3048 transegissent

1958 3069 2382 3123 observaturum.
2407 3070 2687 3137 Extemplo
2704 3080 2809 3123 tres
2834 3071 2904 3123 illi
2923 3070 3158 3139 episcopi
3177 3071 3374 3124 Severo
3394 3070 3530 3123 scri-

1958 3177 2145 3231 psere;
2166 3178 2283 3231 qua:
2314 3162 2470 3216 simul
2488 3171 2724 3232 egerant,
2746 3164 3110 3233 significavere
3132 3182 3143 3216 :
3168 3179 3227 3217 ac
3241 3178 3334 3232 per
3353 3163 3529 3217 chari-

1958 3261 2118 3307 tatem
2136 3252 2331 3306 Christi
2351 3253 2680 3321 adjuravere,
2696 3263 2750 3307 ut
2766 3270 2882 3325 qum
2901 3255 3039 3307 inter
3053 3270 3110 3308 se
3127 3255 3287 3308 locuti
3309 3263 3459 3308 erant
3480 3254 3531 3309 in

1956 3341 2264 3395 memoriam
2297 3353 2592 3409 revocaret,
2619 3358 2681 3397 ac
2704 3345 2975 3411 rescriptis
2994 3346 3102 3397 suis
3120 3361 3212 3399 eos
3238 3356 3529 3400 recrearet.

1957 3432 2263 3487 Timotheus
2281 3434 2490 3502 quidem
2507 3435 2617 3503 ipse
2634 3450 2737 3488 non
2758 3436 2963 3504 scripsit
2986 3435 3049 3488 ad
3074 3436 3354 3489 Severum:
3376 3436 3531 3505 hujus

1956 3523 2096 3577 enim
2114 3539 2394 3593 germanus
2422 3524 2605 3586 frater,
2629 3525 2778 3594 cujus
2809 3543 3000 3579 nomen
3020 3526 3101 3579 hic
3121 3528 3389 3591 reticetur,
3406 3544 3529 3583 eum

1957 3629 2135 3668 rerum
2164 3615 2400 3668 omnium
2436 3615 2717 3669 certiorem
2750 3616 2973 3671 faciebat
3003 3616 3205 3687 (Epist.
3238 3618 3327 3682 62,
3352 3635 3401 3670 η.
3430 3615 3528 3685 2).

2028 3706 2081 3759 2.
2122 3705 2382 3760 Aﬂectum
2421 3722 2479 3761 se
2509 3707 2697 3776 injuria
2735 3708 2965 3762 Severus
2994 3709 3334 3771 existimavit,
3366 3709 3529 3778 quod,

1956 3811 2063 3866 quo
2080 3806 2317 3865 tempore
2346 3797 2682 3852 Timotheum
2704 3800 2952 3853 Ecclesia:
2972 3816 3080 3853 sua:
3107 3800 3323 3853 concedi
3356 3809 3533 3869 postu-

1959 3887 2118 3951 labat,
2150 3903 2215 3942 eo
2238 3892 2350 3956 ipso
2383 3888 2734 3943 Subsanensis
2777 3889 3130 3943 subdiaconus
3167 3899 3307 3943 esset
3331 3891 3532 3945 consti-

1960 3988 2122 4034 tutus.
2156 3980 2203 4033 Is
2230 3980 2386 4049 igitur
2411 3980 2463 4033 in
2502 3996 2595 4033 sua
2621 3981 2971 4051 responsione
3016 3982 3326 4051 significavit
3351 3983 3530 4036 mirari

1958 4085 2037 4133 se,
2068 4070 2454 4125 ordinationem
2483 4070 2644 4134 illam,
2673 4087 2831 4140 quam
2861 4072 2958 4126 sibi
2993 4072 3273 4141 displicere
3314 4073 3531 4142 proﬁte-

1958 4164 2170 4231 bantur,
2206 4163 2435 4219 tolerare
2464 4179 2556 4219 eos
2595 4164 2762 4228 velle;
2794 4181 2913 4218 cum
2958 4174 3132 4219 tamen
3160 4166 3421 4221 admissus
3447 4181 3532 4219 er-

1957 4269 2048 4307 ror
2076 4262 2255 4321 posset
2288 4253 2491 4308 reddito
2536 4253 2755 4308 demum
2790 4255 3071 4309 Timotheo
3100 4255 3387 4309 emendari.
3422 4255 3532 4309 IIae

1957 4343 2141 4398 Severi
2166 4352 2361 4409 mente,
2390 4344 2503 4400 sive
2531 4361 2597 4399 ex
2618 4345 2757 4399 illius
2786 4361 3061 4415 responsa,
3088 4347 3200 4400 sive
3220 4362 3283 4399 eo
3306 4345 3529 4400 necdum

1956 4446 2175 4507 accepto
2214 4447 2513 4508 perspecta,
2557 4447 2699 4493 ratus
2734 4446 2817 4493 est
2854 4438 3207 4507 Augustinus,
3240 4439 3380 4491 nulla
3427 4438 3531 4491 alia

1955 4529 2161 4583 ratione
2188 4544 2309 4583 eum
2333 4544 2398 4583 eo
2422 4530 2621 4583 servari
2660 4544 2815 4598 posse
2844 4530 3177 4594 charitatem,
3200 4546 3357 4598 quam
3383 4530 3425 4583 si
3444 4530 3531 4582 Ti-

1922 4621 2202 4685 .motbeus
2250 4620 2315 4673 ad
2361 4636 2481 4675 eum
2528 4622 2904 4674 remitteretur.
2934 4621 3066 4673 Tum
3111 4637 3237 4689 ergo
3281 4620 3424 4674 dedit
3462 4619 3529 4674 ad

1956 4728 2078 4767 eum
2123 4713 2419 4781 epistolam,
2452 4713 2600 4782 cujus
2629 4713 2768 4767 istud
2800 4723 2882 4767 est
2926 4714 3201 4767 exordium
3236 4731 3249 4766 ε
3284 4713 3343 4767 Si
3365 4712 3530 4765 dicant

1954 4821 2067 4874 qua:
2092 4821 2170 4858 me
2197 4806 2308 4873 ipsa
2330 4822 2481 4859 causa
2504 4805 2632 4874 cogit
2658 4805 2840 4869 dicere,
2865 4805 2948 4857 ubi
2968 4805 3068 4856 ‘erit
3106 4804 3388 4857 sollicitudo
3409 4804 3533 4853 cha-

1956 4897 2158 4950 ritatis?
2184 4896 2245 4950 Si
2273 4905 2439 4948 autem
2464 4913 2563 4949 non
2594 4896 2778 4961 dicam,
2816 4896 2899 4949 ubi
2924 4897 3013 4949 erit
3034 4896 3232 4949 libertas
3258 4894 3529 4948 amicitiae?

1966 4987 2314 5041 Verumtamen
2339 4990 2590 5057 ﬂuctuans
2615 4990 2815 5041 interim
2852 4990 2975 5057 elegi
3000 5006 3076 5040 me
3099 5004 3313 5058 purgare
3340 4988 3524 5057 potius,

1954 5096 2105 5147 quant
2144 5088 2189 5131 te
2230 5096 2441 5149 arguere
2470 5078 2658 5151 (Ερὶει.
2688 5080 2774 5142 65,
2805 5096 2857 5131 n.
2890 5080 2966 5144 1).
2998 5078 3184 5131 Postea
3224 5078 3340 5142 vite,
3369 5093 3525 5145 quam

1955 5172 2007 5225 in
2056 5172 2154 5225 hac
2192 5186 2350 5225 causa
2395 5170 2605 5235 inierat,
2651 5171 2906 5225 rationem
2952 5169 3163 5223 reddit:
3193 5168 3526 5239 subjicitque,

1956 5263 2166 5317 tametsi
2211 5262 2404 5331 ipsum,
2447 5261 2585 5331 quod
2628 5260 2678 5315 ei
2721 5260 3054 5314 Timotheum
3095 5260 3379 5326 remiserit,
3422 5275 3525 5312 non

1954 5354 2237 5423 poeniteat;
2270 5369 2486 5423 sperare
2504 5362 2676 5407 tamen
2699 5367 2776 5414 se,
2798 5352 3027 5405 futurum
3057 5359 3113 5405 ut
3141 5351 3186 5405 is
3210 5366 3386 5406 coram
3415 5350 3526 5403 Deo

1954 5445 2275 5509 consideret,
2309 5458 2414 5497 non
2450 5458 2604 5511 posse
2642 5457 2669 5494 a
2707 5457 2973 5511 quoquam
3021 5441 3235 5496 alterius
3276 5440 3526 5496 Ecclesiae

1953 5534 2201 5588 clericum
2235 5533 2333 5586 hac
2360 5532 2571 5586 obtenta
2602 5532 2778 5601 specie
2800 5533 3035 5597 retineri,
3066 5532 3204 5603 quod
3232 5533 3317 5586 hic
3344 5531 3524 5586 abillo

1952 5640 2219 5692 nunquam
2260 5639 2319 5679 se
2361 5638 2693 5679 recessurum
2720 5625 3009 5695 juraverit,
3033 5626 3159 5696 quin
3202 5638 3423 5694 magnus
3461 5625 3526 5676 ad

1957 5713 2378 5772 labefactandam
2406 5715 2658 5773 Ecclesia:
2679 5716 3007 5789 disciplinam
3035 5717 3301 5790 aperiatur
3320 5716 3490 5772 aditus
3507 5733 3525 5769 :
