3990 6360
442 304 541 361 illi

444 433 497 474 at
526 432 646 472 eum
681 420 864 469 contra
905 420 1075 477 neque
1113 400 1413 459 concordia:
1452 396 1658 467 legibus
1691 392 2012 453 defuturum,

444 525 541 566 nec
590 508 639 561 in
691 504 999 571 cujusquam
1044 492 1516 566 reprehensionem
1564 487 1929 571 incursuruut,
1972 479 2017 533 si

442 595 804 671 jurejurando,
832 605 935 661 quo
965 587 1134 643 teneri
1175 600 1278 638 non
1320 586 1546 650 poterat,
1586 575 1847 671 neglecto,
1871 570 2016 624 illum

445 666 769 746 Subsaneusi
814 681 1064 737 Ecclesiae
1106 676 1373 731 redderet.
1417 671 1641 725 Causam
1687 666 1825 720 hanc
1868 677 2018 717 suam

444 783 558 851 ejus
591 776 847 850 permittit
881 773 1098 843 judicio,
1129 769 1179 823 id
1221 780 1380 819 ttnum
1424 771 1633 831 petens,
1659 767 1717 811 ut
1740 757 2017 851 AChristum

445 846 707 935 consulat,
732 881 885 937 quem
915 865 964 917 in
987 862 1101 931 ejus
1130 857 1289 912 corde
1317 853 1573 917 habitare,
1590 848 1860 916 mentique
1881 846 2022 937 ejus-

445 967 566 1020 dem
592 963 687 1017 sibi
723 936 945 1014 subdita
972 952 1277 1025 przrsidere,
1301 948 1372 1000 ait
1392 944 1488 999 sibi
1528 956 1645 995 esse
1679 936 2018 1009 persuasissi-

446 1070 612 1111 mum.
639 1048 974 1106 Timotheum
994 1042 1242 1098 Eeclesize
1269 1053 1377 1091 suae
1399 1033 1649 1089 clericum
1680 1045 1800 1087 esse
1821 1044 1925 1083 non
1952 1027 2021 1082 ob

448 1145 884 1201 subdiaconatum
908 1135 1117 1197 asserit,
1151 1130 1291 1201 quod
1321 1126 1529 1181 nonnisi
1563 1131 1839 1193 postquam
1870 1132 1928 1173 se
1955 1116 2021 1171 ad

448 1234 821 1292 adbterendum
837 1230 1034 1286 Severo
1063 1223 1366 1292 ohligasset,
1387 1228 1543 1287 atque
1569 1216 1727 1269 etiam
1757 1212 1903 1265 illum
1924 1208 2021 1264 Se-

448 1343 606 1385 verus
644 1328 756 1396 ipse
803 1323 869 1377 ab
904 1318 1197 1388 Augustino
1240 1313 1478 1383 petisset,
1522 1307 1586 1361 ad
1630 1320 1752 1361 eum
1800 1303 2022 1396 gradum

448 1426 590 1475 esset
618 1395 860 1477 evectus;
902 1409 995 1465 sed
1025 1415 1227 1462 tantum
1262 1404 1332 1459 ob
1375 1399 1588 1455 lectoris
1618 1395 1870 1452 ofﬁcium.
1911 1395 2020 1449 Ro-

449 1517 639 1581 gatque
658 1507 909 1561 Severum
930 1510 1144 1555 sanctus
1170 1495 1390 1559 Prtesul,
1418 1507 1543 1546 num
1568 1490 1657 1560 qui
1695 1488 1746 1581 id
1789 1486 2024 1581 muneris

451 1576 503 1653 in
534 1576 625 1652 sua
670 1592 884 1648 dioecesi
912 1590 1059 1645 obire
1087 1587 1353 1655 ccepisset,
1386 1596 1447 1636 ac
1484 1580 1661 1633 multis
1697 1577 1748 1631 in
1789 1576 1920 1630 locis
1948 1583 2027 1629 at—

450 1704 553 1760 que
577 1687 710 1743 adeo
747 1682 884 1753 apud
909 1681 1201 1737 Subsanam
1233 1681 1496 1746 prmsentc
1536 1668 1889 1760 Subsanensis
1922 1668 2021 1722 Ec-

450 1758 626 1834 clesia:
646 1776 957 1846 presbytero
990 1772 1223 1840 legisset,
1250 1768 1293 1821 is
1328 1780 1433 1819 non
1461 1764 1581 1832 jure
1614 1762 1780 1816 lector
1802 1758 2026 1812 habere-

452 1879 553 1924 tur.
577 1868 684 1922 Nec
705 1876 877 1919 tamen
907 1868 1193 1923 asseverat,
1215 1871 1335 1911 eum
1355 1872 1418 1909 ex
1434 1866 1695 1908 canonum
1718 1849 2027 1905 definitione

453 1960 555 2015 hoc
581 1958 631 2011 in
658 1967 883 2009 numero
910 1948 1206 2005 habendum
1231 1967 1243 2001 :
1274 1946 1411 2001 unde
1440 1944 1773 2006 adducimur,
1812 1950 1869 1995 ut
1916 1940 2030 1994 haec

454 2056 575 2103 ante
603 2045 957 2100 Milevitanum
979 2040 1257 2095 concilium
1283 2046 1431 2091 sexto
1446 2032 1699 2088 kalendas
1717 2030 2030 2102 septembris

453 2137 580 2193 anni
602 2130 1104 2205 quadrlngentesimi
1123 2126 1339 2182 secundi
1362 2124 1683 2179 celebratum
1705 2121 2028 2185 referamus;

454 2243 561 2298 quo
589 2226 860 2281 decretum
892 2222 1007 2287 fuit,
1032 2227 1089 2273 ut
1107 2218 1344 2287 quisquis
1374 2215 1461 2269 vel
1488 2213 1654 2268 semel
1680 2211 1870 2265 alicubi
1893 2210 2033 2280 lege-

456 2318 545 2382 rit,
597 2317 705 2385 jam
761 2329 863 2367 non
917 2311 1084 2381 possit
1141 2309 1193 2362 in
1254 2307 1457 2361 clerum
1513 2304 1729 2358 alterius
1784 2302 2033 2356 Ecclesiae

455 2408 711 2478 cooptari.
741 2406 838 2473 Qui
860 2418 1029 2459 canon
1054 2411 1111 2455 ut
1134 2400 1471 2462 conderetur,
1499 2396 1564 2461 si,
1588 2393 2033 2465 quemadmodum

455 2500 586 2555 satis
609 2497 899 2551 verisimile
936 2505 1040 2559 est,
1074 2494 1126 2546 in
1163 2506 1322 2545 causa
1362 2488 1458 2543 fuit
1494 2488 1608 2541 haec
1635 2486 2032 2548 controversia;

455 2598 601 2646 certe
627 2587 827 2643 Severo
872 2600 976 2638 non
1015 2582 1164 2639 licuit
1207 2593 1475 2642 recusare,
1530 2576 1654 2646 quin
1699 2575 2035 2630 Timotheum

457 2678 750 2749 Augustino
778 2675 1041 2731 redderet.
1067 2673 1178 2725 lmo
1203 2688 1232 2724 a
1273 2670 1378 2725 ﬁde
1416 2670 1636 2723 minime
1673 2668 1905 2722 alienum
1933 2676 2033 2731 est,

456 2769 606 2827 illum
626 2769 733 2837 jam
764 2775 919 2821 antea
944 2766 1014 2819 ab
1038 2779 1103 2817 eo
1129 2762 1407 2816 remissum
1439 2758 1622 2813 fuisse.

530 2861 583 2915 5.
622 2859 885 2913 Caeterum
907 2855 1088 2909 intima
1111 2854 1199 2909 illa
1227 2852 1477 2916 amicitia,
1497 2866 1613 2919 qua:
1630 2848 1881 2904 Severum
1904 2848 2039 2901 inter

460 2960 515 3007 et
537 2950 888 3020 Augustinum
909 2945 1290 3007 intercedebat,
1325 2945 1423 2997 hac
1464 2941 1804 3013 contentione
1841 2952 2040 3007 nequa-

460 3057 619 3113 quam
648 3039 1058 3095 fuitimminuta.
1081 3034 1381 3091 Nihilenim
1406 3032 1594 3086 litteris
1620 3030 1807 3102 (Epist.
1840 3028 1962 3093 109,
1993 3036 2042 3080 et

470 3133 633 3205 Epist.
659 3130 805 3203 HO),
828 3130 1030 3199 aliquot
1051 3136 1170 3198 post
1198 3140 1367 3182 annos
1398 3125 1535 3178 ultro
1562 3123 1799 3191 citroque
1831 3120 2041 3190 scriptis

465 3224 698 3279 tenerius
726 3262 741 3288 ,
773 3229 862 3275 aut
886 3221 1108 3274 sincera:
1135 3216 1427 3271 voluntatis
1455 3213 1663 3283 plenius
1688 3225 1808 3266 esse
1844 3217 2039 3279 potest.

464 3314 599 3369 Suas
630 3312 857 3366 Severus
896 3309 1003 3363 ruri
1034 3307 1285 3370 exaravit,
1308 3306 1397 3359 ubi
1420 3305 1747 3372 aliquantum
1788 3301 2043 3370 temporis

464 3420 586 3459 cum
610 3404 921 3473 Augustino,
946 3400 1047 3454 hoc
1074 3400 1227 3454 estin
1252 3398 1368 3468 ejus
1405 3411 1624 3465 operum
1656 3395 1901 3459 lectione,
1932 3392 2043 3447 col-

468 3498 686 3551 locarat.
717 3495 908 3549 Earum
938 3493 1021 3546 hic
1052 3500 1255 3561 partem
1285 3490 1646 3559 subjiciemus,
1669 3503 1734 3542 ex
1761 3502 1864 3556 qua
1893 3485 2047 3540 inte].

468 3586 616 3655 ligas,
647 3594 755 3639 tum
782 3585 897 3654 quis
927 3582 1084 3637 fuerit
1103 3580 1333 3650 episcopi
1362 3580 1502 3635 illius
1530 3578 1757 3644 animus,
1785 3585 1859 3643 et,
1890 3586 1947 3631 ut
1971 3575 2044 3630 ita

469 3680 764 3749 loquamur,
794 3676 989 3745 ingenii
1020 3674 1317 3738 character,
1346 3681 1458 3725 tum
1486 3670 1571 3725 vel
1603 3670 1833 3723 maxime
1859 3682 1966 3737 quo
2001 3668 2047 3721 is

469 3770 586 3823 loco
625 3769 793 3823 sancti
850 3766 1089 3819 Doctoris
1132 3765 1294 3818 libros
1341 3762 1577 3816 haberet.
1608 3760 1849 3829 Erumpit
1889 3759 2049 3829 igitur

469 3860 701 3916 Severus
721 3861 773 3913 in
805 3859 919 3913 hate
942 3858 1103 3912 verba
1135 3874 1147 3909 :
1184 3856 1290 3910 Deo
1326 3855 1536 3925 gratias,
1567 3854 1724 3923 frater
1750 3852 2044 3923 Augustine,

468 3951 614 4019 cujus
637 3950 825 4002 donum
847 3957 936 4010 est,
967 3946 1213 4017 quidquid
1236 3946 1289 3998 in
1308 3944 1455 3998 nobis
1474 3944 1717 3996 bonorum
1745 3942 2047 4013 gaudiorum

470 4050 562 4095 est.
592 4039 797 4104 Fateor,
816 4038 938 4092 bene
966 4039 1091 4091 mihi
1129 4048 1289 4092 tecum
1314 4046 1421 4099 est;
1457 4034 1672 4088 multum
1699 4042 1746 4087 te
1774 4034 1883 4104 lego
1906 4049 1924 4087 :
1954 4035 2049 4087 mi-

470 4147 584 4184 rum
611 4130 776 4183 dicam
795 4170 808 4193 ,
840 4129 928 4183 sed
956 4145 1126 4182 verum
1170 4128 1338 4196 plane,
1374 4142 1525 4196 quam
1554 4126 1677 4178 milii
1712 4125 1890 4179 absens
1925 4126 2050 4178 solet

470 4238 575 4275 esse
596 4220 877 4291 praesentia,
896 4228 996 4271 tam
1018 4234 1234 4287 praesens
1255 4221 1389 4288 facta
1417 4226 1489 4270 est
1510 4215 1732 4269 absentia
1752 4215 1846 4269 tui.
1873 4214 1921 4267 Ν
1930 4214 2051 4268 ulla?

472 4328 526 4367 sc
562 4313 705 4366 nobis
741 4313 1063 4381 interponunt
1104 4308 1401 4363 turbulenta:
1433 4309 1654 4361 actiones
1694 4307 2049 4376 temporalium

471 4419 659 4456 rerum.
689 4401 798 4472 Ago
826 4409 1065 4470 quantum
1094 4416 1316 4470 possum,
1353 4400 1443 4452 etsi
1478 4415 1578 4451 non
1611 4406 1804 4451 tantum
1846 4412 2050 4467 possum

474 4502 717 4561 quantum
762 4492 889 4546 volo.
934 4492 1069 4555 Quid
1108 4508 1196 4565 ego
1235 4491 1421 4553 dicam,
1453 4500 1696 4563 quantum
1718 4491 1870 4544 volo?
1900 4488 2052 4542 Nosti

464 4578 664 4652 ‘optime
687 4598 836 4652 quam
862 4598 1043 4635 avarus
1068 4582 1163 4635 sim
1191 4582 1262 4633 tui
1282 4596 1300 4634 :
1325 4597 1413 4633 nec
1445 4590 1609 4633 tamen
1630 4596 1909 4645 murmuro,
1932 4578 2051 4643 quia

476 4690 577 4729 non
619 4684 813 4727 tantum
855 4690 972 4743 ago,
1000 4684 1242 4745 quantum
1280 4672 1413 4738 uolo,
1455 4673 1693 4743 quoniam
1737 4688 1912 4725 rursus
1948 4687 2049 4723 non

478 4764 642 4819 minus
686 4781 782 4834 ago
824 4776 1064 4833 quantum
1100 4781 1322 4831 possunt.
1354 4763 1458 4817 Deo
1491 4780 1608 4833 ergo
1642 4764 1861 4833 gratias,
1894 4765 2053 4833 frater

412 4852 413 4855 “
480 4854 787 4921 dulcissime,
819 4856 939 4909 bene
967 4855 1091 4908 mihi
1118 4870 1279 4910 tecum
1308 4864 1399 4919 cst,
1442 4856 1635 4925 gaudeo
1665 4865 1826 4908 tecum
1866 4855 2053 4908 arctius

480 4944 775 5016 conjunctus
792 4960 812 5009 ;
837 4954 899 5010 et,
925 4954 978 4997 ut
1003 4945 1072 4998 ita
1098 4945 1283 5012 dicam,
1312 4946 1569 5009 unissime,
1599 4954 1841 5015 quantum
1869 4954 2051 5016 potest,

478 5037 742 5091 adhaerens
771 5038 879 5103 tibi,
908 5038 1295 5091 redundantiam
1312 5038 1515 5090 uberum
1538 5046 1736 5090 tuorum
1755 5037 2051 5103 suscipiens,

491 5130 620 5183 vires
666 5146 923 5199 comparo,
953 5132 996 5184 si
1038 5132 1226 5200 possim
1256 5130 1465 5184 idoneus
1506 5130 1628 5199 eﬂici
1665 5129 1733 5183 ad
1770 5145 1831 5183 ea
1866 5144 2054 5182 concu-

485 5216 653 5272 tienda
673 5228 718 5271 et
739 5219 1100 5289 exprimenda;
1129 5228 1183 5273 ut
1211 5219 1452 5290 quidquid
1493 5221 1725 5273 secretius
1762 5227 1809 5271 ct
1847 5219 2055 5272 interius

481 5310 711 5362 clausum
730 5310 1038 5377 custodiunt,
1052 5312 1253 5365 remotis
1269 5310 1501 5381 pellibus,
1523 5326 1646 5379 quas
1666 5309 1832 5362 adhuc
1856 5309 2055 5362 lactenti

483 5400 733 5471 sugendas
776 5402 1018 5467 inserunt,
1056 5404 1167 5471 ipsa
1203 5403 1324 5455 milii
1351 5403 1560 5465 uiscera,
1592 5402 1636 5454 si
1679 5400 1915 5469 possibile
1955 5410 2052 5467 est,

484 5493 753 5562 dignentur
790 5491 1070 5559 effundere.
1103 5492 1326 5558 Viscera,
1364 5494 1587 5563 inquam,
1628 5492 1752 5545 mihi
1790 5501 1841 5545 ut
1878 5496 2055 5561 refun-

489 5582 672 5636 dantur
692 5584 877 5654 cupio;
905 5584 1091 5639 viscera
1133 5593 1239 5647 tua,
1270 5584 1458 5638 viscera
1494 5584 1701 5653 pinguia
1738 5584 1916 5653 sagina
1958 5599 2057 5637 cce-

486 5672 615 5742 lcsti,
644 5683 688 5728 et
726 5676 928 5754 condita
953 5676 1089 5730 omni
1118 5674 1377 5729 dulcedine
1409 5675 1696 5738 spirituali;
1724 5673 1910 5728 viscera
1940 5681 2049 5739 tua,

1558 278 1713 334 V'ITA
1756 275 1811 331 S.
1854 272 2216 329 AUGUSTINI
2258 272 2574 330 EPISCOPL

3598 275 3699 331 516

2124 403 2313 441 viscera
2344 405 2488 458 pura,
2517 390 2703 441 viscera
2732 386 2981 458 simplicia
3006 406 3024 451 ;
3060 386 3153 441 nisi
3178 388 3311 457 quod
3348 389 3539 459 duplici
3583 400 3699 444 sunt

2124 481 2319 533 vinculo
2347 479 2573 533 redimita
2594 479 2807 549 geminae
2834 480 3131 545 charitatis;
3162 482 3348 534 viscera
3381 491 3489 547 tua,
3515 482 3701 535 viscera

2126 575 2329 641 perfusa
2371 571 2559 624 lumine
2587 570 2825 633 veritatis,
2855 579 2903 624 et
2941 571 3243 641 refulgentia
3282 573 3556 627 veritatem.
3584 572 3697 625 Ho-

2123 679 2236 715 rum
2262 679 2341 715 me
2365 663 2641 715 manationi
2661 662 2736 715 vel
2752 662 3066 715 resultationi
3090 664 3321 734 subjicio,
3344 682 3443 734 quo
3472 682 3576 720 nos:
3591 682 3701 719 mea

2124 752 2175 805 in
2206 753 2393 805 lumine
2423 762 2505 804 tuo
2536 752 2753 819 deﬁciat,
2788 762 2842 804 ut
2867 753 2919 805 in
2955 753 3053 805 diei
3085 754 3310 807 claritate
3342 756 3494 809 simul
3518 757 3699 809 ambu-

2125 844 2232 898 lare
2272 845 2537 912 possimus.
2576 844 2619 897 0
2648 860 2759 898 vere
2797 845 3072 913 artificiosa
3112 846 3224 914 apis
3264 846 3357 900 Dei
3411 857 3705 902 construens

2126 940 2266 1006 favos
2287 936 2443 989 divini
2466 936 2678 990 nectaris
2704 937 2897 1006 plenos,
2931 947 3193 991 manantes
3235 940 3631 995 misericordiam
3655 951 3704 995 ct

2126 1027 2395 1091 veritatem,
2430 1042 2520 1095 per
2546 1043 2671 1093 quos
2692 1028 2977 1082 discurrens
3004 1028 3273 1083 deliciatur
3300 1035 3471 1083 anima
3501 1048 3631 1096 mea,
3654 1041 3703 1085 et

2125 1117 2265 1171 vitali
2304 1126 2448 1187 pastu
2489 1118 2731 1187 quidquid
2757 1118 2807 1171 in
2842 1135 2897 1172 se
2936 1120 3102 1172 minus
3132 1120 3334 1184 invenit,
3364 1132 3452 1175 aut
3478 1122 3707 1177 imbecil-

2128 1207 2230 1262 lum
2257 1210 2424 1273 sentit,
2452 1210 2695 1263 resarcire
2733 1218 2779 1263 et
2812 1210 3070 1276 stt/fulcire
3109 1212 3312 1265 molitur
3326 1214 3355 1266 !'
3384 1212 3713 1267 Benedicitur

2128 1298 2372 1353 Dominus
2407 1317 2495 1369 per
2524 1301 2829 1369 praeconium
2856 1302 2957 1355 oris
2986 1304 3077 1367 tui,
3101 1310 3146 1355 et
3167 1303 3315 1369 ﬁdele
3338 1304 3712 1367 ministerium;

2126 1391 2260 1461 quod
2283 1392 2354 1445 sic
2391 1393 2651 1445 concinere
2685 1401 2731 1445 et
2770 1394 3072 1461 respondere
3100 1395 3227 1464 facis
3256 1396 3453 1448 canenti
3482 1396 3570 1449 tibi
3594 1395 3711 1450 Do—

2127 1483 2284 1548 mino,
2313 1490 2367 1535 ut
2412 1482 2655 1551 quidquid
2701 1483 2764 1537 de
2806 1485 2915 1552 ejus
2956 1484 3265 1552 plenitudine
3308 1485 3375 1537 ad
3416 1501 3507 1538 nos
3555 1501 3718 1555 usque

2127 1572 2396 1637 redundat,
2426 1573 2711 1643 jucundius
2737 1574 2977 1643 efﬁciatur
3004 1584 3052 1628 et
3088 1576 3279 1645 gratius
3309 1592 3396 1643 per
3434 1588 3573 1628 tuum
3605 1577 3719 1630 ele-

2129 1674 2327 1735 gantem
2358 1666 2681 1734 famulatum,
2725 1676 2771 1719 et
2796 1666 3098 1719 succinctam
3129 1666 3451 1729 munditiam,
3482 1675 3530 1720 et
3562 1667 3716 1735 ﬁdele

2129 1772 2190 1810 ac
2215 1768 2407 1810 castum
2430 1758 2739 1829 simplexque
2758 1758 3085 1812 ministerium
3130 1774 3149 1811 :
3196 1759 3328 1827 quod
3368 1760 3439 1811 ita
3477 1760 3712 1830 resplen-

2130 1849 2247 1902 dere
2269 1850 2393 1920 facis
2420 1866 2505 1919 per
2533 1850 2757 1920 argutias
2787 1858 2899 1903 tuas
2922 1859 2969 1902 et
2994 1849 3307 1920 vigilantiam
3333 1860 3493 1915 tuam,
3522 1860 3574 1903 ut
3596 1868 3719 1919 per-

2132 1942 2341 2010 stringat
2369 1942 2560 2003 oculos,
2586 1950 2630 1995 et
2658 1942 2711 1993 in
2737 1957 2791 1994 se
2818 1941 2982 2010 rapiat
3005 1956 3025 2003 ;
3051 1941 3147 1994 nisi
3169 1950 3221 1993 tu
3241 1941 3372 1993 idem
3394 1942 3577 1995 ianuas
3608 1940 3723 1995 Do-

2132 2034 2343 2096 minum,
2366 2043 2419 2085 ut
2449 2032 2691 2102 quidquid
2707 2034 2758 2085 in
2776 2042 2823 2085 te
2844 2032 3133 2087 delectabile
3153 2033 3302 2098 lucet,
3328 2036 3596 2105 referentes
3622 2049 3731 2086 nos

2134 2123 2201 2175 ad
2226 2124 2390 2182 illum,
2423 2123 2582 2190 ipsius
2610 2138 2715 2177 esse
2742 2139 3092 2193 agnoscamus,
3115 2124 3177 2177 de
3204 2124 3351 2193 cujus
3376 2124 3592 2177 bonitate
3612 2132 3739 2175 tam

2135 2214 2294 2269 bonus
2314 2232 2382 2281 es,
2415 2225 2460 2268 et
2481 2215 2542 2269 de
2574 2216 2719 2285 cujus
2740 2216 2957 2286 puritate
2980 2225 3028 2269 et
3048 2216 3371 2284 simplicitate
3400 2231 3460 2267 ac
3488 2216 3729 2284 pidchri-

2138 2306 2308 2359 tudine
2328 2323 2501 2377 purus,
2523 2307 2737 2377 simplex
2752 2315 2798 2360 et
2811 2306 3021 2376 pulcher
3045 2324 3095 2360 es
3117 2305 3305 2377 (Epist.
3329 2308 3451 2371 109,
3472 2308 3588 2361 nn.l
3603 2349 3618 2373 ,
3634 2306 3728 2375 2).

2138 2396 2487 2465 Augustinum
2513 2396 2612 2449 sub
2634 2396 2871 2465 epistola:
2898 2396 3056 2451 ﬁnem
3084 2405 3253 2467 rogat,
3288 2406 3344 2451 ut
3363 2397 3464 2451 sibi
3492 2411 3727 2466 reSpon-

2138 2486 2260 2541 deat
2292 2488 2511 2556 prolixis
2539 2487 2764 2550 litteris;
2787 2502 2918 2558 quas
2950 2494 3126 2542 tamen
3162 2487 3266 2543 sibi
3305 2488 3473 2542 visum
3507 2487 3568 2541 iti
3596 2488 3733 2542 bre-

2139 2578 2314 2632 viores
2337 2586 2605 2632 asseverat
2627 2576 2809 2651 (lbid.,
2839 2595 2891 2631 ιι.
2917 2580 2994 2647 5).
3026 2579 3132 2633 Res
3152 2579 3412 2648 quzepiam
3443 2578 3735 2645 videbatur

2138 2670 2371 2739 exigere,
2396 2678 2453 2722 ut
2478 2669 2521 2723 is
2546 2668 2613 2724 ad
2633 2677 2875 2725 sanctum
2910 2669 3089 2722 Virum
3124 2684 3183 2723 se
3215 2667 3482 2724 conferret
3510 2686 3525 2722 :
3558 2668 3626 2721 ab
3654 2683 3735 2722 eo

2140 2763 2483 2819 nihilominus
2508 2762 2657 2831 petit,
2691 2770 2775 2827 ut,
2798 2760 3061 2830 siquidem
3088 2760 3141 2814 id
3169 2760 3283 2815 ﬁeri
3311 2760 3497 2830 possit,
3523 2760 3590 2815 ab
3620 2760 3735 2814 hoc

2143 2853 2329 2907 itinere
2348 2860 2647 2917 excusetur,
2682 2866 2815 2906 neve
2848 2850 3153 2905 retrahatur
3175 2864 3205 2903 a
3242 2865 3341 2905 suo
3382 2864 3574 2913 cursu;
3606 2853 3737 2919 qui-

2140 2942 2241 2995 bus
2263 2941 2440 2995 verbis
2481 2949 2657 2995 utrum
2687 2956 2961 2997 secessum
3008 2954 3162 2996 suum
3206 2939 3470 3012 designet,
3499 2954 3564 2992 an
3610 2954 3751 2996 sum.

2142 3030 2435 3085 dimceseos
2460 3031 2835 3097 visitationem,
2869 3032 3025 3086 nobis
3053 3047 3159 3087 non
3183 3033 3368 3102 liquet.

2213 3123 2266 3176 4.
2308 3120 2536 3178 Litteras
2566 3122 2683 3178 illas
2708 3122 3109 3190 Quodvultdeus
3132 3123 3562 3193 Gaudentiusque
3583 3132 3748 3177 sum.

2146 3211 2321 3269 lerunt
2341 3212 2407 3266 ad
2430 3211 2804 3282 Augustinum,
2826 3214 2915 3284 qui
2933 3214 3135 3269 Severo
3163 3215 3319 3284 paulo
3344 3224 3468 3269 ante
3498 3229 3590 3283 per
3612 3213 3752 3267 ἀίει-ι

2145 3320 2337 3359 conum
2379 3304 2718 3361 Timotheum
2767 3305 2872 3361 alia
2910 3306 3158 3375 quapiam
3198 3306 3265 3361 de
3312 3322 3372 3361 re
3418 3306 3737 3373 scripserat.

2146 3396 2389 3451 Nondum
2415 3396 2687 3468 profectus
2714 3404 2831 3451 erat
2855 3396 2944 3451 ille
2971 3396 3225 3451 diaconus
3256 3414 3271 3451 :
3298 3404 3354 3451 at
3377 3410 3500 3450 cum
3523 3396 3635 3464 jam
3675 3396 3757 3449 in-

2147 3487 2421 3556 procinctu
2447 3495 2609 3552 esset,
2638 3501 2701 3541 ac
2722 3486 3052 3556 profecturus
3073 3488 3124 3541 in
3146 3488 3379 3556 singulas
3402 3487 3558 3541 horas
3581 3486 3744 3540 vide-

2147 3587 2312 3643 retur,
2335 3594 2440 3632 non
2468 3579 2638 3648 potuit
2676 3580 3001 3648 Augustinus
3028 3594 3123 3647 per
3147 3578 3393 3633 eumdem
3434 3578 3579 3633 hisce
3607 3579 3742 3630 olli—

2148 3672 2457 3726 ciosissimis
2501 3672 2692 3727 litteris
2734 3671 3079 3741 respondero.
3121 3672 3227 3728 Sed
3252 3673 3343 3725 etsi
3366 3689 3457 3743 per
3486 3688 3620 3737 eum,
3650 3670 3747 3724 in-

2147 3763 2265 3831 quit
2289 3763 2396 3829 ille,
2424 3764 2813 3833 respondissem,
2855 3762 3021 3816 adhuc
3069 3763 3267 3816 debitor
3312 3767 3471 3833 forem
3507 3760 3747 3831 epistolae

2151 3862 2269 3907 tute.
2318 3852 2536 3918 Quando
2574 3855 2705 3908 enim
2741 3854 2985 3923 sufﬁciam
3030 3863 3130 3908 tua:
3168 3854 3431 3920 suavitati,
3485 3863 3747 3921 tantasque

2152 3944 2380 3997 aviditati
2428 3944 2585 3998 animi
2630 3945 2703 3997 tui
2746 3943 2948 4015 (Epist.
2973 3943 3095 4009 ΗΟ,
3134 3960 3187 3997 n.
3220 3943 3325 4017 l)?
3363 3940 3757 4012 Respondendi

2152 4034 2517 4089 difﬁcultatem
2546 4033 2803 4099 iaciebat,
2828 4033 2969 4104 quod
3004 4032 3223 4097 Severo,
3251 4034 3340 4103 qui
3381 4042 3484 4087 tam
3525 4033 3745 4103 magni-

2154 4125 2252 4179 tice
2272 4124 2441 4193 ipsum
2467 4122 2724 4191 laudarat,
2750 4124 2873 4179 hinc
2898 4124 3066 4179 vicem
3098 4124 3341 4191 reddere,
3357 4124 3501 4178 illinc
3518 4132 3747 4193 propter

2154 4216 2523 4271 verecundiam
2543 4231 2759 4285 parcere
2779 4232 2837 4270 se
2852 4216 3049 4272 debere
3074 4218 3436 4281 existimabat;
3460 4217 3539 4271 sin
3556 4224 3753 4270 autem

2157 4316 2415 4377 parceret,
2470 4308 2647 4363 minus
2688 4308 3039 4372 redditurum,
3081 4308 3323 4379 adeoque
3362 4324 3753 4365 remansurum

2154 4413 2271 4451 esse
2292 4398 2605 4453 debitorem.
2633 4398 2949 4454 Immodicas
2969 4398 3087 4453 illas
3111 4400 3194 4455 sui
3220 4400 3404 4454 laudes
3428 4416 3487 4455 se
3519 4400 3747 4453 minime

2155 4496 2457 4541 curaturum
2488 4488 2581 4550 ait.
2604 4490 2647 4542 si
2671 4489 3131 4557 proﬁciscerentur
3150 4490 3216 4544 ab
3232 4498 3588 4554 asscntatore;
3612 4491 3749 4559 quia

2157 4587 2283 4632 tunc
2323 4579 2445 4632 talia
2492 4578 2787 4648 rependere
2826 4579 3130 4635 nullatenus
3177 4589 3463 4634 teneretur.
3496 4580 3565 4634 At
3610 4594 3746 4634 cum

2155 4681 2304 4724 certo
2342 4671 2503 4725 sciret
2544 4680 2694 4724 natas
2738 4672 2853 4726 illas
2891 4688 2957 4727 ex
2995 4687 3178 4727 amore
3219 4674 3444 4737 sincero,
3476 4681 3633 4743 atque
3670 4688 3751 4727 eo

2158 4769 2391 4829 pectore,
2433 4762 2573 4830 quod
2618 4777 2721 4815 non
2772 4762 2914 4817 aliud
2964 4762 3090 4816 foris
3120 4764 3367 4829 ostendit,
3397 4779 3557 4834 quam
3593 4765 3757 4834 quod,

2158 4851 2299 4905 intus
2335 4852 2525 4916 sentit;
2557 4851 2821 4920 utrimque
2862 4852 3133 4920 judicabat
3178 4854 3590 4917 incommodum,
3625 4856 3751 4911 sive

2160 4943 2382 4999 referret
2430 4944 2574 5012 paria
2619 4945 2864 5014 paribus,
2908 4945 3022 5001 sive
3073 4961 3177 4999 non
3215 4947 3458 5001 referret.
3502 4947 3750 5001 Subinde

2161 5044 2336 5089 tamen
2393 5050 2501 5089 non
2551 5035 2667 5088 sine
2726 5051 2915 5103 magno
2966 5035 3279 5092 humilitatis
3335 5053 3397 5091 ac
3440 5038 3750 5092 dilectionis

2160 5139 2340 5190 sensu,
2370 5139 2468 5181 nec
2492 5126 2665 5179 minus
2694 5141 2802 5193 pra:
2828 5140 2887 5180 se
2911 5124 3088 5181 ferens
3116 5129 3165 5180 in
3192 5128 3393 5195 justitia
3411 5130 3746 5183 consulenda

2160 5216 2486 5286 eolendaque
2515 5218 2765 5280 studium,
2798 5218 3069 5287 respondit
3096 5234 3109 5270 :
3136 5222 3378 5288 quamvis
3419 5237 3521 5274 non
3562 5230 3749 5290 posset

2164 5308 2366 5363 inﬁcias
2390 5310 2485 5373 ire,
2507 5309 2635 5378 quin
2663 5324 2721 5363 se
2764 5324 2867 5361 non
2905 5309 3081 5364 minus
3108 5325 3265 5379 quam
3311 5312 3522 5380 propria
3564 5312 3745 5365 anima

2164 5412 2497 5471 perspectum
2527 5401 2743 5467 haberet
2767 5401 3025 5465 Severus;
3058 5402 3278 5457 alterum
3303 5404 3440 5456 enim
3462 5418 3607 5455 suam
3631 5402 3751 5456 ani-

2166 5508 2303 5544 mam
2332 5490 2384 5545 in
2416 5506 2480 5545 eo
2500 5492 2781 5557 contineri,
2814 5491 2898 5545 vel
2916 5494 3089 5560 potius
3110 5492 3294 5546 ambas
3324 5494 3600 5562 utriusque
3625 5495 3743 5545 ani-
3782 5494 3791 5549 ἱ

2166 5590 2278 5633 mas
2310 5580 2359 5633 in
2388 5596 2543 5633 unam
2573 5580 2860 5644 coaluisse;
2891 5595 3049 5649 posse
3089 5589 3264 5636 tamen
3307 5597 3431 5636 eum
3470 5583 3521 5635 in
3550 5596 3641 5635 sua
3673 5580 3751 5638 de

2170 5668 2287 5737 ipso
2315 5671 2563 5739 opinione
2589 5670 2711 5737 labi,
2744 5686 2862 5726 cum
2889 5686 3045 5729 nemo
3062 5686 3120 5727 se
3137 5671 3265 5727 satis
3291 5671 3405 5743 ipse
3423 5679 3743 5744 cognoscat:
