3990 6360
299 270 398 324 517

297 389 396 440 hoc
421 397 545 436 vero
571 397 629 437 se
661 380 798 436 ferre
837 377 1192 448 impatienter,
1216 391 1320 432 non
1367 385 1568 432 tantum
1606 376 1729 447 quia
1757 390 1862 430 non

293 475 405 530 vult
429 484 486 529 ut
513 475 564 527 in
583 487 817 527 errorem
836 471 1036 524 amicus
1064 469 1360 535 inducatur,
1392 484 1576 522 verum
1605 468 1763 522 etiam
1800 481 1866 520 ne

291 571 381 625 ille
402 567 507 622 hoc
537 577 692 637 pacto
726 580 822 635 pro
867 578 926 618 se
968 564 1141 616 minus
1171 562 1334 615 Deum
1374 570 1508 623 oret,
1544 569 1601 614 ut
1625 562 1692 614 sit
1723 559 1865 629 quod

283 664 394 732 jam
422 677 480 715 se
507 675 627 714 esse
655 656 841 713 credit.
869 655 978 711 Sibi
1009 669 1216 724 quoque
1245 653 1297 707 in
1333 653 1547 722 proclivi
1586 666 1733 715 esse,
1761 665 1862 704 non

289 750 589 806 absimilem
622 747 808 818 agendi
829 761 946 800 cum
969 759 1032 800 eo
1057 744 1314 797 rationem
1346 743 1498 808 inire,
1530 756 1591 796 ac
1620 741 1732 794 sine
1758 739 1865 792 ullo

289 843 408 896 fuco
453 842 744 911 explicare,
786 837 994 908 quantis
1031 851 1150 890 eum
1193 835 1346 890 bonis
1384 849 1444 889 ac
1486 833 1696 888 dotibus
1732 832 1864 887 sciat

288 933 471 987 divina
517 932 873 986 muniﬁcentia
913 937 1270 986 exornatum:
1302 925 1396 981 sed
1424 925 1583 980 malle
1617 940 1675 979 se
1721 923 1863 978 illius

288 1023 476 1093 pudori
509 1037 748 1091 parcere,
777 1036 882 1074 non
913 1018 1052 1088 quod
1082 1018 1260 1071 timeat
1290 1032 1354 1070 ne
1380 1017 1430 1069 in
1455 1013 1742 1084 judicando
1771 1013 1865 1066 lal-

283 1115 453 1179 latur;
484 1114 580 1169 sed
603 1130 670 1168 ne
695 1113 923 1168 Severus
953 1111 1019 1164 ab
1048 1111 1213 1164 altero
1230 1108 1426 1163 Severo
1441 1106 1860 1173 commendatus,

285 1206 531 1260 videatur
576 1204 657 1257 sui
696 1203 860 1271 ipsius
902 1200 1335 1263 connuendator;
1387 1212 1521 1252 neve
1568 1212 1779 1252 causam
1813 1196 1863 1250 ei

285 1295 524 1365 praebeat
545 1292 913 1363 expostulandi
945 1291 1130 1345 eadem
1162 1290 1270 1355 illa,
1304 1304 1420 1357 qua:
1447 1287 1514 1342 de
1544 1303 1607 1342 eo
1632 1287 1742 1358 ipse
1766 1302 1862 1340 ex-

281 1384 770 1456 postulabat.Quod
793 1391 995 1453 spectat
1015 1381 1076 1435 ad
1099 1381 1354 1450 prolixam
1375 1377 1674 1447 epistolam,
1704 1392 1862 1446 quam

279 1481 349 1534 ab
373 1494 442 1534 eo
471 1477 703 1533 Severus
731 1477 1060 1546 efﬁagitarat,
1111 1481 1267 1543 negat
1293 1473 1343 1527 id
1371 1473 1468 1526 sibi
1508 1487 1605 1540 per
1638 1486 1864 1540 occupa-

280 1572 454 1624 tiones
486 1569 682 1632 licere;
717 1568 960 1636 exigente
989 1565 1250 1635 arquitatis
1283 1563 1490 1625 ordine,
1521 1571 1578 1616 ut
1607 1561 1744 1631 quod
1772 1561 1860 1614 uni

278 1660 483 1717 Severo
501 1659 750 1722 debebat,
783 1659 846 1711 iis
871 1655 1062 1710 ofﬁciis
1089 1654 1321 1721 cederet,
1341 1669 1458 1723 quae
1478 1653 1648 1706 eidem
1668 1652 1864 1721 pariter

279 1760 440 1820 atque
467 1749 609 1814 aliis,
637 1748 737 1802 hoc
762 1756 843 1801 est
871 1747 1130 1800 universa:
1154 1745 1424 1807 Ecclesiae,
1447 1751 1698 1812 praestare
1726 1753 1864 1797 tene-

278 1839 457 1894 batur.
475 1839 810 1906 Quapmpter
831 1853 950 1891 eum
978 1844 1325 1904 cmterosque,
1358 1833 1544 1903 quibus
1564 1841 1676 1888 erat
1699 1833 1865 1901 magis

278 1942 432 1988 arcto
479 1931 710 2000 quodam
758 1930 1004 1984 amicitiae
1037 1945 1176 1983 nexu
1227 1929 1560 1997 conjunctus,
1602 1934 1752 1994 rogat
1795 1942 1863 1980 ne

277 2023 414 2094 quid
439 2022 538 2077 sibi
565 2022 684 2075 novi
717 2021 892 2075 oneris
922 2021 1223 2089 imponant;
1246 2019 1337 2072 sed
1374 2028 1557 2072 contra
1598 2017 1729 2070 alios
1763 2017 1860 2086 ipsi

279 2116 356 2171 ab
399 2130 459 2169 ea
507 2130 578 2175 re,
611 2121 805 2183 quanta
840 2121 1059 2181 possunt
1099 2111 1410 2165 auctoritate
1449 2120 1502 2165 et
1545 2119 1723 2164 sancta
1763 2110 1862 2164 he-

279 2206 542 2276 nignit-ite
583 2205 914 2274 prohibeant.
947 2205 1078 2258 Eum
1109 2219 1137 2256 a
1163 2219 1235 2262 .se
1272 2203 1563 2272 exspectari
1603 2203 1863 2272 signiﬁcat

280 2298 475 2370 (Epist.
501 2295 632 2361 110,
655 2312 707 2348 η.
727 2296 806 2362 4).

348 2388 404 2442 5.
448 2385 506 2438 In
532 2384 758 2455 quadam
791 2383 1009 2453 cpistola
1059 2382 1316 2436 Novatum
1347 2383 1652 2442 antistitem,
1684 2390 1742 2435 ut
1793 2383 1859 2436 ad

277 2493 337 2532 se
367 2476 590 2530 fratrem
621 2474 827 2528 utilitati
864 2473 1115 2527 Ecclesim
1143 2473 1496 2527 necessarium
1525 2473 1863 2532 mitteretoh-

280 2577 531 2633 testatus,
555 2569 609 2620 in
641 2566 756 2620 haec
791 2565 949 2620 verba
974 2579 1092 2619 eum
1124 2565 1406 2632 compellat
1435 2582 1447 2616 :
1481 2564 1546 2618 Ut
1570 2565 1715 2634 longe
1742 2565 1860 2618 mit-

277 2667 382 2712 tam
401 2658 758 2725 cogitationem
787 2667 944 2723 tuam,
974 2655 1330 2724 quantumlibet
1372 2657 1531 2709 valeat
1559 2657 1862 2726 germanitas

277 2749 352 2802 tui
395 2748 683 2817 sanguinis,
715 2765 814 2800 non
853 2747 1002 2799 vincit
1030 2747 1266 2800 amicitiae
1290 2746 1560 2809 vinculum,
1585 2763 1681 2817 quo
1719 2746 1862 2800 nobis

275 2839 490 2892 invicem
518 2855 608 2908 ego
635 2848 680 2891 et
704 2837 860 2908 frater
875 2837 1087 2891 Severus
1115 2837 1414 2891 intraremus
1435 2854 1452 2891 :
1473 2848 1519 2892 et
1542 2849 1704 2892 tamen
1732 2840 1863 2894 nosti

278 2946 434 2999 quam
460 2947 580 2982 raro
608 2946 725 2982 eum
750 2929 873 2982 mihi
909 2927 1074 2982 videre
1097 2927 1368 2997 contingat.
1399 2928 1557 2998 Atque
1592 2930 1684 2982 hoc
1723 2931 1857 2999 fecit,

285 3035 394 3072 non
418 3021 584 3088 utique
609 3019 838 3072 voluntas
865 3018 942 3072 vel
965 3034 1095 3085 mea,
1121 3017 1198 3071 vel
1224 3018 1398 3082 illius;
1425 3018 1510 3071 sed
1538 3018 1657 3071 dum
1688 3021 1861 3073 matris

278 3110 529 3163 Ecclesiae
548 3110 867 3164 necessitates
893 3119 1095 3179 propter
1127 3113 1354 3179 futurum
1379 3111 1621 3173 secutum,
1658 3126 1754 3181 quo
1780 3127 1862 3164 no-

275 3199 479 3254 biscum
518 3200 918 3270 inseparabiliter
943 3201 1272 3264 convivemus,
1320 3201 1479 3254 nostri
1506 3202 1741 3270 temporis
1771 3218 1860 3255 ne-

273 3292 593 3345 cessitatibus
613 3293 976 3362 anteponimus.
1005 3292 1202 3356 Quanto
1228 3308 1344 3361 ergo
1371 3293 1562 3360 a-‘quius
1582 3301 1628 3346 te
1650 3294 1863 3348 tolerare

274 3389 500 3451 Oportet,
534 3397 626 3449 pro
655 3381 870 3434 utilitate
888 3381 1049 3450 ipsius
1075 3383 1249 3434 matris
1281 3381 1520 3435 Ecclesia:
1552 3383 1661 3451 ejus
1687 3383 1861 3451 fratris

273 3470 579 3534 absentiam,
612 3487 849 3542 cumquo
881 3488 980 3525 non
1009 3472 1199 3525 tamdiu
1227 3472 1389 3525 cibum
1425 3473 1729 3528 dominicum
1772 3493 1860 3529 ru-

271 3563 469 3625 minas,
489 3561 727 3630 quamdiu
743 3578 831 3632 ego
854 3578 967 3614 cum
995 3561 1282 3615 dulcissimo
1297 3565 1494 3618 concive
1516 3581 1625 3618 meo
1652 3564 1856 3631 Severo,

269 3652 372 3722 qui
399 3669 591 3704 mecum
629 3663 794 3705 tamen
829 3668 964 3707 nunc
991 3652 1093 3717 vix,
1141 3660 1186 3705 et
1226 3653 1478 3707 interdum
1523 3671 1612 3724 per
1655 3656 1859 3725 exiguas

255 3743 546 3797 chartulas
572 3743 812 3813 loquitur,
839 3752 884 3796 et
925 3759 1010 3797 eas
1034 3743 1233 3812 quidem
1262 3744 1428 3814 plures
1456 3746 1672 3798 aliarum
1705 3763 1857 3799 cura-

271 3851 402 3886 rum
421 3843 466 3887 et
495 3834 806 3904 negotiorum
833 3833 1062 3902 refertas,
1093 3850 1241 3901 quam
1262 3843 1515 3902 portantes
1551 3835 1742 3904 aliquid
1769 3853 1860 3889 no-

274 3933 512 3976 strorum
538 3924 589 3976 in
610 3920 795 3978 Christi
814 3923 1056 3976 suavitate
1079 3932 1339 3993 pratorum
1365 3922 1552 3994 (Epist.
1583 3925 1672 3992 84,
1703 3943 1755 3978 η.
1781 3926 1853 3996 1).
1874 3917 1877 3919 ’

270 4014 386 4068 llla
426 4015 703 4083 Augustini
753 4028 873 4067 cum
909 4014 1107 4068 Severo
1145 4013 1369 4069 societas
1399 4023 1519 4067 nota
1558 4025 1670 4068 erat
1699 4022 1857 4085 atque

271 4105 427 4173 apud
457 4119 644 4158 omnes
671 4103 973 4174 pervulgata
1000 4122 1013 4157 ε
1043 4103 1465 4173 quandoquidem
1494 4106 1702 4174 ignotus
1727 4107 1856 4159 scri-

268 4207 407 4265 ptor
429 4195 483 4249 in
513 4196 734 4266 quadam
759 4196 824 4249 ad
841 4197 1181 4265 Augustinum
1203 4195 1445 4265 epistola,
1468 4211 1584 4265 quae
1603 4197 1651 4249 in
1673 4197 1856 4251 Hiero-

268 4287 433 4354 ιιγωί
459 4301 615 4361 Opera
647 4286 950 4354 irrepserat,
982 4285 1061 4339 his
1105 4285 1317 4340 beatum
1344 4286 1647 4355 episcopum
1678 4289 1855 4344 verbis

273 4377 581 4445 alloquitur
610 4395 622 4430 :
645 4374 770 4431 Cum
783 4376 836 4429 in
861 4375 1029 4429 urbem
1046 4375 1198 4445 Leges
1220 4377 1456 4430 anteriori
1476 4386 1695 4448 tempore
1713 4395 1853 4432 com-

265 4481 565 4528 meassem;
588 4466 792 4519 nimium
816 4483 927 4519 sum
952 4466 1298 4532 contristatus,
1327 4466 1460 4535 quod
1502 4477 1548 4520 te
1575 4476 1728 4520 totum
1754 4470 1852 4523 ibi-

265 4557 399 4610 dem
420 4556 622 4610 minime
646 4557 785 4627 potui
822 4557 1070 4627 reperire;
1096 4557 1260 4610 inveni
1286 4558 1417 4611 enim
1445 4567 1493 4612 te
1517 4560 1749 4625 medium,
1783 4571 1848 4627 et,

263 4658 328 4698 ut
364 4646 440 4697 ita
469 4645 648 4710 dicam,
679 4647 1065 4715 partemam'ma:
1092 4654 1190 4699 tute
1210 4645 1450 4700 Severum
1478 4649 1846 4716 charissimam,

264 4739 337 4790 de
356 4751 463 4805 quo
479 4752 539 4790 ea:
560 4746 697 4804 parte
715 4736 914 4807 gavisus
929 4753 1060 4789 sum.
1090 4735 1318 4808 Perfecta
1345 4738 1474 4790 enim
1501 4740 1785 4805 gauderem,
1808 4741 1852 4794 si

266 4838 319 4880 te
353 4835 516 4879 totum
546 4827 813 4879 invenirem
841 4841 860 4880 :
883 4826 1014 4880 unde
1042 4841 1106 4881 ea:
1139 4836 1301 4897 parte,
1339 4844 1438 4898 qua
1465 4839 1511 4881 te
1547 4845 1847 4898 repereram,

262 4917 594 4987 gratulabar,
625 4927 672 4971 et
700 4927 902 4988 propter
943 4926 1134 4986 partem
1165 4927 1322 4982 tuam,
1345 4935 1496 4988 quam
1539 4936 1852 4990 nequaquam

259 5009 561 5071 cernebam,
581 5007 804 5061 omnibus
816 5008 976 5061 modis
1001 5009 1347 5064 contristabar.
1370 5008 1591 5064 Proinde
1605 5011 1710 5066 dixi
1736 5014 1849 5065 nni-

260 5115 378 5154 nuz
394 5115 534 5164 mete,
558 5099 723 5164 Quare
733 5101 885 5152 tristis
905 5116 973 5162 es,
990 5109 1036 5152 et
1051 5116 1206 5170 quare
1222 5101 1484 5154 conturbas
1499 5119 1576 5154 me
1587 5104 1612 5156 ?
1623 5103 1785 5172 Spera
1797 5106 1849 5158 in

267 5191 391 5243 Deo
417 5187 584 5260 (Psal.
609 5205 720 5254 xu,
749 5188 807 5259 6)
843 5199 926 5244 :et
961 5191 1107 5261 faciet
1132 5202 1424 5261 prazsentem
1450 5194 1848 5264 amicum,quem

261 5281 474 5349 diligis.
508 5277 653 5334 Unde
679 5281 878 5349 confido
898 5280 950 5333 in
978 5279 1216 5348 Domino,
1241 5290 1285 5334 et
1314 5298 1477 5352 spero,
1505 5285 1639 5352 quod
1658 5301 1734 5338 me
1769 5286 1849 5353 fa-

262 5373 374 5425 ciet
395 5371 460 5422 de
479 5379 566 5422 tua
592 5371 780 5424 visione
794 5371 1039 5442 gratulari
1055 5370 1227 5440 (Apud
1250 5371 1487 5442 August.,
1504 5372 1669 5444 Epist.
1695 5374 1843 5445 270).

262 5463 451 5528 Atque
479 5469 534 5512 ut
557 5473 901 5529 quacumque
930 5471 1188 5530 praeterea
1215 5461 1283 5516 de
1321 5461 1520 5517 Severo
1544 5465 1663 5519 licet
1698 5465 1846 5519 inve-

264 5553 417 5617 nire,
450 5551 591 5607 hunc
617 5552 671 5607 in
699 5551 874 5607 locum
901 5567 1284 5624 congeramus;
1312 5553 1557 5608 observat
1599 5556 1847 5625 Augusti-

270 5658 379 5698 nus
407 5659 600 5700 mtrum
645 5642 912 5714 quoddam
955 5643 1213 5714 magnctis
1235 5646 1676 5716 experimentum,
1703 5647 1844 5717 quod

1669 259 1868 315 LIBER
1907 258 2220 328 Ql'lN'l'US.

3452 283 3556 341 5l8

1973 373 2222 441 Severus,
2255 392 2374 432 cum
2402 379 2687 452 aliquando
2733 386 2870 455 apud
2921 388 3294 446 Bathanarium
3351 395 3550 452 Africus

1971 469 2216 521 comitem
2242 471 2544 538 pranderet,
2570 483 2929 543 spectaverat;
2959 480 3043 534 cui
3074 481 3282 550 quidem
3315 500 3418 539 non
3447 487 3548 540 mi-

1972 572 2071 610 nus
2101 558 2218 613 tidei
2240 577 2301 613 ex
2331 561 2444 630 ejus
2471 565 2774 619 testimonio
2801 566 2994 623 habere
3021 585 3079 624 se
3109 579 3352 639 testatur,
3386 591 3545 644 quam

1971 646 2012 700 si
2037 646 2395 720 praescnsipse
2421 652 2738 710 interfuisset
2761 654 2858 729 (De
2877 657 3023 713 Civit.
3050 658 3268 723 Dei,lib.
3301 663 3390 728 2|,
3419 682 3539 733 cap.

1968 737 2024 801 4,
2049 755 2101 792 η.
2130 740 2206 812 4).
2236 740 2293 794 ln
2323 745 2706 811 componendis
2750 749 2937 814 turbis,
2962 768 3100 820 qua},
3128 761 3184 807 ut
3225 753 3358 808 infra
3386 755 3543 811 visuri

1971 842 2174 896 sumus,
2205 841 2385 886 contra
2418 833 2709 892 Ecclesiam
2736 853 2875 893 anno
2900 841 3414 913 quadringentesimo
3449 861 3542 901 oc-
3618 873 3626 884 ι

1970 926 2090 972 tavo
2121 920 2175 974 in
2200 921 2374 977 Africa
2396 926 2670 982 concitata:
2715 939 2857 995 sunt,
2909 941 3108 987 tantum
3136 933 3412 990 desudavit
3444 935 3540 992 Se-

1971 1023 2146 1073 verus,
2177 1021 2430 1081 quantmn
2458 1015 2572 1084 ejus
2597 1017 2828 1074 charitas
2853 1023 3150 1091 postulabat
3179 1043 3191 1077 :
3224 1026 3350 1095 quin
3381 1026 3546 1082 etiam

1967 1113 2086 1154 cum
2119 1104 2406 1172 Augustino
2445 1106 2496 1160 in
2526 1109 2841 1178 colloquium
2869 1113 3032 1179 venit,
3085 1122 3142 1167 ut
3181 1115 3340 1168 tantis
3381 1117 3532 1172 malis

1969 1188 2214 1245 idoneum
2231 1194 2518 1248 remedium
2532 1196 2725 1263 junctis
2736 1201 2972 1254 consiliis
2995 1202 3388 1272 investigarent.
3404 1203 3536 1258 Cum

1968 1292 2150 1351 postea
2172 1283 2380 1352 quidam
2405 1287 2680 1358 presbyter
2698 1305 2762 1343 ex
2786 1290 3082 1347 Milevitana
3104 1292 3322 1348 dioecesi
3346 1293 3409 1346 ad
3437 1291 3542 1347 lm-

1968 1373 2228 1442 peratoris
2257 1375 2563 1430 comitatum
2593 1392 2650 1431 se
2679 1381 2961 1445 conterret,
2997 1383 3118 1438 huic
3143 1382 3412 1438 mandavit
3436 1381 3542 1437 Se-

1967 1481 2144 1530 verus,
2177 1476 2232 1520 ut
2262 1483 2354 1536 per
2382 1469 2671 1538 Hipponem
2691 1472 2792 1526 iter
2819 1471 3017 1529 faceret
3040 1492 3052 1526 ε
3076 1491 3178 1545 qua
3199 1490 3324 1530 usus
3351 1490 3544 1544 oppor-

1969 1557 2190 1612 tunilale
2219 1559 2558 1628 Augustinus,
2587 1560 2654 1616 ad
2694 1562 2991 1634 Olympium
3044 1567 3097 1619 in
3145 1566 3385 1622 eamdem
3425 1581 3539 1622 rem

1969 1648 2200 1717 scripsit,
2229 1664 2434 1704 necnon
2479 1651 2754 1719 plurimam
2788 1653 2860 1707 illi
2893 1653 3076 1710 Severi
3108 1656 3284 1710 verbis
3313 1655 3545 1711 salutem

1969 1736 2100 1791 dixit
2127 1737 2313 1809 (Epist.
2364 1738 2451 1802 97,
2485 1757 2536 1793 η.
2565 1738 2642 1812 5).
2674 1741 2817 1795 lnter
2847 1757 2961 1808 eos,
3011 1744 3096 1813 qui
3138 1743 3543 1815 Carthaginensl

1967 1828 2237 1882 collationi
2283 1829 2588 1894 interfuere,
2622 1847 2814 1886 nomen
2847 1833 2988 1888 illius
3011 1849 3115 1888 non
3159 1836 3436 1904 reperitur.
3468 1837 3538 1890 At

1975 1931 2114 1970 anno
2143 1917 2660 1988 quadringentesimo
2689 1920 2896 1976 decimo
2935 1932 3085 1977 sexto
3113 1924 3388 1994 epistolam
3423 1939 3544 1979 cum

1968 2005 2184 2077 reliquis
2212 1996 2470 2077 episcopis
2494 2008 2754 2064 Numidiae
2797 2012 2968 2066 Milevi
2995 2014 3329 2082 congregatis
3357 2013 3423 2067 ad
3454 2014 3544 2067 ln-

1970 2100 2270 2156 nocentium
2300 2101 2602 2169 pontiﬁcem
2650 2103 2795 2158 misit
2821 2103 3010 2176 (Epist.
3037 2106 3182 2176 176).
3219 2106 3368 2161 Diem
3388 2106 3540 2161 deni-

1967 2205 2073 2259 que
2098 2205 2236 2245 anno
2263 2191 3051 2264 quadringentesimovigesimo
3067 2205 3216 2251 sexto
3242 2197 3392 2263 obiit,
3418 2213 3538 2252 cum

1970 2281 2113 2348 prius
2123 2282 2263 2334 clero
2280 2295 2374 2334 suo
2394 2291 2652 2350 praesente
2669 2282 2996 2353 designasset
3015 2285 3115 2340 sibi
3142 2301 3534 2352 successorem;

1967 2378 2056 2439 qui
2095 2379 2147 2425 et
2170 2370 2236 2424 de
2266 2371 2403 2426 facto
2443 2388 2602 2441 opera
2633 2374 2907 2443 Augustini
2953 2377 3069 2443 ejus
3117 2376 3288 2430 locum
3309 2375 3543 2453 obtinuit

1971 2460 2166 2530 (Epist.
2187 2460 2314 2529 2l3,
2345 2477 2402 2516 ιι.
2437 2460 2509 2536 1).
2531 2463 2696 2518 Erant
2723 2467 2772 2518 in
2803 2465 2987 2520 eadem
3015 2466 3143 2520 urbe
3160 2466 3298 2520 servi
3320 2467 3432 2532 Dei,
3460 2465 3544 2520 vi-

1966 2552 2161 2607 delicet
2182 2552 2444 2618 monachi,
2471 2569 2603 2622 quos
2629 2554 2736 2609 illic
2753 2555 2983 2610 Severus
3008 2556 3304 2611 instituerat
3321 2554 3540 2629 (lbid.);

1967 2645 2412 2714 quemadmodum
2445 2661 2539 2701 eos
2562 2660 2770 2710 omnes,
2808 2647 2896 2716 qui
2927 2663 2989 2701 ex
3023 2649 3341 2703 monasterio
3366 2647 3545 2718 Augu-

1967 2735 2088 2788 stini
2123 2735 2187 2788 ad
2226 2737 2589 2805 episcopatum
2621 2737 2874 2806 assumpti
2919 2735 3088 2804 fuere,
3133 2737 3322 2793 fecisse
3367 2745 3545 2792 narrat

1967 2825 2236 2880 Possidius
2286 2824 2393 2898 (In
2441 2825 2556 2880 Vita
2585 2827 2825 2898 August.,
2875 2844 2922 2881 c.
2954 2817 3052 2895 11
3079 2835 3126 2881 et
3153 2843 3325 2899 supra,
3354 2827 3442 2882 lib.
3474 2827 3541 2894 5,

1966 2933 2082 2989 cap.
2106 2918 2157 2983 5,
2179 2935 2268 2971 nn.
2293 2919 2346 2985 2,
2367 2918 2448 2988 '5).

2528 3007 2756 3064 CAPUT
2791 3007 2928 3066 Vill.

1967 3098 1994 3152 1
2036 3097 2276 3152 Conditus
2317 3107 2392 3153 est
2426 3114 2559 3153 anno
2587 3097 2780 3156 Christi
2807 3100 3293 3173 quadringentesimo
3321 3099 3539 3155 secundo

2037 3188 2159 3243 liber
2177 3199 2349 3243 contra
2375 3188 2686 3245 Petilianum
2706 3193 2976 3246 secundus.
3000 3194 3036 3246 2
3067 3191 3179 3246 Hoc
3203 3193 3328 3246 libro
3351 3193 3534 3261 episto-

2039 3280 2139 3332 lam
2169 3279 2306 3350 illius
2330 3282 2578 3351 integram
2599 3282 2827 3350 confutet
2848 3282 3180 3353 Augustinus.
3200 3283 3234 3337 5
3263 3281 3451 3338 Scribit
3477 3281 3545 3336 ad
3616 3261 3628 3276 χ

2036 3369 2318 3425 Catholicos
2348 3372 2637 3440 epistolam,
2666 3374 2751 3441 qui
2786 3373 2908 3427 liber
2954 3375 3017 3429 de
3056 3371 3264 3439 Unitate
3302 3372 3544 3429 Ecclesiw

2036 3481 2134 3518 non
2164 3463 2226 3518 ab
2276 3466 2418 3519 initio
2468 3465 2669 3520 dicitur.
2700 3467 2735 3523 4
2764 3467 3046 3522 Petilianus
3088 3485 3180 3540 pro
3223 3470 3546 3540 responsione

2037 3554 2218 3624 probra
2257 3565 2303 3608 et
2331 3556 2596 3610 maledicta
2625 3558 2804 3628 ingerit
2843 3559 2895 3612 in
2925 3559 3276 3630 Augustinum.
3308 3561 3342 3616 5
3379 3560 3543 3632 Hujus

2033 3643 2101 3697 ad
2127 3643 2360 3698 Petiliani
2398 3646 2622 3700 convicia
2663 3658 2710 3701 et
2739 3650 3064 3702 contumelias
3089 3649 3215 3702 mira
3246 3651 3526 3719 responsio.

2033 3736 2067 3793 6
2097 3735 2358 3790 Psalmum
2405 3739 2714 3809 trigesimum
2753 3750 2946 3793 sextum
2988 3738 3372 3810 Cartliaginensi
3407 3740 3541 3813 plebi

2033 3845 2283 3900 exponens
2306 3829 2614 3901 Augustinus
2634 3831 2857 3900 disputat
2882 3841 3057 3885 contra
3081 3831 3395 3887 Donatistas.

2035 3922 2086 3975 1.
2126 3921 2319 3989 Quinto
2337 3921 2592 3976 kalendas
2617 3924 2782 3977 maias
2825 3924 3099 3993 praesentis
3129 3924 3252 3977 anni
3275 3923 3532 3993 quadrin-

1960 4013 2240 4082 gentesimi
2261 4013 2478 4068 secundi
2509 4014 2819 4068 Anastasius
2848 4030 2978 4084 papa
3006 4014 3072 4068 de
3094 4015 3200 4069 vita
3226 4015 3389 4070 exivit
3409 4032 3422 4068 :
3441 4030 3535 4070 cu-

1955 4102 2045 4173 jus
2072 4104 2282 4173 quidem
2307 4104 2476 4158 cxitus
2506 4104 2739 4158 nondum
2776 4114 2890 4159 erat
2934 4104 2985 4159 in
3015 4103 3190 4159 Africa
3233 4104 3528 4172 nuntiatus,

1961 4209 2067 4262 quo
2096 4203 2331 4264 tempore
2356 4195 2678 4265 AuguStinus
2708 4194 2901 4249 librum
2931 4203 3114 4249 contra
3140 4193 3368 4249 Litteras
3388 4194 3529 4249 Peti-

1960 4285 2085 4339 liani
2123 4283 2418 4340 secundum
2459 4285 2844 4353 componebat;
2879 4286 2929 4338 in
2972 4283 3074 4340 hoc
3098 4285 3239 4339 enim
3261 4285 3528 4339 Anastasii

1961 4383 2209 4445 tanquam
2238 4375 2412 4428 adhuc
2455 4375 2594 4428 Petri
2629 4374 2935 4429 cathedram
2961 4375 3266 4444 occupantis
3282 4373 3531 4429 recorda-

1960 4465 2222 4537 tur(Cont.
2245 4465 2368 4518 Litt.
2391 4463 2544 4518 Petit.
2562 4464 2649 4519 lib.
2668 4465 2722 4530 2,
2741 4482 2786 4519 c.
2809 4466 2867 4521 5i
2884 4506 2898 4531 ,
2914 4483 2966 4520 η.
2986 4466 3134 4534 118).
3151 4469 3219 4521 At
3238 4477 3381 4522 certe
3396 4466 3541 4521 hunc

1958 4557 2149 4612 librum
2177 4566 2369 4613 czetera
2398 4557 2538 4612 inter
2561 4558 2814 4628 opuscula
2837 4573 2929 4612 sua
2948 4573 3012 4613 eo
3029 4560 3293 4614 recensuit
3317 4559 3527 4626 ordine,

1958 4657 2016 4704 ut
2043 4649 2142 4705 dici
2170 4665 2273 4704 non
2302 4649 2468 4718 possit
2505 4658 2626 4704 ante
2654 4659 2968 4719 praesentem
2991 4666 3188 4705 annum
3209 4651 3530 4708 elaboratus.

1958 4741 2245 4796 Enimvero
2261 4755 2381 4794 cum
2399 4740 2687 4795 Petilianus
2704 4740 2768 4795 ad
2790 4742 3016 4811 primum
3044 4742 3319 4812 Augustini
3341 4741 3537 4798 librum

1957 4830 2191 4885 secundo
2212 4830 2313 4884 isto
2343 4829 2574 4885 nondum
2591 4831 2833 4886 absoluto
2850 4831 3217 4902 reSponderet,
3235 4831 3386 4897 Quod
3395 4831 3534 4886 vult-

1956 4921 2113 4979 deum
2130 4922 2378 4976 clericum
2393 4921 2716 4976 Donatistam
2735 4922 2785 4976 in
2811 4923 3023 4991 proprio
3045 4922 3211 4992 gradu
3243 4921 3535 4978 admissum

1955 5011 2474 5082 quercbatur(lbid.,
2508 5012 2595 5066 lib.
2619 5013 2724 5073 5,c.
2745 5011 2833 5078 52,
2864 5029 2918 5066 η.
2945 5014 3033 5082 57)
3068 5029 3080 5064 :
3111 5027 3213 5065 non
3249 5011 3405 5080 igitur
3433 5010 3534 5067 nisi

1955 5087 2075 5176 post
2093 5103 2376 5159 concilium
2408 5103 2579 5159 idibus
2607 5103 2922 5172 septembris
2951 5118 3092 5157 anno
3129 5103 3536 5174 quadringente-

1955 5199 2092 5252 simo
2126 5197 2296 5264 primo
2332 5195 2566 5249 habitum
2613 5195 2950 5264 Carthagine,
2992 5195 3081 5249 ubi
3131 5196 3438 5251 constitutio
3465 5197 3534 5252 de

1955 5287 2342 5341 Donatistarum
2364 5286 2574 5342 clericis
2611 5287 2664 5340 in
2685 5301 2784 5340 suo
2804 5285 3006 5342 honore
3037 5288 3359 5360 recipiendis
3384 5289 3528 5347 edita

1955 5387 2055 5433 est.
2077 5378 2340 5432 Praeterea
2380 5378 2608 5447 quodam
2633 5376 2684 5431 in
2734 5379 2850 5432 loco
2877 5380 3092 5435 secundi
3129 5379 3287 5450 hujus
3315 5381 3430 5437 libri
3456 5369 3533 5438 te.

1955 5476 2123 5522 statur
2145 5469 2492 5537 Augustinus,
2533 5469 2810 5524 toleratam
2841 5468 3005 5527 fuisse
3025 5471 3199 5542 Optati
3222 5472 3538 5534 Gildoniani,

1955 5556 2282 5628 tyrannidem
2304 5557 2582 5613 recentibus
2598 5560 2895 5630 temporibus
2918 5560 3102 5634 (Ibid,
3121 5564 3207 5617 lib.
3225 5563 3278 5630 2,
3304 5580 3349 5616 c.
3367 5564 3457 5630 25,
3476 5583 3528 5625 η.

1954 5649 2082 5718 5'5):
2114 5662 2230 5718 qua:
2257 5647 2412 5705 verba
2463 5665 2566 5705 non
2595 5666 2756 5706 unum
2801 5661 2853 5709 et
2905 5654 3130 5709 alterum
3173 5655 3537 5725 tantummon
