3990 6360
497 322 598 379 519

498 449 753 498 mensem,
771 433 862 489 sed
884 434 1112 506 spatium
1128 431 1380 502 temporis
1400 429 1603 500 insigne
1621 428 1881 498 quoddam
1901 429 1967 482 ab
1987 427 2072 480 illa

505 525 804 596 tyrannide,
837 541 952 595 quae
979 525 1078 580 sub
1114 525 1269 580 linem
1302 522 1425 577 anni
1451 521 1808 576 trecentesimi
1841 534 2072 590 nonage~

512 617 634 671 simi
664 618 834 672 octavi
859 616 1036 682 desiit,
1059 615 1327 671 cllluxisse
1349 613 1661 684 significant.
1685 612 1797 679 Qua
1823 611 2075 666 observa-

505 705 650 761 tione
665 707 1084 776 Baronii'opinio,
1099 707 1288 760 librum
1303 706 1448 759 illum
1461 704 1734 771 Augustini
1753 717 1892 757 anno
1904 702 2075 758 cidem

507 811 666 867 supra
695 801 1121 853 trecentesimum
1149 798 1489 868 nonagesimo
1516 806 1700 850 octavo
1722 797 2039 866 assignanlis
2059 837 2073 861 ,

503 887 742 943 funditus
771 891 1040 944 evertitur.
1055 887 1279 944 Silentio
1297 887 1624 957 przcterimus
1641 895 2078 941 commemoratas

506 978 561 1032 in
603 979 788 1034 eodem
830 980 964 1034 libro
994 981 1135 1049 leges
1165 979 1379 1033 llonorii
1419 978 1486 1032 de
1526 977 1894 1033 subvertendis
1924 976 2078 1030 idolis

504 1063 558 1139 (1
563 1068 688 1130 bid.,
711 1084 756 1122 ο.
775 1068 863 1136 9‘2,
878 1086 930 1121 n.
943 1069 1068 1138 202)
1081 1069 1202 1121 anni
1217 1067 1570 1122 trecentesimi
1584 1066 1905 1136 nonagesinri
1928 1066 2074 1120 noni.

575 1157 814 1228 Denique
857 1159 1201 1223 Felicianum,
1254 1159 1454 1213 omisso
1503 1158 1844 1222 Prmtcxtato,
1884 1159 2078 1227 sat-pius

509 1251 783 1305 nominat:
811 1252 951 1322 quod
981 1253 1276 1307 certissime
1309 1252 1530 1316 evincit,
1560 1250 1698 1305 hunc
1735 1251 1844 1320 jam
1888 1265 1919 1304 e
1947 1251 2078 1304 vivis

503 1339 700 1396 abiisse
732 1357 745 1392 :
772 1356 892 1395 cum
923 1350 1096 1397 tamen
1140 1358 1280 1406 eum,
1327 1358 1432 1412 quo
1486 1352 1722 1412 tempore
1751 1341 2077 1411 Augustinus

503 1430 570 1484 ad
593 1430 917 1486 Generosum
941 1433 1037 1487 sub
1052 1434 1314 1488 Anastasii
1344 1434 1644 1502 pontiﬁcatu
1675 1433 1957 1498 scribebat,
1979 1431 2075 1486 ad-

503 1526 608 1576 huc
628 1523 967 1591 superstitem
1011 1524 1172 1580 fuisse
1199 1525 1487 1580 viderimus
1506 1525 1694 1599 (Epist.
1723 1527 1812 1591 55,
1840 1542 1894 1580 n.
1927 1525 2003 1598 6).

575 1611 629 1663 2.
665 1611 813 1677 Quod
843 1622 1020 1668 autem
1048 1614 1114 1668 ad
1141 1631 1353 1670 causam
1387 1617 1573 1671 attinet
1599 1617 1819 1671 secundi
1847 1617 1964 1670 libri
1985 1617 2077 1671 ad-

506 1712 692 1754 versus
714 1700 1046 1765 Petilianum,
1079 1719 1140 1759 ex
1163 1705 1224 1759 iis
1243 1722 1360 1775 qua:
1387 1721 1542 1774 supra
1563 1706 1793 1760 diximus
1820 1707 1966 1761 licuit
1995 1706 2076 1761 in-

503 1790 1052 1862 telligere,epistolam
1082 1795 1147 1848 ab
1178 1795 1277 1849 hoc
1297 1794 1524 1850 Cirtensi
1556 1797 1941 1851 Donatistarum
1963 1798 2076 1867 epi-

505 1893 668 1948 scopo
718 1884 1068 1951 conscriptam
1096 1885 1352 1939 adversus
1378 1885 1695 1951 Ecclesiam,
1721 1887 1888 1956 primo
1910 1888 2078 1941 sancti

504 1968 746 2027 Doetoris
771 1973 907 2029 libro
933 1976 1214 2030 refutatam
1242 1976 1424 2044 fuisse,
1451 1994 1553 2032 non
1584 1988 1758 2034 tamen
1790 1980 2075 2049 integram;

505 2062 698 2131 quippe
741 2065 890 2134 cujus
932 2067 1158 2136 aliquam
1217 2078 1417 2122 tantum
1450 2078 1673 2137 partem,
1716 2071 2078 2139 prementibus

505 2168 622 2205 eam
655 2156 838 2210 scdulo
867 2159 1168 2224 Donatistis,
1205 2161 1302 2230 ipsi
1334 2161 1509 2230 legere
1535 2163 1856 2232 contigisset.
1883 2163 2076 2218 Verum

505 2245 653 2301 irrita
698 2250 903 2304 illorum
936 2252 1210 2318 industria,
1255 2254 1467 2331 tandem
1497 2254 1777 2324 aliquando
1809 2255 1858 2309 in
1897 2257 2077 2326 Augn»

506 2336 627 2390 stini
661 2355 845 2394 manus
871 2350 976 2395 tota
1007 2344 1265 2412 pervenit.
1293 2343 1424 2398 Nam
1450 2345 1720 2400 Cirtenses
1749 2346 1960 2415 quidam
1984 2361 2077 2400 ca-

506 2426 684 2482 tholici
715 2431 976 2486 inventam
1007 2435 1171 2501 illam,
1199 2436 1619 2506 exscriptamque
1647 2437 1818 2492 eidem
1842 2437 2078 2492 transmi-

503 2528 688 2572 serunt
710 2520 915 2591 (Contra
937 2523 1057 2578 Litt.
1080 2524 1251 2588 I’etil.,
1276 2525 1361 2579 lib.
1379 2525 1433 2592 2,
1453 2542 1499 2580 c.
1523 2528 1570 2592 1,
1590 2528 1702 2592 η.1;
1727 2526 1803 2581 De
1821 2527 1866 2582 U
1870 2530 1961 2581 nit.
1978 2527 2079 2583 Ec-

503 2608 647 2672 cles.,
673 2627 722 2663 n.
747 2613 792 2677 i;
817 2612 1002 2668 Contra
1022 2615 1361 2682 Cresconium,
1378 2617 1464 2671 lib.
1482 2619 1532 2683 1,
1555 2619 1666 2681 ε.1,
1682 2636 1735 2672 n.
1754 2621 1806 2689 1)
1826 2637 1838 2673 :
1856 2621 1943 2691 qui
1966 2631 2075 2674 sta-

509 2698 599 2750 tim
634 2711 687 2752 ut
718 2701 792 2756 illi
820 2706 1086 2760 cmnulate
1114 2708 1479 2777 responderet,
1521 2725 1645 2764 suos
1673 2719 1780 2764 tum
1808 2710 1873 2764 de
1900 2712 2075 2766 Trini-

505 2801 636 2857 tate,
671 2802 776 2848 tum
810 2797 859 2851 in
890 2798 1134 2854 Genesitn
1165 2801 1329 2856 libros
1380 2802 1658 2872 interrupit
1688 2803 1958 2872 (Retract.,
1989 2805 2075 2857 lib.

505 2891 562 2954 2,
595 2908 708 2960 cap.
735 2891 849 2961 25).
886 2890 1002 2945 Non
1034 2893 1167 2962 quia,
1203 2893 1370 2963 inquit
1391 2894 1730 2964 Augustinus,
1770 2895 1856 2949 ille
1897 2912 2078 2949 novum

503 2983 694 3052 aliquid
714 2983 852 3045 dicit,
895 2984 976 3036 cui
998 3001 1096 3038 non
1129 2986 1241 3054 jam
1263 2986 1432 3039 multis
1453 2987 1613 3040 modis
1639 2996 1685 3040 et
1710 3003 1843 3054 swpe
1872 3004 2078 3057 respon-

506 3091 615 3128 sum
643 3085 752 3139 est;
783 3075 872 3131 sed
901 3085 1104 3144 promer
1125 3077 1367 3130 tardiores
1396 3081 1595 3147 fratres,
1628 3079 1713 3146 qui
1741 3095 1819 3142 ea,
1851 3095 1964 3148 qua:
1979 3081 2074 3132 ali-

506 3167 619 3218 cubi
664 3167 891 3236 legerint,
915 3166 982 3219 ad
1026 3167 1194 3220 omnia
1222 3167 1368 3236 paria
1411 3170 1598 3238 referre
1626 3185 1725 3222 non
1753 3178 1980 3238 possunt,
2007 3170 2079 3223 ita

507 3271 693 3308 morem
720 3272 889 3326 geram
909 3257 999 3318 eis,
1025 3257 1111 3322 qui
1139 3273 1217 3311 me
1236 3258 1437 3310 omnino
1466 3257 1532 3309 ad
1551 3259 1751 3328 singula
1780 3259 2078 3324 respondere

507 3345 851 3413 compellunt;
891 3355 944 3397 ut
989 3348 1128 3415 quasi
1154 3347 1360 3400 alternis
1389 3349 1696 3401 sermonibus
1737 3353 1787 3401 in
1814 3351 2080 3418 prazsentia

507 3436 828 3489 disseramus.
859 3436 1017 3490 Verba
1045 3454 1106 3491 ex
1125 3435 1357 3506 Epistola
1377 3438 1485 3507 ejus
1506 3455 1692 3508 ponant
1719 3437 1811 3491 sub
1842 3439 1950 3508 ejus
1980 3455 2076 3492 no-

510 3526 662 3591 mine,
692 3537 738 3579 et
781 3527 1152 3596 responsionem
1178 3529 1388 3581 reddant
1416 3528 1506 3582 sub
1546 3544 1654 3582 meo
1697 3529 1932 3593 nomine;
1963 3538 2078 3580 tan-

511 3632 680 3685 quam,
711 3634 821 3670 cum
839 3635 1124 3687 ageremus,
1165 3635 1196 3671 a
1225 3620 1433 3672 notariis
1451 3630 1657 3685 excepta
1685 3619 1802 3673 sint.
1827 3617 1910 3672 Ita
1938 3635 2081 3675 nemo

507 3709 620 3774 erit,
649 3711 733 3780 qui
763 3728 840 3763 me
864 3711 1053 3779 aliquid
1079 3711 1472 3780 praetermisisse,
1506 3719 1595 3764 aut
1617 3721 1818 3781 prapter
1838 3711 2081 3766 indiscre-

511 3809 588 3853 tas
605 3817 842 3870 personas
863 3818 916 3854 se
941 3817 1038 3854 non
1069 3802 1288 3870 potuisse
1307 3800 1585 3871 intelligere
1608 3812 1941 3871 conqueratur
1968 3818 1987 3856 :
2014 3803 2087 3856 si-

423 3915 426 3922 ι
512 3893 620 3944 mal
648 3895 795 3945 etiam
817 3901 870 3945 ut
897 3894 1046 3964 iidem
1075 3893 1171 3961 ipsi
1198 3891 1494 3958 Donatistte,
1526 3893 1612 3964 qui
1638 3909 1808 3946 coram
1828 3894 2084 3948 nobiscum

512 3981 752 4034 disserere
795 3983 991 4048 nolunt,
1038 4001 1126 4050 per
1149 3983 1357 4048 litteras,
1389 4000 1514 4053 quas
1562 3985 1668 4039 suis
1693 3984 1974 4050 ediderunt,
2012 3986 2084 4038 ita

515 4071 884 4142 none/fugiunt
920 4073 1296 4143 respondentem
1337 4074 1431 4127 sibi
1465 4073 1534 4126 ad
1561 4074 1761 4145 singula
1808 4076 2080 4140 veritatem,

515 4171 752 4230 tanquam
779 4153 1030 4215 nobiseum
1061 4163 1189 4232 facie
1206 4162 1273 4215 ad
1297 4163 1477 4234 faciem
1505 4164 1853 4233 colloquantur
1878 4163 2085 4233 (Contra

516 4251 690 4316 Petil.,
734 4254 818 4306 (ib.
855 4253 910 4319 2,
947 4269 992 4305 c.
1029 4255 1078 4319 1,
1111 4271 1162 4307 n.
1202 4256 1277 4322 1).
1310 4255 1507 4310 Eadem
1548 4257 1751 4310 ratione
1784 4256 2084 4311 refcllcndis

518 4343 690 4397 Fausti
720 4343 866 4398 libris
883 4359 1009 4399 usus
1037 4344 1221 4399 fuerat.
1246 4344 1380 4399 Infra
1400 4346 1610 4415 quidem
1636 4347 1817 4402 dolere
1841 4363 1899 4403 se
1922 4357 2083 4403 testa-

513 4443 621 4500 tnr,
649 4434 787 4503 quod
819 4435 914 4488 sibi
945 4451 1162 4491 necesse
1184 4437 1616 4492 sitdissolvendis
1645 4439 1795 4508 nugis
1837 4439 2086 4495 immora-

519 4529 584 4592 ri,
607 4543 672 4581 uc
698 4527 831 4581 forte
858 4527 1081 4583 inﬁrmis
1108 4530 1371 4596 negotium
1390 4530 1670 4595 lacessant,
1702 4532 1882 4601 eisque
1911 4532 2085 4600 lapsus

515 4619 848 4672 occasionem
895 4619 1165 4685 prmbeant
1189 4618 1372 4686 (lbid.,
1402 4619 1554 4684 c.9‘2,
1580 4636 1633 4673 η.
1675 4620 1804 4690 209)
1840 4639 1852 4676 :
1886 4629 1940 4674 at
1963 4622 2086 4676 dili-

513 4709 786 4778 gentiailla
809 4710 976 4763 multo
995 4711 1169 4764 minus
1194 4711 1314 4777 ipsi,
1337 4727 1490 4781 quam
1507 4711 1810 4776 Donatistis,
1831 4713 2087 4768 molestia:

515 4800 784 4856 aﬁ‘erebat.
814 4801 1100 4855 Petiliauus
1125 4802 1265 4856 enim
1288 4818 1392 4871 quo
1407 4817 1464 4856 se
1482 4811 1711 4858 verteret
1729 4819 1832 4859 non
1863 4804 2083 4873 habens,

514 4889 580 4943 ad
607 4890 920 4944 calumniam
946 4891 1200 4961 confugit,
1229 4893 1604 4964 contendilque
1639 4909 1759 4948 eum
1787 4897 2087 4964 responsio-

515 4996 635 5035 nem
663 4996 811 5035 suam
860 4982 915 5035 in
964 4982 1186 5037 formam
1241 4984 1492 5054 colloquii
1543 5001 1646 5040 non
1669 4987 1784 5041 sine
1814 4987 2089 5042 mendacio

514 5072 882 5137 concinnasse,
929 5073 1067 5142 quod
1117 5089 1384 5144 nunquam
1436 5091 1709 5131 sermones
1739 5077 1875 5131 inter
1903 5079 2088 5132 semi-

513 5162 794 5224 scuissent.
817 5161 951 5227 Quid
975 5165 1242 5234 faciamus,
1284 5166 1450 5234 inquit
1485 5167 1829 5237 Augustinus,
1875 5169 2090 5223 homini-

512 5251 622 5318 bus,
653 5254 735 5319 qui
766 5255 864 5309 tale
885 5272 970 5308 cor
990 5257 1191 5324 habent,
1217 5266 1303 5311 aut
1335 5275 1440 5324 eos,
1471 5260 1648 5329 quibus
1678 5261 1866 5331 scripta
1889 5278 1983 5316 sua
2005 5263 2086 5315 in-

518 5355 768 5398 notescere
793 5346 1034 5415 cupiunt,
1068 5349 1167 5402 tale
1198 5365 1283 5402 cor
1308 5350 1487 5403 habere
1506 5352 1775 5420 apinantur
1815 5351 1915 5423 (De
1946 5352 2086 5407 Unit.

522 5435 739 5499 Eccles.,
771 5451 822 5488 η.
863 5434 954 5506 1)?
983 5437 1107 5492 llaec
1144 5439 1303 5509 igitur
1342 5441 1439 5496 fuit
1465 5457 1644 5509 causa,
1677 5457 1772 5498 cur
1799 5443 1850 5497 in
1877 5444 2088 5498 Petilia-

517 5541 643 5580 nnm
674 5527 864 5580 librum
885 5527 1174 5583 secundum
1195 5532 1472 5598 scriberet,
1501 5543 1556 5589 et
1581 5550 1702 5589 cum
1719 5534 1931 5604 quidem
1959 5536 2088 5591 satis

517 5615 800 5686 prolixum.
836 5615 891 5669 ln
905 5631 970 5672 eo
996 5618 1136 5673 enim
1164 5619 1334 5690 ipsum
1355 5638 1564 5694 quoque
1584 5626 1821 5696 epistola:
1846 5626 2089 5682 Petiliani

519 5710 749 5779 initium,
780 5706 925 5784 quod
947 5712 1057 5784 jam
1091 5713 1262 5782 primo
1309 5727 1406 5771 suo
1433 5716 1568 5774 libro
1596 5717 1866 5786 reiutarat,
1898 5717 2089 5773 iterum

1609 316 1764 371 VITA
1805 315 1859 370 S.
1904 309 2261 368 AUGUSTINI
2300 309 2619 367 EPISCOPI.

3637 327 3739 385 52'}

2181 420 2349 475 diluit.
2382 424 2542 478 llatus
2573 439 2731 494 porro
2755 434 2854 487 est,
2883 439 2998 495 qure
3029 426 3080 480 in
3109 429 3336 484 medium
3359 432 3623 505 ali'crebat,
3649 441 3738 494 ad-

2179 530 2244 568 eo
2267 513 2653 585 Scripturarum
2683 516 2993 571 auctoritate
3018 517 3222 573 ﬁrmata
3247 535 3365 576 esse
3401 527 3594 589 omnia,
3620 539 3673 583 ut
3710 547 3738 588 a

2181 607 2413 670 nemine,
2433 607 2530 664 nisi
2551 609 2640 678 qui
2665 608 2843 662 divino
2872 611 3034 664 verbo
3081 625 3199 666 sese
3225 613 3494 670 inimicum
3535 617 3738 676 denun-

2179 697 2353 761 tiarct,
2370 699 2546 768 negari
2575 708 2806 769 possent.
2831 698 3010 770 Neque
3037 702 3192 756 etiam
3214 702 3469 760 dubitavit
3503 721 3741 768 asserere

2180 801 2294 853 eos,
2319 789 2405 856 qui
2434 789 2581 858 prius
2613 788 2888 858 epistolam
2918 791 3154 846 Petiliani
3208 794 3414 863 plurimi
3459 795 3738 868 faciebant,

2183 877 2412 946 perlecta
2461 879 2700 948 ejusdem
2742 879 3117 945 coniutatione,
3149 883 3216 938 ab
3247 893 3363 938 utra
3402 897 3549 956 parte
3585 898 3744 947 staret

2180 969 2394 1035 veritas,
2422 971 2630 1024 tandem
2661 972 2950 1041 aguituros.
2989 972 3189 1040 Quibus
3215 985 3387 1031 tamen
3414 977 3672 1046 Petiliani,
3698 984 3742 1038 si

2182 1061 2394 1130 quidem
2419 1063 2543 1117 velit
2562 1062 2838 1132 epistolam
2867 1079 3015 1119 suam
3045 1065 3348 1136 defendere,
3377 1069 3620 1126 audiendi
3651 1087 3743 1143 po-

2180 1159 2422 1207 testatem
2440 1170 2542 1208 non
2562 1155 2765 1208 adimit.

2251 1245 2303 1300 5.
2351 1245 2554 1300 Interea
2595 1246 2832 1302 ﬁdelibus
2860 1246 2924 1302 ad
2973 1263 3083 1302 sua:
3123 1248 3528 1319 dispensationis
3567 1268 3744 1308 curam

2181 1336 2563 1404 pertinentibus
2583 1337 2769 1392 codem
2793 1337 2956 1394 ferme
2977 1349 3230 1410 tempore,
3253 1358 3358 1412 quo
3381 1344 3543 1397 edidit
3567 1360 3751 1400 secun-

2180 1425 2304 1479 dum
2333 1426 2521 1480 librum
2545 1427 2595 1480 in
2616 1427 2948 1491 Petilianum,
2973 1438 3026 1483 et
3046 1439 3326 1500 antequam
3357 1434 3511 1488 tertio
3539 1450 3748 1489 manum

2181 1514 2504 1581 admoveret,
2532 1517 2806 1585 epistolam
2832 1519 3042 1588 scripsit
3070 1519 3206 1575 bene
3235 1521 3439 1592 longam
3462 1565 3476 1588 ,
3502 1525 3587 1578 cui
3615 1541 3751 1580 nunc

2181 1607 2318 1662 libro
2361 1607 2438 1662 De
2483 1607 2686 1664 Unitate
2734 1608 2974 1665 Ecclesia:
3009 1612 3188 1667 titulus
3241 1621 3340 1668 est.
3388 1615 3460 1670 lbi
3502 1617 3750 1672 Ecclesia:

2181 1697 2454 1753 catholica:
2492 1700 2766 1754 veritatem
2793 1702 3104 1756 auctoritate
3132 1702 3523 1772 Scripturarum
3556 1707 3750 1760 conﬁr-

2180 1799 2309 1857 mat,
2339 1791 2600 1861 simulque
2629 1791 2954 1846 demonstrat
2979 1793 3108 1847 nihil
3147 1810 3213 1849 ex
3240 1795 3343 1850 illis
3362 1836 3378 1862 ,
3403 1798 3545 1867 quod
3571 1814 3751 1853 secum

2182 1881 2372 1948 iaciat,
2422 1883 2720 1937 Donatistas
2761 1883 2997 1952 proferre
3042 1901 3198 1954 posse
3232 1905 3244 1939 :
3276 1901 3394 1940 cum
3447 1905 3510 1943 ex
3557 1891 3753 1958 apertis

2181 1974 2496 2027 testimoniis
2520 2015 2533 2038 ,
2566 1975 2706 2026 nulla
2748 1983 2928 2028 contra
2961 1991 3052 2030 cos
3089 1993 3191 2030 non
3237 1987 3500 2047 pugnent;
3529 1981 3595 2034 ad
3639 1997 3754 2050 pro-

2180 2064 2405 2119 bandam
2446 2075 2619 2120 autem
2663 2082 2806 2131 rem,
2855 2066 2920 2122 de
2967 2084 3068 2137 qua
3111 2073 3468 2127 controversia
3499 2083 3602 2140 est,
3653 2090 3753 2129 non

2180 2157 2388 2212 valeant
2410 2157 2673 2227 ambigua,
2701 2157 2781 2211 vel
2805 2159 3047 2226 obscura,
3079 2161 3211 2216 sicut
3243 2178 3339 2217 nec
3369 2164 3646 2233 allegorice
3674 2166 3753 2219 di-

2179 2258 2283 2302 cta.
2313 2249 2511 2315 Quibus
2557 2258 2728 2302 tamen
2760 2251 3027 2304 Donatista
3066 2252 3276 2321 quidam
3312 2255 3586 2324 episcopus
3626 2257 3754 2326 flip-

2179 2355 2318 2409 pone
2348 2341 2484 2395 inter
2508 2340 2922 2394 concionandum
2965 2357 3090 2395 usus
3110 2384 3125 2408 ,
3155 2343 3314 2398 miras
3356 2345 3455 2399 sibi
3479 2358 3756 2416 pepererat

2180 2430 2585 2483 acclamationes
2613 2445 2828 2495 eorum,
2872 2431 2960 2498 qui
2995 2432 3226 2500 speciem
3257 2449 3286 2487 a
3330 2435 3498 2490 solido
3528 2451 3637 2491 non
3676 2453 3757 2492 se-

2178 2526 2486 2586 cerncntes,
2531 2521 2726 2590 aliquid
2757 2521 2876 2574 novi
2914 2522 2964 2574 in
3003 2537 3110 2576 sua:
3138 2534 3295 2579 seetse
3321 2527 3541 2595 gratiam
3575 2528 3754 2585 alicrri

2180 2609 2508 2664 lattabantur.
2543 2610 2691 2664 Patet
2727 2627 2938 2680 quoque
2969 2613 3268 2668 Donatistas
3305 2617 3542 2684 proferre
3570 2620 3755 2674 solitos

2179 2709 2380 2769 patrata
2409 2715 2503 2768 per
2540 2715 2664 2754 suos
2701 2702 2982 2768 miracula,
3026 2703 3281 2760 beneﬁcia
3323 2707 3388 2760 ad
3430 2718 3752 2765 mortuorum

2179 2807 2394 2845 suorum
2426 2795 2710 2846 memorias
2753 2795 3089 2862 precantibus
3131 2797 3363 2861 indulta,
3401 2799 3509 2852 visa
3544 2802 3754 2856 tandem

2180 2885 2291 2938 suis
2308 2884 2619 2954 quibusdam
2643 2886 2852 2939 cculitus
2880 2887 3132 2940 immissa.
3160 2889 3655 2956 Removeanturista,
3683 2895 3756 2948 in—

2179 2977 2292 3046 quit
2332 2977 2686 3046 Augustinus,
2729 2979 2804 3032 vcl
2843 2980 3080 3048 figmenta
3119 2981 3431 3035 mendacium
3474 2984 3754 3052 hominum,

2179 3068 2256 3121 vel
2281 3077 2507 3137 portenta
2527 3068 2787 3136 fallaciam
2812 3070 3096 3138 spirituum.
3117 3071 3216 3124 Aut
3237 3066 3366 3125 enim
3387 3090 3484 3126 non
3504 3085 3623 3128 sunt
3647 3093 3758 3129 vera

2181 3176 2291 3228 quw
2310 3160 2561 3224 dicuntur,
2582 3170 2670 3213 aut
2690 3161 2734 3213 si
2754 3161 3098 3214 hu‘reticorum
3123 3161 3294 3230 aliqua
3315 3164 3442 3216 mira
3464 3167 3594 3234 facta
3617 3175 3755 3221 sunt.

2181 3250 2340 3320 magis
2387 3265 2560 3304 cavere
2611 3249 2843 3303 debemus
2873 3251 3049 3321 :quod
3097 3268 3212 3304 cum
3265 3252 3470 3306 dixisset
3511 3252 3761 3309 Dominus

2180 3339 2424 3406 quosdam
2451 3342 2644 3411 futuros
2683 3356 2788 3392 esse
2824 3340 3053 3410 fallaces,
3097 3341 3182 3411 qui
3223 3344 3466 3396 nonnulla
3500 3344 3650 3414 signa
3685 3347 3761 3416 fa-

2182 3429 2376 3493 ciendo,
2404 3430 2554 3482 etiam
2593 3430 2792 3494 electos,
2837 3430 2881 3482 si
2915 3431 3027 3499 fieri
3056 3441 3241 3500 posset,
3279 3433 3546 3503 fallerent;
3573 3435 3762 3504 adjecit

2182 3519 2490 3572 vehementer
2529 3519 2902 3584 commendans,
2927 3530 2972 3573 et
2997 3522 3066 3572 ait
3097 3539 3110 3573 :
3139 3539 3157 3571 ι
3183 3520 3312 3575 Ecce
3329 3523 3542 3592 prtedixi
3569 3524 3710 3579 vobis
3736 3542 3756 3574 ι

2185 3611 2404 3682 (Matth.
2436 3627 2582 3678 ntv,
2613 3610 2739 3684 ‘25.)
2773 3610 2935 3667 Porro
2963 3613 3008 3666 si
3027 3612 3206 3679 aliquis
3222 3615 3272 3666 in
3294 3614 3645 3668 Iuereticorum
3665 3632 3762 3669 mc-

2184 3707 2358 3759 moriis
2403 3705 2554 3774 orans
2583 3704 2877 3771 exauditur,
2915 3722 3015 3758 non
3045 3721 3136 3775 pro
3180 3707 3355 3759 merito
3389 3707 3484 3760 loci
3501 3748 3517 3773 ,
3548 3708 3644 3760 sed
3674 3724 3763 3777 pro

2185 3798 2360 3851 merito
2396 3798 2627 3852 desiderii
2651 3799 2730 3852 sui
2762 3799 2935 3867 recipit
2961 3799 3060 3853 sive
3087 3799 3300 3865 bonum,
3333 3799 3433 3854 sive
3457 3800 3674 3856 malum.
3699 3801 3763 3855 Et

2185 3890 2331 3942 multi
2353 3890 2483 3942 irato
2515 3889 2621 3942 Deo
2650 3889 3020 3956 exaudiuntur;
3043 3899 3090 3944 et
3131 3891 3302 3944 multis
3339 3892 3586 3961 propitius
3635 3893 3762 3947 Deus

2187 3995 2287 4031 non
2317 3979 2488 4032 tribuit
2514 3979 2648 4047 quod
2668 3980 2857 4044 volunt,
2887 3988 2940 4032 ut
2963 3980 3096 4049 quod
3116 3979 3234 4033 utile
3258 3991 3328 4035 est
3350 3983 3552 4036 tribuat.
3574 3982 3763 4038 Nonne

2187 4069 2399 4140 legimus
2442 4069 2502 4122 ab
2541 4071 2650 4140 ipso
2687 4069 2906 4124 Domino
2946 4070 3054 4124 Deo
3095 4073 3363 4127 nonnullos
3405 4074 3674 4129 exauditos
3714 4076 3765 4128 in

2187 4161 2394 4214 excelsis
2419 4163 2665 4216 montium
2691 4162 2889 4216 Judth
2908 4179 2924 4226 ;
2945 4177 3057 4230 qua:
3084 4172 3247 4217 tamen
3273 4165 3468 4220 excelsa
3492 4166 3560 4218 ita
3587 4167 3766 4236 displi-

2187 4252 2357 4307 cebant
2384 4252 2510 4321 Deo,
2533 4264 2588 4307 ut
2612 4265 2656 4308 et
2681 4271 2818 4324 reges
2841 4254 2926 4323 qui
2953 4271 3011 4306 ea
3040 4269 3139 4307 non
3167 4264 3460 4319 everterent,
3485 4255 3759 4326 culparet:-

2189 4358 2270 4400 tur
2292 4389 2304 4410 ,
2335 4355 2381 4400 et
2423 4347 2506 4417 qui
2536 4354 2838 4411 everterent,
2878 4345 3240 4401 laudarentur?
3267 4346 3412 4400 Unde
3447 4348 3760 4417 intelligitur,

2188 4439 2350 4509 magis
2380 4437 2542 4491 valere
2568 4437 2773 4506 petentis
2801 4429 3066 4501 affectum,
3107 4453 3254 4506 quam
3283 4437 3534 4508 petitionis
3572 4438 3763 4493 locum.

2189 4531 2267 4585 De
2304 4531 2420 4585 visis
2462 4540 2626 4584 autent
2669 4527 2935 4598 fallacibus
2977 4529 3144 4599 legant
3172 4547 3284 4600 qua:
3319 4532 3506 4602 scripta
3533 4541 3690 4600 sunt,
3721 4540 3766 4585 et

2188 4623 2307 4692 quia
2333 4623 2439 4692 ipse
2465 4631 2666 4674 satanas
2692 4621 3033 4689 [transfigurat
3069 4637 3122 4674 se
3147 4629 3381 4692 tanquam
3419 4622 3658 4691 angelum
3689 4623 3768 4676 lu-

2189 4715 2261 4768 cis
2313 4712 2389 4786 (11
2420 4712 2535 4766 Cor.
2566 4728 2617 4766 ιι
2639 4753 2652 4776 ,
2684 4710 2815 4782 14),
2854 4720 2898 4764 et
2925 4712 3043 4783 quia
3067 4712 3250 4766 multos
3287 4712 3588 4766 seduxerunt
3627 4731 3766 4768 som-

2190 4807 2276 4858 nia
2297 4822 2389 4858 sua
2417 4803 2436 4876 (
2457 4802 2616 4856 Eccli.
2645 4819 2803 4857 xxxrv
2823 4844 2836 4865 ,
2859 4801 2951 4874 7
2985 4803 3204 4855 Audiant
3231 4804 3382 4856 etiam
3419 4819 3533 4872 qua:
3559 4819 3768 4858 narrent

2192 4895 2393 4966 Paguni
2431 4896 2493 4947 de
2517 4895 2714 4965 templis
2743 4902 2789 4947 et
2813 4894 2911 4946 diis
2937 4895 3040 4947 suis
3069 4894 3360 4948 mirabiliter
3396 4895 3472 4948 vel
3503 4897 3662 4966 facta,
3695 4898 3768 4949 vel

2192 4989 2315 5042 visa.
2338 4986 2692 5041 Exaudiantur
2711 5003 2826 5056 ergo
2848 4985 2993 5038 multi
3017 4994 3063 5038 et
3080 4984 3248 5039 multis
3268 4986 3451 5053 modis,
3481 5003 3580 5040 non
3602 4988 3769 5042 solum

2192 5079 2466 5134 Christiani
2492 5076 2744 5142 catholici,
2771 5077 2858 5131 sed
2879 5085 2922 5129 et
2945 5076 3164 5146 Pagani,
3185 5087 3229 5130 et
3249 5076 3440 5141 Juda’i,
3464 5086 3508 5130 et
3524 5077 3763 5140 hwretici,

2193 5170 2344 5223 variis
2368 5166 2618 5221 erroribus
2658 5176 2704 5220 et
2728 5165 3166 5237 superstitionibus
3199 5166 3374 5219 dediti.
3407 5165 3766 5220 Exaudiuntur

2194 5269 2359 5312 autem
2380 5258 2455 5310 vel
2478 5256 2539 5310 ab
2559 5255 2813 5327 spiritibus
2836 5256 3210 5322 seductoribus;
3235 5258 3320 5325 qui
3345 5265 3510 5311 tamen
3534 5257 3663 5309 nihil
3687 5258 3769 5324 fa-

2194 5351 2347 5411 ciunt,
2381 5350 2478 5403 nisi
2508 5349 2874 5418 permittuntur,
2900 5346 3004 5402 Deo
3029 5347 3302 5400 sublimiter
3324 5356 3472 5416 atque
3498 5345 3768 5412 ineffabili-

2195 5449 2268 5492 ter
2285 5438 2548 5509 judicante
2574 5437 2696 5507 quid
2722 5443 2895 5507 cuique
2932 5435 3250 5491 tribuendum
3279 5438 3381 5500 sit;
3420 5437 3521 5490 sive
3555 5437 3616 5488 ab
3653 5437 3766 5504 ipso

2195 5530 2302 5584 Deo
2321 5572 2335 5594 ,
2364 5532 2438 5583 vel
2463 5530 2529 5582 ad
2570 5546 2766 5599 prunam
2793 5529 3027 5594 ntalitiaz,
3061 5528 3137 5582 vel
3175 5527 3242 5580 ad
3269 5526 3503 5581 solatium
3530 5527 3763 5589 miserim,

2195 5622 2270 5676 vel
2293 5621 2360 5674 ad
2381 5621 2766 5675 admonitionem
2783 5620 3062 5690 quaerenda:
3085 5619 3261 5673 salutis
3273 5627 3488 5674 «sternte.
3507 5616 3581 5670 Ad
3598 5617 3764 5685 ipsam

2197 5729 2310 5769 vero
2339 5712 2551 5768 salutem
2579 5727 2638 5766 ac
2663 5712 2812 5765 vitam
2841 5719 3079 5766 attentam
3112 5725 3254 5765 nemo
3278 5707 3524 5779 pervenit,
3553 5704 3648 5760 nisi
3677 5704 3762 5773 qui
