  <div class='ocr_page' id='page_1' title='image "/cluster/home/n/w/nwhite01/storage/ocr_20150623/32/hvd.32044015706328/166.png"; bbox 0 0 3990 6360; ppageno 0'>
   <div class='ocr_carea' id='block_1_1' title="bbox 282 290 377 347">
    <p class='ocr_par' dir='ltr' id='par_1_1' title="bbox 282 290 377 347">
     <span class='ocr_line' id='line_1_1' title="bbox 282 290 377 347; baseline -0.011 0"><span class='ocrx_word' id='word_1_1' title='bbox 282 290 377 347; x_wconf 69' lang='grc'><strong>3⁸21</strong></span> 
     </span>
    </p>
   </div>
   <div class='ocr_carea' id='block_1_2' title="bbox 282 398 1858 471">
    <p class='ocr_par' dir='ltr' id='par_1_2' title="bbox 282 398 1858 471">
     <span class='ocr_line' id='line_1_2' title="bbox 282 398 1858 471; baseline -0.004 -15"><span class='ocrx_word' id='word_1_2' title='bbox 282 403 423 456; x_wconf 70' lang='lat' dir='ltr'><strong>habet</strong></span> <span class='ocrx_word' id='word_1_3' title='bbox 459 410 619 471; x_wconf 85' lang='lat' dir='ltr'><strong>caput</strong></span> <span class='ocrx_word' id='word_1_4' title='bbox 663 401 938 456; x_wconf 73' lang='lat' dir='ltr'><strong>Christum.</strong></span> <span class='ocrx_word' id='word_1_5' title='bbox 983 399 1180 454; x_wconf 81' lang='lat' dir='ltr'><strong>[Iabere</strong></span> <span class='ocrx_word' id='word_1_6' title='bbox 1227 408 1390 452; x_wconf 86' lang='lat' dir='ltr'><strong>autent</strong></span> <span class='ocrx_word' id='word_1_7' title='bbox 1425 407 1575 469; x_wconf 83' lang='lat' dir='ltr'><strong>caput</strong></span> <span class='ocrx_word' id='word_1_8' title='bbox 1608 398 1858 453; x_wconf 82' lang='lat' dir='ltr'><strong>Christum</strong></span> 
     </span>
    </p>
   </div>
   <div class='ocr_carea' id='block_1_3' title="bbox 277 490 1859 561">
    <p class='ocr_par' dir='ltr' id='par_1_3' title="bbox 277 490 1859 561">
     <span class='ocr_line' id='line_1_3' title="bbox 277 490 1859 561; baseline -0.003 -15"><span class='ocrx_word' id='word_1_9' title='bbox 277 509 423 546; x_wconf 80' lang='lat' dir='ltr'><strong>nemo</strong></span> <span class='ocrx_word' id='word_1_10' title='bbox 447 493 661 560; x_wconf 86' lang='lat' dir='ltr'><strong>poterit,</strong></span> <span class='ocrx_word' id='word_1_11' title='bbox 690 492 787 545; x_wconf 81' lang='lat' dir='ltr'><strong>nisi</strong></span> <span class='ocrx_word' id='word_1_12' title='bbox 827 493 913 561; x_wconf 88' lang='lat' dir='ltr'><strong>qui</strong></span> <span class='ocrx_word' id='word_1_13' title='bbox 951 491 1004 544; x_wconf 91' lang='lat' dir='ltr'><strong>in</strong></span> <span class='ocrx_word' id='word_1_14' title='bbox 1045 492 1154 561; x_wconf 84' lang='lat' dir='ltr'><strong>ejus</strong></span> <span class='ocrx_word' id='word_1_15' title='bbox 1182 506 1389 559; x_wconf 87' lang='lat' dir='ltr'><strong>corpore</strong></span> <span class='ocrx_word' id='word_1_16' title='bbox 1412 490 1562 559; x_wconf 75' lang='lat' dir='ltr'><strong>fuerit</strong></span> <span class='ocrx_word' id='word_1_17' title='bbox 1587 531 1602 556; x_wconf 93' lang='lat'><strong>,</strong></span> <span class='ocrx_word' id='word_1_18' title='bbox 1626 493 1760 559; x_wconf 81' lang='lat' dir='ltr'><strong>quod</strong></span> <span class='ocrx_word' id='word_1_19' title='bbox 1788 499 1859 542; x_wconf 86' lang='lat' dir='ltr'><strong>cst</strong></span> 
     </span>
    </p>
   </div>
   <div class='ocr_carea' id='block_1_4' title="bbox 278 581 1858 654">
    <p class='ocr_par' dir='ltr' id='par_1_4' title="bbox 278 581 1858 654">
     <span class='ocr_line' id='line_1_4' title="bbox 278 581 1858 654; baseline -0.003 -16"><span class='ocrx_word' id='word_1_20' title='bbox 278 585 504 638; x_wconf 82' lang='lat' dir='ltr'><strong>Ecclesia</strong></span> <span class='ocrx_word' id='word_1_21' title='bbox 523 625 538 648; x_wconf 94' lang='lat'><strong>,</strong></span> <span class='ocrx_word' id='word_1_22' title='bbox 565 601 715 649; x_wconf 84' lang='lat' dir='ltr'><strong>quam</strong></span> <span class='ocrx_word' id='word_1_23' title='bbox 739 585 866 638; x_wconf 82' lang='lat' dir='ltr'><strong>sicut</strong></span> <span class='ocrx_word' id='word_1_24' title='bbox 906 584 1070 654; x_wconf 85' lang='lat' dir='ltr'><strong>ipsum</strong></span> <span class='ocrx_word' id='word_1_25' title='bbox 1109 592 1258 652; x_wconf 87' lang='lat' dir='ltr'><strong>caput</strong></span> <span class='ocrx_word' id='word_1_26' title='bbox 1296 583 1346 635; x_wconf 86' lang='lat' dir='ltr'><em>in</em></span> <span class='ocrx_word' id='word_1_27' title='bbox 1371 581 1648 651; x_wconf 85' lang='lat' dir='ltr'><strong>Scripturis</strong></span> <span class='ocrx_word' id='word_1_28' title='bbox 1671 581 1858 634; x_wconf 75' lang='lat' dir='ltr'><strong>sanctis</strong></span> 
     </span>
    </p>
   </div>
   <div class='ocr_carea' id='block_1_5' title="bbox 274 670 1857 741">
    <p class='ocr_par' dir='ltr' id='par_1_5' title="bbox 274 670 1857 741">
     <span class='ocr_line' id='line_1_5' title="bbox 274 670 1857 741; baseline -0.003 -16"><span class='ocrx_word' id='word_1_29' title='bbox 274 673 532 726; x_wconf 85' lang='lat' dir='ltr'><strong>canonicis</strong></span> <span class='ocrx_word' id='word_1_30' title='bbox 569 673 802 728; x_wconf 80' lang='lat' dir='ltr'><strong>debemus</strong></span> <span class='ocrx_word' id='word_1_31' title='bbox 850 688 1149 741; x_wconf 82' lang='lat' dir='ltr'><strong>agnoscere,</strong></span> <span class='ocrx_word' id='word_1_32' title='bbox 1191 687 1290 724; x_wconf 88' lang='lat' dir='ltr'><strong>non</strong></span> <span class='ocrx_word' id='word_1_33' title='bbox 1325 672 1376 724; x_wconf 89' lang='lat' dir='ltr'><em>in</em></span> <span class='ocrx_word' id='word_1_34' title='bbox 1411 672 1561 724; x_wconf 85' lang='lat' dir='ltr'><strong>variis</strong></span> <span class='ocrx_word' id='word_1_35' title='bbox 1601 670 1857 722; x_wconf 82' lang='lat' dir='ltr'><strong>hominum</strong></span> 
     </span>
    </p>
   </div>
   <div class='ocr_carea' id='block_1_6' title="bbox 274 760 1856 832">
    <p class='ocr_par' dir='ltr' id='par_1_6' title="bbox 274 760 1856 832">
     <span class='ocr_line' id='line_1_6' title="bbox 274 760 1856 832; baseline -0.002 -17"><span class='ocrx_word' id='word_1_36' title='bbox 274 763 563 816; x_wconf 86' lang='lat' dir='ltr'><strong>rumoribus</strong></span> <span class='ocrx_word' id='word_1_37' title='bbox 588 774 635 816; x_wconf 88' lang='lat' dir='ltr'><em>et</em></span> <span class='ocrx_word' id='word_1_38' title='bbox 659 762 978 832; x_wconf 76' lang='lat' dir='ltr'><strong>opinionibus</strong></span> <span class='ocrx_word' id='word_1_39' title='bbox 1005 771 1049 814; x_wconf 88' lang='lat' dir='ltr'><strong>et</strong></span> <span class='ocrx_word' id='word_1_40' title='bbox 1076 763 1222 832; x_wconf 77' lang='lat' dir='ltr'><strong>factis</strong></span> <span class='ocrx_word' id='word_1_41' title='bbox 1243 772 1286 814; x_wconf 77' lang='lat' dir='ltr'><strong>et</strong></span> <span class='ocrx_word' id='word_1_42' title='bbox 1307 762 1452 815; x_wconf 84' lang='lat' dir='ltr'><strong>dictis</strong></span> <span class='ocrx_word' id='word_1_43' title='bbox 1481 773 1526 814; x_wconf 87' lang='lat' dir='ltr'><strong>et</strong></span> <span class='ocrx_word' id='word_1_44' title='bbox 1554 760 1669 814; x_wconf 86' lang='lat' dir='ltr'><strong>visis</strong></span> <span class='ocrx_word' id='word_1_45' title='bbox 1694 760 1856 828; x_wconf 87' lang='lat' dir='ltr'><strong>inqui-</strong></span> 
     </span>
    </p>
   </div>
   <div class='ocr_carea' id='block_1_7' title="bbox 272 852 1857 926">
    <p class='ocr_par' dir='ltr' id='par_1_7' title="bbox 272 852 1857 926">
     <span class='ocr_line' id='line_1_7' title="bbox 272 852 1857 926; baseline 0 -20"><span class='ocrx_word' id='word_1_46' title='bbox 272 872 380 908; x_wconf 86' lang='lat' dir='ltr'><strong>rere</strong></span> <span class='ocrx_word' id='word_1_47' title='bbox 398 854 502 926; x_wconf 81' lang='lat' dir='ltr'><strong>(De</strong></span> <span class='ocrx_word' id='word_1_48' title='bbox 524 853 727 909; x_wconf 83' lang='lat' dir='ltr'><strong>Unitate</strong></span> <span class='ocrx_word' id='word_1_49' title='bbox 746 855 906 922; x_wconf 82' lang='lat' dir='ltr'><strong>Eccl.,</strong></span> <span class='ocrx_word' id='word_1_50' title='bbox 925 871 971 907; x_wconf 91' lang='lat' dir='ltr'><strong>c.</strong></span> <span class='ocrx_word' id='word_1_51' title='bbox 989 855 1074 918; x_wconf 90' lang='grc'>18,</span> <span class='ocrx_word' id='word_1_52' title='bbox 1094 872 1145 906; x_wconf 88' lang='lat' dir='ltr'><strong>n.</strong></span> <span class='ocrx_word' id='word_1_53' title='bbox 1162 853 1271 926; x_wconf 78' lang='grc'><strong>46).</strong></span> <span class='ocrx_word' id='word_1_54' title='bbox 1291 854 1401 908; x_wconf 86' lang='lat' dir='ltr'><strong>Ilac</strong></span> <span class='ocrx_word' id='word_1_55' title='bbox 1418 854 1468 908; x_wconf 90' lang='lat' dir='ltr'><strong>in</strong></span> <span class='ocrx_word' id='word_1_56' title='bbox 1486 853 1704 922; x_wconf 86' lang='lat' dir='ltr'><strong>epistola</strong></span> <span class='ocrx_word' id='word_1_57' title='bbox 1722 852 1857 906; x_wconf 40' lang='lat' dir='ltr'><strong>Prte-</strong></span> 
     </span>
    </p>
   </div>
   <div class='ocr_carea' id='block_1_8' title="bbox 273 943 1855 999">
    <p class='ocr_par' dir='ltr' id='par_1_8' title="bbox 273 943 1855 999">
     <span class='ocr_line' id='line_1_8' title="bbox 273 943 1855 999; baseline 0.003 -5"><span class='ocrx_word' id='word_1_58' title='bbox 273 954 534 998; x_wconf 80' lang='lat' dir='ltr'><strong>textatum</strong></span> <span class='ocrx_word' id='word_1_59' title='bbox 563 945 936 998; x_wconf 83' lang='lat' dir='ltr'><strong>Assuritanum</strong></span> <span class='ocrx_word' id='word_1_60' title='bbox 975 945 1025 999; x_wconf 91' lang='lat' dir='ltr'><strong>in</strong></span> <span class='ocrx_word' id='word_1_61' title='bbox 1055 945 1446 999; x_wconf 74' lang='lat' dir='ltr'><strong>Donatistarum</strong></span> <span class='ocrx_word' id='word_1_62' title='bbox 1485 943 1855 999; x_wconf 84' lang='lat' dir='ltr'><strong>communione</strong></span> 
     </span>
    </p>
   </div>
   <div class='ocr_carea' id='block_1_9' title="bbox 262 1034 1853 1101">
    <p class='ocr_par' dir='ltr' id='par_1_9' title="bbox 262 1034 1853 1101">
     <span class='ocr_line' id='line_1_9' title="bbox 262 1034 1853 1101; baseline 0.002 -16"><span class='ocrx_word' id='word_1_63' title='bbox 262 1035 371 1101; x_wconf 83' lang='lat' dir='ltr'><strong>jam</strong></span> <span class='ocrx_word' id='word_1_64' title='bbox 403 1035 548 1088; x_wconf 89' lang='lat' dir='ltr'><strong>diem</strong></span> <span class='ocrx_word' id='word_1_65' title='bbox 591 1035 818 1100; x_wconf 90' lang='lat' dir='ltr'><strong>obiissc,</strong></span> <span class='ocrx_word' id='word_1_66' title='bbox 853 1035 1176 1089; x_wconf 86' lang='lat' dir='ltr'><strong>Felicianum</strong></span> <span class='ocrx_word' id='word_1_67' title='bbox 1211 1044 1388 1090; x_wconf 87' lang='lat' dir='ltr'><strong>autem</strong></span> <span class='ocrx_word' id='word_1_68' title='bbox 1427 1036 1767 1090; x_wconf 83' lang='lat' dir='ltr'><strong>Mustitanum</strong></span> <span class='ocrx_word' id='word_1_69' title='bbox 1800 1034 1853 1088; x_wconf 91' lang='lat' dir='ltr'><strong>in</strong></span> 
     </span>
    </p>
   </div>
   <div class='ocr_carea' id='block_1_10' title="bbox 266 1123 1854 1196">
    <p class='ocr_par' dir='ltr' id='par_1_10' title="bbox 266 1123 1854 1196">
     <span class='ocr_line' id='line_1_10' title="bbox 266 1123 1854 1196; baseline 0.003 -20"><span class='ocrx_word' id='word_1_70' title='bbox 266 1123 454 1178; x_wconf 83' lang='lat' dir='ltr'><strong>eadem</strong></span> <span class='ocrx_word' id='word_1_71' title='bbox 481 1123 658 1178; x_wconf 89' lang='lat' dir='ltr'><strong>adhuc</strong></span> <span class='ocrx_word' id='word_1_72' title='bbox 679 1124 872 1194; x_wconf 89' lang='lat' dir='ltr'><strong>degere</strong></span> <span class='ocrx_word' id='word_1_73' title='bbox 893 1124 1149 1194; x_wconf 87' lang='lat' dir='ltr'><strong>significat</strong></span> <span class='ocrx_word' id='word_1_74' title='bbox 1170 1124 1354 1194; x_wconf 88' lang='lat' dir='ltr'><strong>(Ibid.,</strong></span> <span class='ocrx_word' id='word_1_75' title='bbox 1381 1142 1431 1178; x_wconf 82' lang='grc' dir='ltr'><strong>η.</strong></span> <span class='ocrx_word' id='word_1_76' title='bbox 1461 1124 1569 1196; x_wconf 74' lang='grc'><strong>46).</strong></span> <span class='ocrx_word' id='word_1_77' title='bbox 1594 1124 1708 1191; x_wconf 93' lang='lat' dir='ltr'><strong>Quo</strong></span> <span class='ocrx_word' id='word_1_78' title='bbox 1736 1126 1854 1180; x_wconf 92' lang='lat' dir='ltr'><strong>loco</strong></span> 
     </span>
    </p>
   </div>
   <div class='ocr_carea' id='block_1_11' title="bbox 265 1214 1851 1288">
    <p class='ocr_par' dir='ltr' id='par_1_11' title="bbox 265 1214 1851 1288">
     <span class='ocr_line' id='line_1_11' title="bbox 265 1214 1851 1288; baseline 0.002 -21"><span class='ocrx_word' id='word_1_79' title='bbox 265 1214 332 1268; x_wconf 86' lang='lat' dir='ltr'><strong>de</strong></span> <span class='ocrx_word' id='word_1_80' title='bbox 358 1216 817 1283; x_wconf 87' lang='lat' dir='ltr'><strong>pcrsecutionibus</strong></span> <span class='ocrx_word' id='word_1_81' title='bbox 845 1216 950 1284; x_wconf 82' lang='lat' dir='ltr'><strong>agit</strong></span> <span class='ocrx_word' id='word_1_82' title='bbox 979 1215 1177 1288; x_wconf 85' lang='lat' dir='ltr'><strong>(lbid.,</strong></span> <span class='ocrx_word' id='word_1_83' title='bbox 1211 1234 1263 1270; x_wconf 83' lang='grc' dir='ltr'><strong>η.</strong></span> <span class='ocrx_word' id='word_1_84' title='bbox 1296 1217 1418 1287; x_wconf 81' lang='lat'><strong>55),</strong></span> <span class='ocrx_word' id='word_1_85' title='bbox 1443 1217 1688 1286; x_wconf 88' lang='lat' dir='ltr'><strong>leguntur</strong></span> <span class='ocrx_word' id='word_1_86' title='bbox 1716 1233 1851 1270; x_wconf 76' lang='lat' dir='ltr'><strong>non~</strong></span> 
     </span>
    </p>
   </div>
   <div class='ocr_carea' id='block_1_12' title="bbox 266 1307 1856 1380">
    <p class='ocr_par' dir='ltr' id='par_1_12' title="bbox 266 1307 1856 1380">
     <span class='ocr_line' id='line_1_12' title="bbox 266 1307 1856 1380; baseline 0.003 -21"><span class='ocrx_word' id='word_1_87' title='bbox 266 1307 434 1370; x_wconf 87' lang='lat' dir='ltr'><strong>nulla,</strong></span> <span class='ocrx_word' id='word_1_88' title='bbox 467 1324 588 1378; x_wconf 65' lang='lat' dir='ltr'><strong>qua:</strong></span> <span class='ocrx_word' id='word_1_89' title='bbox 617 1309 820 1361; x_wconf 83' lang='lat' dir='ltr'><strong>tametsi</strong></span> <span class='ocrx_word' id='word_1_90' title='bbox 848 1309 912 1362; x_wconf 89' lang='lat' dir='ltr'><strong>ad</strong></span> <span class='ocrx_word' id='word_1_91' title='bbox 945 1309 1161 1362; x_wconf 85' lang='lat' dir='ltr'><strong>Honorii</strong></span> <span class='ocrx_word' id='word_1_92' title='bbox 1192 1309 1332 1379; x_wconf 88' lang='lat' dir='ltr'><em>leges</em></span> <span class='ocrx_word' id='word_1_93' title='bbox 1353 1311 1474 1364; x_wconf 89' lang='lat' dir='ltr'><strong>anni</strong></span> <span class='ocrx_word' id='word_1_94' title='bbox 1503 1309 1856 1380; x_wconf 86' lang='lat' dir='ltr'><strong>quadringen-</strong></span> 
     </span>
    </p>
   </div>
   <div class='ocr_carea' id='block_1_13' title="bbox 266 1398 1853 1470">
    <p class='ocr_par' dir='ltr' id='par_1_13' title="bbox 266 1398 1853 1470">
     <span class='ocr_line' id='line_1_13' title="bbox 266 1398 1853 1470; baseline 0.003 -20"><span class='ocrx_word' id='word_1_95' title='bbox 266 1399 444 1452; x_wconf 90' lang='lat' dir='ltr'><strong>tesimi</strong></span> <span class='ocrx_word' id='word_1_96' title='bbox 485 1398 658 1468; x_wconf 91' lang='lat' dir='ltr'><strong>quinti</strong></span> <span class='ocrx_word' id='word_1_97' title='bbox 705 1399 892 1453; x_wconf 87' lang='lat' dir='ltr'><strong>referri</strong></span> <span class='ocrx_word' id='word_1_98' title='bbox 933 1409 1157 1470; x_wconf 91' lang='lat' dir='ltr'><strong>queant,</strong></span> <span class='ocrx_word' id='word_1_99' title='bbox 1200 1401 1464 1470; x_wconf 91' lang='lat' dir='ltr'><strong>pertinere</strong></span> <span class='ocrx_word' id='word_1_100' title='bbox 1505 1409 1749 1470; x_wconf 77' lang='lat' dir='ltr'><strong>putamus</strong></span> <span class='ocrx_word' id='word_1_101' title='bbox 1786 1401 1853 1454; x_wconf 89' lang='lat' dir='ltr'><strong>ad</strong></span> 
     </span>
    </p>
   </div>
   <div class='ocr_carea' id='block_1_14' title="bbox 263 1487 1850 1559">
    <p class='ocr_par' dir='ltr' id='par_1_14' title="bbox 263 1487 1850 1559">
     <span class='ocr_line' id='line_1_14' title="bbox 263 1487 1850 1559; baseline 0.002 -19"><span class='ocrx_word' id='word_1_102' title='bbox 263 1487 575 1556; x_wconf 82' lang='lat' dir='ltr'><em>superiores</em></span> <span class='ocrx_word' id='word_1_103' title='bbox 608 1490 737 1541; x_wconf 88' lang='lat' dir='ltr'><strong>alias</strong></span> <span class='ocrx_word' id='word_1_104' title='bbox 759 1529 773 1555; x_wconf 91' lang='lat'><strong>,</strong></span> <span class='ocrx_word' id='word_1_105' title='bbox 813 1506 932 1559; x_wconf 64' lang='lat' dir='ltr'><strong>qua:</strong></span> <span class='ocrx_word' id='word_1_106' title='bbox 969 1490 1051 1544; x_wconf 89' lang='lat' dir='ltr'><strong>vel</strong></span> <span class='ocrx_word' id='word_1_107' title='bbox 1093 1491 1144 1544; x_wconf 90' lang='lat' dir='ltr'><strong>in</strong></span> <span class='ocrx_word' id='word_1_108' title='bbox 1175 1491 1475 1545; x_wconf 87' lang='lat' dir='ltr'><strong>Donatistas</strong></span> <span class='ocrx_word' id='word_1_109' title='bbox 1506 1490 1850 1557; x_wconf 90' lang='lat' dir='ltr'><strong>nominatim,</strong></span> 
     </span>
    </p>
   </div>
   <div class='ocr_carea' id='block_1_15' title="bbox 261 1579 1849 1650">
    <p class='ocr_par' dir='ltr' id='par_1_15' title="bbox 261 1579 1849 1650">
     <span class='ocr_line' id='line_1_15' title="bbox 261 1579 1849 1650; baseline 0.002 -21"><span class='ocrx_word' id='word_1_110' title='bbox 261 1579 348 1632; x_wconf 85' lang='lat' dir='ltr'><strong>vel</strong></span> <span class='ocrx_word' id='word_1_111' title='bbox 379 1581 680 1648; x_wconf 81' lang='lat' dir='ltr'><strong>generatim</strong></span> <span class='ocrx_word' id='word_1_112' title='bbox 711 1579 762 1632; x_wconf 90' lang='lat' dir='ltr'><strong>in</strong></span> <span class='ocrx_word' id='word_1_113' title='bbox 791 1581 1002 1648; x_wconf 91' lang='lat' dir='ltr'><strong>quosvis</strong></span> <span class='ocrx_word' id='word_1_114' title='bbox 1030 1581 1312 1636; x_wconf 67' lang='lat' dir='ltr'><strong>haereticos</strong></span> <span class='ocrx_word' id='word_1_115' title='bbox 1342 1581 1683 1650; x_wconf 45' lang='lat' dir='ltr'><strong>j‘iromulgatze</strong></span> <span class='ocrx_word' id='word_1_116' title='bbox 1709 1588 1849 1632; x_wconf 93' lang='lat' dir='ltr'><strong>sunt.</strong></span> 
     </span>
    </p>
   </div>
   <div class='ocr_carea' id='block_1_16' title="bbox 263 1670 1852 1741">
    <p class='ocr_par' dir='ltr' id='par_1_16' title="bbox 263 1670 1852 1741">
     <span class='ocr_line' id='line_1_16' title="bbox 263 1670 1852 1741; baseline 0 -19"><span class='ocrx_word' id='word_1_117' title='bbox 263 1671 511 1724; x_wconf 88' lang='lat' dir='ltr'><strong>Petiliani</strong></span> <span class='ocrx_word' id='word_1_118' title='bbox 555 1685 688 1725; x_wconf 90' lang='lat' dir='ltr'><strong>sane</strong></span> <span class='ocrx_word' id='word_1_119' title='bbox 735 1670 1170 1740; x_wconf 86' lang='lat' dir='ltr'><strong>responsionem,</strong></span> <span class='ocrx_word' id='word_1_120' title='bbox 1215 1687 1333 1741; x_wconf 74' lang='lat' dir='ltr'><strong>qum</strong></span> <span class='ocrx_word' id='word_1_121' title='bbox 1378 1671 1530 1725; x_wconf 88' lang='lat' dir='ltr'><strong>tertio</strong></span> <span class='ocrx_word' id='word_1_122' title='bbox 1575 1670 1852 1740; x_wconf 78' lang='lat' dir='ltr'><strong>Augustini</strong></span> 
     </span>
    </p>
   </div>
   <div class='ocr_carea' id='block_1_17' title="bbox 261 1759 1850 1828">
    <p class='ocr_par' dir='ltr' id='par_1_17' title="bbox 261 1759 1850 1828">
     <span class='ocr_line' id='line_1_17' title="bbox 261 1759 1850 1828; baseline 0.001 -15"><span class='ocrx_word' id='word_1_123' title='bbox 261 1771 450 1814; x_wconf 83' lang='lat' dir='ltr'><strong>centra</strong></span> <span class='ocrx_word' id='word_1_124' title='bbox 477 1777 605 1816; x_wconf 89' lang='lat' dir='ltr'><strong>eum</strong></span> <span class='ocrx_word' id='word_1_125' title='bbox 634 1762 769 1816; x_wconf 91' lang='lat' dir='ltr'><strong>libro</strong></span> <span class='ocrx_word' id='word_1_126' title='bbox 797 1759 1119 1828; x_wconf 76' lang='lat' dir='ltr'><strong>confutatur,</strong></span> <span class='ocrx_word' id='word_1_127' title='bbox 1141 1761 1370 1815; x_wconf 91' lang='lat' dir='ltr'><strong>nondum</strong></span> <span class='ocrx_word' id='word_1_128' title='bbox 1402 1761 1606 1814; x_wconf 81' lang='lat' dir='ltr'><strong>viderat</strong></span> <span class='ocrx_word' id='word_1_129' title='bbox 1635 1770 1850 1814; x_wconf 90' lang='lat' dir='ltr'><strong>sanctus</strong></span> 
     </span>
    </p>
   </div>
   <div class='ocr_carea' id='block_1_18' title="bbox 267 1850 1851 1922">
    <p class='ocr_par' dir='ltr' id='par_1_18' title="bbox 267 1850 1851 1922">
     <span class='ocr_line' id='line_1_18' title="bbox 267 1850 1851 1922; baseline -0.001 -16"><span class='ocrx_word' id='word_1_130' title='bbox 267 1852 485 1917; x_wconf 84' lang='lat' dir='ltr'><strong>Doctor,</strong></span> <span class='ocrx_word' id='word_1_131' title='bbox 521 1868 643 1907; x_wconf 89' lang='lat' dir='ltr'><strong>cum</strong></span> <span class='ocrx_word' id='word_1_132' title='bbox 671 1852 809 1906; x_wconf 87' lang='lat' dir='ltr'><strong>istud</strong></span> <span class='ocrx_word' id='word_1_133' title='bbox 834 1867 966 1921; x_wconf 90' lang='lat' dir='ltr'><strong>opus</strong></span> <span class='ocrx_word' id='word_1_134' title='bbox 989 1852 1286 1922; x_wconf 87' lang='lat' dir='ltr'><strong>composuit</strong></span> <span class='ocrx_word' id='word_1_135' title='bbox 1311 1870 1323 1906; x_wconf 94' lang='lat'>:</span> <span class='ocrx_word' id='word_1_136' title='bbox 1351 1850 1774 1922; x_wconf 84' lang='lat' dir='ltr'><strong>quandoquidem</strong></span> <span class='ocrx_word' id='word_1_137' title='bbox 1799 1850 1851 1904; x_wconf 91' lang='lat' dir='ltr'><strong>in</strong></span> 
     </span>
    </p>
   </div>
   <div class='ocr_carea' id='block_1_19' title="bbox 263 1941 1853 2012">
    <p class='ocr_par' dir='ltr' id='par_1_19' title="bbox 263 1941 1853 2012">
     <span class='ocr_line' id='line_1_19' title="bbox 263 1941 1853 2012; baseline 0.001 -18"><span class='ocrx_word' id='word_1_138' title='bbox 263 1943 387 2010; x_wconf 84' lang='lat' dir='ltr'><strong>ejus</strong></span> <span class='ocrx_word' id='word_1_139' title='bbox 415 1944 641 1999; x_wconf 73' lang='lat' dir='ltr'><strong>exordio</strong></span> <span class='ocrx_word' id='word_1_140' title='bbox 675 1959 705 1996; x_wconf 92' lang='lat' dir='ltr'><strong>a</strong></span> <span class='ocrx_word' id='word_1_141' title='bbox 730 1944 988 1998; x_wconf 87' lang='lat' dir='ltr'><strong>Petiliano</strong></span> <span class='ocrx_word' id='word_1_142' title='bbox 1019 1944 1279 2012; x_wconf 83' lang='lat' dir='ltr'><strong>postulat,</strong></span> <span class='ocrx_word' id='word_1_143' title='bbox 1318 1951 1375 1997; x_wconf 94' lang='lat' dir='ltr'><strong>ut</strong></span> <span class='ocrx_word' id='word_1_144' title='bbox 1415 1943 1497 1996; x_wconf 87' lang='lat' dir='ltr'><strong>vel</strong></span> <span class='ocrx_word' id='word_1_145' title='bbox 1523 1941 1691 1996; x_wconf 89' lang='lat' dir='ltr'><strong>eidem</strong></span> <span class='ocrx_word' id='word_1_146' title='bbox 1732 1941 1853 1996; x_wconf 89' lang='lat' dir='ltr'><strong>huic</strong></span> 
     </span>
    </p>
   </div>
   <div class='ocr_carea' id='block_1_20' title="bbox 260 2033 1851 2107">
    <p class='ocr_par' dir='ltr' id='par_1_20' title="bbox 260 2033 1851 2107">
     <span class='ocr_line' id='line_1_20' title="bbox 260 2033 1851 2107; baseline -0.003 -17"><span class='ocrx_word' id='word_1_147' title='bbox 260 2038 441 2106; x_wconf 86' lang='lat' dir='ltr'><strong>operi,</strong></span> <span class='ocrx_word' id='word_1_148' title='bbox 469 2037 552 2092; x_wconf 88' lang='lat' dir='ltr'><strong>vel</strong></span> <span class='ocrx_word' id='word_1_149' title='bbox 585 2037 771 2107; x_wconf 89' lang='lat' dir='ltr'><strong>primis</strong></span> <span class='ocrx_word' id='word_1_150' title='bbox 800 2036 1005 2090; x_wconf 90' lang='lat' dir='ltr'><strong>duobus</strong></span> <span class='ocrx_word' id='word_1_151' title='bbox 1029 2045 1211 2090; x_wconf 91' lang='lat' dir='ltr'><strong>contra</strong></span> <span class='ocrx_word' id='word_1_152' title='bbox 1236 2035 1398 2106; x_wconf 87' lang='lat' dir='ltr'><strong>ipsius</strong></span> <span class='ocrx_word' id='word_1_153' title='bbox 1425 2034 1626 2088; x_wconf 87' lang='lat' dir='ltr'><strong>litteras</strong></span> <span class='ocrx_word' id='word_1_154' title='bbox 1649 2033 1794 2087; x_wconf 87' lang='lat' dir='ltr'><strong>libris</strong></span> <span class='ocrx_word' id='word_1_155' title='bbox 1821 2049 1851 2087; x_wconf 88' lang='lat' dir='ltr'><strong>a</strong></span> 
     </span>
    </p>
   </div>
   <div class='ocr_carea' id='block_1_21' title="bbox 259 2125 1851 2197">
    <p class='ocr_par' dir='ltr' id='par_1_21' title="bbox 259 2125 1851 2197">
     <span class='ocr_line' id='line_1_21' title="bbox 259 2125 1851 2197; baseline -0.001 -16"><span class='ocrx_word' id='word_1_156' title='bbox 259 2143 330 2181; x_wconf 89' lang='lat' dir='ltr'><strong>se</strong></span> <span class='ocrx_word' id='word_1_157' title='bbox 352 2128 508 2181; x_wconf 94' lang='lat' dir='ltr'><strong>editis</strong></span> <span class='ocrx_word' id='word_1_158' title='bbox 535 2127 873 2197; x_wconf 87' lang='lat' dir='ltr'><strong>respondeat.</strong></span> <span class='ocrx_word' id='word_1_159' title='bbox 904 2127 1036 2193; x_wconf 84' lang='lat' dir='ltr'><strong>Quia</strong></span> <span class='ocrx_word' id='word_1_160' title='bbox 1064 2142 1222 2196; x_wconf 93' lang='lat' dir='ltr'><strong>porro</strong></span> <span class='ocrx_word' id='word_1_161' title='bbox 1245 2127 1296 2180; x_wconf 91' lang='lat' dir='ltr'><strong>id</strong></span> <span class='ocrx_word' id='word_1_162' title='bbox 1331 2136 1453 2180; x_wconf 89' lang='lat' dir='ltr'><strong>ante</strong></span> <span class='ocrx_word' id='word_1_163' title='bbox 1482 2127 1722 2196; x_wconf 69' lang='lat' dir='ltr'><strong>prmstitit</strong></span> <span class='ocrx_word' id='word_1_164' title='bbox 1751 2125 1851 2179; x_wconf 81' lang='lat' dir='ltr'><strong>Pe-</strong></span> 
     </span>
    </p>
   </div>
   <div class='ocr_carea' id='block_1_22' title="bbox 262 2224 1850 2294">
    <p class='ocr_par' dir='ltr' id='par_1_22' title="bbox 262 2224 1850 2294">
     <span class='ocr_line' id='line_1_22' title="bbox 262 2224 1850 2294; baseline 0.001 -19"><span class='ocrx_word' id='word_1_165' title='bbox 262 2225 502 2290; x_wconf 89' lang='lat' dir='ltr'><strong>tilianus,</strong></span> <span class='ocrx_word' id='word_1_166' title='bbox 526 2240 685 2294; x_wconf 89' lang='lat' dir='ltr'><strong>quam</strong></span> <span class='ocrx_word' id='word_1_167' title='bbox 713 2225 1002 2278; x_wconf 89' lang='lat' dir='ltr'><strong>secundum</strong></span> <span class='ocrx_word' id='word_1_168' title='bbox 1033 2239 1188 2278; x_wconf 92' lang='lat' dir='ltr'><strong>suum</strong></span> <span class='ocrx_word' id='word_1_169' title='bbox 1215 2225 1404 2278; x_wconf 88' lang='lat' dir='ltr'><strong>librum</strong></span> <span class='ocrx_word' id='word_1_170' title='bbox 1431 2225 1683 2279; x_wconf 90' lang='lat' dir='ltr'><strong>adversus</strong></span> <span class='ocrx_word' id='word_1_171' title='bbox 1705 2224 1850 2277; x_wconf 92' lang='lat' dir='ltr'><strong>illum</strong></span> 
     </span>
    </p>
   </div>
   <div class='ocr_carea' id='block_1_23' title="bbox 259 2314 1849 2388">
    <p class='ocr_par' dir='ltr' id='par_1_23' title="bbox 259 2314 1849 2388">
     <span class='ocr_line' id='line_1_23' title="bbox 259 2314 1849 2388; baseline 0.002 -22"><span class='ocrx_word' id='word_1_172' title='bbox 259 2314 584 2370; x_wconf 81' lang='lat' dir='ltr'><strong>absolvisset</strong></span> <span class='ocrx_word' id='word_1_173' title='bbox 633 2317 956 2385; x_wconf 81' lang='lat' dir='ltr'><strong>Augustinus</strong></span> <span class='ocrx_word' id='word_1_174' title='bbox 991 2317 1008 2388; x_wconf 96' lang='lat'><strong>(</strong></span> <span class='ocrx_word' id='word_1_175' title='bbox 1040 2315 1460 2370; x_wconf 81' lang='lat' dir='ltr'><strong>Retractationum</strong></span> <span class='ocrx_word' id='word_1_176' title='bbox 1502 2315 1587 2370; x_wconf 90' lang='lat' dir='ltr'><strong>lib.</strong></span> <span class='ocrx_word' id='word_1_177' title='bbox 1623 2317 1690 2382; x_wconf 95' lang='lat'><strong>2,</strong></span> <span class='ocrx_word' id='word_1_178' title='bbox 1735 2333 1849 2387; x_wconf 87' lang='lat' dir='ltr'><strong>cap.</strong></span> 
     </span>
    </p>
   </div>
   <div class='ocr_carea' id='block_1_24' title="bbox 255 2403 1852 2476">
    <p class='ocr_par' dir='ltr' id='par_1_24' title="bbox 255 2403 1852 2476">
     <span class='ocr_line' id='line_1_24' title="bbox 255 2403 1852 2476; baseline 0.003 -21"><span class='ocrx_word' id='word_1_179' title='bbox 255 2403 397 2473; x_wconf 79' lang='lat'><strong>9.5);</strong></span> <span class='ocrx_word' id='word_1_180' title='bbox 430 2405 646 2458; x_wconf 91' lang='lat' dir='ltr'><strong>nonnisi</strong></span> <span class='ocrx_word' id='word_1_181' title='bbox 675 2405 910 2473; x_wconf 90' lang='lat' dir='ltr'><strong>ejusdem</strong></span> <span class='ocrx_word' id='word_1_182' title='bbox 940 2408 1110 2474; x_wconf 93' lang='lat' dir='ltr'><strong>primo</strong></span> <span class='ocrx_word' id='word_1_183' title='bbox 1137 2406 1304 2475; x_wconf 86' lang='lat' dir='ltr'><strong>potuit</strong></span> <span class='ocrx_word' id='word_1_184' title='bbox 1330 2406 1649 2476; x_wconf 85' lang='lat' dir='ltr'><strong>reSpondcrc</strong></span> <span class='ocrx_word' id='word_1_185' title='bbox 1676 2406 1694 2475; x_wconf 96' lang='lat'><strong>(</strong></span> <span class='ocrx_word' id='word_1_186' title='bbox 1719 2405 1852 2460; x_wconf 89' lang='lat' dir='ltr'><strong>Con-</strong></span> 
     </span>
    </p>
   </div>
   <div class='ocr_carea' id='block_1_25' title="bbox 257 2496 1850 2568">
    <p class='ocr_par' dir='ltr' id='par_1_25' title="bbox 257 2496 1850 2568">
     <span class='ocr_line' id='line_1_25' title="bbox 257 2496 1850 2568; baseline 0 -19"><span class='ocrx_word' id='word_1_187' title='bbox 257 2506 340 2550; x_wconf 84' lang='lat' dir='ltr'><strong>tra</strong></span> <span class='ocrx_word' id='word_1_188' title='bbox 371 2496 596 2551; x_wconf 82' lang='lat' dir='ltr'><strong>Litteras</strong></span> <span class='ocrx_word' id='word_1_189' title='bbox 626 2496 886 2560; x_wconf 87' lang='lat' dir='ltr'><strong>Petiliani,</strong></span> <span class='ocrx_word' id='word_1_190' title='bbox 913 2498 1001 2551; x_wconf 88' lang='lat' dir='ltr'><strong>lib.</strong></span> <span class='ocrx_word' id='word_1_191' title='bbox 1027 2499 1080 2563; x_wconf 79' lang='lat'><strong>3,</strong></span> <span class='ocrx_word' id='word_1_192' title='bbox 1110 2514 1162 2550; x_wconf 89' lang='lat' dir='ltr'><strong>n.</strong></span> <span class='ocrx_word' id='word_1_193' title='bbox 1197 2499 1219 2551; x_wconf 99' lang='grc'><strong>1</strong></span> <span class='ocrx_word' id='word_1_194' title='bbox 1243 2498 1284 2568; x_wconf 92' lang='grc'><strong>).</strong></span> <span class='ocrx_word' id='word_1_195' title='bbox 1318 2500 1456 2568; x_wconf 79' lang='lat' dir='ltr'><strong>Ergo</strong></span> <span class='ocrx_word' id='word_1_196' title='bbox 1483 2498 1702 2566; x_wconf 87' lang='lat' dir='ltr'><strong>hujusce</strong></span> <span class='ocrx_word' id='word_1_197' title='bbox 1730 2497 1850 2550; x_wconf 87' lang='lat' dir='ltr'><strong>libri</strong></span> 
     </span>
    </p>
   </div>
   <div class='ocr_carea' id='block_1_26' title="bbox 258 2587 1852 2658">
    <p class='ocr_par' dir='ltr' id='par_1_26' title="bbox 258 2587 1852 2658">
     <span class='ocr_line' id='line_1_26' title="bbox 258 2587 1852 2658; baseline 0 -18"><span class='ocrx_word' id='word_1_198' title='bbox 258 2587 414 2642; x_wconf 86' lang='lat' dir='ltr'><strong>locos</strong></span> <span class='ocrx_word' id='word_1_199' title='bbox 456 2589 744 2642; x_wconf 91' lang='lat' dir='ltr'><strong>nonnullos</strong></span> <span class='ocrx_word' id='word_1_200' title='bbox 786 2587 1222 2658; x_wconf 89' lang='lat' dir='ltr'><strong>aggrediebatur;</strong></span> <span class='ocrx_word' id='word_1_201' title='bbox 1255 2588 1446 2658; x_wconf 87' lang='lat' dir='ltr'><strong>quibus</strong></span> <span class='ocrx_word' id='word_1_202' title='bbox 1491 2597 1666 2642; x_wconf 89' lang='lat' dir='ltr'><strong>tamen</strong></span> <span class='ocrx_word' id='word_1_203' title='bbox 1708 2587 1852 2640; x_wconf 90' lang='lat' dir='ltr'><strong>nullo</strong></span> 
     </span>
    </p>
   </div>
   <div class='ocr_carea' id='block_1_27' title="bbox 257 2677 1853 2748">
    <p class='ocr_par' dir='ltr' id='par_1_27' title="bbox 257 2677 1853 2748">
     <span class='ocr_line' id='line_1_27' title="bbox 257 2677 1853 2748; baseline 0 -18"><span class='ocrx_word' id='word_1_204' title='bbox 257 2687 429 2747; x_wconf 84' lang='lat' dir='ltr'><strong>pacto</strong></span> <span class='ocrx_word' id='word_1_205' title='bbox 473 2677 830 2730; x_wconf 88' lang='lat' dir='ltr'><strong>satisfaciebat</strong></span> <span class='ocrx_word' id='word_1_206' title='bbox 864 2696 876 2732; x_wconf 89' lang='lat'><strong>:</strong></span> <span class='ocrx_word' id='word_1_207' title='bbox 905 2678 1206 2746; x_wconf 84' lang='lat' dir='ltr'><strong>complures</strong></span> <span class='ocrx_word' id='word_1_208' title='bbox 1234 2695 1357 2731; x_wconf 87' lang='lat' dir='ltr'><strong>vero</strong></span> <span class='ocrx_word' id='word_1_209' title='bbox 1388 2678 1608 2732; x_wconf 87' lang='lat' dir='ltr'><strong>intactos</strong></span> <span class='ocrx_word' id='word_1_210' title='bbox 1639 2692 1853 2748; x_wconf 89' lang='lat' dir='ltr'><strong>prorsus</strong></span> 
     </span>
    </p>
   </div>
   <div class='ocr_carea' id='block_1_28' title="bbox 258 2767 1850 2838">
    <p class='ocr_par' dir='ltr' id='par_1_28' title="bbox 258 2767 1850 2838">
     <span class='ocr_line' id='line_1_28' title="bbox 258 2767 1850 2838; baseline 0.001 -19"><span class='ocrx_word' id='word_1_211' title='bbox 258 2768 554 2822; x_wconf 87' lang='lat' dir='ltr'><strong>omittebat</strong></span> <span class='ocrx_word' id='word_1_212' title='bbox 585 2768 602 2838; x_wconf 94' lang='lat'><strong>(</strong></span> <span class='ocrx_word' id='word_1_213' title='bbox 629 2767 788 2833; x_wconf 85' lang='lat' dir='ltr'><strong>Ibid.,</strong></span> <span class='ocrx_word' id='word_1_214' title='bbox 813 2785 900 2821; x_wconf 86' lang='lat' dir='ltr'><strong>nn.</strong></span> <span class='ocrx_word' id='word_1_215' title='bbox 923 2767 1025 2832; x_wconf 76' lang='lat'><strong>2‘2,</strong></span> <span class='ocrx_word' id='word_1_216' title='bbox 1054 2767 1141 2831; x_wconf 82' lang='lat'><strong>23,</strong></span> <span class='ocrx_word' id='word_1_217' title='bbox 1166 2768 1335 2823; x_wconf 77' lang='lat'><strong>60-62</strong></span> <span class='ocrx_word' id='word_1_218' title='bbox 1364 2769 1403 2838; x_wconf 90' lang='lat'><strong>).</strong></span> <span class='ocrx_word' id='word_1_219' title='bbox 1438 2771 1514 2822; x_wconf 90' lang='lat' dir='ltr'><strong>Ac</strong></span> <span class='ocrx_word' id='word_1_220' title='bbox 1545 2767 1850 2821; x_wconf 83' lang='lat' dir='ltr'><strong>nominatim</strong></span> 
     </span>
    </p>
   </div>
   <div class='ocr_carea' id='block_1_29' title="bbox 256 2857 1852 2929">
    <p class='ocr_par' dir='ltr' id='par_1_29' title="bbox 256 2857 1852 2929">
     <span class='ocr_line' id='line_1_29' title="bbox 256 2857 1852 2929; baseline 0.001 -18"><span class='ocrx_word' id='word_1_221' title='bbox 256 2858 360 2911; x_wconf 85' lang='lat' dir='ltr'><strong>ubi</strong></span> <span class='ocrx_word' id='word_1_222' title='bbox 390 2858 455 2911; x_wconf 87' lang='lat' dir='ltr'><strong>ad</strong></span> <span class='ocrx_word' id='word_1_223' title='bbox 488 2859 630 2912; x_wconf 86' lang='lat' dir='ltr'><strong>illam</strong></span> <span class='ocrx_word' id='word_1_224' title='bbox 659 2859 804 2914; x_wconf 90' lang='lat' dir='ltr'><strong>venit</strong></span> <span class='ocrx_word' id='word_1_225' title='bbox 831 2859 1199 2929; x_wconf 66' lang='lat' dir='ltr'><strong>quaistionem,</strong></span> <span class='ocrx_word' id='word_1_226' title='bbox 1223 2857 1328 2914; x_wconf 89' lang='lat' dir='ltr'><strong>Cur</strong></span> <span class='ocrx_word' id='word_1_227' title='bbox 1351 2859 1852 2913; x_wconf 85' lang='lat' dir='ltr'><strong>Maximianistarum</strong></span> 
     </span>
    </p>
   </div>
   <div class='ocr_carea' id='block_1_30' title="bbox 255 2949 1854 3021">
    <p class='ocr_par' dir='ltr' id='par_1_30' title="bbox 255 2949 1854 3021">
     <span class='ocr_line' id='line_1_30' title="bbox 255 2949 1854 3021; baseline 0.001 -18"><span class='ocrx_word' id='word_1_228' title='bbox 255 2949 590 3018; x_wconf 77' lang='lat' dir='ltr'><strong>baptismum</strong></span> <span class='ocrx_word' id='word_1_229' title='bbox 638 2966 773 3020; x_wconf 91' lang='lat' dir='ltr'><strong>quos</strong></span> <span class='ocrx_word' id='word_1_230' title='bbox 819 2951 1204 3005; x_wconf 84' lang='lat' dir='ltr'><strong>damnaverant</strong></span> <span class='ocrx_word' id='word_1_231' title='bbox 1251 2962 1632 3021; x_wconf 89' lang='lat' dir='ltr'><strong>susceperunt,</strong></span> <span class='ocrx_word' id='word_1_232' title='bbox 1681 2952 1854 3005; x_wconf 88' lang='lat' dir='ltr'><strong>omnis</strong></span> 
     </span>
    </p>
   </div>
   <div class='ocr_carea' id='block_1_31' title="bbox 263 3041 1854 3111">
    <p class='ocr_par' dir='ltr' id='par_1_31' title="bbox 263 3041 1854 3111">
     <span class='ocr_line' id='line_1_31' title="bbox 263 3041 1854 3111; baseline 0 -17"><span class='ocrx_word' id='word_1_233' title='bbox 263 3055 409 3094; x_wconf 85' lang='lat' dir='ltr'><strong>eum</strong></span> <span class='ocrx_word' id='word_1_234' title='bbox 435 3043 584 3095; x_wconf 87' lang='lat' dir='ltr'><strong>etiam</strong></span> <span class='ocrx_word' id='word_1_235' title='bbox 610 3042 852 3095; x_wconf 89' lang='lat' dir='ltr'><strong>simulata</strong></span> <span class='ocrx_word' id='word_1_236' title='bbox 880 3058 1053 3111; x_wconf 91' lang='lat' dir='ltr'><strong>pugna</strong></span> <span class='ocrx_word' id='word_1_237' title='bbox 1085 3041 1277 3095; x_wconf 90' lang='lat' dir='ltr'><strong>defecit</strong></span> <span class='ocrx_word' id='word_1_238' title='bbox 1301 3057 1315 3106; x_wconf 89' lang='lat'><strong>;</strong></span> <span class='ocrx_word' id='word_1_239' title='bbox 1341 3058 1437 3094; x_wconf 89' lang='lat' dir='ltr'><strong>nec</strong></span> <span class='ocrx_word' id='word_1_240' title='bbox 1457 3041 1578 3096; x_wconf 89' lang='lat' dir='ltr'><strong>inde</strong></span> <span class='ocrx_word' id='word_1_241' title='bbox 1607 3057 1664 3096; x_wconf 88' lang='lat' dir='ltr'><strong>se</strong></span> <span class='ocrx_word' id='word_1_242' title='bbox 1689 3041 1854 3095; x_wconf 83' lang='lat' dir='ltr'><strong>extri-</strong></span> 
     </span>
    </p>
   </div>
   <div class='ocr_carea' id='block_1_32' title="bbox 257 3133 1854 3202">
    <p class='ocr_par' dir='ltr' id='par_1_32' title="bbox 257 3133 1854 3202">
     <span class='ocr_line' id='line_1_32' title="bbox 257 3133 1854 3202; baseline 0.001 -16"><span class='ocrx_word' id='word_1_243' title='bbox 257 3147 406 3187; x_wconf 83' lang='lat' dir='ltr'><strong>care</strong></span> <span class='ocrx_word' id='word_1_244' title='bbox 435 3133 624 3196; x_wconf 83' lang='lat' dir='ltr'><strong>valuit,</strong></span> <span class='ocrx_word' id='word_1_245' title='bbox 653 3133 753 3187; x_wconf 91' lang='lat' dir='ltr'><strong>nisi</strong></span> <span class='ocrx_word' id='word_1_246' title='bbox 783 3133 848 3187; x_wconf 89' lang='lat' dir='ltr'><strong>ad</strong></span> <span class='ocrx_word' id='word_1_247' title='bbox 897 3134 1184 3187; x_wconf 89' lang='lat' dir='ltr'><strong>secundum</strong></span> <span class='ocrx_word' id='word_1_248' title='bbox 1232 3149 1386 3202; x_wconf 90' lang='lat' dir='ltr'><strong>quem</strong></span> <span class='ocrx_word' id='word_1_249' title='bbox 1419 3134 1761 3202; x_wconf 83' lang='lat' dir='ltr'><strong>pollicebatur</strong></span> <span class='ocrx_word' id='word_1_250' title='bbox 1788 3134 1854 3188; x_wconf 88' lang='lat' dir='ltr'><strong>li-</strong></span> 
     </span>
    </p>
   </div>
   <div class='ocr_carea' id='block_1_33' title="bbox 257 3220 1246 3296">
    <p class='ocr_par' dir='ltr' id='par_1_33' title="bbox 257 3220 1246 3296">
     <span class='ocr_line' id='line_1_33' title="bbox 257 3220 1246 3296; baseline 0.001 -20"><span class='ocrx_word' id='word_1_251' title='bbox 257 3220 432 3276; x_wconf 83' lang='lat' dir='ltr'><strong>brum</strong></span> <span class='ocrx_word' id='word_1_252' title='bbox 462 3223 776 3277; x_wconf 88' lang='lat' dir='ltr'><strong>remittendo</strong></span> <span class='ocrx_word' id='word_1_253' title='bbox 804 3222 1002 3296; x_wconf 87' lang='lat' dir='ltr'><strong>(lbid.,</strong></span> <span class='ocrx_word' id='word_1_254' title='bbox 1036 3242 1088 3277; x_wconf 87' lang='grc' dir='ltr'><strong>η.</strong></span> <span class='ocrx_word' id='word_1_255' title='bbox 1118 3224 1246 3294; x_wconf 66' lang='grc'><strong>42).</strong></span> 
     </span>
    </p>
   </div>
   <div class='ocr_carea' id='block_1_34' title="bbox 337 3314 1852 3386">
    <p class='ocr_par' dir='ltr' id='par_1_34' title="bbox 337 3314 1852 3386">
     <span class='ocr_line' id='line_1_34' title="bbox 337 3314 1852 3386; baseline 0.001 -18"><span class='ocrx_word' id='word_1_256' title='bbox 337 3315 406 3368; x_wconf 68' lang='grc'><strong>4.</strong></span> <span class='ocrx_word' id='word_1_257' title='bbox 434 3314 666 3370; x_wconf 86' lang='lat' dir='ltr'><strong>Tandem</strong></span> <span class='ocrx_word' id='word_1_258' title='bbox 701 3331 819 3370; x_wconf 91' lang='lat' dir='ltr'><strong>cum</strong></span> <span class='ocrx_word' id='word_1_259' title='bbox 848 3325 1096 3386; x_wconf 77' lang='lat' dir='ltr'><strong>expertus</strong></span> <span class='ocrx_word' id='word_1_260' title='bbox 1120 3326 1297 3382; x_wconf 89' lang='lat' dir='ltr'><strong>esset,</strong></span> <span class='ocrx_word' id='word_1_261' title='bbox 1328 3322 1674 3370; x_wconf 87' lang='lat' dir='ltr'><strong>tantam&#39;esse</strong></span> <span class='ocrx_word' id='word_1_262' title='bbox 1715 3317 1852 3371; x_wconf 91' lang='lat' dir='ltr'><strong>circa</strong></span> 
     </span>
    </p>
   </div>
   <div class='ocr_carea' id='block_1_35' title="bbox 256 3405 1852 3475">
    <p class='ocr_par' dir='ltr' id='par_1_35' title="bbox 256 3405 1852 3475">
     <span class='ocr_line' id='line_1_35' title="bbox 256 3405 1852 3475; baseline 0.001 -17"><span class='ocrx_word' id='word_1_263' title='bbox 256 3419 454 3459; x_wconf 66' lang='lat' dir='ltr'><strong>causre</strong></span> <span class='ocrx_word' id='word_1_264' title='bbox 483 3416 638 3475; x_wconf 87' lang='lat' dir='ltr'><strong>caput</strong></span> <span class='ocrx_word' id='word_1_265' title='bbox 666 3405 989 3460; x_wconf 78' lang='lat' dir='ltr'><strong>debilitatem</strong></span> <span class='ocrx_word' id='word_1_266' title='bbox 1017 3421 1188 3472; x_wconf 89' lang='lat' dir='ltr'><strong>suam,</strong></span> <span class='ocrx_word' id='word_1_267' title='bbox 1219 3406 1346 3460; x_wconf 91' lang='lat' dir='ltr'><strong>illud</strong></span> <span class='ocrx_word' id='word_1_268' title='bbox 1373 3407 1620 3461; x_wconf 88' lang='lat' dir='ltr'><strong>deserere</strong></span> <span class='ocrx_word' id='word_1_269' title='bbox 1653 3407 1852 3460; x_wconf 88' lang='lat' dir='ltr'><strong>maluit.</strong></span> 
     </span>
    </p>
   </div>
   <div class='ocr_carea' id='block_1_36' title="bbox 255 3494 1858 3568">
    <p class='ocr_par' dir='ltr' id='par_1_36' title="bbox 255 3494 1858 3568">
     <span class='ocr_line' id='line_1_36' title="bbox 255 3494 1858 3568; baseline 0.001 -19"><span class='ocrx_word' id='word_1_270' title='bbox 255 3494 554 3565; x_wconf 84' lang='lat' dir='ltr'><strong>Simulque</strong></span> <span class='ocrx_word' id='word_1_271' title='bbox 577 3496 733 3566; x_wconf 89' lang='lat' dir='ltr'><strong>elegit</strong></span> <span class='ocrx_word' id='word_1_272' title='bbox 756 3497 1064 3559; x_wconf 90' lang='lat' dir='ltr'><strong>materiam,</strong></span> <span class='ocrx_word' id='word_1_273' title='bbox 1095 3497 1183 3551; x_wconf 92' lang='lat' dir='ltr'><strong>ubi</strong></span> <span class='ocrx_word' id='word_1_274' title='bbox 1212 3498 1374 3566; x_wconf 90' lang='lat' dir='ltr'><strong>ipsius</strong></span> <span class='ocrx_word' id='word_1_275' title='bbox 1407 3499 1705 3568; x_wconf 83' lang='lat' dir='ltr'><strong>eloquentia</strong></span> <span class='ocrx_word' id='word_1_276' title='bbox 1739 3514 1858 3567; x_wconf 90' lang='lat' dir='ltr'><strong>par-</strong></span> 
     </span>
    </p>
   </div>
   <div class='ocr_carea' id='block_1_37' title="bbox 256 3584 1856 3657">
    <p class='ocr_par' dir='ltr' id='par_1_37' title="bbox 256 3584 1856 3657">
     <span class='ocr_line' id='line_1_37' title="bbox 256 3584 1856 3657; baseline 0.004 -21"><span class='ocrx_word' id='word_1_277' title='bbox 256 3584 415 3636; x_wconf 88' lang='lat' dir='ltr'><strong>tium</strong></span> <span class='ocrx_word' id='word_1_278' title='bbox 441 3601 650 3638; x_wconf 90' lang='lat' dir='ltr'><strong>suarum</strong></span> <span class='ocrx_word' id='word_1_279' title='bbox 681 3587 897 3639; x_wconf 88' lang='lat' dir='ltr'><strong>asseclis</strong></span> <span class='ocrx_word' id='word_1_280' title='bbox 924 3587 1092 3656; x_wconf 86' lang='lat' dir='ltr'><strong>magis</strong></span> <span class='ocrx_word' id='word_1_281' title='bbox 1113 3587 1443 3656; x_wconf 89' lang='lat' dir='ltr'><strong>probaretur.</strong></span> <span class='ocrx_word' id='word_1_282' title='bbox 1477 3588 1538 3641; x_wconf 92' lang='lat' dir='ltr'><strong>Ili</strong></span> <span class='ocrx_word' id='word_1_283' title='bbox 1568 3603 1724 3657; x_wconf 84' lang='lat' dir='ltr'><strong>porro</strong></span> <span class='ocrx_word' id='word_1_284' title='bbox 1753 3599 1856 3643; x_wconf 89' lang='lat' dir='ltr'><strong>tam</strong></span> 
     </span>
    </p>
   </div>
   <div class='ocr_carea' id='block_1_38' title="bbox 258 3675 1859 3747">
    <p class='ocr_par' dir='ltr' id='par_1_38' title="bbox 258 3675 1859 3747">
     <span class='ocr_line' id='line_1_38' title="bbox 258 3675 1859 3747; baseline 0.001 -17"><span class='ocrx_word' id='word_1_285' title='bbox 258 3675 687 3744; x_wconf 85' lang='lat' dir='ltr'><strong>implacabiliter</strong></span> <span class='ocrx_word' id='word_1_286' title='bbox 714 3685 896 3730; x_wconf 91' lang='lat' dir='ltr'><strong>sancto</strong></span> <span class='ocrx_word' id='word_1_287' title='bbox 924 3677 1137 3730; x_wconf 71' lang='lat' dir='ltr'><strong>Przesuli</strong></span> <span class='ocrx_word' id='word_1_288' title='bbox 1169 3677 1357 3732; x_wconf 85' lang='lat' dir='ltr'><strong>infensi</strong></span> <span class='ocrx_word' id='word_1_289' title='bbox 1387 3687 1536 3731; x_wconf 89' lang='lat' dir='ltr'><strong>erant</strong></span> <span class='ocrx_word' id='word_1_290' title='bbox 1556 3719 1570 3742; x_wconf 92' lang='lat'><strong>,</strong></span> <span class='ocrx_word' id='word_1_291' title='bbox 1619 3687 1676 3732; x_wconf 89' lang='lat' dir='ltr'><strong>ut</strong></span> <span class='ocrx_word' id='word_1_292' title='bbox 1718 3680 1859 3747; x_wconf 87' lang='lat' dir='ltr'><strong>quis-</strong></span> 
     </span>
    </p>
   </div>
   <div class='ocr_carea' id='block_1_39' title="bbox 257 3765 1858 3836">
    <p class='ocr_par' dir='ltr' id='par_1_39' title="bbox 257 3765 1858 3836">
     <span class='ocr_line' id='line_1_39' title="bbox 257 3765 1858 3836; baseline 0.002 -18"><span class='ocrx_word' id='word_1_293' title='bbox 257 3766 406 3835; x_wconf 89' lang='lat' dir='ltr'><strong>quis</strong></span> <span class='ocrx_word' id='word_1_294' title='bbox 430 3766 482 3818; x_wconf 90' lang='lat' dir='ltr'><strong>in</strong></span> <span class='ocrx_word' id='word_1_295' title='bbox 511 3765 620 3835; x_wconf 89' lang='lat' dir='ltr'><strong>ejus</strong></span> <span class='ocrx_word' id='word_1_296' title='bbox 637 3767 854 3835; x_wconf 81' lang='lat' dir='ltr'><strong>gratiam</strong></span> <span class='ocrx_word' id='word_1_297' title='bbox 878 3767 1202 3835; x_wconf 83' lang='lat' dir='ltr'><strong>loqueretur,</strong></span> <span class='ocrx_word' id='word_1_298' title='bbox 1233 3766 1333 3821; x_wconf 89' lang='lat' dir='ltr'><strong>hoc</strong></span> <span class='ocrx_word' id='word_1_299' title='bbox 1355 3769 1469 3836; x_wconf 85' lang='lat' dir='ltr'><strong>ipso</strong></span> <span class='ocrx_word' id='word_1_300' title='bbox 1499 3767 1641 3820; x_wconf 91' lang='lat' dir='ltr'><strong>illum</strong></span> <span class='ocrx_word' id='word_1_301' title='bbox 1661 3767 1858 3822; x_wconf 91' lang='lat' dir='ltr'><strong>inimici</strong></span> 
     </span>
    </p>
   </div>
   <div class='ocr_carea' id='block_1_40' title="bbox 255 3855 1857 3927">
    <p class='ocr_par' dir='ltr' id='par_1_40' title="bbox 255 3855 1857 3927">
     <span class='ocr_line' id='line_1_40' title="bbox 255 3855 1857 3927; baseline 0.002 -18"><span class='ocrx_word' id='word_1_302' title='bbox 255 3856 402 3910; x_wconf 88' lang='lat' dir='ltr'><strong>loco</strong></span> <span class='ocrx_word' id='word_1_303' title='bbox 431 3855 702 3910; x_wconf 90' lang='lat' dir='ltr'><strong>haberent.</strong></span> <span class='ocrx_word' id='word_1_304' title='bbox 732 3856 1063 3927; x_wconf 85' lang='lat' dir='ltr'><strong>Quapropter</strong></span> <span class='ocrx_word' id='word_1_305' title='bbox 1104 3857 1347 3912; x_wconf 87' lang='lat' dir='ltr'><strong>eumdem</strong></span> <span class='ocrx_word' id='word_1_306' title='bbox 1378 3873 1474 3926; x_wconf 92' lang='lat' dir='ltr'><strong>pro</strong></span> <span class='ocrx_word' id='word_1_307' title='bbox 1499 3857 1732 3912; x_wconf 87' lang='lat' dir='ltr'><strong>Ecclesia</strong></span> <span class='ocrx_word' id='word_1_308' title='bbox 1758 3901 1772 3925; x_wconf 92' lang='lat'><strong>,</strong></span> <span class='ocrx_word' id='word_1_309' title='bbox 1804 3858 1857 3913; x_wconf 92' lang='lat' dir='ltr'><strong>in</strong></span> 
     </span>
    </p>
   </div>
   <div class='ocr_carea' id='block_1_41' title="bbox 256 3945 1862 4017">
    <p class='ocr_par' dir='ltr' id='par_1_41' title="bbox 256 3945 1862 4017">
     <span class='ocr_line' id='line_1_41' title="bbox 256 3945 1862 4017; baseline 0.004 -19"><span class='ocrx_word' id='word_1_310' title='bbox 256 3961 443 4014; x_wconf 82' lang='lat' dir='ltr'><strong>quam</strong></span> <span class='ocrx_word' id='word_1_311' title='bbox 479 3945 599 4014; x_wconf 90' lang='lat' dir='ltr'><strong>quid</strong></span> <span class='ocrx_word' id='word_1_312' title='bbox 629 3946 826 4002; x_wconf 89' lang='lat' dir='ltr'><strong>diceret</strong></span> <span class='ocrx_word' id='word_1_313' title='bbox 856 3963 962 4001; x_wconf 89' lang='lat' dir='ltr'><strong>non</strong></span> <span class='ocrx_word' id='word_1_314' title='bbox 994 3947 1325 4013; x_wconf 83' lang='lat' dir='ltr'><strong>inveniebat,</strong></span> <span class='ocrx_word' id='word_1_315' title='bbox 1371 3947 1676 4013; x_wconf 87' lang='lat' dir='ltr'><strong>substituit;</strong></span> <span class='ocrx_word' id='word_1_316' title='bbox 1703 3958 1862 4017; x_wconf 81' lang='lat' dir='ltr'><strong>atque</strong></span> 
     </span>
    </p>
   </div>
   <div class='ocr_carea' id='block_1_42' title="bbox 257 4036 1857 4108">
    <p class='ocr_par' dir='ltr' id='par_1_42' title="bbox 257 4036 1857 4108">
     <span class='ocr_line' id='line_1_42' title="bbox 257 4036 1857 4108; baseline 0.003 -19"><span class='ocrx_word' id='word_1_317' title='bbox 257 4051 334 4090; x_wconf 88' lang='lat' dir='ltr'><strong>eo</strong></span> <span class='ocrx_word' id='word_1_318' title='bbox 367 4046 533 4105; x_wconf 80' lang='lat' dir='ltr'><strong>pacto</strong></span> <span class='ocrx_word' id='word_1_319' title='bbox 554 4036 626 4103; x_wconf 88' lang='lat' dir='ltr'><strong>fit,</strong></span> <span class='ocrx_word' id='word_1_320' title='bbox 651 4045 708 4091; x_wconf 87' lang='lat' dir='ltr'><strong>ut</strong></span> <span class='ocrx_word' id='word_1_321' title='bbox 733 4052 852 4092; x_wconf 91' lang='lat' dir='ltr'><strong>cum</strong></span> <span class='ocrx_word' id='word_1_322' title='bbox 876 4038 1170 4107; x_wconf 83' lang='lat' dir='ltr'><strong>Augustino</strong></span> <span class='ocrx_word' id='word_1_323' title='bbox 1195 4037 1489 4108; x_wconf 90' lang='lat' dir='ltr'><strong>loquamur,</strong></span> <span class='ocrx_word' id='word_1_324' title='bbox 1523 4055 1717 4092; x_wconf 86' lang='lat' dir='ltr'><strong>summa</strong></span> <span class='ocrx_word' id='word_1_325' title='bbox 1745 4040 1857 4093; x_wconf 87' lang='lat' dir='ltr'><strong>ino-</strong></span> 
     </span>
    </p>
   </div>
   <div class='ocr_carea' id='block_1_43' title="bbox 259 4125 1859 4198">
    <p class='ocr_par' dir='ltr' id='par_1_43' title="bbox 259 4125 1859 4198">
     <span class='ocr_line' id='line_1_43' title="bbox 259 4125 1859 4198; baseline 0.003 -20"><span class='ocrx_word' id='word_1_326' title='bbox 259 4127 363 4195; x_wconf 80' lang='lat' dir='ltr'><strong>pia</strong></span> <span class='ocrx_word' id='word_1_327' title='bbox 390 4127 620 4196; x_wconf 84' lang='lat' dir='ltr'><strong>copiosus</strong></span> <span class='ocrx_word' id='word_1_328' title='bbox 642 4127 660 4197; x_wconf 93' lang='lat'><strong>(</strong></span> <span class='ocrx_word' id='word_1_329' title='bbox 681 4125 838 4192; x_wconf 87' lang='lat' dir='ltr'><strong>Ibid.,</strong></span> <span class='ocrx_word' id='word_1_330' title='bbox 857 4144 910 4180; x_wconf 90' lang='lat' dir='ltr'><strong>n.</strong></span> <span class='ocrx_word' id='word_1_331' title='bbox 935 4127 1006 4182; x_wconf 63' lang='lat'><strong>24</strong></span> <span class='ocrx_word' id='word_1_332' title='bbox 1029 4126 1068 4198; x_wconf 93' lang='lat'><strong>).</strong></span> <span class='ocrx_word' id='word_1_333' title='bbox 1094 4127 1228 4182; x_wconf 90' lang='lat' dir='ltr'><strong>Iram</strong></span> <span class='ocrx_word' id='word_1_334' title='bbox 1255 4142 1402 4182; x_wconf 89' lang='lat' dir='ltr'><strong>suam</strong></span> <span class='ocrx_word' id='word_1_335' title='bbox 1427 4143 1636 4182; x_wconf 89' lang='lat' dir='ltr'><strong>onmem</strong></span> <span class='ocrx_word' id='word_1_336' title='bbox 1667 4129 1717 4182; x_wconf 93' lang='lat' dir='ltr'><strong>in</strong></span> <span class='ocrx_word' id='word_1_337' title='bbox 1739 4144 1859 4183; x_wconf 90' lang='lat' dir='ltr'><strong>cum</strong></span> 
     </span>
    </p>
   </div>
   <div class='ocr_carea' id='block_1_44' title="bbox 260 4214 1859 4290">
    <p class='ocr_par' dir='ltr' id='par_1_44' title="bbox 260 4214 1859 4290">
     <span class='ocr_line' id='line_1_44' title="bbox 260 4214 1859 4290; baseline 0.004 -23"><span class='ocrx_word' id='word_1_338' title='bbox 260 4215 448 4270; x_wconf 82' lang='lat' dir='ltr'><strong>vertit</strong></span> <span class='ocrx_word' id='word_1_339' title='bbox 475 4214 924 4285; x_wconf 82' lang='lat' dir='ltr'><strong>(Retractationum</strong></span> <span class='ocrx_word' id='word_1_340' title='bbox 949 4217 1035 4270; x_wconf 86' lang='lat' dir='ltr'><strong>lib.</strong></span> <span class='ocrx_word' id='word_1_341' title='bbox 1055 4217 1110 4284; x_wconf 87' lang='lat'><strong>2,</strong></span> <span class='ocrx_word' id='word_1_342' title='bbox 1144 4234 1258 4286; x_wconf 87' lang='lat' dir='ltr'><strong>cap.</strong></span> <span class='ocrx_word' id='word_1_343' title='bbox 1283 4218 1354 4273; x_wconf 82' lang='lat'><strong>25</strong></span> <span class='ocrx_word' id='word_1_344' title='bbox 1448 4218 1580 4271; x_wconf 89' lang='lat' dir='ltr'><strong>Eum</strong></span> <span class='ocrx_word' id='word_1_345' title='bbox 1613 4219 1859 4274; x_wconf 89' lang='lat' dir='ltr'><strong>innume-</strong></span> 
     </span>
    </p>
   </div>
   <div class='ocr_carea' id='block_1_45' title="bbox 258 4308 1858 4379">
    <p class='ocr_par' dir='ltr' id='par_1_45' title="bbox 258 4308 1858 4379">
     <span class='ocr_line' id='line_1_45' title="bbox 258 4308 1858 4379; baseline 0.004 -19"><span class='ocrx_word' id='word_1_346' title='bbox 258 4309 350 4361; x_wconf 89' lang='lat' dir='ltr'><strong>ris</strong></span> <span class='ocrx_word' id='word_1_347' title='bbox 381 4308 636 4362; x_wconf 84' lang='lat' dir='ltr'><strong>conviciis</strong></span> <span class='ocrx_word' id='word_1_348' title='bbox 651 4309 904 4378; x_wconf 90' lang='lat' dir='ltr'><strong>proscidit</strong></span> <span class='ocrx_word' id='word_1_349' title='bbox 929 4308 1151 4379; x_wconf 86' lang='lat' dir='ltr'><strong>(Contra</strong></span> <span class='ocrx_word' id='word_1_350' title='bbox 1174 4309 1391 4364; x_wconf 85' lang='lat' dir='ltr'><strong>Litteras</strong></span> <span class='ocrx_word' id='word_1_351' title='bbox 1415 4309 1668 4372; x_wconf 87' lang='lat' dir='ltr'><strong>Petiliani,</strong></span> <span class='ocrx_word' id='word_1_352' title='bbox 1695 4311 1780 4364; x_wconf 87' lang='lat' dir='ltr'><strong>lib.</strong></span> <span class='ocrx_word' id='word_1_353' title='bbox 1805 4312 1858 4376; x_wconf 83' lang='grc'>5,</span> 
     </span>
    </p>
   </div>
   <div class='ocr_carea' id='block_1_46' title="bbox 259 4401 1861 4472">
    <p class='ocr_par' dir='ltr' id='par_1_46' title="bbox 259 4401 1861 4472">
     <span class='ocr_line' id='line_1_46' title="bbox 259 4401 1861 4472; baseline 0.001 -16"><span class='ocrx_word' id='word_1_354' title='bbox 259 4419 320 4456; x_wconf 85' lang='lat' dir='ltr'><strong>n.</strong></span> <span class='ocrx_word' id='word_1_355' title='bbox 367 4403 438 4455; x_wconf 79' lang='grc'>17</span> <span class='ocrx_word' id='word_1_356' title='bbox 459 4401 503 4472; x_wconf 95' lang='grc'><strong>).</strong></span> <span class='ocrx_word' id='word_1_357' title='bbox 526 4401 626 4457; x_wconf 88' lang='lat' dir='ltr'><strong>Sed</strong></span> <span class='ocrx_word' id='word_1_358' title='bbox 646 4418 764 4456; x_wconf 91' lang='lat' dir='ltr'><strong>cum</strong></span> <span class='ocrx_word' id='word_1_359' title='bbox 791 4402 954 4457; x_wconf 91' lang='lat' dir='ltr'><strong>multa</strong></span> <span class='ocrx_word' id='word_1_360' title='bbox 977 4402 1043 4457; x_wconf 88' lang='lat' dir='ltr'><strong>de</strong></span> <span class='ocrx_word' id='word_1_361' title='bbox 1067 4403 1182 4472; x_wconf 92' lang='lat' dir='ltr'><strong>ipso</strong></span> <span class='ocrx_word' id='word_1_362' title='bbox 1207 4402 1503 4466; x_wconf 85' lang='lat' dir='ltr'><strong>effutiissct,</strong></span> <span class='ocrx_word' id='word_1_363' title='bbox 1534 4401 1661 4456; x_wconf 89' lang='lat' dir='ltr'><strong>nihil</strong></span> <span class='ocrx_word' id='word_1_364' title='bbox 1684 4411 1861 4458; x_wconf 89' lang='lat' dir='ltr'><strong>tamen</strong></span> 
     </span>
    </p>
   </div>
   <div class='ocr_carea' id='block_1_47' title="bbox 259 4491 1860 4562">
    <p class='ocr_par' dir='ltr' id='par_1_47' title="bbox 259 4491 1860 4562">
     <span class='ocr_line' id='line_1_47' title="bbox 259 4491 1860 4562; baseline 0.001 -15"><span class='ocrx_word' id='word_1_365' title='bbox 259 4493 455 4556; x_wconf 78' lang='lat' dir='ltr'><strong>dixit,</strong></span> <span class='ocrx_word' id='word_1_366' title='bbox 491 4493 588 4546; x_wconf 91' lang='lat' dir='ltr'><strong>nisi</strong></span> <span class='ocrx_word' id='word_1_367' title='bbox 616 4493 756 4562; x_wconf 88' lang='lat' dir='ltr'><strong>quod</strong></span> <span class='ocrx_word' id='word_1_368' title='bbox 781 4493 864 4548; x_wconf 85' lang='lat' dir='ltr'><strong>vel</strong></span> <span class='ocrx_word' id='word_1_369' title='bbox 894 4500 1037 4548; x_wconf 85' lang='lat' dir='ltr'><strong>esset</strong></span> <span class='ocrx_word' id='word_1_370' title='bbox 1064 4491 1281 4548; x_wconf 90' lang='lat' dir='ltr'><strong>omnino</strong></span> <span class='ocrx_word' id='word_1_371' title='bbox 1312 4491 1499 4546; x_wconf 89' lang='lat' dir='ltr'><strong>falsum</strong></span> <span class='ocrx_word' id='word_1_372' title='bbox 1524 4533 1539 4559; x_wconf 91' lang='lat'><strong>,</strong></span> <span class='ocrx_word' id='word_1_373' title='bbox 1569 4492 1652 4546; x_wconf 88' lang='lat' dir='ltr'><strong>vel</strong></span> <span class='ocrx_word' id='word_1_374' title='bbox 1678 4507 1860 4561; x_wconf 88' lang='lat' dir='ltr'><strong>repre-</strong></span> 
     </span>
    </p>
   </div>
   <div class='ocr_carea' id='block_1_48' title="bbox 261 4581 1864 4652">
    <p class='ocr_par' dir='ltr' id='par_1_48' title="bbox 261 4581 1864 4652">
     <span class='ocr_line' id='line_1_48' title="bbox 261 4581 1864 4652; baseline 0 -15"><span class='ocrx_word' id='word_1_375' title='bbox 261 4584 546 4637; x_wconf 88' lang='lat' dir='ltr'><strong>hensione</strong></span> <span class='ocrx_word' id='word_1_376' title='bbox 571 4582 708 4636; x_wconf 86' lang='lat' dir='ltr'><strong>nulla</strong></span> <span class='ocrx_word' id='word_1_377' title='bbox 733 4583 969 4652; x_wconf 88' lang='lat' dir='ltr'><strong>dignum,</strong></span> <span class='ocrx_word' id='word_1_378' title='bbox 1002 4591 1092 4636; x_wconf 91' lang='lat' dir='ltr'><strong>aut</strong></span> <span class='ocrx_word' id='word_1_379' title='bbox 1119 4582 1304 4636; x_wconf 90' lang='lat' dir='ltr'><strong>saltem</strong></span> <span class='ocrx_word' id='word_1_380' title='bbox 1347 4581 1413 4636; x_wconf 89' lang='lat' dir='ltr'><strong>ad</strong></span> <span class='ocrx_word' id='word_1_381' title='bbox 1457 4597 1577 4636; x_wconf 90' lang='lat' dir='ltr'><strong>eum</strong></span> <span class='ocrx_word' id='word_1_382' title='bbox 1617 4591 1736 4651; x_wconf 88' lang='lat' dir='ltr'><strong>post</strong></span> <span class='ocrx_word' id='word_1_383' title='bbox 1776 4597 1864 4637; x_wconf 90' lang='lat' dir='ltr'><strong>ac-</strong></span> 
     </span>
    </p>
   </div>
   <div class='ocr_carea' id='block_1_49' title="bbox 259 4672 1863 4744">
    <p class='ocr_par' dir='ltr' id='par_1_49' title="bbox 259 4672 1863 4744">
     <span class='ocr_line' id='line_1_49' title="bbox 259 4672 1863 4744; baseline 0.001 -17"><span class='ocrx_word' id='word_1_384' title='bbox 259 4682 498 4742; x_wconf 86' lang='lat' dir='ltr'><strong>ceptam</strong></span> <span class='ocrx_word' id='word_1_385' title='bbox 526 4673 772 4743; x_wconf 87' lang='lat' dir='ltr'><strong>Baptismi</strong></span> <span class='ocrx_word' id='word_1_386' title='bbox 796 4674 1017 4744; x_wconf 79' lang='lat' dir='ltr'><strong>gratiam</strong></span> <span class='ocrx_word' id='word_1_387' title='bbox 1045 4675 1189 4728; x_wconf 86' lang='lat' dir='ltr'><strong>nullo</strong></span> <span class='ocrx_word' id='word_1_388' title='bbox 1223 4672 1383 4728; x_wconf 91' lang='lat' dir='ltr'><strong>modo</strong></span> <span class='ocrx_word' id='word_1_389' title='bbox 1412 4673 1718 4744; x_wconf 88' lang='lat' dir='ltr'><strong>pertineret.</strong></span> <span class='ocrx_word' id='word_1_390' title='bbox 1749 4673 1863 4740; x_wconf 89' lang='lat' dir='ltr'><strong>Qua</strong></span> 
     </span>
    </p>
   </div>
   <div class='ocr_carea' id='block_1_50' title="bbox 261 4761 1860 4834">
    <p class='ocr_par' dir='ltr' id='par_1_50' title="bbox 261 4761 1860 4834">
     <span class='ocr_line' id='line_1_50' title="bbox 261 4761 1860 4834; baseline -0.001 -16"><span class='ocrx_word' id='word_1_391' title='bbox 261 4764 322 4818; x_wconf 88' lang='lat' dir='ltr'><strong>in</strong></span> <span class='ocrx_word' id='word_1_392' title='bbox 351 4778 431 4820; x_wconf 83' lang='lat' dir='ltr'><strong>re</strong></span> <span class='ocrx_word' id='word_1_393' title='bbox 461 4763 743 4817; x_wconf 86' lang='lat' dir='ltr'><strong>Petilianus</strong></span> <span class='ocrx_word' id='word_1_394' title='bbox 765 4764 1020 4831; x_wconf 85' lang='lat' dir='ltr'><strong>judicium</strong></span> <span class='ocrx_word' id='word_1_395' title='bbox 1063 4763 1296 4834; x_wconf 82' lang='lat' dir='ltr'><strong>neglexit</strong></span> <span class='ocrx_word' id='word_1_396' title='bbox 1323 4763 1657 4817; x_wconf 87' lang='lat' dir='ltr'><strong>cordatornm</strong></span> <span class='ocrx_word' id='word_1_397' title='bbox 1688 4761 1860 4817; x_wconf 89' lang='lat' dir='ltr'><strong>homi-</strong></span> 
     </span>
    </p>
   </div>
   <div class='ocr_carea' id='block_1_51' title="bbox 261 4853 1865 4924">
    <p class='ocr_par' dir='ltr' id='par_1_51' title="bbox 261 4853 1865 4924">
     <span class='ocr_line' id='line_1_51' title="bbox 261 4853 1865 4924; baseline -0.001 -15"><span class='ocrx_word' id='word_1_398' title='bbox 261 4869 413 4909; x_wconf 89' lang='lat' dir='ltr'><strong>num</strong></span> <span class='ocrx_word' id='word_1_399' title='bbox 443 4894 460 4919; x_wconf 94' lang='lat'><strong>,</strong></span> <span class='ocrx_word' id='word_1_400' title='bbox 505 4855 588 4924; x_wconf 89' lang='lat' dir='ltr'><strong>qui</strong></span> <span class='ocrx_word' id='word_1_401' title='bbox 618 4854 763 4907; x_wconf 79' lang='lat' dir='ltr'><strong>illum</strong></span> <span class='ocrx_word' id='word_1_402' title='bbox 812 4870 916 4908; x_wconf 90' lang='lat' dir='ltr'><strong>non</strong></span> <span class='ocrx_word' id='word_1_403' title='bbox 959 4854 1028 4909; x_wconf 87' lang='lat' dir='ltr'><strong>ob</strong></span> <span class='ocrx_word' id='word_1_404' title='bbox 1055 4853 1195 4907; x_wconf 90' lang='lat' dir='ltr'><strong>aliud</strong></span> <span class='ocrx_word' id='word_1_405' title='bbox 1216 4893 1228 4917; x_wconf 96' lang='lat'><strong>,</strong></span> <span class='ocrx_word' id='word_1_406' title='bbox 1257 4868 1411 4922; x_wconf 90' lang='lat' dir='ltr'><strong>quam</strong></span> <span class='ocrx_word' id='word_1_407' title='bbox 1438 4853 1506 4907; x_wconf 93' lang='lat' dir='ltr'><strong>ob</strong></span> <span class='ocrx_word' id='word_1_408' title='bbox 1548 4853 1865 4908; x_wconf 79' lang='lat' dir='ltr'><strong>infirmitatis</strong></span> 
     </span>
    </p>
   </div>
   <div class='ocr_carea' id='block_1_52' title="bbox 262 4944 1864 5016">
    <p class='ocr_par' dir='ltr' id='par_1_52' title="bbox 262 4944 1864 5016">
     <span class='ocr_line' id='line_1_52' title="bbox 262 4944 1864 5016; baseline 0.001 -17"><span class='ocrx_word' id='word_1_409' title='bbox 262 4947 520 5016; x_wconf 68' lang='lat' dir='ltr'><strong>propriae</strong></span> <span class='ocrx_word' id='word_1_410' title='bbox 539 4947 937 5012; x_wconf 89' lang='lat' dir='ltr'><strong>conscientiam,</strong></span> <span class='ocrx_word' id='word_1_411' title='bbox 961 4946 1229 5016; x_wconf 88' lang='lat' dir='ltr'><strong>negotium</strong></span> <span class='ocrx_word' id='word_1_412' title='bbox 1254 4946 1479 5016; x_wconf 88' lang='lat' dir='ltr'><strong>quodam</strong></span> <span class='ocrx_word' id='word_1_413' title='bbox 1506 4944 1666 4999; x_wconf 90' lang='lat' dir='ltr'><strong>modo</strong></span> <span class='ocrx_word' id='word_1_414' title='bbox 1695 4945 1864 5014; x_wconf 90' lang='lat' dir='ltr'><strong>publi-</strong></span> 
     </span>
    </p>
   </div>
   <div class='ocr_carea' id='block_1_53' title="bbox 259 5036 1863 5108">
    <p class='ocr_par' dir='ltr' id='par_1_53' title="bbox 259 5036 1863 5108">
     <span class='ocr_line' id='line_1_53' title="bbox 259 5036 1863 5108; baseline 0 -16"><span class='ocrx_word' id='word_1_415' title='bbox 259 5054 407 5092; x_wconf 89' lang='lat' dir='ltr'><strong>cum</strong></span> <span class='ocrx_word' id='word_1_416' title='bbox 432 5037 632 5106; x_wconf 89' lang='lat' dir='ltr'><strong>privato</strong></span> <span class='ocrx_word' id='word_1_417' title='bbox 653 5038 828 5108; x_wconf 89' lang='lat' dir='ltr'><strong>jurgio</strong></span> <span class='ocrx_word' id='word_1_418' title='bbox 849 5047 1052 5092; x_wconf 89' lang='lat' dir='ltr'><strong>mutare</strong></span> <span class='ocrx_word' id='word_1_419' title='bbox 1086 5045 1238 5092; x_wconf 90' lang='lat' dir='ltr'><strong>erant</strong></span> <span class='ocrx_word' id='word_1_420' title='bbox 1262 5036 1666 5106; x_wconf 89' lang='lat' dir='ltr'><strong>deprehensuri.</strong></span> <span class='ocrx_word' id='word_1_421' title='bbox 1697 5037 1752 5091; x_wconf 91' lang='lat' dir='ltr'><strong>In</strong></span> <span class='ocrx_word' id='word_1_422' title='bbox 1782 5037 1863 5092; x_wconf 90' lang='lat' dir='ltr'><strong>vi-</strong></span> 
     </span>
    </p>
   </div>
   <div class='ocr_carea' id='block_1_54' title="bbox 261 5125 1860 5198">
    <p class='ocr_par' dir='ltr' id='par_1_54' title="bbox 261 5125 1860 5198">
     <span class='ocr_line' id='line_1_54' title="bbox 261 5125 1860 5198; baseline -0.001 -16"><span class='ocrx_word' id='word_1_423' title='bbox 261 5139 420 5194; x_wconf 85' lang='lat' dir='ltr'><strong>tam,</strong></span> <span class='ocrx_word' id='word_1_424' title='bbox 466 5142 618 5195; x_wconf 87' lang='lat' dir='ltr'><strong>quam</strong></span> <span class='ocrx_word' id='word_1_425' title='bbox 648 5128 972 5198; x_wconf 82' lang='lat' dir='ltr'><strong>Augustinus</strong></span> <span class='ocrx_word' id='word_1_426' title='bbox 1014 5137 1138 5182; x_wconf 89' lang='lat' dir='ltr'><strong>ante</strong></span> <span class='ocrx_word' id='word_1_427' title='bbox 1178 5127 1576 5181; x_wconf 88' lang='lat' dir='ltr'><strong>conversionem</strong></span> <span class='ocrx_word' id='word_1_428' title='bbox 1620 5125 1860 5191; x_wconf 82' lang='lat' dir='ltr'><strong>duxerat,</strong></span> 
     </span>
    </p>
   </div>
   <div class='ocr_carea' id='block_1_55' title="bbox 261 5204 1864 5287">
    <p class='ocr_par' dir='ltr' id='par_1_55' title="bbox 261 5204 1864 5287">
     <span class='ocr_line' id='line_1_55' title="bbox 261 5204 1864 5287; baseline -0.002 -13"><span class='ocrx_word' id='word_1_429' title='bbox 261 5217 520 5287; x_wconf 83' lang='lat' dir='ltr'><strong>copiosis</strong></span> <span class='ocrx_word' id='word_1_430' title='bbox 543 5217 715 5272; x_wconf 83' lang='lat' dir='ltr'><strong>verbis</strong></span> <span class='ocrx_word' id='word_1_431' title='bbox 736 5217 1084 5280; x_wconf 86' lang='lat' dir='ltr'><strong>declamabat,</strong></span> <span class='ocrx_word' id='word_1_432' title='bbox 1109 5215 1298 5272; x_wconf 84' lang='lat' dir='ltr'><strong>affictis</strong></span> <span class='ocrx_word' id='word_1_433' title='bbox 1318 5216 1478 5271; x_wconf 89' lang='lat' dir='ltr'><strong>etiam</strong></span> <span class='ocrx_word' id='word_1_434' title='bbox 1499 5215 1725 5282; x_wconf 90' lang='lat' dir='ltr'><strong>delictis,</strong></span> <span class='ocrx_word' id='word_1_435' title='bbox 1747 5204 1864 5285; x_wconf 73' lang='lat' dir='ltr'><strong>qua:</strong></span> 
     </span>
    </p>
   </div>
   <div class='ocr_carea' id='block_1_56' title="bbox 266 5307 1864 5379">
    <p class='ocr_par' dir='ltr' id='par_1_56' title="bbox 266 5307 1864 5379">
     <span class='ocr_line' id='line_1_56' title="bbox 266 5307 1864 5379; baseline -0.002 -15"><span class='ocrx_word' id='word_1_436' title='bbox 266 5324 561 5378; x_wconf 84' lang='lat' dir='ltr'><strong>nunquam</strong></span> <span class='ocrx_word' id='word_1_437' title='bbox 605 5309 696 5363; x_wconf 89' lang='lat' dir='ltr'><strong>ille</strong></span> <span class='ocrx_word' id='word_1_438' title='bbox 745 5315 1170 5379; x_wconf 86' lang='lat' dir='ltr'><strong>perpetraverat,</strong></span> <span class='ocrx_word' id='word_1_439' title='bbox 1201 5307 1266 5362; x_wconf 90' lang='lat' dir='ltr'><strong>iis</strong></span> <span class='ocrx_word' id='word_1_440' title='bbox 1297 5321 1424 5362; x_wconf 88' lang='lat' dir='ltr'><strong>vero</strong></span> <span class='ocrx_word' id='word_1_441' title='bbox 1454 5307 1507 5362; x_wconf 91' lang='lat' dir='ltr'><strong>in</strong></span> <span class='ocrx_word' id='word_1_442' title='bbox 1543 5323 1660 5377; x_wconf 74' lang='lat' dir='ltr'><strong>qua:</strong></span> <span class='ocrx_word' id='word_1_443' title='bbox 1694 5309 1864 5376; x_wconf 90' lang='lat' dir='ltr'><strong>reipsa</strong></span> 
     </span>
    </p>
   </div>
   <div class='ocr_carea' id='block_1_57' title="bbox 264 5395 1862 5468">
    <p class='ocr_par' dir='ltr' id='par_1_57' title="bbox 264 5395 1862 5468">
     <span class='ocr_line' id='line_1_57' title="bbox 264 5395 1862 5468; baseline -0.003 -14"><span class='ocrx_word' id='word_1_444' title='bbox 264 5399 581 5460; x_wconf 87' lang='lat' dir='ltr'><strong>inciderat.</strong></span> <span class='ocrx_word' id='word_1_445' title='bbox 629 5399 946 5468; x_wconf 87' lang='lat' dir='ltr'><strong>quandoque</strong></span> <span class='ocrx_word' id='word_1_446' title='bbox 984 5395 1591 5468; x_wconf 67' lang='lat' dir='ltr'><strong>praetermissis(1bid.,</strong></span> <span class='ocrx_word' id='word_1_447' title='bbox 1634 5414 1687 5450; x_wconf 91' lang='lat' dir='ltr'><strong>n.</strong></span> <span class='ocrx_word' id='word_1_448' title='bbox 1735 5397 1862 5468; x_wconf 86' lang='grc'><strong>11).</strong></span> 
     </span>
    </p>
   </div>
   <div class='ocr_carea' id='block_1_58' title="bbox 266 5488 1865 5559">
    <p class='ocr_par' dir='ltr' id='par_1_58' title="bbox 266 5488 1865 5559">
     <span class='ocr_line' id='line_1_58' title="bbox 266 5488 1865 5559; baseline -0.001 -16"><span class='ocrx_word' id='word_1_449' title='bbox 266 5490 556 5559; x_wconf 80' lang='lat' dir='ltr'><strong>Quasdam</strong></span> <span class='ocrx_word' id='word_1_450' title='bbox 601 5505 666 5544; x_wconf 77' lang='lat' dir='ltr'><strong>ex</strong></span> <span class='ocrx_word' id='word_1_451' title='bbox 709 5490 824 5558; x_wconf 85' lang='lat' dir='ltr'><strong>ejus</strong></span> <span class='ocrx_word' id='word_1_452' title='bbox 874 5488 1304 5544; x_wconf 89' lang='lat' dir='ltr'><strong>Confessionibus</strong></span> <span class='ocrx_word' id='word_1_453' title='bbox 1343 5502 1499 5542; x_wconf 88' lang='lat' dir='ltr'><strong>voces</strong></span> <span class='ocrx_word' id='word_1_454' title='bbox 1542 5488 1592 5542; x_wconf 91' lang='lat' dir='ltr'><strong>in</strong></span> <span class='ocrx_word' id='word_1_455' title='bbox 1638 5488 1865 5542; x_wconf 89' lang='lat' dir='ltr'><strong>alienum</strong></span> 
     </span>
    </p>
   </div>
   <div class='ocr_carea' id='block_1_59' title="bbox 271 5578 1865 5650">
    <p class='ocr_par' dir='ltr' id='par_1_59' title="bbox 271 5578 1865 5650">
     <span class='ocr_line' id='line_1_59' title="bbox 271 5578 1865 5650; baseline -0.002 -13"><span class='ocrx_word' id='word_1_456' title='bbox 271 5596 510 5638; x_wconf 85' lang='lat' dir='ltr'><strong>sensum</strong></span> <span class='ocrx_word' id='word_1_457' title='bbox 548 5580 896 5650; x_wconf 86' lang='lat' dir='ltr'><strong>detorquebat</strong></span> <span class='ocrx_word' id='word_1_458' title='bbox 932 5579 1132 5650; x_wconf 86' lang='lat' dir='ltr'><strong>(lbid.,</strong></span> <span class='ocrx_word' id='word_1_459' title='bbox 1163 5596 1216 5633; x_wconf 80' lang='grc' dir='ltr'><strong>η.</strong></span> <span class='ocrx_word' id='word_1_460' title='bbox 1248 5579 1318 5634; x_wconf 78' lang='grc'><strong>20</strong></span> <span class='ocrx_word' id='word_1_461' title='bbox 1347 5578 1385 5648; x_wconf 95' lang='grc'><strong>).</strong></span> <span class='ocrx_word' id='word_1_462' title='bbox 1418 5579 1704 5635; x_wconf 86' lang='lat' dir='ltr'><strong>Asserebat</strong></span> <span class='ocrx_word' id='word_1_463' title='bbox 1744 5593 1865 5635; x_wconf 90' lang='lat' dir='ltr'><strong>eum</strong></span> 
     </span>
    </p>
   </div>
   <div class='ocr_carea' id='block_1_60' title="bbox 273 5670 1866 5749">
    <p class='ocr_par' dir='ltr' id='par_1_60' title="bbox 273 5670 1866 5749">
     <span class='ocr_line' id='line_1_60' title="bbox 273 5670 1866 5749; baseline -0.002 -18"><span class='ocrx_word' id='word_1_464' title='bbox 273 5673 610 5749; x_wconf 80' lang='lat' dir='ltr'><strong>presbyterii</strong></span> <span class='ocrx_word' id='word_1_465' title='bbox 639 5673 814 5730; x_wconf 89' lang='lat' dir='ltr'><strong>officio</strong></span> <span class='ocrx_word' id='word_1_466' title='bbox 851 5672 1083 5732; x_wconf 87' lang='lat' dir='ltr'><strong>functum</strong></span> <span class='ocrx_word' id='word_1_467' title='bbox 1114 5671 1250 5743; x_wconf 86' lang='lat' dir='ltr'><strong>apud</strong></span> <span class='ocrx_word' id='word_1_468' title='bbox 1279 5670 1618 5739; x_wconf 62' lang='lat' dir='ltr'><strong>Manicha‘os,</strong></span> <span class='ocrx_word' id='word_1_469' title='bbox 1643 5687 1866 5743; x_wconf 88' lang='lat' dir='ltr'><strong>quorum</strong></span> 
     </span>
    </p>
   </div>
   <div class='ocr_carea' id='block_1_61' title="bbox 1659 286 2208 354">
    <p class='ocr_par' dir='ltr' id='par_1_61' title="bbox 1659 286 2208 354">
     <span class='ocr_line' id='line_1_61' title="bbox 1659 286 2208 354; baseline 0.009 -13"><span class='ocrx_word' id='word_1_470' title='bbox 1659 286 1855 342; x_wconf 83' lang='lat' dir='ltr'><strong>LIBER</strong></span> <span class='ocrx_word' id='word_1_471' title='bbox 1894 287 2208 354; x_wconf 82' lang='lat' dir='ltr'><strong>QUlNTUS.</strong></span> 
     </span>
    </p>
   </div>
   <div class='ocr_carea' id='block_1_62' title="bbox 3429 314 3532 373">
    <p class='ocr_par' dir='ltr' id='par_1_62' title="bbox 3429 314 3532 373">
     <span class='ocr_line' id='line_1_62' title="bbox 3429 314 3532 373; baseline -0.019 -1"><span class='ocrx_word' id='word_1_472' title='bbox 3429 314 3532 373; x_wconf 77' lang='lat'><strong>3&#39;22</strong></span> 
     </span>
    </p>
   </div>
   <div class='ocr_carea' id='block_1_63' title="bbox 1967 403 3530 495">
    <p class='ocr_par' dir='ltr' id='par_1_63' title="bbox 1967 403 3530 495">
     <span class='ocr_line' id='line_1_63' title="bbox 1967 403 3530 495; baseline 0.019 -41"><span class='ocrx_word' id='word_1_473' title='bbox 1967 403 2216 495; x_wconf 81' lang='lat' dir='ltr'><strong>eiomnia</strong></span> <span class='ocrx_word' id='word_1_474' title='bbox 2246 403 2432 474; x_wconf 84' lang='lat' dir='ltr'><strong>ﬂagitia</strong></span> <span class='ocrx_word' id='word_1_475' title='bbox 2464 408 2777 465; x_wconf 82' lang='lat' dir='ltr'><strong>attribuebat</strong></span> <span class='ocrx_word' id='word_1_476' title='bbox 2813 411 3002 484; x_wconf 87' lang='lat' dir='ltr'><strong>(lbid.,</strong></span> <span class='ocrx_word' id='word_1_477' title='bbox 3038 433 3121 471; x_wconf 85' lang='lat' dir='ltr'><strong>nn.</strong></span> <span class='ocrx_word' id='word_1_478' title='bbox 3149 417 3246 487; x_wconf 88' lang='lat'><strong>20,</strong></span> <span class='ocrx_word' id='word_1_479' title='bbox 3278 422 3384 495; x_wconf 82' lang='lat' dir='ltr'><strong>I9).</strong></span> <span class='ocrx_word' id='word_1_480' title='bbox 3419 427 3530 484; x_wconf 81' lang='lat' dir='ltr'><strong>[Ioc</strong></span> 
     </span>
    </p>
   </div>
   <div class='ocr_carea' id='block_1_64' title="bbox 1963 493 3530 582">
    <p class='ocr_par' dir='ltr' id='par_1_64' title="bbox 1963 493 3530 582">
     <span class='ocr_line' id='line_1_64' title="bbox 1963 493 3530 582; baseline 0.018 -38"><span class='ocrx_word' id='word_1_481' title='bbox 1963 493 2119 546; x_wconf 88' lang='lat' dir='ltr'><strong>etiam</strong></span> <span class='ocrx_word' id='word_1_482' title='bbox 2164 496 2515 564; x_wconf 89' lang='lat' dir='ltr'><strong>amplificabat</strong></span> <span class='ocrx_word' id='word_1_483' title='bbox 2555 501 2800 570; x_wconf 90' lang='lat' dir='ltr'><strong>uberius,</strong></span> <span class='ocrx_word' id='word_1_484' title='bbox 2837 521 3028 576; x_wconf 90' lang='lat' dir='ltr'><strong>nempe</strong></span> <span class='ocrx_word' id='word_1_485' title='bbox 3063 493 3440 582; x_wconf 85' lang='lat' dir='ltr'><strong>Augustinum,</strong></span> <span class='ocrx_word' id='word_1_486' title='bbox 3472 526 3530 572; x_wconf 92' lang='lat' dir='ltr'><strong>ut</strong></span> 
     </span>
    </p>
   </div>
   <div class='ocr_carea' id='block_1_65' title="bbox 1963 589 3528 668">
    <p class='ocr_par' dir='ltr' id='par_1_65' title="bbox 1963 589 3528 668">
     <span class='ocr_line' id='line_1_65' title="bbox 1963 589 3528 668; baseline 0.018 -34"><span class='ocrx_word' id='word_1_487' title='bbox 1963 597 2057 651; x_wconf 91' lang='lat' dir='ltr'><strong>pro</strong></span> <span class='ocrx_word' id='word_1_488' title='bbox 2093 595 2237 638; x_wconf 90' lang='lat' dir='ltr'><strong>certo</strong></span> <span class='ocrx_word' id='word_1_489' title='bbox 2272 589 2527 655; x_wconf 88' lang='lat' dir='ltr'><strong>ponebat,</strong></span> <span class='ocrx_word' id='word_1_490' title='bbox 2577 606 2642 645; x_wconf 81' lang='lat' dir='ltr'><strong>ex</strong></span> <span class='ocrx_word' id='word_1_491' title='bbox 2694 594 2871 649; x_wconf 87' lang='lat' dir='ltr'><strong>Africa</strong></span> <span class='ocrx_word' id='word_1_492' title='bbox 2913 607 3155 668; x_wconf 89' lang='lat' dir='ltr'><strong>tanquam</strong></span> <span class='ocrx_word' id='word_1_493' title='bbox 3185 601 3528 662; x_wconf 75' lang='lat' dir='ltr'><strong>Manichazum</strong></span> 
     </span>
    </p>
   </div>
   <div class='ocr_carea' id='block_1_66' title="bbox 1959 680 3532 753">
    <p class='ocr_par' dir='ltr' id='par_1_66' title="bbox 1959 680 3532 753">
     <span class='ocr_line' id='line_1_66' title="bbox 1959 680 3532 753; baseline 0.016 -27"><span class='ocrx_word' id='word_1_494' title='bbox 1959 689 2100 728; x_wconf 90' lang='lat' dir='ltr'><strong>anno</strong></span> <span class='ocrx_word' id='word_1_495' title='bbox 2143 680 2512 734; x_wconf 85' lang='lat' dir='ltr'><strong>trecentesimo</strong></span> <span class='ocrx_word' id='word_1_496' title='bbox 2554 684 2876 753; x_wconf 85' lang='lat' dir='ltr'><strong>octogesimo</strong></span> <span class='ocrx_word' id='word_1_497' title='bbox 2923 699 3071 743; x_wconf 80' lang='lat' dir='ltr'><strong>sexto</strong></span> <span class='ocrx_word' id='word_1_498' title='bbox 3108 702 3345 747; x_wconf 88' lang='lat' dir='ltr'><strong>coactum</strong></span> <span class='ocrx_word' id='word_1_499' title='bbox 3375 711 3532 750; x_wconf 80' lang='lat' dir='ltr'><strong>exsu-</strong></span> 
     </span>
    </p>
   </div>
   <div class='ocr_carea' id='block_1_67' title="bbox 1963 762 3530 852">
    <p class='ocr_par' dir='ltr' id='par_1_67' title="bbox 1963 762 3530 852">
     <span class='ocr_line' id='line_1_67' title="bbox 1963 762 3530 852; baseline 0.015 -36"><span class='ocrx_word' id='word_1_500' title='bbox 1963 762 2072 819; x_wconf 89' lang='lat' dir='ltr'><strong>lare</strong></span> <span class='ocrx_word' id='word_1_501' title='bbox 2098 783 2110 818; x_wconf 92' lang='lat'><strong>:</strong></span> <span class='ocrx_word' id='word_1_502' title='bbox 2137 782 2254 820; x_wconf 89' lang='lat' dir='ltr'><strong>cum</strong></span> <span class='ocrx_word' id='word_1_503' title='bbox 2281 777 2453 823; x_wconf 90' lang='lat' dir='ltr'><strong>tamen</strong></span> <span class='ocrx_word' id='word_1_504' title='bbox 2480 782 2601 826; x_wconf 90' lang='lat' dir='ltr'><strong>ante</strong></span> <span class='ocrx_word' id='word_1_505' title='bbox 2627 773 2764 828; x_wconf 90' lang='lat' dir='ltr'><strong>hunc</strong></span> <span class='ocrx_word' id='word_1_506' title='bbox 2792 792 2986 832; x_wconf 87' lang='lat' dir='ltr'><strong>annum</strong></span> <span class='ocrx_word' id='word_1_507' title='bbox 3008 782 3232 850; x_wconf 89' lang='lat' dir='ltr'><strong>amplius</strong></span> <span class='ocrx_word' id='word_1_508' title='bbox 3252 787 3359 852; x_wconf 87' lang='lat' dir='ltr'><strong>jam</strong></span> <span class='ocrx_word' id='word_1_509' title='bbox 3388 801 3530 840; x_wconf 89' lang='lat' dir='ltr'><strong>anno</strong></span> 
     </span>
    </p>
   </div>
   <div class='ocr_carea' id='block_1_68' title="bbox 1960 855 3527 941">
    <p class='ocr_par' dir='ltr' id='par_1_68' title="bbox 1960 855 3527 941">
     <span class='ocr_line' id='line_1_68' title="bbox 1960 855 3527 941; baseline 0.017 -35"><span class='ocrx_word' id='word_1_510' title='bbox 1960 855 2235 910; x_wconf 83' lang='lat' dir='ltr'><strong>Mediolani</strong></span> <span class='ocrx_word' id='word_1_511' title='bbox 2265 871 2501 914; x_wconf 75' lang='lat' dir='ltr'><strong>versatus</strong></span> <span class='ocrx_word' id='word_1_512' title='bbox 2529 874 2667 918; x_wconf 88' lang='lat' dir='ltr'><strong>esset</strong></span> <span class='ocrx_word' id='word_1_513' title='bbox 2698 864 2888 935; x_wconf 86' lang='lat' dir='ltr'><strong>(Ibid.,</strong></span> <span class='ocrx_word' id='word_1_514' title='bbox 2917 885 2969 922; x_wconf 91' lang='lat' dir='ltr'><strong>n.</strong></span> <span class='ocrx_word' id='word_1_515' title='bbox 3000 871 3072 924; x_wconf 78' lang='grc'><strong>50</strong></span> <span class='ocrx_word' id='word_1_516' title='bbox 3097 873 3134 941; x_wconf 90' lang='grc'><strong>).</strong></span> <span class='ocrx_word' id='word_1_517' title='bbox 3164 872 3274 928; x_wconf 89' lang='lat' dir='ltr'><strong>Imo</strong></span> <span class='ocrx_word' id='word_1_518' title='bbox 3299 889 3418 929; x_wconf 92' lang='lat' dir='ltr'><strong>eum</strong></span> <span class='ocrx_word' id='word_1_519' title='bbox 3448 886 3527 932; x_wconf 84' lang='lat' dir='ltr'><strong>le-</strong></span> 
     </span>
    </p>
   </div>
   <div class='ocr_carea' id='block_1_69' title="bbox 1960 947 3527 1020">
    <p class='ocr_par' dir='ltr' id='par_1_69' title="bbox 1960 947 3527 1020">
     <span class='ocr_line' id='line_1_69' title="bbox 1960 947 3527 1020; baseline 0.016 -24"><span class='ocrx_word' id='word_1_520' title='bbox 1960 947 2200 1000; x_wconf 88' lang='lat' dir='ltr'><strong>mcritate</strong></span> <span class='ocrx_word' id='word_1_521' title='bbox 2231 965 2334 1002; x_wconf 91' lang='lat' dir='ltr'><strong>non</strong></span> <span class='ocrx_word' id='word_1_522' title='bbox 2367 950 2580 1006; x_wconf 85' lang='lat' dir='ltr'><strong>ferenda</strong></span> <span class='ocrx_word' id='word_1_523' title='bbox 2605 955 2788 1009; x_wconf 90' lang='lat' dir='ltr'><strong>eodem</strong></span> <span class='ocrx_word' id='word_1_524' title='bbox 2812 973 2993 1013; x_wconf 89' lang='lat' dir='ltr'><strong>errore</strong></span> <span class='ocrx_word' id='word_1_525' title='bbox 3017 961 3187 1018; x_wconf 89' lang='lat' dir='ltr'><strong>adhuc</strong></span> <span class='ocrx_word' id='word_1_526' title='bbox 3211 966 3377 1019; x_wconf 85' lang='lat' dir='ltr'><strong>teneri</strong></span> <span class='ocrx_word' id='word_1_527' title='bbox 3399 983 3527 1020; x_wconf 88' lang='lat' dir='ltr'><strong>con-</strong></span> 
     </span>
    </p>
   </div>
   <div class='ocr_carea' id='block_1_70' title="bbox 1961 1035 3528 1124">
    <p class='ocr_par' dir='ltr' id='par_1_70' title="bbox 1961 1035 3528 1124">
     <span class='ocr_line' id='line_1_70' title="bbox 1961 1035 3528 1124; baseline 0.017 -38"><span class='ocrx_word' id='word_1_528' title='bbox 1961 1035 2206 1090; x_wconf 89' lang='lat' dir='ltr'><strong>tendebat</strong></span> <span class='ocrx_word' id='word_1_529' title='bbox 2229 1037 2420 1106; x_wconf 85' lang='lat' dir='ltr'><strong>(1bitl.,</strong></span> <span class='ocrx_word' id='word_1_530' title='bbox 2449 1058 2501 1094; x_wconf 84' lang='grc' dir='ltr'><strong>η.</strong></span> <span class='ocrx_word' id='word_1_531' title='bbox 2533 1044 2590 1096; x_wconf 95' lang='grc'>11</span> <span class='ocrx_word' id='word_1_532' title='bbox 2622 1043 2660 1113; x_wconf 90' lang='grc'><strong>).</strong></span> <span class='ocrx_word' id='word_1_533' title='bbox 2689 1045 2907 1101; x_wconf 90' lang='lat' dir='ltr'><strong>Tertulli</strong></span> <span class='ocrx_word' id='word_1_534' title='bbox 2931 1054 3170 1117; x_wconf 86' lang='lat' dir='ltr'><strong>oratoris,</strong></span> <span class='ocrx_word' id='word_1_535' title='bbox 3192 1069 3219 1108; x_wconf 92' lang='lat' dir='ltr'><strong>a</strong></span> <span class='ocrx_word' id='word_1_536' title='bbox 3247 1073 3348 1124; x_wconf 90' lang='lat' dir='ltr'><strong>quo</strong></span> <span class='ocrx_word' id='word_1_537' title='bbox 3374 1073 3528 1112; x_wconf 88' lang='lat' dir='ltr'><strong>aecu-</strong></span> 
     </span>
    </p>
   </div>
   <div class='ocr_carea' id='block_1_71' title="bbox 1958 1127 3523 1212">
    <p class='ocr_par' dir='ltr' id='par_1_71' title="bbox 1958 1127 3523 1212">
     <span class='ocr_line' id='line_1_71' title="bbox 1958 1127 3523 1212; baseline 0.018 -35"><span class='ocrx_word' id='word_1_538' title='bbox 1958 1136 2101 1180; x_wconf 87' lang='lat' dir='ltr'><strong>satus</strong></span> <span class='ocrx_word' id='word_1_539' title='bbox 2123 1127 2290 1184; x_wconf 90' lang='lat' dir='ltr'><strong>fuerat</strong></span> <span class='ocrx_word' id='word_1_540' title='bbox 2316 1131 2506 1187; x_wconf 88' lang='lat' dir='ltr'><strong>Paulus</strong></span> <span class='ocrx_word' id='word_1_541' title='bbox 2535 1135 2680 1204; x_wconf 79' lang='lat' dir='ltr'><strong>(Act.</strong></span> <span class='ocrx_word' id='word_1_542' title='bbox 2713 1154 2858 1205; x_wconf 78' lang='lat' dir='ltr'><strong>xxiv,</strong></span> <span class='ocrx_word' id='word_1_543' title='bbox 2889 1138 2976 1212; x_wconf 87' lang='lat' dir='ltr'><strong>I),</strong></span> <span class='ocrx_word' id='word_1_544' title='bbox 3005 1143 3073 1209; x_wconf 91' lang='lat' dir='ltr'><strong>ei,</strong></span> <span class='ocrx_word' id='word_1_545' title='bbox 3106 1145 3174 1200; x_wconf 92' lang='lat' dir='ltr'><strong>ob</strong></span> <span class='ocrx_word' id='word_1_546' title='bbox 3204 1147 3523 1205; x_wconf 89' lang='lat' dir='ltr'><strong>rhetoricam</strong></span> 
     </span>
    </p>
   </div>
   <div class='ocr_carea' id='block_1_72' title="bbox 1957 1219 3525 1306">
    <p class='ocr_par' dir='ltr' id='par_1_72' title="bbox 1957 1219 3525 1306">
     <span class='ocr_line' id='line_1_72' title="bbox 1957 1219 3525 1306; baseline 0.018 -38"><span class='ocrx_word' id='word_1_547' title='bbox 1957 1231 2112 1285; x_wconf 89' lang='lat' dir='ltr'><strong>quam</strong></span> <span class='ocrx_word' id='word_1_548' title='bbox 2138 1219 2408 1288; x_wconf 88' lang='lat' dir='ltr'><strong>docuerat,</strong></span> <span class='ocrx_word' id='word_1_549' title='bbox 2449 1240 2637 1281; x_wconf 87' lang='lat' dir='ltr'><strong>nomen</strong></span> <span class='ocrx_word' id='word_1_550' title='bbox 2667 1228 2967 1298; x_wconf 89' lang='lat' dir='ltr'><strong>imponebat</strong></span> <span class='ocrx_word' id='word_1_551' title='bbox 2999 1251 3010 1284; x_wconf 88' lang='lat'><strong>:</strong></span> <span class='ocrx_word' id='word_1_552' title='bbox 3045 1235 3303 1306; x_wconf 88' lang='lat' dir='ltr'><strong>simulque</strong></span> <span class='ocrx_word' id='word_1_553' title='bbox 3332 1249 3387 1294; x_wconf 90' lang='lat' dir='ltr'><strong>ut</strong></span> <span class='ocrx_word' id='word_1_554' title='bbox 3418 1241 3525 1295; x_wconf 89' lang='lat' dir='ltr'><strong>vim</strong></span> 
     </span>
    </p>
   </div>
   <div class='ocr_carea' id='block_1_73' title="bbox 1959 1308 3523 1398">
    <p class='ocr_par' dir='ltr' id='par_1_73' title="bbox 1959 1308 3523 1398">
     <span class='ocr_line' id='line_1_73' title="bbox 1959 1308 3523 1398; baseline 0.017 -39"><span class='ocrx_word' id='word_1_555' title='bbox 1959 1308 2098 1362; x_wconf 84' lang='lat' dir='ltr'><strong>illam</strong></span> <span class='ocrx_word' id='word_1_556' title='bbox 2139 1315 2573 1382; x_wconf 88' lang='lat' dir='ltr'><strong>argumentandi,</strong></span> <span class='ocrx_word' id='word_1_557' title='bbox 2607 1334 2706 1386; x_wconf 91' lang='lat' dir='ltr'><strong>qua</strong></span> <span class='ocrx_word' id='word_1_558' title='bbox 2740 1321 3035 1378; x_wconf 88' lang='lat' dir='ltr'><strong>Donatistas</strong></span> <span class='ocrx_word' id='word_1_559' title='bbox 3067 1331 3439 1398; x_wconf 86' lang='lat' dir='ltr'><strong>oppugnabat,</strong></span> <span class='ocrx_word' id='word_1_560' title='bbox 3473 1333 3523 1386; x_wconf 91' lang='lat' dir='ltr'><strong>in</strong></span> 
     </span>
    </p>
   </div>
   <div class='ocr_carea' id='block_1_74' title="bbox 1959 1398 3528 1484">
    <p class='ocr_par' dir='ltr' id='par_1_74' title="bbox 1959 1398 3528 1484">
     <span class='ocr_line' id='line_1_74' title="bbox 1959 1398 3528 1484; baseline 0.015 -33"><span class='ocrx_word' id='word_1_561' title='bbox 1959 1398 2203 1454; x_wconf 90' lang='lat' dir='ltr'><strong>invidiam</strong></span> <span class='ocrx_word' id='word_1_562' title='bbox 2235 1413 2449 1457; x_wconf 84' lang='lat' dir='ltr'><strong>vocaret</strong></span> <span class='ocrx_word' id='word_1_563' title='bbox 2471 1447 2486 1470; x_wconf 94' lang='lat'><strong>,</strong></span> <span class='ocrx_word' id='word_1_564' title='bbox 2525 1422 2643 1460; x_wconf 89' lang='lat' dir='ltr'><strong>eum</strong></span> <span class='ocrx_word' id='word_1_565' title='bbox 2676 1425 2770 1476; x_wconf 91' lang='lat' dir='ltr'><strong>pro</strong></span> <span class='ocrx_word' id='word_1_566' title='bbox 2807 1410 3083 1468; x_wconf 89' lang='lat' dir='ltr'><strong>dialectico</strong></span> <span class='ocrx_word' id='word_1_567' title='bbox 3118 1418 3448 1484; x_wconf 90' lang='lat' dir='ltr'><strong>traducebat;</strong></span> <span class='ocrx_word' id='word_1_568' title='bbox 3473 1430 3528 1475; x_wconf 90' lang='lat' dir='ltr'><strong>et</strong></span> 
     </span>
    </p>
   </div>
   <div class='ocr_carea' id='block_1_75' title="bbox 1959 1490 3526 1567">
    <p class='ocr_par' dir='ltr' id='par_1_75' title="bbox 1959 1490 3526 1567">
     <span class='ocr_line' id='line_1_75' title="bbox 1959 1490 3526 1567; baseline 0.015 -27"><span class='ocrx_word' id='word_1_569' title='bbox 1959 1502 2022 1540; x_wconf 91' lang='lat' dir='ltr'><strong>eo</strong></span> <span class='ocrx_word' id='word_1_570' title='bbox 2050 1490 2356 1544; x_wconf 88' lang='lat' dir='ltr'><strong>conferebat</strong></span> <span class='ocrx_word' id='word_1_571' title='bbox 2405 1509 2614 1548; x_wconf 89' lang='lat' dir='ltr'><strong>omnem</strong></span> <span class='ocrx_word' id='word_1_572' title='bbox 2651 1497 2965 1567; x_wconf 81' lang='lat' dir='ltr'><strong>eloquentia:</strong></span> <span class='ocrx_word' id='word_1_573' title='bbox 3013 1517 3121 1556; x_wconf 78' lang='lat' dir='ltr'><strong>sua:</strong></span> <span class='ocrx_word' id='word_1_574' title='bbox 3161 1514 3418 1562; x_wconf 90' lang='lat' dir='ltr'><strong>tumorem</strong></span> <span class='ocrx_word' id='word_1_575' title='bbox 3465 1525 3526 1564; x_wconf 91' lang='lat' dir='ltr'><strong>ac</strong></span> 
     </span>
    </p>
   </div>
   <div class='ocr_carea' id='block_1_76' title="bbox 1958 1579 3524 1651">
    <p class='ocr_par' dir='ltr' id='par_1_76' title="bbox 1958 1579 3524 1651">
     <span class='ocr_line' id='line_1_76' title="bbox 1958 1579 3524 1651; baseline 0.013 -21"><span class='ocrx_word' id='word_1_576' title='bbox 1958 1579 2258 1648; x_wconf 87' lang='lat' dir='ltr'><strong>strepitum,</strong></span> <span class='ocrx_word' id='word_1_577' title='bbox 2286 1591 2343 1635; x_wconf 90' lang='lat' dir='ltr'><strong>ut</strong></span> <span class='ocrx_word' id='word_1_578' title='bbox 2369 1581 2697 1638; x_wconf 90' lang='lat' dir='ltr'><strong>dialecticam</strong></span> <span class='ocrx_word' id='word_1_579' title='bbox 2724 1590 3083 1645; x_wconf 85' lang='lat' dir='ltr'><strong>tantummodo</strong></span> <span class='ocrx_word' id='word_1_580' title='bbox 3107 1593 3172 1646; x_wconf 91' lang='lat' dir='ltr'><strong>ad</strong></span> <span class='ocrx_word' id='word_1_581' title='bbox 3203 1597 3524 1651; x_wconf 89' lang='lat' dir='ltr'><strong>confirman-</strong></span> 
     </span>
    </p>
   </div>
   <div class='ocr_carea' id='block_1_77' title="bbox 1956 1668 3526 1753">
    <p class='ocr_par' dir='ltr' id='par_1_77' title="bbox 1956 1668 3526 1753">
     <span class='ocr_line' id='line_1_77' title="bbox 1956 1668 3526 1753; baseline 0.015 -32"><span class='ocrx_word' id='word_1_582' title='bbox 1956 1668 2078 1722; x_wconf 90' lang='lat' dir='ltr'><strong>dum</strong></span> <span class='ocrx_word' id='word_1_583' title='bbox 2116 1672 2446 1728; x_wconf 87' lang='lat' dir='ltr'><strong>mendacium</strong></span> <span class='ocrx_word' id='word_1_584' title='bbox 2485 1677 2659 1730; x_wconf 86' lang='lat' dir='ltr'><strong>valere</strong></span> <span class='ocrx_word' id='word_1_585' title='bbox 2697 1681 3038 1746; x_wconf 87' lang='lat' dir='ltr'><strong>persuaderet</strong></span> <span class='ocrx_word' id='word_1_586' title='bbox 3069 1682 3282 1753; x_wconf 86' lang='lat' dir='ltr'><strong>(Contra</strong></span> <span class='ocrx_word' id='word_1_587' title='bbox 3311 1688 3526 1745; x_wconf 79' lang='lat' dir='ltr'><strong>Litteras</strong></span> 
     </span>
    </p>
   </div>
   <div class='ocr_carea' id='block_1_78' title="bbox 1957 1757 3526 1836">
    <p class='ocr_par' dir='ltr' id='par_1_78' title="bbox 1957 1757 3526 1836">
     <span class='ocr_line' id='line_1_78' title="bbox 1957 1757 3526 1836; baseline 0.017 -27"><span class='ocrx_word' id='word_1_588' title='bbox 1957 1757 2216 1827; x_wconf 86' lang='lat' dir='ltr'><strong>Petiliani,</strong></span> <span class='ocrx_word' id='word_1_589' title='bbox 2250 1762 2337 1815; x_wconf 90' lang='lat' dir='ltr'><strong>lib.</strong></span> <span class='ocrx_word' id='word_1_590' title='bbox 2366 1763 2418 1828; x_wconf 77' lang='lat'><strong>3,</strong></span> <span class='ocrx_word' id='word_1_591' title='bbox 2444 1780 2495 1817; x_wconf 82' lang='grc' dir='ltr'><strong>η.</strong></span> <span class='ocrx_word' id='word_1_592' title='bbox 2532 1764 2651 1836; x_wconf 85' lang='grc'><strong>19).</strong></span> <span class='ocrx_word' id='word_1_593' title='bbox 2677 1766 2961 1824; x_wconf 87' lang='lat' dir='ltr'><strong>Sententiis</strong></span> <span class='ocrx_word' id='word_1_594' title='bbox 2992 1775 3234 1829; x_wconf 88' lang='lat' dir='ltr'><strong>utebatur</strong></span> <span class='ocrx_word' id='word_1_595' title='bbox 3267 1777 3526 1834; x_wconf 86' lang='lat' dir='ltr'><strong>adversus</strong></span> 
     </span>
    </p>
   </div>
   <div class='ocr_carea' id='block_1_79' title="bbox 1955 1853 3524 1938">
    <p class='ocr_par' dir='ltr' id='par_1_79' title="bbox 1955 1853 3524 1938">
     <span class='ocr_line' id='line_1_79' title="bbox 1955 1853 3524 1938; baseline 0.014 -34"><span class='ocrx_word' id='word_1_596' title='bbox 1955 1853 2211 1920; x_wconf 89' lang='lat' dir='ltr'><strong>quosdam</strong></span> <span class='ocrx_word' id='word_1_597' title='bbox 2253 1855 2402 1922; x_wconf 89' lang='lat' dir='ltr'><strong>latis,</strong></span> <span class='ocrx_word' id='word_1_598' title='bbox 2434 1873 2658 1926; x_wconf 87' lang='lat' dir='ltr'><strong>quorum</strong></span> <span class='ocrx_word' id='word_1_599' title='bbox 2706 1862 2944 1915; x_wconf 88' lang='lat' dir='ltr'><strong>nonnulli</strong></span> <span class='ocrx_word' id='word_1_600' title='bbox 2987 1875 3167 1919; x_wconf 84' lang='lat' dir='ltr'><strong>sancto</strong></span> <span class='ocrx_word' id='word_1_601' title='bbox 3194 1867 3318 1922; x_wconf 74' lang='lat' dir='ltr'><strong>Viro</strong></span> <span class='ocrx_word' id='word_1_602' title='bbox 3359 1869 3524 1938; x_wconf 86' lang='lat' dir='ltr'><strong>ignoti</strong></span> 
     </span>
    </p>
   </div>
   <div class='ocr_carea' id='block_1_80' title="bbox 1956 1945 3525 2016">
    <p class='ocr_par' dir='ltr' id='par_1_80' title="bbox 1956 1945 3525 2016">
     <span class='ocr_line' id='line_1_80' title="bbox 1956 1945 3525 2016; baseline 0.015 -23"><span class='ocrx_word' id='word_1_603' title='bbox 1956 1949 2107 1995; x_wconf 90' lang='lat' dir='ltr'><strong>erant</strong></span> <span class='ocrx_word' id='word_1_604' title='bbox 2131 1984 2144 2004; x_wconf 94' lang='lat'><strong>,</strong></span> <span class='ocrx_word' id='word_1_605' title='bbox 2175 1951 2332 2012; x_wconf 89' lang='lat' dir='ltr'><strong>atque</strong></span> <span class='ocrx_word' id='word_1_606' title='bbox 2363 1945 2533 2014; x_wconf 91' lang='lat' dir='ltr'><strong>ipsum</strong></span> <span class='ocrx_word' id='word_1_607' title='bbox 2571 1947 2744 2003; x_wconf 89' lang='lat' dir='ltr'><strong>delicti</strong></span> <span class='ocrx_word' id='word_1_608' title='bbox 2786 1952 3083 2010; x_wconf 88' lang='lat' dir='ltr'><strong>convictum</strong></span> <span class='ocrx_word' id='word_1_609' title='bbox 3123 1958 3285 2011; x_wconf 89' lang='lat' dir='ltr'><strong>teneri</strong></span> <span class='ocrx_word' id='word_1_610' title='bbox 3313 1960 3396 2013; x_wconf 87' lang='lat' dir='ltr'><strong>vel</strong></span> <span class='ocrx_word' id='word_1_611' title='bbox 3425 1959 3525 2016; x_wconf 89' lang='lat' dir='ltr'><strong>hoc</strong></span> 
     </span>
    </p>
   </div>
   <div class='ocr_carea' id='block_1_81' title="bbox 1955 2032 3525 2118">
    <p class='ocr_par' dir='ltr' id='par_1_81' title="bbox 1955 2032 3525 2118">
     <span class='ocr_line' id='line_1_81' title="bbox 1955 2032 3525 2118; baseline 0.013 -35"><span class='ocrx_word' id='word_1_612' title='bbox 1955 2032 2069 2084; x_wconf 92' lang='lat' dir='ltr'><strong>solo</strong></span> <span class='ocrx_word' id='word_1_613' title='bbox 2097 2033 2324 2100; x_wconf 88' lang='lat' dir='ltr'><strong>volebat,</strong></span> <span class='ocrx_word' id='word_1_614' title='bbox 2354 2035 2491 2104; x_wconf 89' lang='lat' dir='ltr'><strong>quod</strong></span> <span class='ocrx_word' id='word_1_615' title='bbox 2522 2053 2641 2090; x_wconf 91' lang='lat' dir='ltr'><strong>eum</strong></span> <span class='ocrx_word' id='word_1_616' title='bbox 2673 2040 2967 2107; x_wconf 88' lang='lat' dir='ltr'><strong>absentem,</strong></span> <span class='ocrx_word' id='word_1_617' title='bbox 2996 2043 3344 2115; x_wconf 88' lang='lat' dir='ltr'><strong>interrogatus</strong></span> <span class='ocrx_word' id='word_1_618' title='bbox 3366 2049 3417 2102; x_wconf 90' lang='lat' dir='ltr'><strong>in</strong></span> <span class='ocrx_word' id='word_1_619' title='bbox 3435 2049 3525 2118; x_wconf 80' lang='lat' dir='ltr'><strong>ju-</strong></span> 
     </span>
    </p>
   </div>
   <div class='ocr_carea' id='block_1_82' title="bbox 1955 2121 3524 2206">
    <p class='ocr_par' dir='ltr' id='par_1_82' title="bbox 1955 2121 3524 2206">
     <span class='ocr_line' id='line_1_82' title="bbox 1955 2121 3524 2206; baseline 0.013 -32"><span class='ocrx_word' id='word_1_620' title='bbox 1955 2121 2096 2176; x_wconf 90' lang='lat' dir='ltr'><strong>dicio</strong></span> <span class='ocrx_word' id='word_1_621' title='bbox 2130 2124 2320 2193; x_wconf 88' lang='lat' dir='ltr'><strong>aliquis</strong></span> <span class='ocrx_word' id='word_1_622' title='bbox 2359 2141 2389 2178; x_wconf 92' lang='lat' dir='ltr'><strong>e</strong></span> <span class='ocrx_word' id='word_1_623' title='bbox 2434 2143 2656 2181; x_wconf 90' lang='lat' dir='ltr'><strong>numero</strong></span> <span class='ocrx_word' id='word_1_624' title='bbox 2691 2131 2956 2198; x_wconf 88' lang='lat' dir='ltr'><strong>quondam</strong></span> <span class='ocrx_word' id='word_1_625' title='bbox 2991 2135 3279 2190; x_wconf 88' lang='lat' dir='ltr'><strong>amicorum</strong></span> <span class='ocrx_word' id='word_1_626' title='bbox 3319 2137 3483 2206; x_wconf 89' lang='lat' dir='ltr'><strong>ipsius</strong></span> <span class='ocrx_word' id='word_1_627' title='bbox 3508 2181 3524 2205; x_wconf 85' lang='lat'><strong>,</strong></span> 
     </span>
    </p>
   </div>
   <div class='ocr_carea' id='block_1_83' title="bbox 1955 2211 3525 2299">
    <p class='ocr_par' dir='ltr' id='par_1_83' title="bbox 1955 2211 3525 2299">
     <span class='ocr_line' id='line_1_83' title="bbox 1955 2211 3525 2299; baseline 0.013 -33"><span class='ocrx_word' id='word_1_628' title='bbox 1955 2211 2272 2269; x_wconf 86' lang='lat' dir='ltr'><strong>defendendi</strong></span> <span class='ocrx_word' id='word_1_629' title='bbox 2302 2218 2382 2270; x_wconf 92' lang='lat' dir='ltr'><strong>sui</strong></span> <span class='ocrx_word' id='word_1_630' title='bbox 2422 2233 2578 2272; x_wconf 90' lang='lat' dir='ltr'><strong>causa</strong></span> <span class='ocrx_word' id='word_1_631' title='bbox 2608 2221 2988 2276; x_wconf 80' lang='lat' dir='ltr'><strong>nominaverat.</strong></span> <span class='ocrx_word' id='word_1_632' title='bbox 3023 2224 3374 2293; x_wconf 81' lang='lat' dir='ltr'><strong>Epistolarum</strong></span> <span class='ocrx_word' id='word_1_633' title='bbox 3408 2230 3525 2299; x_wconf 89' lang='lat' dir='ltr'><strong>ejus</strong></span> 
     </span>
    </p>
   </div>
   <div class='ocr_carea' id='block_1_84' title="bbox 1957 2303 3524 2385">
    <p class='ocr_par' dir='ltr' id='par_1_84' title="bbox 1957 2303 3524 2385">
     <span class='ocr_line' id='line_1_84' title="bbox 1957 2303 3524 2385; baseline 0.011 -29"><span class='ocrx_word' id='word_1_634' title='bbox 1957 2303 2154 2385; x_wconf 81' lang='lat' dir='ltr'><strong>titulos,</strong></span> <span class='ocrx_word' id='word_1_635' title='bbox 2183 2321 2287 2374; x_wconf 91' lang='lat' dir='ltr'><strong>quo</strong></span> <span class='ocrx_word' id='word_1_636' title='bbox 2313 2307 2451 2362; x_wconf 91' lang='lat' dir='ltr'><strong>illius</strong></span> <span class='ocrx_word' id='word_1_637' title='bbox 2477 2309 2899 2378; x_wconf 85' lang='lat' dir='ltr'><strong>reprehendendi</strong></span> <span class='ocrx_word' id='word_1_638' title='bbox 2924 2327 3103 2367; x_wconf 82' lang='lat' dir='ltr'><strong>ansam</strong></span> <span class='ocrx_word' id='word_1_639' title='bbox 3134 2316 3359 2385; x_wconf 85' lang='lat' dir='ltr'><strong>aliquam</strong></span> <span class='ocrx_word' id='word_1_640' title='bbox 3386 2321 3524 2374; x_wconf 86' lang='lat' dir='ltr'><strong>arri-</strong></span> 
     </span>
    </p>
   </div>
   <div class='ocr_carea' id='block_1_85' title="bbox 1956 2383 3520 2473">
    <p class='ocr_par' dir='ltr' id='par_1_85' title="bbox 1956 2383 3520 2473">
     <span class='ocr_line' id='line_1_85' title="bbox 1956 2383 3520 2473; baseline 0.009 -25"><span class='ocrx_word' id='word_1_641' title='bbox 1956 2383 2122 2462; x_wconf 80' lang='lat' dir='ltr'><strong>peret,</strong></span> <span class='ocrx_word' id='word_1_642' title='bbox 2151 2411 2178 2448; x_wconf 89' lang='lat' dir='ltr'><strong>a</strong></span> <span class='ocrx_word' id='word_1_643' title='bbox 2201 2411 2259 2450; x_wconf 90' lang='lat' dir='ltr'><strong>se</strong></span> <span class='ocrx_word' id='word_1_644' title='bbox 2286 2397 2364 2450; x_wconf 86' lang='lat' dir='ltr'><strong>vel</strong></span> <span class='ocrx_word' id='word_1_645' title='bbox 2395 2415 2421 2450; x_wconf 90' lang='lat' dir='ltr'><strong>a</strong></span> <span class='ocrx_word' id='word_1_646' title='bbox 2447 2399 2554 2452; x_wconf 90' lang='lat' dir='ltr'><strong>suis</strong></span> <span class='ocrx_word' id='word_1_647' title='bbox 2575 2415 2669 2468; x_wconf 92' lang='lat' dir='ltr'><strong>pro</strong></span> <span class='ocrx_word' id='word_1_648' title='bbox 2698 2400 2910 2455; x_wconf 90' lang='lat' dir='ltr'><strong>libidine</strong></span> <span class='ocrx_word' id='word_1_649' title='bbox 2938 2383 3520 2473; x_wconf 40' lang='lat' dir='ltr'><strong>inscriptos—referebat.</strong></span> 
     </span>
    </p>
   </div>
   <div class='ocr_carea' id='block_1_86' title="bbox 1955 2482 3523 2566">
    <p class='ocr_par' dir='ltr' id='par_1_86' title="bbox 1955 2482 3523 2566">
     <span class='ocr_line' id='line_1_86' title="bbox 1955 2482 3523 2566; baseline 0.01 -29"><span class='ocrx_word' id='word_1_650' title='bbox 1955 2482 2192 2554; x_wconf 86' lang='lat' dir='ltr'><strong>Cumque</strong></span> <span class='ocrx_word' id='word_1_651' title='bbox 2232 2497 2442 2540; x_wconf 89' lang='lat' dir='ltr'><strong>sanctus</strong></span> <span class='ocrx_word' id='word_1_652' title='bbox 2472 2488 2560 2542; x_wconf 87' lang='lat' dir='ltr'><strong>Vir</strong></span> <span class='ocrx_word' id='word_1_653' title='bbox 2596 2491 2765 2544; x_wconf 88' lang='lat' dir='ltr'><strong>amico</strong></span> <span class='ocrx_word' id='word_1_654' title='bbox 2810 2492 3016 2546; x_wconf 88' lang='lat' dir='ltr'><strong>cuidam</strong></span> <span class='ocrx_word' id='word_1_655' title='bbox 3059 2508 3154 2548; x_wconf 91' lang='lat' dir='ltr'><strong>suo</strong></span> <span class='ocrx_word' id='word_1_656' title='bbox 3187 2506 3343 2566; x_wconf 89' lang='lat' dir='ltr'><strong>atque</strong></span> <span class='ocrx_word' id='word_1_657' title='bbox 3371 2500 3523 2553; x_wconf 87' lang='lat' dir='ltr'><strong>uxori</strong></span> 
     </span>
    </p>
   </div>
   <div class='ocr_carea' id='block_1_87' title="bbox 1956 2575 3524 2660">
    <p class='ocr_par' dir='ltr' id='par_1_87' title="bbox 1956 2575 3524 2660">
     <span class='ocr_line' id='line_1_87' title="bbox 1956 2575 3524 2660; baseline 0.011 -33"><span class='ocrx_word' id='word_1_658' title='bbox 1956 2575 2070 2642; x_wconf 86' lang='lat' dir='ltr'><strong>ejus</strong></span> <span class='ocrx_word' id='word_1_659' title='bbox 2117 2577 2494 2645; x_wconf 87' lang='lat' dir='ltr'><strong>significasset,</strong></span> <span class='ocrx_word' id='word_1_660' title='bbox 2523 2579 2602 2634; x_wconf 90' lang='lat' dir='ltr'><strong>eis</strong></span> <span class='ocrx_word' id='word_1_661' title='bbox 2649 2596 2706 2636; x_wconf 89' lang='lat' dir='ltr'><strong>se</strong></span> <span class='ocrx_word' id='word_1_662' title='bbox 2744 2598 2930 2652; x_wconf 89' lang='lat' dir='ltr'><strong>panem</strong></span> <span class='ocrx_word' id='word_1_663' title='bbox 2976 2585 3358 2642; x_wconf 89' lang='lat' dir='ltr'><strong>benedictionis</strong></span> <span class='ocrx_word' id='word_1_664' title='bbox 3397 2605 3524 2660; x_wconf 86' lang='lat' dir='ltr'><strong>ergo</strong></span> 
     </span>
    </p>
   </div>
   <div class='ocr_carea' id='block_1_88' title="bbox 1957 2667 3523 2740">
    <p class='ocr_par' dir='ltr' id='par_1_88' title="bbox 1957 2667 3523 2740">
     <span class='ocr_line' id='line_1_88' title="bbox 1957 2667 3523 2740; baseline 0.01 -23"><span class='ocrx_word' id='word_1_665' title='bbox 1957 2667 2194 2732; x_wconf 88' lang='lat' dir='ltr'><strong>mittere,</strong></span> <span class='ocrx_word' id='word_1_666' title='bbox 2234 2667 2334 2722; x_wconf 89' lang='lat' dir='ltr'><strong>sub</strong></span> <span class='ocrx_word' id='word_1_667' title='bbox 2365 2667 2444 2722; x_wconf 89' lang='lat' dir='ltr'><strong>his</strong></span> <span class='ocrx_word' id='word_1_668' title='bbox 2473 2671 2693 2740; x_wconf 88' lang='lat' dir='ltr'><strong>eulogiis</strong></span> <span class='ocrx_word' id='word_1_669' title='bbox 2723 2673 3070 2730; x_wconf 84' lang='lat' dir='ltr'><strong>abominanda</strong></span> <span class='ocrx_word' id='word_1_670' title='bbox 3115 2677 3312 2732; x_wconf 90' lang='lat' dir='ltr'><strong>scelera</strong></span> <span class='ocrx_word' id='word_1_671' title='bbox 3351 2681 3523 2734; x_wconf 92' lang='lat' dir='ltr'><strong>conti-</strong></span> 
     </span>
    </p>
   </div>
   <div class='ocr_carea' id='block_1_89' title="bbox 1958 2759 3523 2832">
    <p class='ocr_par' dir='ltr' id='par_1_89' title="bbox 1958 2759 3523 2832">
     <span class='ocr_line' id='line_1_89' title="bbox 1958 2759 3523 2832; baseline 0.01 -22"><span class='ocrx_word' id='word_1_672' title='bbox 1958 2759 2069 2812; x_wconf 90' lang='lat' dir='ltr'><strong>neri</strong></span> <span class='ocrx_word' id='word_1_673' title='bbox 2097 2759 2416 2825; x_wconf 87' lang='lat' dir='ltr'><strong>affirmabat;</strong></span> <span class='ocrx_word' id='word_1_674' title='bbox 2460 2777 2557 2816; x_wconf 92' lang='lat' dir='ltr'><strong>nec</strong></span> <span class='ocrx_word' id='word_1_675' title='bbox 2597 2763 2782 2832; x_wconf 88' lang='lat' dir='ltr'><strong>puduit</strong></span> <span class='ocrx_word' id='word_1_676' title='bbox 2825 2781 2943 2820; x_wconf 91' lang='lat' dir='ltr'><strong>cum</strong></span> <span class='ocrx_word' id='word_1_677' title='bbox 2986 2769 3249 2822; x_wconf 91' lang='lat' dir='ltr'><strong>communi</strong></span> <span class='ocrx_word' id='word_1_678' title='bbox 3287 2770 3523 2825; x_wconf 90' lang='lat' dir='ltr'><strong>omnium</strong></span> 
     </span>
    </p>
   </div>
   <div class='ocr_carea' id='block_1_90' title="bbox 1958 2859 3526 2926">
    <p class='ocr_par' dir='ltr' id='par_1_90' title="bbox 1958 2859 3526 2926">
     <span class='ocr_line' id='line_1_90' title="bbox 1958 2859 3526 2926; baseline 0.009 -20"><span class='ocrx_word' id='word_1_679' title='bbox 1958 2868 2118 2910; x_wconf 89' lang='lat' dir='ltr'><strong>sensu</strong></span> <span class='ocrx_word' id='word_1_680' title='bbox 2157 2866 2482 2926; x_wconf 89' lang='lat' dir='ltr'><strong>repugnante</strong></span> <span class='ocrx_word' id='word_1_681' title='bbox 2508 2859 2713 2925; x_wconf 89' lang='lat' dir='ltr'><strong>dicere,</strong></span> <span class='ocrx_word' id='word_1_682' title='bbox 2755 2863 3007 2916; x_wconf 87' lang='lat' dir='ltr'><strong>amatoria</strong></span> <span class='ocrx_word' id='word_1_683' title='bbox 3037 2863 3291 2919; x_wconf 88' lang='lat' dir='ltr'><strong>maleficia</strong></span> <span class='ocrx_word' id='word_1_684' title='bbox 3319 2865 3526 2920; x_wconf 90' lang='lat' dir='ltr'><strong>mulieri</strong></span> 
     </span>
    </p>
   </div>
   <div class='ocr_carea' id='block_1_91' title="bbox 1957 2948 3524 3024">
    <p class='ocr_par' dir='ltr' id='par_1_91' title="bbox 1957 2948 3524 3024">
     <span class='ocr_line' id='line_1_91' title="bbox 1957 2948 3524 3024; baseline 0.008 -23"><span class='ocrx_word' id='word_1_685' title='bbox 1957 2948 2076 3002; x_wconf 87' lang='lat' dir='ltr'><strong>data</strong></span> <span class='ocrx_word' id='word_1_686' title='bbox 2110 2949 2324 3003; x_wconf 89' lang='lat' dir='ltr'><strong>nomine</strong></span> <span class='ocrx_word' id='word_1_687' title='bbox 2351 2952 2483 3004; x_wconf 89' lang='lat' dir='ltr'><strong>sacri</strong></span> <span class='ocrx_word' id='word_1_688' title='bbox 2512 2952 2651 3006; x_wconf 91' lang='lat' dir='ltr'><strong>illius</strong></span> <span class='ocrx_word' id='word_1_689' title='bbox 2676 2955 2910 3008; x_wconf 89' lang='lat' dir='ltr'><strong>muneris</strong></span> <span class='ocrx_word' id='word_1_690' title='bbox 2934 2996 2948 3019; x_wconf 95' lang='lat'><strong>,</strong></span> <span class='ocrx_word' id='word_1_691' title='bbox 2978 2955 3129 3024; x_wconf 89' lang='lat' dir='ltr'><strong>cujus</strong></span> <span class='ocrx_word' id='word_1_692' title='bbox 3168 2957 3524 3015; x_wconf 83' lang='lat' dir='ltr'><strong>maritusnon</strong></span> 
     </span>
    </p>
   </div>
   <div class='ocr_carea' id='block_1_92' title="bbox 1959 3039 3527 3119">
    <p class='ocr_par' dir='ltr' id='par_1_92' title="bbox 1959 3039 3527 3119">
     <span class='ocr_line' id='line_1_92' title="bbox 1959 3039 3527 3119; baseline 0.008 -27"><span class='ocrx_word' id='word_1_693' title='bbox 1959 3039 2128 3093; x_wconf 90' lang='lat' dir='ltr'><strong>solum</strong></span> <span class='ocrx_word' id='word_1_694' title='bbox 2171 3041 2448 3105; x_wconf 90' lang='lat' dir='ltr'><strong>conscius,</strong></span> <span class='ocrx_word' id='word_1_695' title='bbox 2493 3058 2675 3095; x_wconf 90' lang='lat' dir='ltr'><strong>verum</strong></span> <span class='ocrx_word' id='word_1_696' title='bbox 2712 3045 2870 3097; x_wconf 84' lang='lat' dir='ltr'><strong>etiam</strong></span> <span class='ocrx_word' id='word_1_697' title='bbox 2909 3060 3128 3101; x_wconf 89' lang='lat' dir='ltr'><strong>consors</strong></span> <span class='ocrx_word' id='word_1_698' title='bbox 3165 3061 3227 3101; x_wconf 90' lang='lat' dir='ltr'><strong>ac</strong></span> <span class='ocrx_word' id='word_1_699' title='bbox 3266 3049 3527 3119; x_wconf 83' lang='lat' dir='ltr'><strong>particeps</strong></span> 
     </span>
    </p>
   </div>
   <div class='ocr_carea' id='block_1_93' title="bbox 1961 3123 3529 3202">
    <p class='ocr_par' dir='ltr' id='par_1_93' title="bbox 1961 3123 3529 3202">
     <span class='ocr_line' id='line_1_93' title="bbox 1961 3123 3529 3202; baseline 0.006 -20"><span class='ocrx_word' id='word_1_700' title='bbox 1961 3129 2057 3183; x_wconf 82' lang='lat' dir='ltr'><strong>fuit</strong></span> <span class='ocrx_word' id='word_1_701' title='bbox 2086 3129 2316 3202; x_wconf 85' lang='lat' dir='ltr'><strong>(lbid.).</strong></span> <span class='ocrx_word' id='word_1_702' title='bbox 2360 3129 2564 3201; x_wconf 87' lang='lat' dir='ltr'><strong>Quippe</strong></span> <span class='ocrx_word' id='word_1_703' title='bbox 2593 3133 2754 3186; x_wconf 85' lang='lat' dir='ltr'><strong>citato</strong></span> <span class='ocrx_word' id='word_1_704' title='bbox 2793 3133 2909 3188; x_wconf 89' lang='lat' dir='ltr'><strong>loco</strong></span> <span class='ocrx_word' id='word_1_705' title='bbox 2947 3133 3065 3189; x_wconf 92' lang='lat' dir='ltr'><strong>libri</strong></span> <span class='ocrx_word' id='word_1_706' title='bbox 3105 3146 3286 3190; x_wconf 90' lang='lat' dir='ltr'><strong>contra</strong></span> <span class='ocrx_word' id='word_1_707' title='bbox 3315 3123 3529 3192; x_wconf 89' lang='lat' dir='ltr'><strong>Petilia-</strong></span> 
     </span>
    </p>
   </div>
   <div class='ocr_carea' id='block_1_94' title="bbox 1961 3223 3530 3292">
    <p class='ocr_par' dir='ltr' id='par_1_94' title="bbox 1961 3223 3530 3292">
     <span class='ocr_line' id='line_1_94' title="bbox 1961 3223 3530 3292; baseline 0.008 -19"><span class='ocrx_word' id='word_1_708' title='bbox 1961 3236 2084 3273; x_wconf 87' lang='lat' dir='ltr'><strong>num</strong></span> <span class='ocrx_word' id='word_1_709' title='bbox 2126 3228 2243 3290; x_wconf 89' lang='lat' dir='ltr'><strong>post</strong></span> <span class='ocrx_word' id='word_1_710' title='bbox 2269 3223 2453 3286; x_wconf 89' lang='lat' dir='ltr'><strong>verba,</strong></span> <span class='ocrx_word' id='word_1_711' title='bbox 2498 3223 2676 3276; x_wconf 89' lang='lat' dir='ltr'><strong>marito</strong></span> <span class='ocrx_word' id='word_1_712' title='bbox 2719 3240 2817 3276; x_wconf 87' lang='lat' dir='ltr'><strong>non</strong></span> <span class='ocrx_word' id='word_1_713' title='bbox 2843 3225 3007 3277; x_wconf 86' lang='lat' dir='ltr'><strong>solum</strong></span> <span class='ocrx_word' id='word_1_714' title='bbox 3045 3227 3277 3292; x_wconf 89' lang='lat' dir='ltr'><strong>conscio,</strong></span> <span class='ocrx_word' id='word_1_715' title='bbox 3316 3227 3530 3285; x_wconf 85' lang='lat' dir='ltr'><strong>lectioni</strong></span> 
     </span>
    </p>
   </div>
   <div class='ocr_carea' id='block_1_95' title="bbox 1961 3313 3533 3390">
    <p class='ocr_par' dir='ltr' id='par_1_95' title="bbox 1961 3313 3533 3390">
     <span class='ocr_line' id='line_1_95' title="bbox 1961 3313 3533 3390; baseline 0.005 -24"><span class='ocrx_word' id='word_1_716' title='bbox 1961 3329 2076 3382; x_wconf 80' lang='lat' dir='ltr'><strong>quae</strong></span> <span class='ocrx_word' id='word_1_717' title='bbox 2116 3329 2179 3368; x_wconf 77' lang='lat' dir='ltr'><strong>ex</strong></span> <span class='ocrx_word' id='word_1_718' title='bbox 2223 3313 2428 3368; x_wconf 83' lang='lat' dir='ltr'><strong>Erasmi</strong></span> <span class='ocrx_word' id='word_1_719' title='bbox 2471 3315 2772 3384; x_wconf 86' lang='lat' dir='ltr'><strong>conjectura</strong></span> <span class='ocrx_word' id='word_1_720' title='bbox 2797 3317 3041 3383; x_wconf 91' lang='lat' dir='ltr'><strong>obtinuit,</strong></span> <span class='ocrx_word' id='word_1_721' title='bbox 3081 3335 3250 3372; x_wconf 79' lang='lat' dir='ltr'><strong>verum</strong></span> <span class='ocrx_word' id='word_1_722' title='bbox 3276 3321 3426 3374; x_wconf 89' lang='lat' dir='ltr'><strong>etiam</strong></span> <span class='ocrx_word' id='word_1_723' title='bbox 3453 3326 3533 3390; x_wconf 81' lang='lat' dir='ltr'><strong>fa-</strong></span> 
     </span>
    </p>
   </div>
   <div class='ocr_carea' id='block_1_96' title="bbox 1965 3403 3530 3477">
    <p class='ocr_par' dir='ltr' id='par_1_96' title="bbox 1965 3403 3530 3477">
     <span class='ocr_line' id='line_1_96' title="bbox 1965 3403 3530 3477; baseline 0.006 -21"><span class='ocrx_word' id='word_1_724' title='bbox 1965 3413 2100 3456; x_wconf 71' lang='lat' dir='ltr'><strong>vente</strong></span> <span class='ocrx_word' id='word_1_725' title='bbox 2121 3444 2135 3470; x_wconf 91' lang='lat'><strong>,</strong></span> <span class='ocrx_word' id='word_1_726' title='bbox 2168 3403 2553 3473; x_wconf 72' lang='lat' dir='ltr'><strong>pra-ferendum</strong></span> <span class='ocrx_word' id='word_1_727' title='bbox 2583 3414 2821 3474; x_wconf 89' lang='lat' dir='ltr'><strong>putamus</strong></span> <span class='ocrx_word' id='word_1_728' title='bbox 2842 3447 2854 3469; x_wconf 97' lang='lat'><strong>,</strong></span> <span class='ocrx_word' id='word_1_729' title='bbox 2893 3423 3061 3460; x_wconf 82' lang='lat' dir='ltr'><strong>verum</strong></span> <span class='ocrx_word' id='word_1_730' title='bbox 3097 3410 3244 3462; x_wconf 87' lang='lat' dir='ltr'><strong>etiam</strong></span> <span class='ocrx_word' id='word_1_731' title='bbox 3285 3422 3530 3477; x_wconf 84' lang='lat' dir='ltr'><strong>consorte,</strong></span> 
     </span>
    </p>
   </div>
   <div class='ocr_carea' id='block_1_97' title="bbox 1961 3493 3532 3563">
    <p class='ocr_par' dir='ltr' id='par_1_97' title="bbox 1961 3493 3532 3563">
     <span class='ocr_line' id='line_1_97' title="bbox 1961 3493 3532 3563; baseline 0.008 -19"><span class='ocrx_word' id='word_1_732' title='bbox 1961 3501 2051 3544; x_wconf 87' lang='lat' dir='ltr'><strong>aut</strong></span> <span class='ocrx_word' id='word_1_733' title='bbox 2074 3533 2087 3556; x_wconf 91' lang='lat'><strong>,</strong></span> <span class='ocrx_word' id='word_1_734' title='bbox 2137 3494 2397 3563; x_wconf 83' lang='lat' dir='ltr'><strong>participe.</strong></span> <span class='ocrx_word' id='word_1_735' title='bbox 2434 3493 2553 3548; x_wconf 88' lang='lat' dir='ltr'><strong>Veri</strong></span> <span class='ocrx_word' id='word_1_736' title='bbox 2585 3495 2724 3548; x_wconf 90' lang='lat' dir='ltr'><strong>enim</strong></span> <span class='ocrx_word' id='word_1_737' title='bbox 2767 3497 2938 3551; x_wconf 89' lang='lat' dir='ltr'><strong>simile</strong></span> <span class='ocrx_word' id='word_1_738' title='bbox 2978 3505 3060 3552; x_wconf 91' lang='lat' dir='ltr'><strong>est</strong></span> <span class='ocrx_word' id='word_1_739' title='bbox 3090 3499 3195 3552; x_wconf 91' lang='lat' dir='ltr'><strong>illic</strong></span> <span class='ocrx_word' id='word_1_740' title='bbox 3219 3514 3249 3552; x_wconf 89' lang='lat' dir='ltr'><strong>a</strong></span> <span class='ocrx_word' id='word_1_741' title='bbox 3276 3499 3532 3556; x_wconf 86' lang='lat' dir='ltr'><strong>Petiliano</strong></span> 
     </span>
    </p>
   </div>
   <div class='ocr_carea' id='block_1_98' title="bbox 1963 3583 3530 3660">
    <p class='ocr_par' dir='ltr' id='par_1_98' title="bbox 1963 3583 3530 3660">
     <span class='ocr_line' id='line_1_98' title="bbox 1963 3583 3530 3660; baseline 0.006 -25"><span class='ocrx_word' id='word_1_742' title='bbox 1963 3583 2155 3645; x_wconf 70' lang='lat' dir='ltr'><strong>noxari,</strong></span> <span class='ocrx_word' id='word_1_743' title='bbox 2178 3591 2334 3652; x_wconf 88' lang='lat' dir='ltr'><strong>atque</strong></span> <span class='ocrx_word' id='word_1_744' title='bbox 2359 3584 2424 3638; x_wconf 88' lang='lat' dir='ltr'><strong>ad</strong></span> <span class='ocrx_word' id='word_1_745' title='bbox 2447 3585 2678 3654; x_wconf 91' lang='lat' dir='ltr'><strong>putidam</strong></span> <span class='ocrx_word' id='word_1_746' title='bbox 2701 3586 2834 3640; x_wconf 90' lang='lat' dir='ltr'><strong>adeo</strong></span> <span class='ocrx_word' id='word_1_747' title='bbox 2858 3587 3176 3642; x_wconf 89' lang='lat' dir='ltr'><strong>calumniam</strong></span> <span class='ocrx_word' id='word_1_748' title='bbox 3204 3589 3530 3660; x_wconf 89' lang='lat' dir='ltr'><strong>detorqueri,</strong></span> 
     </span>
    </p>
   </div>
   <div class='ocr_carea' id='block_1_99' title="bbox 1963 3673 3530 3745">
    <p class='ocr_par' dir='ltr' id='par_1_99' title="bbox 1963 3673 3530 3745">
     <span class='ocr_line' id='line_1_99' title="bbox 1963 3673 3530 3745; baseline 0.005 -20"><span class='ocrx_word' id='word_1_749' title='bbox 1963 3673 2101 3741; x_wconf 87' lang='lat' dir='ltr'><strong>quod</strong></span> <span class='ocrx_word' id='word_1_750' title='bbox 2124 3675 2442 3743; x_wconf 87' lang='lat' dir='ltr'><strong>Augustinus</strong></span> <span class='ocrx_word' id='word_1_751' title='bbox 2471 3675 2687 3729; x_wconf 88' lang='lat' dir='ltr'><strong>Paulino</strong></span> <span class='ocrx_word' id='word_1_752' title='bbox 2712 3684 2766 3730; x_wconf 92' lang='lat' dir='ltr'><strong>et</strong></span> <span class='ocrx_word' id='word_1_753' title='bbox 2787 3676 2901 3745; x_wconf 91' lang='lat' dir='ltr'><strong>ejus</strong></span> <span class='ocrx_word' id='word_1_754' title='bbox 2930 3678 3078 3732; x_wconf 83' lang='lat' dir='ltr'><strong>uxori</strong></span> <span class='ocrx_word' id='word_1_755' title='bbox 3102 3678 3370 3733; x_wconf 75' lang='lat' dir='ltr'><strong>Therasia:</strong></span> <span class='ocrx_word' id='word_1_756' title='bbox 3395 3679 3530 3733; x_wconf 81' lang='lat' dir='ltr'><strong>scri-</strong></span> 
     </span>
    </p>
   </div>
   <div class='ocr_carea' id='block_1_100' title="bbox 1964 3763 3534 3836">
    <p class='ocr_par' dir='ltr' id='par_1_100' title="bbox 1964 3763 3534 3836">
     <span class='ocr_line' id='line_1_100' title="bbox 1964 3763 3534 3836; baseline 0.004 -20"><span class='ocrx_word' id='word_1_757' title='bbox 1964 3763 2096 3816; x_wconf 91' lang='lat' dir='ltr'><strong>bens</strong></span> <span class='ocrx_word' id='word_1_758' title='bbox 2151 3765 2458 3833; x_wconf 89' lang='lat' dir='ltr'><strong>simpliciter</strong></span> <span class='ocrx_word' id='word_1_759' title='bbox 2493 3766 2565 3818; x_wconf 90' lang='lat' dir='ltr'><strong>ait</strong></span> <span class='ocrx_word' id='word_1_760' title='bbox 2604 3783 2618 3818; x_wconf 91' lang='lat'><strong>:</strong></span> <span class='ocrx_word' id='word_1_761' title='bbox 2651 3763 2809 3819; x_wconf 84' lang='lat' dir='ltr'><strong>Panis</strong></span> <span class='ocrx_word' id='word_1_762' title='bbox 2847 3783 2991 3836; x_wconf 86' lang='lat' dir='ltr'><strong>quem</strong></span> <span class='ocrx_word' id='word_1_763' title='bbox 3033 3769 3258 3822; x_wconf 86' lang='lat' dir='ltr'><strong>misimus</strong></span> <span class='ocrx_word' id='word_1_764' title='bbox 3281 3809 3295 3834; x_wconf 93' lang='lat'><strong>,</strong></span> <span class='ocrx_word' id='word_1_765' title='bbox 3335 3769 3534 3823; x_wconf 87' lang='lat' dir='ltr'><strong>uberior</strong></span> 
     </span>
    </p>
   </div>
   <div class='ocr_carea' id='block_1_101' title="bbox 1965 3852 3530 3929">
    <p class='ocr_par' dir='ltr' id='par_1_101' title="bbox 1965 3852 3530 3929">
     <span class='ocr_line' id='line_1_101' title="bbox 1965 3852 3530 3929; baseline 0.006 -25"><span class='ocrx_word' id='word_1_766' title='bbox 1965 3852 2238 3906; x_wconf 83' lang='lat' dir='ltr'><strong>benedictio</strong></span> <span class='ocrx_word' id='word_1_767' title='bbox 2266 3854 2371 3921; x_wconf 83' lang='lat' dir='ltr'><strong>ﬁet,</strong></span> <span class='ocrx_word' id='word_1_768' title='bbox 2401 3854 2662 3908; x_wconf 85' lang='lat' dir='ltr'><strong>dilectione</strong></span> <span class='ocrx_word' id='word_1_769' title='bbox 2687 3857 2976 3926; x_wconf 84' lang='lat' dir='ltr'><strong>accipientis</strong></span> <span class='ocrx_word' id='word_1_770' title='bbox 3003 3867 3175 3911; x_wconf 78' lang='lat' dir='ltr'><strong>vestra:</strong></span> <span class='ocrx_word' id='word_1_771' title='bbox 3203 3857 3530 3929; x_wconf 83' lang='lat' dir='ltr'><strong>Benignitatis</strong></span> 
     </span>
    </p>
   </div>
   <div class='ocr_carea' id='block_1_102' title="bbox 1967 3943 3534 4014">
    <p class='ocr_par' dir='ltr' id='par_1_102' title="bbox 1967 3943 3534 4014">
     <span class='ocr_line' id='line_1_102' title="bbox 1967 3943 3534 4014; baseline 0.006 -19"><span class='ocrx_word' id='word_1_772' title='bbox 1967 3943 1985 4014; x_wconf 95' lang='lat'><strong>(</strong></span> <span class='ocrx_word' id='word_1_773' title='bbox 2014 3943 2178 4012; x_wconf 87' lang='lat' dir='ltr'><strong>Epist.</strong></span> <span class='ocrx_word' id='word_1_774' title='bbox 2211 3943 2299 4011; x_wconf 78' lang='grc'><strong>51,</strong></span> <span class='ocrx_word' id='word_1_775' title='bbox 2328 3960 2379 3997; x_wconf 91' lang='lat' dir='ltr'><strong>n.</strong></span> <span class='ocrx_word' id='word_1_776' title='bbox 2407 3944 2440 3999; x_wconf 92' lang='lat'><strong>9</strong></span> <span class='ocrx_word' id='word_1_777' title='bbox 2465 3944 2504 4014; x_wconf 93' lang='lat'><strong>).</strong></span> <span class='ocrx_word' id='word_1_778' title='bbox 2535 3945 2796 4000; x_wconf 73' lang='lat' dir='ltr'><strong>Prmtcrea</strong></span> <span class='ocrx_word' id='word_1_779' title='bbox 2818 3946 3103 4002; x_wconf 88' lang='lat' dir='ltr'><strong>Petilianus</strong></span> <span class='ocrx_word' id='word_1_780' title='bbox 3123 3963 3307 4004; x_wconf 91' lang='lat' dir='ltr'><strong>eorum</strong></span> <span class='ocrx_word' id='word_1_781' title='bbox 3336 3949 3534 4004; x_wconf 90' lang='lat' dir='ltr'><strong>haben-</strong></span> 
     </span>
    </p>
   </div>
   <div class='ocr_carea' id='block_1_103' title="bbox 1965 4034 3532 4106">
    <p class='ocr_par' dir='ltr' id='par_1_103' title="bbox 1965 4034 3532 4106">
     <span class='ocr_line' id='line_1_103' title="bbox 1965 4034 3532 4106; baseline 0.005 -20"><span class='ocrx_word' id='word_1_782' title='bbox 1965 4034 2086 4087; x_wconf 88' lang='lat' dir='ltr'><strong>dam</strong></span> <span class='ocrx_word' id='word_1_783' title='bbox 2141 4049 2262 4090; x_wconf 88' lang='lat' dir='ltr'><strong>esse</strong></span> <span class='ocrx_word' id='word_1_784' title='bbox 2312 4035 2570 4089; x_wconf 87' lang='lat' dir='ltr'><strong>rationem</strong></span> <span class='ocrx_word' id='word_1_785' title='bbox 2629 4035 3026 4101; x_wconf 89' lang='lat' dir='ltr'><strong>contendebat,</strong></span> <span class='ocrx_word' id='word_1_786' title='bbox 3087 4053 3205 4106; x_wconf 67' lang='lat' dir='ltr'><strong>qua:</strong></span> <span class='ocrx_word' id='word_1_787' title='bbox 3277 4037 3532 4094; x_wconf 86' lang='lat' dir='ltr'><strong>adversus</strong></span> 
     </span>
    </p>
   </div>
   <div class='ocr_carea' id='block_1_104' title="bbox 1967 4126 3532 4197">
    <p class='ocr_par' dir='ltr' id='par_1_104' title="bbox 1967 4126 3532 4197">
     <span class='ocr_line' id='line_1_104' title="bbox 1967 4126 3532 4197; baseline 0.004 -18"><span class='ocrx_word' id='word_1_788' title='bbox 1967 4126 2314 4195; x_wconf 86' lang='lat' dir='ltr'><strong>Augustinum</strong></span> <span class='ocrx_word' id='word_1_789' title='bbox 2368 4127 2732 4197; x_wconf 89' lang='lat' dir='ltr'><strong>presbyterum</strong></span> <span class='ocrx_word' id='word_1_790' title='bbox 2784 4127 3080 4196; x_wconf 87' lang='lat' dir='ltr'><strong>episcopale</strong></span> <span class='ocrx_word' id='word_1_791' title='bbox 3119 4143 3311 4184; x_wconf 86' lang='lat' dir='ltr'><strong>munus</strong></span> <span class='ocrx_word' id='word_1_792' title='bbox 3359 4130 3532 4186; x_wconf 88' lang='lat' dir='ltr'><strong>adhuc</strong></span> 
     </span>
    </p>
   </div>
   <div class='ocr_carea' id='block_1_105' title="bbox 1967 4216 3534 4290">
    <p class='ocr_par' dir='ltr' id='par_1_105' title="bbox 1967 4216 3534 4290">
     <span class='ocr_line' id='line_1_105' title="bbox 1967 4216 3534 4290; baseline 0.004 -20"><span class='ocrx_word' id='word_1_793' title='bbox 1967 4216 2234 4271; x_wconf 88' lang='lat' dir='ltr'><strong>ineuntem</strong></span> <span class='ocrx_word' id='word_1_794' title='bbox 2286 4217 2451 4271; x_wconf 86' lang='lat' dir='ltr'><strong>iratus</strong></span> <span class='ocrx_word' id='word_1_795' title='bbox 2497 4218 2782 4287; x_wconf 88' lang='lat' dir='ltr'><strong>scripserat</strong></span> <span class='ocrx_word' id='word_1_796' title='bbox 2826 4217 3278 4290; x_wconf 79' lang='lat' dir='ltr'><strong>Megaliuszquod</strong></span> <span class='ocrx_word' id='word_1_797' title='bbox 3321 4236 3450 4276; x_wconf 89' lang='lat' dir='ltr'><strong>vero</strong></span> <span class='ocrx_word' id='word_1_798' title='bbox 3488 4221 3534 4277; x_wconf 91' lang='lat' dir='ltr'><strong>is</strong></span> 
     </span>
    </p>
   </div>
   <div class='ocr_carea' id='block_1_106' title="bbox 1970 4307 3535 4381">
    <p class='ocr_par' dir='ltr' id='par_1_106' title="bbox 1970 4307 3535 4381">
     <span class='ocr_line' id='line_1_106' title="bbox 1970 4307 3535 4381; baseline 0.004 -20"><span class='ocrx_word' id='word_1_799' title='bbox 1970 4308 2172 4375; x_wconf 89' lang='lat' dir='ltr'><strong>peccati</strong></span> <span class='ocrx_word' id='word_1_800' title='bbox 2205 4307 2360 4376; x_wconf 90' lang='lat' dir='ltr'><strong>hujus</strong></span> <span class='ocrx_word' id='word_1_801' title='bbox 2384 4323 2413 4361; x_wconf 91' lang='lat' dir='ltr'><strong>a</strong></span> <span class='ocrx_word' id='word_1_802' title='bbox 2436 4317 2620 4361; x_wconf 88' lang='lat' dir='ltr'><strong>sancto</strong></span> <span class='ocrx_word' id='word_1_803' title='bbox 2644 4309 2870 4362; x_wconf 91' lang='lat' dir='ltr'><strong>concilio</strong></span> <span class='ocrx_word' id='word_1_804' title='bbox 2897 4323 3019 4362; x_wconf 82' lang='lat' dir='ltr'><strong>mox</strong></span> <span class='ocrx_word' id='word_1_805' title='bbox 3044 4311 3248 4364; x_wconf 89' lang='lat' dir='ltr'><strong>veniam</strong></span> <span class='ocrx_word' id='word_1_806' title='bbox 3279 4326 3535 4381; x_wconf 89' lang='lat' dir='ltr'><strong>poposce-</strong></span> 
     </span>
    </p>
   </div>
   <div class='ocr_carea' id='block_1_107' title="bbox 1967 4397 3540 4472">
    <p class='ocr_par' dir='ltr' id='par_1_107' title="bbox 1967 4397 3540 4472">
     <span class='ocr_line' id='line_1_107' title="bbox 1967 4397 3540 4472; baseline 0.006 -23"><span class='ocrx_word' id='word_1_807' title='bbox 1967 4407 2068 4462; x_wconf 88' lang='lat' dir='ltr'><strong>rat,</strong></span> <span class='ocrx_word' id='word_1_808' title='bbox 2098 4411 2194 4466; x_wconf 92' lang='lat' dir='ltr'><strong>pro</strong></span> <span class='ocrx_word' id='word_1_809' title='bbox 2222 4397 2387 4451; x_wconf 89' lang='lat' dir='ltr'><strong>nihilo</strong></span> <span class='ocrx_word' id='word_1_810' title='bbox 2415 4397 2713 4452; x_wconf 87' lang='lat' dir='ltr'><strong>ducendum</strong></span> <span class='ocrx_word' id='word_1_811' title='bbox 2733 4399 2962 4453; x_wconf 87' lang='lat' dir='ltr'><strong>volebat.</strong></span> <span class='ocrx_word' id='word_1_812' title='bbox 3000 4399 3112 4454; x_wconf 93' lang='lat' dir='ltr'><strong>Imo</strong></span> <span class='ocrx_word' id='word_1_813' title='bbox 3154 4409 3206 4455; x_wconf 91' lang='lat' dir='ltr'><strong>et</strong></span> <span class='ocrx_word' id='word_1_814' title='bbox 3233 4403 3371 4472; x_wconf 91' lang='lat' dir='ltr'><strong>quod</strong></span> <span class='ocrx_word' id='word_1_815' title='bbox 3397 4403 3443 4457; x_wconf 88' lang='lat' dir='ltr'><strong>ei</strong></span> <span class='ocrx_word' id='word_1_816' title='bbox 3482 4413 3540 4458; x_wconf 89' lang='lat' dir='ltr'><strong>ut</strong></span> 
     </span>
    </p>
   </div>
   <div class='ocr_carea' id='block_1_108' title="bbox 1967 4488 3537 4562">
    <p class='ocr_par' dir='ltr' id='par_1_108' title="bbox 1967 4488 3537 4562">
     <span class='ocr_line' id='line_1_108' title="bbox 1967 4488 3537 4562; baseline 0.004 -21"><span class='ocrx_word' id='word_1_817' title='bbox 1967 4488 2067 4542; x_wconf 88' lang='lat' dir='ltr'><strong>sibi</strong></span> <span class='ocrx_word' id='word_1_818' title='bbox 2092 4489 2452 4558; x_wconf 87' lang='lat' dir='ltr'><strong>ignosceretur</strong></span> <span class='ocrx_word' id='word_1_819' title='bbox 2473 4488 2743 4542; x_wconf 90' lang='lat' dir='ltr'><strong>humiliter</strong></span> <span class='ocrx_word' id='word_1_820' title='bbox 2767 4489 3050 4557; x_wconf 85' lang='lat' dir='ltr'><strong>postulanti</strong></span> <span class='ocrx_word' id='word_1_821' title='bbox 3072 4490 3360 4547; x_wconf 88' lang='lat' dir='ltr'><strong>clementer</strong></span> <span class='ocrx_word' id='word_1_822' title='bbox 3390 4493 3537 4562; x_wconf 88' lang='lat' dir='ltr'><strong>igno-</strong></span> 
     </span>
    </p>
   </div>
   <div class='ocr_carea' id='block_1_109' title="bbox 1969 4575 3534 4648">
    <p class='ocr_par' dir='ltr' id='par_1_109' title="bbox 1969 4575 3534 4648">
     <span class='ocr_line' id='line_1_109' title="bbox 1969 4575 3534 4648; baseline 0.004 -19"><span class='ocrx_word' id='word_1_823' title='bbox 1969 4585 2077 4630; x_wconf 89' lang='lat' dir='ltr'><strong>tutn</strong></span> <span class='ocrx_word' id='word_1_824' title='bbox 2125 4585 2303 4641; x_wconf 90' lang='lat' dir='ltr'><strong>esset,</strong></span> <span class='ocrx_word' id='word_1_825' title='bbox 2349 4577 2724 4631; x_wconf 87' lang='lat' dir='ltr'><strong>criminabatur</strong></span> <span class='ocrx_word' id='word_1_826' title='bbox 2753 4575 2979 4648; x_wconf 89' lang='lat' dir='ltr'><strong>(Contra</strong></span> <span class='ocrx_word' id='word_1_827' title='bbox 3021 4578 3236 4634; x_wconf 87' lang='lat' dir='ltr'><strong>Litteras</strong></span> <span class='ocrx_word' id='word_1_828' title='bbox 3275 4579 3534 4648; x_wconf 87' lang='lat' dir='ltr'><strong>Petiliani,</strong></span> 
     </span>
    </p>
   </div>
   <div class='ocr_carea' id='block_1_110' title="bbox 1970 4663 3532 4740">
    <p class='ocr_par' dir='ltr' id='par_1_110' title="bbox 1970 4663 3532 4740">
     <span class='ocr_line' id='line_1_110' title="bbox 1970 4663 3532 4740; baseline 0.003 -21"><span class='ocrx_word' id='word_1_829' title='bbox 1970 4666 2056 4720; x_wconf 88' lang='lat' dir='ltr'><strong>lib.</strong></span> <span class='ocrx_word' id='word_1_830' title='bbox 2087 4667 2139 4730; x_wconf 78' lang='grc'>5,</span> <span class='ocrx_word' id='word_1_831' title='bbox 2169 4682 2222 4719; x_wconf 91' lang='lat' dir='ltr'><strong>n.</strong></span> <span class='ocrx_word' id='word_1_832' title='bbox 2246 4663 2375 4738; x_wconf 86' lang='lat' dir='ltr'><strong>I9).</strong></span> <span class='ocrx_word' id='word_1_833' title='bbox 2405 4667 2726 4720; x_wconf 87' lang='lat' dir='ltr'><strong>Accersebat</strong></span> <span class='ocrx_word' id='word_1_834' title='bbox 2758 4667 2880 4720; x_wconf 90' lang='lat' dir='ltr'><strong>furti</strong></span> <span class='ocrx_word' id='word_1_835' title='bbox 2909 4667 3130 4723; x_wconf 91' lang='lat' dir='ltr'><strong>crimine</strong></span> <span class='ocrx_word' id='word_1_836' title='bbox 3159 4671 3532 4740; x_wconf 86' lang='lat' dir='ltr'><strong>Augustinum,</strong></span> 
     </span>
    </p>
   </div>
   <div class='ocr_carea' id='block_1_111' title="bbox 1969 4757 3536 4830">
    <p class='ocr_par' dir='ltr' id='par_1_111' title="bbox 1969 4757 3536 4830">
     <span class='ocr_line' id='line_1_111' title="bbox 1969 4757 3536 4830; baseline 0.003 -20"><span class='ocrx_word' id='word_1_837' title='bbox 1969 4757 2109 4828; x_wconf 90' lang='lat' dir='ltr'><strong>quod</strong></span> <span class='ocrx_word' id='word_1_838' title='bbox 2142 4757 2185 4812; x_wconf 88' lang='lat' dir='ltr'><strong>is</strong></span> <span class='ocrx_word' id='word_1_839' title='bbox 2214 4765 2411 4812; x_wconf 86' lang='lat' dir='ltr'><strong>textum</strong></span> <span class='ocrx_word' id='word_1_840' title='bbox 2441 4757 2579 4811; x_wconf 90' lang='lat' dir='ltr'><strong>illius</strong></span> <span class='ocrx_word' id='word_1_841' title='bbox 2608 4757 2862 4820; x_wconf 87' lang='lat' dir='ltr'><strong>referens,</strong></span> <span class='ocrx_word' id='word_1_842' title='bbox 2891 4757 3022 4813; x_wconf 89' lang='lat' dir='ltr'><strong>duas</strong></span> <span class='ocrx_word' id='word_1_843' title='bbox 3046 4759 3304 4815; x_wconf 88' lang='lat' dir='ltr'><strong>dictiones</strong></span> <span class='ocrx_word' id='word_1_844' title='bbox 3328 4775 3444 4830; x_wconf 80' lang='lat' dir='ltr'><strong>quae</strong></span> <span class='ocrx_word' id='word_1_845' title='bbox 3467 4760 3536 4814; x_wconf 87' lang='lat' dir='ltr'><strong>ab</strong></span> 
     </span>
    </p>
   </div>
   <div class='ocr_carea' id='block_1_112' title="bbox 1969 4846 3539 4918">
    <p class='ocr_par' dir='ltr' id='par_1_112' title="bbox 1969 4846 3539 4918">
     <span class='ocr_line' id='line_1_112' title="bbox 1969 4846 3539 4918; baseline 0.001 -16"><span class='ocrx_word' id='word_1_846' title='bbox 1969 4847 2210 4918; x_wconf 81' lang='lat' dir='ltr'><strong>exemplo</strong></span> <span class='ocrx_word' id='word_1_847' title='bbox 2235 4846 2302 4901; x_wconf 90' lang='lat' dir='ltr'><strong>ad</strong></span> <span class='ocrx_word' id='word_1_848' title='bbox 2329 4862 2386 4901; x_wconf 88' lang='lat' dir='ltr'><em>se</em></span> <span class='ocrx_word' id='word_1_849' title='bbox 2409 4847 2723 4902; x_wconf 89' lang='lat' dir='ltr'><strong>transmisso</strong></span> <span class='ocrx_word' id='word_1_850' title='bbox 2750 4849 2989 4915; x_wconf 89' lang='lat' dir='ltr'><strong>aberant,</strong></span> <span class='ocrx_word' id='word_1_851' title='bbox 3017 4864 3116 4903; x_wconf 90' lang='lat' dir='ltr'><strong>nec</strong></span> <span class='ocrx_word' id='word_1_852' title='bbox 3139 4849 3245 4903; x_wconf 88' lang='lat' dir='ltr'><strong>ullo</strong></span> <span class='ocrx_word' id='word_1_853' title='bbox 3275 4851 3430 4903; x_wconf 92' lang='lat' dir='ltr'><strong>modo</strong></span> <span class='ocrx_word' id='word_1_854' title='bbox 3457 4849 3539 4904; x_wconf 91' lang='lat' dir='ltr'><strong>fa-</strong></span> 
     </span>
    </p>
   </div>
   <div class='ocr_carea' id='block_1_113' title="bbox 1968 4937 3538 5009">
    <p class='ocr_par' dir='ltr' id='par_1_113' title="bbox 1968 4937 3538 5009">
     <span class='ocr_line' id='line_1_113' title="bbox 1968 4937 3538 5009; baseline -0.001 -14"><span class='ocrx_word' id='word_1_855' title='bbox 1968 4939 2179 4996; x_wconf 88' lang='lat' dir='ltr'><strong>ciebant</strong></span> <span class='ocrx_word' id='word_1_856' title='bbox 2201 4937 2268 4992; x_wconf 91' lang='lat' dir='ltr'><strong>ad</strong></span> <span class='ocrx_word' id='word_1_857' title='bbox 2291 4939 2634 5008; x_wconf 74' lang='lat' dir='ltr'><strong>qumstionem</strong></span> <span class='ocrx_word' id='word_1_858' title='bbox 2661 4946 2971 5007; x_wconf 68' lang='lat' dir='ltr'><strong>praesentem</strong></span> <span class='ocrx_word' id='word_1_859' title='bbox 2988 4977 3004 5002; x_wconf 91' lang='lat'><strong>,</strong></span> <span class='ocrx_word' id='word_1_860' title='bbox 3029 4939 3294 4992; x_wconf 90' lang='lat' dir='ltr'><strong>omisisset</strong></span> <span class='ocrx_word' id='word_1_861' title='bbox 3342 4937 3538 5009; x_wconf 86' lang='lat' dir='ltr'><strong>(Ibid.,</strong></span> 
     </span>
    </p>
   </div>
   <div class='ocr_carea' id='block_1_114' title="bbox 1970 5029 3537 5101">
    <p class='ocr_par' dir='ltr' id='par_1_114' title="bbox 1970 5029 3537 5101">
     <span class='ocr_line' id='line_1_114' title="bbox 1970 5029 3537 5101; baseline 0.001 -16"><span class='ocrx_word' id='word_1_862' title='bbox 1970 5049 2057 5085; x_wconf 89' lang='lat' dir='ltr'><strong>nn.</strong></span> <span class='ocrx_word' id='word_1_863' title='bbox 2087 5031 2172 5096; x_wconf 90' lang='grc'><strong>18,</strong></span> <span class='ocrx_word' id='word_1_864' title='bbox 2199 5032 2288 5098; x_wconf 79' lang='lat' dir='ltr'><strong>2i,</strong></span> <span class='ocrx_word' id='word_1_865' title='bbox 2317 5031 2404 5095; x_wconf 89' lang='lat' dir='ltr'><strong>I9,</strong></span> <span class='ocrx_word' id='word_1_866' title='bbox 2433 5030 2564 5101; x_wconf 85' lang='lat'><strong>20).</strong></span> <span class='ocrx_word' id='word_1_867' title='bbox 2590 5029 2690 5099; x_wconf 91' lang='lat' dir='ltr'><strong>Ipsi</strong></span> <span class='ocrx_word' id='word_1_868' title='bbox 2717 5029 2952 5095; x_wconf 89' lang='lat' dir='ltr'><strong>demum,</strong></span> <span class='ocrx_word' id='word_1_869' title='bbox 2977 5029 3115 5099; x_wconf 90' lang='lat' dir='ltr'><strong>quod</strong></span> <span class='ocrx_word' id='word_1_870' title='bbox 3155 5031 3432 5085; x_wconf 87' lang='lat' dir='ltr'><strong>monastici</strong></span> <span class='ocrx_word' id='word_1_871' title='bbox 3484 5032 3537 5087; x_wconf 91' lang='lat' dir='ltr'><strong>in</strong></span> 
     </span>
    </p>
   </div>
   <div class='ocr_carea' id='block_1_115' title="bbox 1970 5120 3533 5194">
    <p class='ocr_par' dir='ltr' id='par_1_115' title="bbox 1970 5120 3533 5194">
     <span class='ocr_line' id='line_1_115' title="bbox 1970 5120 3533 5194; baseline 0 -16"><span class='ocrx_word' id='word_1_872' title='bbox 1970 5123 2143 5178; x_wconf 85' lang='lat' dir='ltr'><strong>Africa</strong></span> <span class='ocrx_word' id='word_1_873' title='bbox 2160 5123 2380 5178; x_wconf 90' lang='lat' dir='ltr'><strong>instituti</strong></span> <span class='ocrx_word' id='word_1_874' title='bbox 2401 5131 2584 5178; x_wconf 90' lang='lat' dir='ltr'><strong>auctor</strong></span> <span class='ocrx_word' id='word_1_875' title='bbox 2607 5121 2917 5189; x_wconf 83' lang='lat' dir='ltr'><strong>exstitisset,</strong></span> <span class='ocrx_word' id='word_1_876' title='bbox 2941 5120 3148 5176; x_wconf 89' lang='lat' dir='ltr'><strong>crimini</strong></span> <span class='ocrx_word' id='word_1_877' title='bbox 3173 5121 3331 5176; x_wconf 89' lang='lat' dir='ltr'><strong>dabat</strong></span> <span class='ocrx_word' id='word_1_878' title='bbox 3347 5121 3533 5194; x_wconf 86' lang='lat' dir='ltr'><strong>(Ibid.,</strong></span> 
     </span>
    </p>
   </div>
   <div class='ocr_carea' id='block_1_116' title="bbox 1970 5215 2179 5285">
    <p class='ocr_par' dir='ltr' id='par_1_116' title="bbox 1970 5215 2179 5285">
     <span class='ocr_line' id='line_1_116' title="bbox 1970 5215 2179 5285; baseline 0 -17"><span class='ocrx_word' id='word_1_879' title='bbox 1970 5231 2023 5268; x_wconf 92' lang='lat' dir='ltr'><strong>n.</strong></span> <span class='ocrx_word' id='word_1_880' title='bbox 2050 5215 2119 5270; x_wconf 69' lang='grc'><strong>48</strong></span> <span class='ocrx_word' id='word_1_881' title='bbox 2139 5217 2179 5285; x_wconf 90' lang='grc'><strong>).</strong></span> 
     </span>
    </p>
   </div>
   <div class='ocr_carea' id='block_1_117' title="bbox 2041 5303 3546 5376">
    <p class='ocr_par' dir='ltr' id='par_1_117' title="bbox 2041 5303 3546 5376">
     <span class='ocr_line' id='line_1_117' title="bbox 2041 5303 3546 5376; baseline -0.001 -15"><span class='ocrx_word' id='word_1_882' title='bbox 2041 5307 2094 5361; x_wconf 82' lang='lat'><strong>5.</strong></span> <span class='ocrx_word' id='word_1_883' title='bbox 2127 5306 2306 5376; x_wconf 86' lang='lat' dir='ltr'><strong>Longe</strong></span> <span class='ocrx_word' id='word_1_884' title='bbox 2335 5307 2581 5376; x_wconf 82' lang='lat' dir='ltr'><strong>Opinione</strong></span> <span class='ocrx_word' id='word_1_885' title='bbox 2606 5304 2881 5359; x_wconf 86' lang='lat' dir='ltr'><strong>fallebatur</strong></span> <span class='ocrx_word' id='word_1_886' title='bbox 2901 5303 3205 5367; x_wconf 87' lang='lat' dir='ltr'><strong>Petilianus,</strong></span> <span class='ocrx_word' id='word_1_887' title='bbox 3231 5305 3272 5358; x_wconf 89' lang='lat' dir='ltr'><strong>si</strong></span> <span class='ocrx_word' id='word_1_888' title='bbox 3300 5304 3546 5374; x_wconf 79' lang='lat' dir='ltr'><strong>Sperabat</strong></span> 
     </span>
    </p>
   </div>
   <div class='ocr_carea' id='block_1_118' title="bbox 1972 5391 3547 5465">
    <p class='ocr_par' dir='ltr' id='par_1_118' title="bbox 1972 5391 3547 5465">
     <span class='ocr_line' id='line_1_118' title="bbox 1972 5391 3547 5465; baseline -0.002 -15"><span class='ocrx_word' id='word_1_889' title='bbox 1972 5397 2119 5460; x_wconf 85' lang='lat' dir='ltr'><strong>fore,</strong></span> <span class='ocrx_word' id='word_1_890' title='bbox 2166 5405 2224 5450; x_wconf 90' lang='lat' dir='ltr'><strong>ut</strong></span> <span class='ocrx_word' id='word_1_891' title='bbox 2266 5396 2612 5465; x_wconf 88' lang='lat' dir='ltr'><strong>Augustinum</strong></span> <span class='ocrx_word' id='word_1_892' title='bbox 2654 5394 2755 5448; x_wconf 91' lang='lat' dir='ltr'><strong>hoc</strong></span> <span class='ocrx_word' id='word_1_893' title='bbox 2792 5391 2980 5462; x_wconf 88' lang='lat' dir='ltr'><strong>agendi</strong></span> <span class='ocrx_word' id='word_1_894' title='bbox 3021 5391 3179 5448; x_wconf 91' lang='lat' dir='ltr'><strong>modo</strong></span> <span class='ocrx_word' id='word_1_895' title='bbox 3204 5393 3272 5447; x_wconf 91' lang='lat' dir='ltr'><strong>ab</strong></span> <span class='ocrx_word' id='word_1_896' title='bbox 3299 5393 3547 5448; x_wconf 69' lang='lat' dir='ltr'><strong>Ecclesiae</strong></span> 
     </span>
    </p>
   </div>
   <div class='ocr_carea' id='block_1_119' title="bbox 1970 5481 3548 5556">
    <p class='ocr_par' dir='ltr' id='par_1_119' title="bbox 1970 5481 3548 5556">
     <span class='ocr_line' id='line_1_119' title="bbox 1970 5481 3548 5556; baseline -0.003 -14"><span class='ocrx_word' id='word_1_897' title='bbox 1970 5487 2278 5542; x_wconf 88' lang='lat' dir='ltr'><strong>defensione</strong></span> <span class='ocrx_word' id='word_1_898' title='bbox 2302 5485 2367 5540; x_wconf 90' lang='lat' dir='ltr'><strong>ad</strong></span> <span class='ocrx_word' id='word_1_899' title='bbox 2395 5485 2658 5556; x_wconf 87' lang='lat' dir='ltr'><strong>propriam</strong></span> <span class='ocrx_word' id='word_1_900' title='bbox 2686 5491 2951 5539; x_wconf 88' lang='lat' dir='ltr'><strong>avocaret.</strong></span> <span class='ocrx_word' id='word_1_901' title='bbox 2974 5481 3077 5554; x_wconf 87' lang='lat' dir='ltr'><strong>Ipsi</strong></span> <span class='ocrx_word' id='word_1_902' title='bbox 3098 5498 3184 5538; x_wconf 90' lang='lat' dir='ltr'><strong>res</strong></span> <span class='ocrx_word' id='word_1_903' title='bbox 3211 5491 3460 5538; x_wconf 91' lang='lat' dir='ltr'><strong>eratcum</strong></span> <span class='ocrx_word' id='word_1_904' title='bbox 3481 5495 3548 5538; x_wconf 74' lang='lat' dir='ltr'><strong>eo</strong></span> 
     </span>
    </p>
   </div>
   <div class='ocr_carea' id='block_1_120' title="bbox 1971 5570 3544 5647">
    <p class='ocr_par' dir='ltr' id='par_1_120' title="bbox 1971 5570 3544 5647">
     <span class='ocr_line' id='line_1_120' title="bbox 1971 5570 3544 5647; baseline -0.004 -14"><span class='ocrx_word' id='word_1_905' title='bbox 1971 5579 2118 5646; x_wconf 90' lang='lat' dir='ltr'><strong>viro,</strong></span> <span class='ocrx_word' id='word_1_906' title='bbox 2149 5577 2239 5647; x_wconf 90' lang='lat' dir='ltr'><strong>qui</strong></span> <span class='ocrx_word' id='word_1_907' title='bbox 2267 5591 2371 5631; x_wconf 88' lang='lat' dir='ltr'><strong>non</strong></span> <span class='ocrx_word' id='word_1_908' title='bbox 2401 5575 2694 5631; x_wconf 89' lang='lat' dir='ltr'><strong>alliciendis</strong></span> <span class='ocrx_word' id='word_1_909' title='bbox 2719 5573 2785 5630; x_wconf 87' lang='lat' dir='ltr'><strong>ad</strong></span> <span class='ocrx_word' id='word_1_910' title='bbox 2812 5589 2872 5630; x_wconf 90' lang='lat' dir='ltr'><strong>se</strong></span> <span class='ocrx_word' id='word_1_911' title='bbox 2897 5573 3227 5636; x_wconf 90' lang='lat' dir='ltr'><strong>hominibus,</strong></span> <span class='ocrx_word' id='word_1_912' title='bbox 3260 5573 3354 5628; x_wconf 91' lang='lat' dir='ltr'><strong>sed</strong></span> <span class='ocrx_word' id='word_1_913' title='bbox 3383 5572 3448 5627; x_wconf 90' lang='lat' dir='ltr'><strong>iis</strong></span> <span class='ocrx_word' id='word_1_914' title='bbox 3477 5570 3544 5626; x_wconf 88' lang='lat' dir='ltr'><strong>ad</strong></span> 
     </span>
    </p>
   </div>
   <div class='ocr_carea' id='block_1_121' title="bbox 1979 5665 3542 5737">
    <p class='ocr_par' dir='ltr' id='par_1_121' title="bbox 1979 5665 3542 5737">
     <span class='ocr_line' id='line_1_121' title="bbox 1979 5665 3542 5737; baseline -0.005 -12"><span class='ocrx_word' id='word_1_915' title='bbox 1979 5669 2140 5726; x_wconf 89' lang='lat' dir='ltr'><strong>Deum</strong></span> <span class='ocrx_word' id='word_1_916' title='bbox 2189 5682 2368 5727; x_wconf 88' lang='lat' dir='ltr'><strong>secum</strong></span> <span class='ocrx_word' id='word_1_917' title='bbox 2414 5666 2786 5724; x_wconf 90' lang='lat' dir='ltr'><strong>convertendis</strong></span> <span class='ocrx_word' id='word_1_918' title='bbox 2832 5666 3147 5734; x_wconf 88' lang='lat' dir='ltr'><strong>desudaret;</strong></span> <span class='ocrx_word' id='word_1_919' title='bbox 3194 5665 3282 5737; x_wconf 91' lang='lat' dir='ltr'><strong>qui</strong></span> <span class='ocrx_word' id='word_1_920' title='bbox 3331 5673 3542 5735; x_wconf 81' lang='lat' dir='ltr'><strong>paratus</strong></span> 
     </span>
    </p>
   </div>
  </div>
