3990 6360
502 328 611 394 323

503 458 645 509 esset
666 464 815 506 suam
843 448 1007 519 ipsius
1031 462 1245 503 causam
1274 446 1455 511 citius,
1488 458 1646 514 quam
1673 440 1948 498 catholiem
1979 438 2080 490 Ec-

504 543 680 598 clesia:
722 540 1001 607 deserere;
1042 540 1128 611 qui
1172 538 1399 608 denique
1427 535 1726 605 deprimere
1767 546 1884 586 sese
1924 537 2080 598 atque

505 634 736 704 abjicere
756 672 772 699 ,
813 632 1101 688 Ecclesiam
1128 639 1304 685 autem
1335 629 1549 684 domum
1579 625 1672 680 Dei
1706 622 1995 693 prazdicare
2020 634 2082 673 ac

506 725 759 780 extollere
791 722 1137 779 vehementer
1163 729 1400 792 cuperet.
1441 718 1656 771 Domum
1686 715 1783 769 Dei
1816 713 1941 779 mei,
1971 712 2079 777 ait,

508 817 655 888 cujus
681 816 907 870 decorem
938 814 1110 878 dilexi,
1151 814 1400 883 praconio
1423 812 1555 865 vocis
1584 809 1942 891 extollant,.mc
1968 822 2082 860 vero

511 906 786 960 humiliabo
819 916 865 959 et
902 904 1136 976 abjiciam
1162 902 1346 978 (Ibid.,
1373 920 1426 956 η.
1451 900 1531 971 ‘2).
1561 898 1714 956 Falsa
1753 898 2084 953 adversario-

508 1013 627 1054 rum
654 998 955 1069 opprobria,
986 1013 1103 1067 quae
1142 993 1479 1067 praedicando
1507 992 1715 1063 eloquia
1742 990 1998 1054 veritatis,
2029 996 2085 1044 et

512 1091 710 1146 erroris
739 1088 1034 1159 vaniloquia
1062 1085 1444 1150 convincendo,
1475 1084 1526 1138 in
1554 1097 1613 1138 se
1636 1083 1945 1146 concitarat,
1979 1094 2083 1134 non

512 1182 671 1237 modo
685 1180 947 1235 tristitiam
962 1179 1060 1249 ipsi
1072 1177 1292 1241 nullam,
1304 1174 1397 1231 sed
1408 1173 1566 1230 etiam
1580 1171 2082 1227 abundantissimam

513 1271 926 1327 consolationem
948 1268 1253 1333 efferebant,
1278 1280 1382 1320 non
1413 1265 1636 1320 intuenti
1662 1262 1908 1318 videlicet
1928 1276 2083 1332 quam

512 1372 656 1419 esset
690 1376 924 1416 amarum
946 1400 962 1427 ,
991 1358 1085 1415 sed
1113 1373 1270 1429 quam
1311 1356 1499 1411 falsum
1543 1354 1684 1425 quod
1728 1352 2007 1419 audiebat,
2034 1360 2087 1407 et

510 1470 669 1524 quam
693 1466 853 1508 verax
884 1465 978 1521 pro
1003 1450 1152 1519 cujus
1172 1447 1384 1503 nomine
1412 1446 1514 1501 hoc
1540 1445 1804 1509 audiebat,
1831 1444 1920 1513 qui
1948 1458 2087 1497 mer-

512 1545 695 1600 cedem
726 1543 944 1597 multam
975 1540 1210 1596 toleratis
1247 1538 1361 1607 ejus
1402 1551 1557 1592 causa
1597 1534 1896 1605 Opprobriis
1931 1532 2087 1601 polli-

514 1643 666 1689 cetur
693 1631 878 1702 (Ibid.,
908 1647 962 1685 η.
986 1627 1061 1703 7).
1090 1629 1147 1683 In
1181 1627 1515 1684 contumeliis
1552 1624 1793 1680 Petiliani
1826 1621 2090 1693 cogitabat

514 1725 709 1781 diaboli
738 1723 1006 1789 fraudem,
1036 1737 1140 1793 qua
1167 1737 1288 1776 eum
1330 1720 1382 1774 in
1425 1716 1602 1773 odium
1638 1717 1898 1781 hominis,
1926 1714 1956 1768 ξι
1983 1730 2088 1785 quo

513 1824 621 1869 tam
648 1813 861 1883 indigne
888 1811 1229 1874 tractabatur,
1260 1809 1496 1864 studeret
1524 1807 1818 1876 impellere.
1845 1806 2087 1874 Quapro-

514 1916 633 1977 pter
661 1906 713 1970 in
742 1905 794 1961 id
822 1902 1155 1958 incumbebat
1177 1901 1267 1955 Vir
1294 1907 1509 1956 sanctus
1536 1898 1768 1969 vigilanti
1793 1908 2088 1965 magnoque

514 1996 724 2060 animo,
752 2003 811 2049 ut
839 1993 1107 2049 inimicum
1136 1990 1298 2046 alium
1321 1989 1585 2065 occultum
1612 1986 1895 2056 afﬂigeret,
1923 1983 2086 2037 alium

514 2085 758 2156 diligeret
799 2082 1139 2139 manifestum
1159 2119 1176 2148 ,
1216 2088 1270 2135 et
1305 2080 1427 2134 huic
1456 2078 1700 2149 precibus
1724 2078 1834 2132 suis
1855 2075 2086 2130 divinam

512 2173 926 2230 misericordiam
949 2171 1253 2226 conciliaret
1272 2167 1458 2240 (Ibid.,
1489 2185 1541 2221 η.
1567 2166 1678 2238 is).
1702 2165 1883 2235 itaque
1906 2178 2090 2248 neces-

515 2265 710 2321 sariam
737 2264 787 2317 in
818 2278 938 2318 eum
961 2260 1359 2331 responsionem
1382 2258 1641 2322 editurus,
1666 2256 1812 2311 nullo
1832 2266 1984 2326 pacto
2004 2270 2089 2310 re-

511 2354 688 2424 gulam
717 2352 858 2407 illam
883 2350 1118 2417 violavit,
1148 2363 1306 2419 quam
1348 2349 1401 2403 in
1445 2347 1779 2404 sermonibus
1812 2348 2089 2417 scriptisve

514 2446 570 2500 in
598 2459 656 2499 se
681 2442 1075 2499 contumeliosis
1100 2441 1287 2495 solitus
1310 2447 1427 2494 erat
1448 2454 1690 2503 servare;
1717 2454 1821 2509 qua
1846 2438 2089 2493 videlicet

513 2534 655 2590 haud
684 2550 944 2606 quaquam
981 2533 1128 2604 justo
1154 2547 1251 2587 suo
1292 2531 1496 2597 dolori,
1532 2531 1627 2586 sed
1665 2531 1961 2586 auditorum
1992 2545 2087 2585 seu

512 2626 769 2681 lectorum
794 2624 1074 2681 commodo
1098 2622 1381 2689 serviebat,
1413 2623 1537 2677 dum
1566 2638 1776 2678 errores
1798 2623 2087 2679 adversarii

514 2717 723 2773 invictis
750 2716 1073 2786 argumentis
1100 2716 1290 2785 potius,
1323 2730 1480 2785 quam
1509 2714 1698 2785 probra
1724 2715 1936 2786 probris
1970 2716 2087 2769 vin-

513 2822 639 2864 cere
664 2806 945 2862 nitebatur.
978 2806 1035 2861 ld
1070 2805 1227 2875 igitur
1261 2821 1428 2859 unum
1467 2804 1521 2859 in
1550 2806 1705 2859 tertio
1734 2813 1915 2859 contra
1941 2805 2087 2859 Peti-

512 2895 712 2955 lianum
739 2899 873 2954 libro
902 2899 1028 2968 egit,
1059 2907 1120 2953 ut
1158 2899 1369 2968 planum
1400 2897 1617 2964 faceret,
1650 2899 1960 2953 l’etilianum
1997 2915 2089 2954 co—

514 2990 755 3045 rumdem
785 2989 1038 3045 librorum
1085 2990 1256 3060 primo
1277 3031 1291 3055 ,
1334 3004 1490 3059 quem
1516 2988 1562 3043 is
1591 2989 1932 3045 refellendum
1967 3004 2086 3046 sus-

512 3089 745 3151 ceperat,
772 3080 918 3135 nullo
957 3078 1117 3134 modo
1153 3079 1489 3149 respondisse
1514 3097 1526 3133 :
1553 3088 1711 3150 atque
1736 3095 1853 3135 eam
1879 3096 1989 3134 rem
2016 3080 2086 3135 ita

512 3169 739 3225 dilucide
768 3178 1301 3225 commonstraturum
1336 3183 1395 3223 se
1433 3169 1729 3238 pollicetur,
1761 3178 1818 3224 ut
1849 3185 1877 3223 a
1914 3170 2087 3225 Donac

515 3263 654 3317 tistis
674 3262 822 3333 ipsis,
842 3262 1176 3332 quantumvis
1198 3260 1431 3330 partibus
1447 3260 1555 3315 suis
1571 3260 1762 3315 addicti
1784 3271 1981 3327 essent,
2006 3262 2087 3316 vel

513 3354 807 3423 Augustino
827 3353 1035 3417 infensi,
1063 3352 1107 3409 si
1131 3351 1290 3406 modo
1316 3351 1432 3406 illos
1459 3352 1728 3422 utriusque
1752 3354 1945 3423 scripta
1972 3367 2088 3421 per-

513 3445 727 3499 volvere
742 3460 845 3499 non
865 3445 1087 3514 pigeret,
1109 3453 1255 3499 certo
1275 3443 1486 3513 agnosci
1503 3454 1683 3514 posset
1699 3443 1881 3515 (Ibid.,
1904 3461 1954 3497 n.
1978 3445 2082 3509 15).

512 3530 651 3590 Nihil
681 3549 810 3590 sane
836 3534 977 3589 aliud
1000 3534 1067 3588 ad
1097 3533 1236 3588 hunc
1258 3533 1415 3588 ﬁnem
1443 3534 1831 3603 requirebatur,
1855 3550 2011 3604 quam
2034 3543 2090 3588 ut

514 3628 741 3697 primum
778 3627 893 3697 ejus
922 3626 1111 3681 librum
1140 3641 1259 3681 cum
1290 3626 1527 3681 Petiliani
1558 3627 1901 3695 responsione
1938 3642 2088 3680 com-

514 3726 775 3787 ponerent
803 3725 893 3770 :at
914 3716 1028 3786 ejus
1058 3716 1112 3771 in
1141 3716 1380 3770 homines
1411 3715 1662 3771 tardioris
1692 3717 1885 3785 ingenii
1910 3716 2088 3770 chari~

512 3806 640 3862 ritas
664 3806 841 3872 evicit,
866 3814 922 3859 ut
946 3804 1124 3861 addito
1151 3806 1304 3859 tertio
1330 3805 1466 3859 libro
1489 3805 1739 3874 majorem
1766 3805 1936 3861 adhuc
1956 3822 2091 3876 qua:-

511 3897 671 3951 stioni
694 3896 865 3950 lucem
895 3894 1203 3949 admoveret
1242 3894 1489 3965 (Retract.
1529 3893 1615 3948 lib.
1653 3896 1708 3962 2,
1745 3912 1857 3965 cap.
1885 3896 1993 3968 25).
2031 3896 2088 3952 ln

512 4002 578 4041 eo
605 3986 832 4057 primum
858 3986 1097 4040 Petiliani
1124 3986 1361 4041 convicia
1387 4001 1508 4041 cum
1538 3988 1727 4058 insigni
1767 3990 1927 4043 animi
1956 3990 2087 4046 sim-

510 4079 745 4150 plicitate
769 4092 833 4132 ac
855 4078 1257 4133 mansuetudine
1276 4079 1565 4150 propulsat.
1590 4080 1829 4135 Declarat
1852 4098 1910 4137 se
1930 4083 2087 4138 vitam

510 4183 723 4223 omnem
766 4184 914 4223 suam
948 4168 1269 4239 Baptismate
1312 4179 1529 4241 accepto
1569 4172 1894 4241 superiorem
1937 4174 2086 4230 dete-

512 4258 665 4323 stari,
691 4273 862 4328 neque
891 4258 1007 4328 ejus
1032 4258 1167 4314 velle
1191 4260 1476 4325 recordari,
1502 4260 1601 4314 nisi
1626 4270 1681 4315 ut
1700 4262 1840 4317 illius
1866 4264 2087 4333 gloriam

514 4347 783 4417 praedicet,
812 4349 898 4419 qui
924 4365 1021 4414 me,
1045 4349 1229 4419 inquit,
1253 4366 1340 4418 per
1366 4351 1581 4420 gratiam
1605 4368 1748 4405 suam
1767 4364 1812 4406 ct
1832 4371 1862 4406 a
1883 4372 1960 4408 me
1978 4357 2088 4425 ipso

513 4440 756 4493 liberavit.
790 4439 936 4495 Unde
963 4440 1105 4494 illam
1124 4443 1271 4495 vitam
1300 4458 1459 4495 meant
1484 4459 1599 4496 cum
1619 4444 1892 4514 vituperari
1911 4449 2082 4513 audio,

510 4528 725 4600 quolibet
750 4530 917 4583 animo
947 4530 1003 4582 id
1037 4531 1191 4602 faciat
1228 4531 1312 4601 qui
1340 4531 1435 4585 hoc
1454 4533 1584 4602 facit
1603 4573 1617 4597 ,
1648 4550 1747 4587 non
1777 4551 1931 4605 usque
1960 4537 2087 4591 adeo

512 4636 625 4673 sum
655 4622 883 4689 ingratus
901 4662 915 4686 ,
953 4632 1007 4674 ut
1042 4623 1275 4677 doleam:
1302 4633 1544 4690 quantum
1569 4626 1754 4697 quippe
1775 4625 1861 4679 ille
1884 4637 2087 4681 accusat

510 4712 685 4765 vitium
708 4728 892 4778 meum,
915 4722 1108 4767 tantum
1128 4730 1216 4784 ego
1245 4713 1396 4768 laudo
1421 4714 1667 4768 medicum
1690 4732 1855 4769 meum
1880 4717 2087 4787 (Contra

510 4798 634 4855 Litt.
659 4798 918 4869 Petiliani,
946 4802 1033 4856 lib.
1070 4804 1124 4869 '5,
1158 4820 1209 4857 η.
1234 4804 1344 4873 11).
1381 4803 1535 4870 Quod
1567 4814 1745 4860 autem
1780 4816 1983 4875 spectat
2019 4809 2085 4863 ad

511 4892 652 4946 illam
678 4894 800 4947 vita:
829 4894 994 4963 ipsius
1024 4903 1248 4963 partem,
1280 4910 1437 4965 quam
1464 4904 1581 4965 post
1608 4896 1928 4965 Baptismum
1956 4900 2082 4967 egit,

511 4984 650 5038 nulla
682 4985 892 5054 quidem
929 4987 1153 5056 egebant
1178 4987 1485 5042 defensione
1521 4990 1783 5044 exteriora
1810 4991 1925 5060 ejus
1950 4992 2085 5047 facta

509 5074 649 5142 apud
678 5076 926 5131 Ecclesia:
963 5076 1133 5144 ﬁlios,
1169 5079 1358 5148 quibus
1396 5081 1512 5148 ejus
1547 5080 1755 5134 vivendi
1794 5083 1930 5136 ratio
1963 5098 2085 5152 per-

510 5173 689 5231 specta
726 5175 872 5229 erat;
914 5167 1003 5235 qui
1031 5182 1158 5222 vero
1186 5168 1330 5220 illam
1360 5168 1581 5222 necdum
1612 5169 1743 5224 satis
1782 5179 1958 5224 notam
1988 5172 2084 5225 ha-

512 5248 723 5317 bebant,
752 5269 844 5309 eos
872 5271 1087 5324 sperare
1116 5265 1322 5326 poterat
1350 5272 1456 5311 non
1496 5267 1601 5311 tam
1630 5258 1835 5329 iniquos
1858 5258 2081 5327 futuros,

512 5354 571 5397 ut
599 5345 827 5414 professi
855 5346 1082 5413 inimici,
1110 5347 1280 5416 qualis
1307 5356 1421 5401 erat
1448 5348 1764 5413 Petilianus,
1798 5364 1954 5419 quam
1985 5368 2084 5404 no-

512 5439 685 5488 torum
706 5448 943 5501 suorum,
967 5435 1268 5490 testimonio
1289 5436 1405 5506 plus
1425 5437 1715 5492 tribuerent
1735 5440 2080 5496 auctoritatis.

509 5523 565 5580 Si
610 5542 737 5580 vero
785 5526 1072 5580 Petilianus
1119 5526 1332 5581 intimos
1376 5541 1587 5597 quoque
1635 5527 1799 5583 animi
1842 5545 2086 5586 recessus

511 5616 692 5672 rimari
730 5617 918 5683 vellet;
959 5626 1072 5671 erat
1106 5630 1325 5683 eorum,
1356 5632 1473 5686 quae
1516 5618 1602 5673 hic
1637 5619 1942 5689 agebantur,
1974 5622 2082 5675 sola

507 5708 786 5780 Augustini
804 5708 1127 5766 conscientia
1156 5709 1326 5776 testis,
1351 5719 1403 5764 et
1428 5709 1493 5764 de
1518 5710 1581 5764 iis
1608 5711 1762 5767 ﬁdem
1787 5714 1947 5783 ipsius
1968 5731 2084 5768 ver-

1598 324 1753 381 V'ITA
1792 322 1847 379 S.
1891 313 2253 375 AUGUSTINI
2295 312 2620 371 EPISCOPI.

3656 315 3756 371 525

2186 430 2266 485 bis
2292 432 2507 485 omnino
2529 430 2707 485 haberi
2734 430 3028 499 oportebat.
3051 430 3209 501 Atqui
3232 438 3452 486 testatur
3476 445 3554 496 se,
3577 447 3758 501 quam-

2187 523 2264 576 vis
2298 522 2423 577 illud
2462 506 2719 592 Apostoli,
2751 521 2898 577 Nihil
2926 524 3049 576 milii
3074 525 3301 579 conscius
3326 541 3437 579 sum
3466 523 3508 599 (Ι
3537 524 3654 581 Cor.
3682 542 3753 589 tv,

2186 614 2261 684 4),
2290 613 2389 667 sibi
2421 628 2672 683 usurpare
2702 629 2805 668 non
2844 615 3025 679 liceat;
3068 614 3332 670 afﬁrmare
3360 624 3533 671 tamen
3560 632 3685 672 vere
3708 629 3762 672 et

2186 720 2364 759 coram
2390 704 2497 758 Deo
2527 719 2702 773 posse,
2734 706 3110 760 conscientiam
3136 722 3283 761 suam
3316 708 3443 761 nihil
3472 723 3760 778 agnoscere

2187 809 2392 860 eorum,
2421 794 2610 864 quibus
2640 796 2799 849 vitam
2822 811 2851 848 a
2875 810 2931 849 se
2954 808 3075 867 post
3095 797 3416 867 Baptismum
3453 806 3623 854 actam
3658 799 3761 855 Pe-

2189 884 2400 938 tilianus
2426 884 2638 940 inlicere
2662 886 2974 941 moliebatur
2996 886 3203 961 (Contra
3223 888 3345 942 Litt.
3369 889 3648 956 Petiliani.,
3670 892 3759 946 lib.

2187 977 2241 1035 5.
2270 995 2321 1030 n.
2353 976 2430 1048 9).
2456 977 2560 1033 Sed
2585 986 2786 1033 tantum
2816 979 2984 1047 abest,
3013 989 3070 1034 ut
3105 980 3171 1034 ad
3204 983 3580 1051 capessendam
3610 999 3762 1040 suam

2152 1068 2155 1075 ’
2189 1068 2551 1125 defensionem
2577 1069 2827 1125 inducere
2848 1070 3138 1126 Ecclesium
3160 1073 3300 1137 velit,
3326 1081 3382 1127 ut
3406 1083 3609 1141 contra,
3633 1077 3765 1131 illud

2189 1161 2444 1215 adversus
2488 1161 2765 1216 haereticos
2816 1163 3143 1233 probandum
3190 1166 3469 1236 suscipiat,
3516 1167 3765 1222 nimirum

2190 1251 2532 1307 abdicandam
2562 1268 2680 1307 esse
2709 1252 2992 1307 humanam
3020 1253 3284 1321 fiduciam,
3315 1273 3421 1327 quo
3454 1257 3675 1327 gloriam
3704 1276 3768 1315 ac

2191 1360 2337 1414 spem
2371 1352 2603 1398 nostram
2635 1359 2844 1398 omnem
2876 1345 2928 1399 in
2968 1345 3135 1399 Deum
3162 1363 3321 1401 unum
3351 1348 3765 1413 transferamus;

2194 1436 2518 1507 proindeque
2544 1451 2643 1491 nec
2670 1436 2885 1491 domum
2918 1437 3033 1503 Dei,
3063 1450 3276 1508 prOpter
3304 1440 3473 1495 malos
3497 1441 3586 1512 qui
3620 1442 3671 1496 in
3705 1458 3768 1497 ea

2192 1542 2333 1583 nunc
2354 1528 2667 1595 tolerantur,
2698 1528 3041 1583 deserendum
3072 1544 3209 1583 esse.
3234 1529 3412 1600 Itaque
3432 1529 3767 1602 Catholicos,

2191 1620 2280 1689 qui
2305 1619 2578 1676 veritatem
2597 1620 2648 1674 in
2668 1620 2782 1690 ipso
2804 1620 3109 1691 diligebant,
3134 1621 3380 1691 illamque
3402 1638 3469 1679 ex
3490 1640 3581 1679 ore
3600 1624 3771 1693 ipsius

2192 1724 2312 1762 cum
2340 1708 2607 1777 voluptate
2643 1709 2946 1776 audiebant,
2977 1724 3195 1766 securos
3222 1726 3339 1766 esse
3358 1753 3374 1778 ,
3414 1728 3520 1767 non
3552 1714 3769 1783 quidem

2192 1798 2262 1853 ob
2323 1794 2702 1865 honorificam,
2754 1812 2858 1869 qua
2926 1799 3065 1868 apud
3122 1800 3240 1854 illos
3289 1801 3529 1868 valebat,
3578 1804 3770 1857 existis

2195 1888 2516 1955 mationem,
2572 1903 2756 1943 verum
2824 1889 2893 1942 ob
2954 1904 3070 1944 eam
3126 1904 3494 1960 spem,quam
3547 1893 3600 1946 in
3656 1893 3772 1946 Deo

2195 1981 2309 2051 ipso
2361 1981 2519 2037 iidem
2579 1981 2902 2036 collocarunt
2945 1977 3165 2055 (Ibid.,
3214 1999 3265 2035 η.
3309 1980 3409 2054 5).
3466 1983 3773 2038 Donatista:

2196 2086 2341 2137 vero,
2376 2086 2481 2125 non
2533 2070 2704 2141 qualis
2753 2079 2895 2127 esset
2947 2071 3058 2141 ipse
3084 2113 3099 2135 ,
3153 2072 3433 2142 qualemve
3488 2088 3609 2127 eum
3661 2073 3773 2129 Pe-

2196 2163 2408 2218 tilianus
2446 2177 2565 2217 esse
2603 2160 2837 2229 diceret,
2865 2161 3165 2231 expendere
3193 2162 3421 2229 debere;
3452 2163 3543 2217 sed
3572 2173 3775 2233 quanta

2192 2260 2622 2325 argumentorum
2659 2253 2709 2306 vi
2750 2261 2804 2307 et
2841 2252 3075 2309 efﬁcacia
3103 2252 3170 2307 ab
3197 2268 3262 2307 eo
3287 2252 3773 2319 demonstrabatur,

2194 2346 2485 2402 Ecclesiam
2530 2344 2874 2412 catholicam,
2918 2344 3069 2413 cujus
3110 2360 3356 2412 causam,
3397 2345 3565 2415 qualis
3598 2346 3778 2416 qualis

2193 2440 2305 2511 ipse
2331 2450 2509 2506 esset,
2542 2438 2904 2510 propugnabat
2922 2478 2938 2504 ,
2965 2438 3237 2492 victoriam
3261 2437 3329 2493 de
3358 2453 3541 2494 eorum
3569 2440 3779 2494 errori-

2190 2531 2290 2584 bus
2317 2541 2589 2600 reportare
2613 2527 2793 2600 (Ibid.,
2820 2546 2909 2582 nn.
2937 2529 3024 2595 11,
3052 2529 3140 2596 12,
3170 2528 3280 2597 17).
3305 2529 3432 2585 Dein
3458 2545 3643 2599 urgere
3668 2530 3779 2584 Pea

2194 2622 2455 2689 tilianum,
2485 2630 2540 2675 ut
2559 2621 2768 2675 omissis
2788 2620 3061 2675 inutilibus
3080 2622 3351 2687 conviciis,
3375 2622 3439 2676 ad
3465 2637 3527 2676 ea
3552 2638 3783 2692 respon»

2193 2712 2344 2767 deret
2368 2710 2549 2783 (Ibid.,
2578 2729 2630 2765 η.
2664 2711 2772 2784 18).
2794 2711 2975 2782 Neque
2999 2712 3155 2767 etiam
3181 2713 3454 2782 operosius
3478 2713 3610 2769 alios
3631 2730 3780 2767 nona

2192 2806 2366 2860 nullos
2397 2814 2612 2876 purgat,
2652 2820 2786 2875 quos
2823 2806 2876 2858 in
2920 2806 3119 2876 scripto
3154 2819 3252 2859 suo
3298 2806 3591 2861 incessebat
3628 2806 3781 2861 idem

2194 2896 2498 2950 Petilianus.
2539 2896 2749 2949 Etenim
2776 2895 2916 2965 quod
2948 2895 3272 2964 Augustinus
3303 2896 3682 2961 contenderet,
3713 2898 3783 2952 ab

2193 2988 2445 3043 Ecclesia:
2470 2987 2844 3041 communione
2873 3002 2975 3040 non
3007 2986 3166 3041 licere
3190 2986 3431 3056 cuiquam
3460 3002 3525 3041 eo
3550 2986 3781 3042 obtentu

2192 3079 2486 3146 discedere,
2510 3088 2566 3133 ut
2592 3094 2650 3134 se
2672 3094 2702 3132 a
2723 3078 2896 3145 malis,
2924 3079 3011 3147 qui
3038 3078 3276 3133 convinci
3301 3078 3518 3133 minime
3542 3080 3779 3148 possint,

2192 3180 2470 3236 secernat;
2503 3170 2554 3224 id
2583 3169 2674 3224 ille
2703 3170 2754 3223 in
2785 3171 3014 3224 alienum
3042 3184 3255 3224 sensum
3299 3170 3508 3239 rapiens
3526 3210 3540 3233 ,
3568 3170 3784 3239 quaevis

2194 3265 2395 3319 scelera
2421 3263 2558 3333 apud
2588 3261 2887 3318 Catholicos
2913 3262 3165 3332 impunita
3193 3277 3465 3316 remanere
3495 3276 3786 3316 assevera-

2193 3356 2283 3411 bat
2309 3353 2498 3426 (Ibid.,
2533 3372 2621 3408 nn.
2649 3355 2735 3420 45,
2767 3354 2883 3425 44).
2910 3351 3004 3408 Cui
3030 3354 3108 3408 rei
3137 3362 3196 3407 ut
3225 3353 3380 3406 ﬁdem
3421 3353 3632 3415 faceret,
3658 3352 3784 3421 epi-

2196 3461 2414 3516 scOpum
2453 3445 2734 3515 quemdam
2773 3446 2842 3499 ob
2869 3444 3260 3500 Sodomitarum
3287 3446 3486 3499 crimen
3516 3443 3784 3512 dignitate

2194 3536 2517 3598 abdicatum,
2541 3537 2610 3589 ita
2634 3546 2689 3589 ut
2711 3536 2761 3590 in
2789 3536 2903 3605 ejus
2925 3537 3095 3590 locum
3121 3536 3256 3589 alius
3279 3536 3386 3605 jam
3413 3536 3665 3589 suffectus
3697 3552 3785 3591 es-

2195 3637 2295 3693 set,
2327 3628 2599 3681 dictitabat
2629 3628 2678 3680 in
2710 3628 2985 3695 pristinum
3014 3626 3231 3696 gradum
3261 3636 3438 3696 postea
3466 3628 3783 3681 restitutum

2195 3716 2375 3770 fuisse.
2407 3714 2502 3771 Cui
2533 3717 2853 3786 Augustinus
2885 3715 2936 3770 id
2966 3731 3128 3769 unum
3173 3716 3413 3784 reponit,
3456 3716 3782 3770 Petilianum

2195 3806 2403 3859 nescire
2438 3805 2563 3875 quid
2602 3805 2760 3859 dicat.
2808 3804 2904 3859 Hic
2941 3805 3155 3857 alterius
3194 3807 3349 3859 etiam
3393 3805 3593 3873 publice
3628 3806 3783 3875 apud

2197 3897 2494 3951 Donatistas
2524 3897 2781 3965 poenitere
2815 3897 2947 3966 jussi
2977 3898 3298 3951 mentionem
3338 3898 3597 3952 faciebat:
3626 3900 3783 3968 quod

2198 4005 2289 4057 per
2333 3988 2650 4043 calumniam
2691 3987 2886 4041 dictum
2932 4004 3150 4043 Innucre
3181 3989 3387 4043 videtur
3424 3990 3779 4059 Augustinus.

2194 4076 2463 4146 lnjicicbat
2488 4077 2769 4143 similiter,
2810 4077 3091 4148 quemdam
3121 4078 3577 4146 Quodvultdeum,
3610 4096 3783 4149 quem

2195 4168 2419 4236 duplicis
2446 4167 2686 4222 adulterii
2726 4169 2874 4238 quasi
2901 4169 3196 4223 convictum
3226 4184 3255 4223 a
3283 4171 3654 4225 communione
3690 4187 3784 4226 ret

2195 4258 2462 4311 seiderant
2493 4258 2799 4321 Donatistae,
2831 4266 3005 4312 tamen
3034 4258 3098 4311 ad
3130 4258 3356 4313 honores
3382 4260 3786 4316 ecclesiasticos

2196 4347 2338 4416 (nam
2365 4361 2485 4401 eum
2507 4360 2626 4401 esse
2661 4348 2899 4401 Petiliani
2932 4363 3147 4403 sensum
3176 4352 3403 4420 constat)
3426 4349 3588 4405 fuisse
3612 4367 3638 4403 a
3676 4352 3786 4407 Ca-

2197 4435 2407 4491 tholicis
2430 4437 2720 4491 admissum
2754 4436 2939 4508 (Ibid.,
2980 4455 3034 4492 η.
3070 4440 3179 4505 57).
3210 4440 3313 4495 Sed
3349 4441 3473 4495 illud
3512 4458 3616 4496 non
3646 4454 3787 4499 ante

2196 4529 2389 4584 factum
2419 4529 2607 4597 fuerat,
2630 4545 2786 4599 quam
2819 4546 2879 4586 se
2912 4531 2998 4587 ille
3024 4547 3143 4588 esse
3166 4543 3311 4587 extra
3334 4550 3545 4600 noxam,
3569 4536 3655 4591 vel
3687 4537 3787 4593 de-

2196 4630 2576 4686 monstrasset,
2606 4622 2687 4676 vel
2715 4624 2899 4677 saltem
2937 4625 3285 4692 persuasisset
3320 4627 3599 4681 universis.
3624 4628 3783 4684 Con-

2195 4714 2362 4768 tendit
2388 4723 2563 4767 autem
2591 4723 2806 4769 sanctus
2834 4714 3031 4768 Przesul
3051 4756 3067 4781 ,
3102 4731 3221 4770 eum
3262 4717 3449 4785 injuria
3477 4717 3786 4787 disciplina:

2193 4806 2486 4874 neglectum
2527 4805 2780 4860 Ecclesiae
2815 4804 3087 4875 afﬁngere.
3129 4805 3346 4861 Exstant
3383 4810 3787 4865 innumerabilia

2193 4897 2487 4950 documenta
2506 4937 2521 4961 ,
2550 4896 2747 4966 inquit,
2776 4898 2827 4950 in
2856 4898 2932 4951 ftis
2960 4898 3046 4967 qui
3083 4899 3159 4953 vel
3197 4901 3416 4969 episwpi
3456 4903 3529 4956 vel
3562 4902 3785 4958 alterius

2194 4989 2539 5059 hujuscemodi
2560 4990 2748 5059 gradus
2777 4988 2943 5042 clerici
2972 4991 3189 5059 fuerunt,
3224 5002 3268 5045 et
3302 5010 3435 5045 nunc
3468 4994 3746 5064 degradati
3764 5037 3780 5061 ,

2192 5080 2268 5133 vel
2297 5079 2487 5148 pudore
2513 5081 2563 5131 in
2594 5081 2721 5134 alias
2750 5090 2908 5133 terras
2932 5081 3179 5147 abierunt,
3212 5084 3288 5136 υιι
3314 5084 3381 5136 ad
3407 5100 3491 5138 vos
3519 5085 3654 5153 ipsos
3688 5098 3785 5139 aut

2192 5171 2260 5223 ad
2284 5169 2411 5223 alias
2440 5171 2650 5224 Itwrcses
2674 5172 2994 5233 transierunt,
3032 5173 3107 5225 vel
3144 5172 3197 5225 in
3223 5174 3327 5226 suis
3352 5175 3633 5244 regionibus
3665 5179 3789 5229 noti

2190 5273 2305 5316 sunt
2334 5260 2517 5329 (Ibid.,
2547 5277 2600 5313 η.
2630 5262 2739 5331 45).
2769 5262 3124 5316 Milevitanum
3148 5265 3428 5333 quemdam
3454 5267 3781 5332 Honorium,

2191 5354 2280 5421 qui
2310 5352 2442 5406 forte
2468 5352 2648 5407 Severi
2685 5354 2736 5406 in
2762 5355 3067 5424 episcopatu
3096 5371 3387 5424 praecessor
3415 5359 3635 5424 exstitit,
3665 5374 3783 5413 no-

2192 5443 2431 5495 minatim
2471 5443 2710 5512 designat
2738 5442 2920 5514 (Ibid.,
2960 5462 3013 5498 η.
3058 5444 3169 5515 44).
3216 5447 3346 5503 Huic
3387 5446 3782 5517 Splendonium

2191 5531 2336 5586 addit
2374 5531 2425 5585 in
2468 5531 2652 5587 Galliis
2690 5534 2968 5589 diaconatu
3009 5547 3254 5602 exutum,
3287 5540 3375 5609 qui
3415 5556 3534 5594 cum
3570 5540 3781 5595 Cirtam

2193 5623 2445 5691 venisset,
2475 5640 2504 5678 a
2530 5624 2789 5680 Petiliano
2813 5627 2988 5682 denuo
3016 5627 3329 5699 baptizatus,
3358 5642 3515 5701 atque
3539 5633 3603 5687 ad
3642 5648 3783 5700 pre-

2192 5718 2407 5788 sbyterii
2435 5718 2655 5787 gradum
2686 5731 2900 5777 evectus
2945 5720 3059 5777 fuit.
3101 5723 3211 5789 Qua
3250 5739 3305 5777 re
3348 5725 3597 5793 impulsus
3633 5724 3783 5779 For.
