3990 6360
239 421 446 469 tunatus
466 406 860 464 Catholicorum
880 402 1196 458 Cirtensium
1220 397 1519 469 episcopus,
1547 400 1819 451 transmis-

238 518 325 559 sos
339 500 404 555 ad
420 515 480 554 se
502 498 642 553 illius
657 492 1105 551 exauctorationis
1120 490 1392 546 codicillos
1414 489 1586 559 palam
1614 488 1824 543 recitari

235 595 409 667 jussit.
454 593 532 646 Ac
575 588 866 644 Petilianns
904 587 1019 656 ipse
1058 582 1334 654 perﬁdiam
1376 580 1722 637 execrandam
1760 580 1827 633 ab

246 684 434 740 eodem
466 678 796 752 Splendonio
824 688 1123 746 perpessus,
1150 688 1271 727 eum
1301 680 1423 742 post
1446 670 1676 740 abjicere
1705 684 1828 723 coa-

238 786 351 829 ctus
366 780 473 825 est.
494 771 686 825 Verum
701 782 821 821 eum
839 765 1093 821 Petiliano
1107 762 1315 831 probari
1334 768 1624 830 oporteret,
1638 774 1830 827 pravos

239 880 459 936 quoque
500 862 773 918 ministros
801 857 938 929 apud
966 854 1266 910 Donatistas
1304 852 1683 923 aliquantisper
1707 850 1827 903 lali-

241 955 388 1016 tare';
434 968 714 1009 necessum
745 951 932 1005 habuit
971 948 1020 1003 ei
1054 947 1379 1018 Cyprianum
1420 944 1656 997 indicare
1686 941 1829 995 Thu-

240 1047 745 1102 bursicuburensem
773 1043 1099 1111 episcopum,
1132 1053 1289 1107 quem
1323 1050 1443 1091 cum
1470 1034 1751 1088 meretrice
1777 1033 1826 1084 in

238 1139 480 1209 lupanari
503 1136 893 1205 deprehensum
918 1131 1186 1186 Primiano
1208 1129 1459 1198 episeopo
1483 1139 1579 1181 suo
1607 1123 1831 1179 Cartha-

237 1229 447 1301 ginensi
480 1228 815 1287 obtulerant;
857 1239 887 1277 a
925 1238 1029 1292 quo
1070 1236 1133 1275 ea
1175 1219 1244 1273 de
1285 1232 1443 1273 causa
1474 1216 1752 1270 damnatus
1778 1223 1831 1267 et

238 1322 480 1390 abiectus
510 1319 710 1380 fuerat;
733 1330 831 1370 nec
858 1325 1029 1368 tamen
1057 1324 1410 1379 eorum,quos
1428 1307 1831 1376 illebaptizave-

237 1423 341 1476 rat,
361 1410 646 1479 quisquam
667 1405 983 1474 baptismum
1010 1403 1203 1457 iterare
1228 1398 1533 1468 compulsus
1555 1405 1638 1453 est
1655 1395 1826 1467 (Cant.

239 1501 361 1553 Litt.
386 1498 570 1564 Petil.,
585 1498 672 1551 lib.
694 1498 746 1559 5,
761 1513 814 1549 n.
831 1494 945 1562 40).
960 1494 1173 1547 Librum
1193 1506 1343 1545 suum
1357 1489 1552 1545 claudit
1568 1489 1712 1543 hisce
1724 1504 1834 1541 vcr-

235 1592 317 1645 bis
337 1590 618 1661 appellans
642 1588 974 1642 Donatistas:
1002 1583 1106 1638 Sed
1128 1582 1315 1636 interea
1334 1597 1440 1644 vos,
1463 1596 1587 1649 quos
1606 1580 1733 1632 inter
1756 1596 1833 1631 me

236 1691 282 1734 et
299 1681 450 1734 illum
466 1679 672 1748 judices
689 1678 852 1748 posui,
886 1676 1125 1745 sapitisne
1149 1672 1341 1742 aliquid
1368 1672 1497 1724 inter
1525 1686 1692 1723 verum
1726 1668 1831 1737 fal-

235 1787 409 1824 sumne
420 1770 726 1831 discernere,
740 1769 868 1821 inter
878 1768 1107 1835 inﬂatum
1120 1774 1164 1818 et
1183 1763 1420 1827 solidum,
1435 1762 1564 1814 inter
1580 1760 1831 1813 turbidum

236 1872 285 1913 et
306 1859 663 1926 tranquillum,
681 1858 811 1910 inter
829 1857 1073 1909 tumidum
1091 1863 1135 1907 et
1151 1870 1351 1916 sanum,
1367 1853 1496 1906 inter
1513 1852 1681 1905 divina
1698 1866 1831 1920 pra!-

235 1951 373 2003 dicta
396 1959 444 2003 et
470 1951 695 2003 humana
720 1955 1048 2019 praesumpta,
1082 1946 1215 1999 inter
1251 1943 1566 2015 probationes
1594 1951 1637 1995 et
1663 1942 1834 1994 crimi-

233 2040 492 2105 nationes,
520 2039 651 2091 inter
674 2038 973 2090 documenta
992 2045 1035 2089 et
1057 2036 1319 2104 ﬁgmenta,
1343 2034 1473 2086 inter
1494 2048 1660 2087 causa:
1678 2033 1835 2085 actio-

234 2147 359 2184 nem
395 2140 443 2184 et
476 2144 641 2183 causa
674 2128 1017 2183 eversionem?
1044 2126 1103 2181 Si
1136 2125 1335 2193 sapitis,
1362 2125 1483 2178 bene
1516 2134 1560 2177 et
1587 2133 1715 2177 recte
1742 2139 1759 2177 :
1787 2123 1832 2177 si

233 2231 410 2275 autem
429 2237 534 2274 non
560 2219 765 2287 sapitis,
792 2234 884 2273 nos
907 2217 1055 2271 vestri
1078 2232 1250 2269 curam
1268 2215 1474 2286 gessisse
1498 2231 1597 2267 non
1621 2215 1830 2285 paenite-

234 2314 337 2379 bit;
362 2314 487 2383 quia
513 2312 608 2366 etsi
627 2328 714 2364 cor
736 2321 952 2365 vestrum
972 2308 1040 2361 ad
1062 2324 1234 2378 pacem
1255 2325 1353 2361 non
1380 2308 1702 2373 convertitur,
1729 2324 1831 2376 pas:

233 2414 407 2460 nostra
431 2414 606 2457 milia:
637 2405 707 2456 ad
734 2419 826 2457 nos
855 2410 1123 2455 revertetur
1149 2398 1330 2470 (Ibid.,
1357 2416 1410 2454 π.
1442 2395 1552 2457 71).
1585 2398 1733 2465 Quod
1763 2398 1829 2452 ad

231 2495 534 2551 secundum
568 2493 807 2548 Petiliani
835 2491 1049 2555 librum,
1082 2490 1134 2543 in
1160 2503 1265 2559 quo
1305 2490 1352 2544 is
1392 2488 1459 2544 de
1496 2488 1829 2543 Maximiani-

232 2587 328 2641 stis
355 2594 608 2640 acturum
633 2599 692 2639 se
714 2581 1091 2652 promittebat;
1116 2580 1184 2635 de
1205 2594 1270 2634 eo
1290 2593 1398 2633 non
1419 2593 1574 2633 secus
1600 2578 1831 2647 loquitur

231 2675 607 2745 Augustinus,
649 2686 715 2727 ac
759 2671 826 2726 de
866 2684 1133 2739 nunquam
1161 2668 1262 2723 sibi
1292 2669 1407 2730 viso
1443 2685 1457 2721 ε
1493 2666 1701 2723 etiamsi
1729 2666 1831 2721 hoe

230 2774 574 2834 compertum
606 2763 804 2818 habere
834 2776 893 2817 se
930 2769 1172 2826 testetur,
1202 2761 1449 2815 nimirum
1482 2759 1533 2813 in
1562 2759 1650 2814 illo
1675 2758 1827 2827 nihil,

230 2855 374 2925 quod
399 2855 474 2909 sit
500 2853 699 2907 rationi
722 2861 1161 2917 consentaneum,
1193 2864 1350 2920 posse
1374 2849 1616 2918 reperiri.

302 2949 363 3003 6.
392 2948 524 3013 Quae
554 2948 608 3001 in
634 2946 740 3000 ﬁne
763 2946 1109 3014 expositionis
1137 2945 1188 2998 in
1211 2944 1475 2999 Psalmum
1503 2944 1827 3013 trigesimum

232 3048 450 3093 sextum
467 3038 651 3105 refert,
676 3052 738 3091 ea
758 3053 880 3092 cum
903 3037 1040 3091 libro
1064 3036 1317 3091 adversus
1339 3035 1647 3089 Petilianum
1677 3036 1831 3090 tertio

231 3139 444 3185 tantum
485 3130 688 3185 habent
729 3129 1030 3193 afﬁnitatis,
1072 3138 1131 3183 ut
1167 3129 1355 3183 eodem
1398 3128 1562 3183 ferme
1594 3137 1829 3199 tempore

227 3220 430 3275 factam
457 3220 528 3275 ab
554 3220 647 3274 illo
673 3219 842 3275 fuisse
872 3218 1012 3273 haud
1041 3219 1324 3273 difﬁculter
1350 3218 1660 3273 credideris.
1690 3218 1744 3273 In
1766 3236 1825 3274 ea

227 3321 467 3367 testatur
495 3313 818 3376 Douatistas,
846 3327 911 3367 eo
937 3311 1079 3381 quod
1105 3311 1496 3366 successionem
1522 3326 1669 3365 suam
1694 3311 1828 3365 tueri

226 3419 344 3459 non
374 3404 620 3471 valeant,
653 3405 882 3474 linguam
927 3404 981 3458 in
1025 3405 1196 3472 ipsum
1241 3412 1554 3458 convertere
1574 3445 1588 3469 ,
1622 3413 1676 3458 et
1703 3413 1826 3458 nota

224 3495 525 3565 ignotaque
546 3495 695 3565 juxta
720 3494 948 3550 eﬂutire.
979 3494 1106 3561 Qua:
1144 3495 1335 3560 sciunt,
1369 3495 1443 3549 ait
1468 3495 1557 3549 Vir
1581 3505 1824 3561 sanctus,

224 3589 502 3657 pressurita
527 3598 697 3641 nostra
720 3596 873 3640 sunt:
894 3587 1085 3655 fuimus
1107 3589 1237 3641 enim
1264 3588 1540 3657 aliquando
1556 3629 1569 3654 ,
1599 3590 1723 3642 sicut
1748 3589 1827 3642 di-

222 3679 295 3731 cit
329 3678 635 3747 Apostolus,
668 3678 836 3743 stulti,
864 3686 911 3731 et
938 3677 1211 3744 increduli,
1240 3688 1286 3731 et
1311 3679 1378 3731 ad
1412 3695 1556 3732 omne
1584 3696 1709 3749 opus
1736 3681 1825 3733 bo-

223 3785 362 3822 num
393 3769 589 3837 reprobi
610 3766 735 3841 (Tit.
760 3784 839 3835 In,
869 3768 947 3839 ὅ).
983 3767 1052 3822 In
1081 3785 1247 3822 errore
1273 3784 1500 3839 perverso
1529 3768 1827 3841 decipientes

224 3869 275 3912 et
304 3859 618 3912 insanientes
644 3859 832 3929 fuimus
859 3873 878 3913 :
906 3875 1008 3912 non
1036 3874 1312 3928 negamus;
1340 3869 1386 3911 et
1415 3869 1655 3928 quantum
1690 3876 1825 3930 pra:-

223 3951 445 4003 teritunt
484 3961 709 4002 nostrum
746 3966 845 4003 non
883 3965 1148 4020 negamus,
1180 3957 1317 4002 tanto
1355 3950 1514 4019 magis
1554 3948 1713 4003 Deum
1741 3951 1827 4017 qui

224 4041 388 4094 nobis
414 4040 600 4110 ignovit
636 4040 921 4095 laudamus.
956 4040 1092 4104 Quid
1129 4056 1277 4111 ergo,
1323 4040 1575 4105 hwrctice,
1620 4042 1825 4096 dimittis

222 4146 470 4193 causam,
502 4140 546 4183 et
567 4131 611 4183 is
634 4132 701 4182 ad
727 4131 977 4183 hominem
995 4130 1296 4199 ?Vituperas
1322 4130 1456 4183 mala
1486 4148 1594 4184 mea
1620 4142 1826 4200 printer-

222 4224 304 4276 ita
325 4264 343 4287 ,
372 4224 496 4293 quid
522 4240 754 4294 magnum
776 4224 944 4293 facis?
964 4223 1196 4278 Severior
1220 4240 1330 4278 sum
1354 4240 1443 4294 ego
1463 4225 1514 4277 in
1536 4225 1668 4278 mala
1693 4243 1820 4291 mea,

220 4330 398 4383 quam
425 4324 479 4367 tu
502 4315 669 4383 :quod
688 4324 740 4366 tu
764 4314 1074 4383 vituperasti,
1105 4330 1195 4385 ego
1219 4314 1472 4367 damnavi.
1500 4313 1705 4368 Utinam
1725 4316 1827 4370 vel-

222 4406 304 4458 ια
337 4404 551 4468 imitari,
581 4413 635 4456 ut
660 4412 706 4456 et
731 4420 870 4456 error
896 4412 1010 4457 tuus
1040 4404 1179 4471 fieret
1222 4404 1493 4470 aliquando
1524 4406 1819 4474 privteritus.

225 4494 397 4561 Quod
417 4504 579 4548 autem
605 4494 751 4549 modo
774 4495 1160 4566 reprehendunt,
1189 4496 1336 4551 addit
1354 4498 1699 4566 Augustinus,
1722 4516 1822 4552 non

223 4593 446 4639 norunt.
480 4584 610 4639 Sunt
635 4601 749 4656 quae
775 4586 941 4641 adhuc
976 4588 1031 4641 in
1068 4604 1147 4641 me
1182 4588 1548 4657 reprehendant
1576 4605 1595 4642 :
1617 4590 1707 4642 sed
1742 4600 1821 4643 ta-

223 4693 355 4730 men
389 4676 597 4729 multum
621 4687 694 4731 est
722 4677 791 4731 ad
828 4678 942 4732 illos
963 4719 977 4743 ,
1010 4687 1063 4732 ut
1090 4678 1196 4732 ha’c
1225 4679 1467 4732 noverint.
1499 4679 1667 4733 Multa
1691 4682 1823 4734 enim

221 4786 331 4840 ago
364 4768 420 4821 in
444 4770 822 4839 cogitationibus
848 4772 989 4837 meis,
1017 4788 1248 4842 pugnans
1268 4773 1501 4827 adversus
1523 4775 1681 4828 malas
1704 4793 1823 4847 sug-

219 4860 489 4930 gestiones
514 4877 664 4927 meas,
692 4872 737 4914 et
763 4862 951 4917 habens
980 4863 1401 4930 conflictationem
1435 4865 1741 4931 diuturnam,
1777 4877 1822 4922 et

221 4967 401 5021 prape
425 4952 710 5007 continuam
733 4970 849 5007 cum
869 4955 1219 5009 tentationibus
1240 4956 1429 5010 inimici
1449 4958 1725 5012 subvertere
1745 4976 1823 5014 me

219 5043 470 5095 volentis.
496 5041 649 5099 Cento
668 5045 735 5098 ad
755 5044 917 5099 Deum
932 5045 986 5099 in
1008 5047 1299 5115 inﬁrmitate
1323 5065 1466 5113 mea;
1486 5058 1532 5103 et
1553 5052 1685 5104 novit
1701 5051 1821 5121 quid

221 5134 457 5197 pa’rturit
481 5150 568 5187 cor
593 5152 773 5201 meum,
801 5137 887 5191 ille
908 5138 995 5207 qui
1021 5140 1154 5210 novit
1182 5149 1383 5207 partum
1411 5158 1575 5194 meum
1602 5141 1815 5215 (Enarr.

219 5227 275 5278 in
316 5224 470 5279 Psal.
502 5242 677 5289 XXXVI,
704 5245 856 5282 serat.
887 5230 939 5294 '5,
965 5246 1017 5283 η.
1043 5230 1155 5301 19).
1186 5232 1321 5295 Quid
1342 5243 1507 5286 autent
1530 5235 1704 5297 simus,
1736 5236 1821 5289 ille

220 5318 376 5370 norit
412 5318 481 5369 ad
507 5335 653 5387 quem
692 5321 934 5390 gemimus
963 5320 1148 5392 (Ibid.,
1178 5340 1230 5376 η.
1270 5321 1381 5393 20).
1413 5324 1482 5378 At
1511 5339 1613 5378 non
1645 5325 1737 5379 diu
1766 5326 1818 5379 in

218 5410 308 5462 sui
345 5408 657 5465 defensione
686 5410 1024 5478 immoratus,
1056 5414 1273 5469 liberam
1305 5416 1441 5481 illis,
1474 5417 1722 5488 quidquid
1756 5418 1820 5472 li-

220 5499 436 5565 buerit,
460 5499 525 5554 de
549 5514 609 5556 se
628 5501 901 5571 judicandi
931 5503 1055 5559 facit
1081 5515 1394 5575 potestatem
1418 5507 1468 5579 (1
1476 5508 1603 5575 bid.,
1627 5527 1680 5564 n.
1709 5510 1817 5580 19).

220 5588 684 5660 Carthaginenses
710 5606 888 5651 autem
915 5597 1226 5666 catholicos,
1255 5600 1393 5669 apud
1414 5616 1546 5672 quos
1567 5602 1819 5673 loqueba-

221 5690 341 5749 tur,
373 5686 429 5735 et
455 5696 681 5751 quorum
722 5684 776 5739 in
815 5700 873 5742 se
900 5686 1325 5744 benevolentiam
1353 5705 1414 5745 ex
1447 5707 1528 5760 ea,
1558 5707 1661 5765 qua
1701 5694 1815 5749 illos

1608 286 1809 342 LIBER
1848 284 2161 353 QUINTUS.

3396 292 3501 356 39.6

1936 396 2047 464 ipse
2089 397 2555 466 complecti-batur,
2599 396 2854 457 cbaritate
2894 413 3218 473 perspectam
3250 408 3348 465 sibi
3384 427 3505 469 esse

1930 484 2245 547 affirmabat,
2268 487 2509 541 obsecrat
2534 504 2744 543 causam
2768 491 2881 559 ejus
2905 494 3171 562 deserant,
3199 507 3251 551 et
3276 515 3334 553 ea
3357 500 3421 555 de
3446 518 3505 557 re

1930 590 2047 628 cum
2077 576 2360 630 Donatistis
2399 580 2792 634 contentionem
2820 582 3013 636 nullam
3042 586 3255 651 ineant;
3286 603 3507 661 urgeant

1932 679 2062 718 vero
2085 666 2221 719 circa
2254 664 2499 722 Ecclesia:
2525 674 2961 735 controversiain,
2987 691 3141 744 quam
3169 694 3196 730 a
3222 694 3312 733 sua
3344 682 3506 752 ipsius

1932 757 2155 827 negabat
2184 758 2288 811 ullo
2318 760 2475 813 modo
2505 762 2733 829 pendere
2765 763 2950 834 (Ibid.,
2986 785 3037 820 n.
3070 769 3181 839 20).
3210 771 3345 835 Quid
3373 776 3502 829 enim

1931 865 2020 919 ego
2047 867 2179 917 sum,
2210 852 2332 921 quid
2359 853 2815 924 sum?inquiebat.
2847 858 3109 932 Numquid
3134 862 3392 919 Catholica
3417 884 3507 938 ego

1932 941 2084 994 sum?
2112 943 2353 1009 numquid
2380 944 2645 1001 hwreditas
2670 946 2853 1003 Christi
2881 951 3067 1019 di/fusa
3102 972 3189 1026 per
3220 966 3389 1027 gentes
3418 976 3509 1029 ego

1930 1033 2083 1085 sum?
2103 1031 2297 1102 Sufﬁcit
2321 1036 2445 1088 mihi
2465 1045 2515 1089 ut
2538 1038 2589 1090 in
2611 1055 2669 1091 ea
2694 1040 2786 1093 sim
2808 1039 2991 1111 (Ibid.,
3015 1061 3066 1098 n.
3094 1044 3204 1118 19).
3231 1047 3294 1101 Ει
3320 1050 3509 1104 iterum

1931 1138 2033 1192 qua
2058 1124 2263 1179 ratione
2286 1126 2351 1180 ad
2372 1128 2448 1181 rei
2470 1136 2626 1198 caput
2646 1134 2925 1187 revocandi
2956 1136 3061 1189 sint
3089 1136 3395 1205 Donatisne,
3417 1140 3511 1195 de-

1932 1215 2097 1268 clarat
2122 1214 2175 1269 in
2201 1215 2340 1271 hunc
2371 1219 2583 1273 modum
2610 1239 2622 1273 :
2658 1220 2898 1290 Prorsus,
2926 1228 3013 1296 qui
3044 1245 3122 1283 mc
3145 1230 3269 1285 dicis
3296 1234 3505 1303 malum,

1933 1304 2044 1358 dico
2068 1314 2113 1358 et
2133 1323 2222 1378 ego
2244 1308 2347 1360 alia
2370 1309 2755 1367 innumerabilia
2783 1331 2802 1369 :
2823 1317 2920 1370 cito
2948 1325 3091 1389 aufer
3119 1321 3182 1374 de
3208 1325 3388 1390 medio,
3416 1326 3510 1395 ﬁni

1932 1412 2136 1451 causam
2160 1416 2359 1462 meam;
2385 1401 2447 1455 de
2470 1420 2522 1455 re
2545 1421 2656 1475 age,
2682 1405 2922 1462 Ecclesia:
2945 1427 3149 1466 causam
3178 1418 3396 1483 attende,
3425 1419 3509 1472 ubi

1933 1487 2001 1540 sis
2029 1488 2158 1543 vide.
2191 1488 2385 1543 Veritas
2408 1494 2495 1545 tibi
2516 1496 2763 1550 undelibet
2790 1501 3039 1570 loquatur,
3069 1507 3289 1560 esuriens
3308 1511 3508 1579 accipe;

1933 1594 1996 1631 ne
2018 1596 2271 1648 nunquam
2296 1584 2363 1635 ad
2387 1594 2432 1636 te
2460 1589 2712 1653 perveniat
2742 1592 2904 1658 panis,
2930 1594 3051 1647 dum
3074 1613 3268 1668 semper
3290 1601 3412 1667 quid
3433 1619 3511 1656 ree

1934 1671 2215 1739 pre/lendas
2241 1676 2291 1725 in
2324 1677 2522 1729 vasculo
2552 1678 2844 1745 fastidiosus
2868 1693 2912 1736 et
2940 1686 3274 1743 calumniosus
3298 1693 3510 1762 inquiris

1936 1757 2119 1830 (Ibid.,
2143 1778 2196 1815 n.
2220 1761 2332 1834 20).
2365 1764 2509 1820 Hanc
2535 1769 2825 1824 orationem
2852 1772 3166 1845 Carthagine
3185 1780 3250 1833 ab
3271 1796 3335 1835 eo
3355 1757 3504 1838 habi-

1936 1858 2041 1903 tam
2077 1851 2321 1919 diximus,
2357 1855 2613 1925 siquidem
2646 1861 2925 1917 manifesto
2956 1865 3281 1937 intelligitur,
3312 1887 3427 1926 eam
3455 1884 3509 1929 et

1933 1951 2080 1996 extra
2122 1946 2387 2013 propriam
2435 1949 2711 2019 Augustini
2758 1952 3081 2022 Ecclesium,
3128 1970 3181 2013 et
3229 1962 3280 2015 in
3320 1964 3507 2020 eadem

1933 2033 2094 2099 urbe,
2136 2034 2223 2089 ubi
2266 2037 2430 2105 ipsius
2466 2040 2839 2098 adolescentiae
2878 2057 3049 2101 errata
3086 2064 3240 2119 quam
3283 2057 3509 2112 maxime

1933 2125 2139 2195 vulgata
2163 2125 2390 2195 fuerant,
2419 2134 2809 2200 pronuntiatam
2835 2152 2953 2193 esse
2979 2139 3161 2212 (Ibid.,
3186 2161 3238 2198 n.
3269 2145 3379 2217 19).
3408 2147 3511 2203 Ita-

1931 2229 2034 2283 que
2076 2232 2181 2271 non
2227 2229 2308 2273 est
2353 2235 2450 2275 cur
2492 2223 2765 2292 miremur,
2805 2227 2851 2281 si
2895 2229 3137 2299 Cypriani
3185 2238 3508 2295 mentionem

1930 2303 2128 2359 ibidem
2166 2306 2323 2362 faciat
2354 2308 2534 2379 (Ibid.,
2576 2329 2629 2366 n.
2661 2315 2770 2386 15).
2801 2316 2879 2371 Ae
2908 2321 3077 2387 primo
3106 2323 3317 2393 quidem
3356 2339 3509 2385 antc-

1933 2412 2091 2490 quam
2123 2398 2387 2490 Psalmum
2414 2405 2769 2476 aggrediatur,
2802 2409 3141 2481 Evangelium
3177 2416 3244 2473 de
3278 2420 3508 2490 judicio,

1932 2487 2200 2581 videlicet,
2217 2489 2336 2546 Duo
2351 2494 2402 2547 in
2422 2512 2544 2566 agro
2563 2495 2773 2567 (Matth.
2792 2516 2947 2568 xxxv,
2968 2503 3077 2577 40),
3101 2516 3230 2575 etc.,
3253 2487 3512 2581 interpres

1933 2579 2365 2671 tatur(Enarr.in
2390 2583 2479 2639 Ps.
2499 2602 2676 2655 xxxw,
2694 2606 2842 2645 term.
2869 2593 2920 2659 1,
2951 2611 3003 2648 n.
3025 2595 3106 2667 2).
3133 2597 3318 2654 Habita
3344 2579 3512 2671 prima

1932 2670 2018 2725 illa
2062 2675 2315 2730 concione
2360 2678 2678 2747 cogitantem
2722 2682 2790 2738 de
2835 2686 3005 2740 reditu
3051 2689 3276 2745 assiduze
3319 2670 3512 2761 pluvia:

1932 2762 2279 2829 retinuerunt,
2304 2774 2358 2821 et
2378 2767 2586 2823 interim
2611 2786 2676 2825 ne
2705 2772 2818 2828 sine
2843 2774 3011 2831 fructu
3033 2777 3202 2833 abiret
3224 2780 3320 2835 ista
3341 2797 3510 2851 mora,

1931 2866 2054 2906 eum
2081 2854 2337 2911 Catholici
2368 2869 2638 2929 rogarunt,
2671 2872 2898 2932 coeptam
2928 2866 3166 2935 ejusdem
3206 2870 3393 2939 psalmi
3420 2885 3515 2928 ex.

1935 2946 2247 3014 positionem
2277 2952 2887 3024 prosequeretur(1bid.,
2912 2973 3063 3012 serm.
3093 2958 3147 3025 2,
3180 2976 3233 3014 η.
3262 2961 3336 3032 1).
3367 2962 3513 3029 Quo-

1931 3050 2048 3089 rum
2076 3038 2322 3107 precibus
2342 3055 2460 3093 cum
2482 3044 2774 3113 annuisset,
2799 3047 3052 3102 orationis
3072 3050 3209 3105 serie
3231 3052 3513 3121 perductus

1934 3124 1987 3177 in
2015 3126 2405 3183 Donatistarum
2434 3134 2777 3201 mentionem,
2803 3137 3072 3207 synodalis
3101 3139 3511 3197 Maximianista-

1880 3248 1883 3251 ν
1932 3232 2049 3270 rum
2089 3218 2343 3274 adversus
2383 3221 2703 3278 Primianum
2744 3229 2983 3297 cpistola:
3022 3248 3263 3300 magnam
3311 3244 3511 3303 partem

1931 3309 2171 3363 recitavit
2190 3309 2373 3380 (Ibid.,
2401 3330 2453 3366 n.
2477 3314 2567 3384 20)
2592 3334 2604 3369 :
2632 3317 2683 3370 in
2704 3332 2809 3386 quo
2829 3332 3141 3389 argumento
3166 3334 3266 3377 tam
3289 3325 3377 3379 diu
3400 3342 3513 3381 mo-

1931 3408 2076 3454 ratus
2104 3409 2220 3466 est,
2253 3410 2309 3455 ut
2339 3418 2438 3457 nec
2466 3413 2574 3458 tum
2603 3406 2816 3476 quidem
2863 3409 3125 3464 Psalmum
3161 3418 3389 3482 potuerit
3413 3416 3513 3470 ab-

1930 3491 2156 3548 solvere.
2194 3493 2344 3548 lllum
2372 3512 2498 3565 ergo
2530 3500 2683 3551 tertio
2714 3501 2943 3570 repetiit,
2978 3518 3005 3554 a
3039 3504 3146 3558 Deo
3183 3509 3297 3574 ipso
3324 3508 3512 3562 nolens

1931 3582 2117 3637 volens
2137 3596 2435 3651 revocatus,
2460 3587 2511 3641 id
2558 3598 2640 3641 est
2669 3604 2771 3643 non
2804 3592 3090 3646 secundum
3114 3594 3510 3663 dispositionem

1932 3688 2080 3728 suam
2100 3676 2417 3743 retardatus,
2442 3689 2499 3733 ut
2518 3679 2749 3735 debitum
2771 3684 2985 3737 omnino
3002 3685 3509 3760 dissolverct(1bid.,

1929 3782 2080 3819 serm.
2115 3768 2168 3831 5,
2202 3784 2256 3822 η.
2292 3768 2367 3838 1).
2400 3770 2628 3825 Curasse
2664 3772 2888 3840 videtur,
2932 3783 2989 3829 ut
3028 3777 3125 3829 alia
3168 3793 3376 3847 quoque
3404 3796 3510 3834 non

1931 3869 2130 3923 pauca,
2179 3868 2374 3926 printer
2418 3858 2924 3915 Maximianistarum
2972 3864 3263 3934 synodum,
3310 3868 3511 3921 instru-

1929 3953 2105 3999 menta
2152 3947 2217 4000 ad
2264 3948 2563 4002 Donatistas
2605 3953 2895 4020 spectantia
2942 3954 3145 4021 publice
3192 3956 3242 4009 in
3285 3958 3511 4015 ecclesia

1929 4035 2233 4106 legerentur
2256 4058 2270 4094 :
2296 4039 2555 4109 siquidem
2599 4052 2815 4098 excusat
2855 4045 3049 4098 multas
3076 4045 3316 4114 chartas,
3345 4049 3510 4104 multa

1927 4143 2045 4196 qua:
2066 4127 2118 4182 in
2142 4143 2344 4183 canone
2372 4132 2759 4201 Scripturarum
2788 4149 2891 4187 non
2923 4136 3338 4205 continerentur,
3367 4139 3509 4193 reci-

1929 4226 2034 4271 tata
2064 4234 2216 4285 esse;
2247 4236 2425 4275 verum
2449 4240 2544 4275 cur
2573 4224 2621 4277 id
2654 4225 2844 4278 factum
2872 4226 2957 4291 sit,
2983 4241 3195 4281 oausam
3219 4230 3510 4297 przebuisse

1929 4307 2247 4363 Donatistas.
2290 4309 2428 4364 Nam
2456 4313 2546 4366 etsi
2580 4314 2938 4384 reprehendent
2973 4317 3113 4384 hwc,
3149 4319 3350 4388 inquit,
3393 4323 3511 4391 quia

1925 4402 2063 4455 vobis
2096 4403 2219 4455 talia
2264 4404 2506 4473 legimus;
2548 4422 2637 4458 nos
2676 4408 3117 4476 reprehendamur,
3150 4410 3270 4463 dum
3303 4429 3387 4466 vos
3427 4414 3510 4467 in-

1926 4494 2190 4547 struamini
2213 4492 2394 4562 (Ibid.,
2419 4513 2470 4548 n.
2493 4497 2605 4565 18).
2634 4496 2959 4553 Felicianum
2984 4500 3319 4556 lllustitauum
3346 4504 3507 4559 etiam

1930 4596 2052 4639 tunc
2072 4587 2406 4654 superstitem
2427 4588 2661 4642 extitisse
2677 4590 2935 4660 signiﬁcat
2958 4590 3137 4660 (Ibid.,
3165 4610 3313 4648 serm.
3335 4593 3390 4661 2,
3416 4614 3503 4650 nn.

1928 4677 2019 4743 20,
2051 4676 2174 4748 29.);
2205 4694 2359 4747 quem
2393 4689 2574 4747 postea
2611 4681 2776 4736 ferme
2804 4700 3067 4754 nunquam
3096 4698 3376 4754 memorat,
3404 4689 3509 4744 nisi

1925 4771 2094 4824 solum
2118 4787 2132 4836 ;
2160 4772 2299 4841 quod
2328 4772 2634 4840 planissime
2655 4777 2844 4844 arguit,
2870 4777 3239 4833 Prwtextatum
3258 4779 3367 4849 jam
3390 4788 3502 4835 tum

1925 4862 1976 4916 in
2006 4864 2137 4917 vivis
2164 4879 2321 4934 agere
2345 4866 2587 4922 desiisse.
2619 4868 2805 4938 Tangit
2842 4870 3033 4924 ibidem
3064 4881 3275 4928 sanctus
3301 4874 3506 4931 Praesul

1923 4956 2173 5009 nonnulla
2205 4956 2593 5012 Donatistarum
2618 4969 2754 5025 acta,
2783 4960 2834 5015 in
2861 4963 3051 5032 quibus
3071 4964 3368 5022 Catholieos
3400 4977 3509 5024 tra-

1924 5049 2153 5103 ditorum
2186 5050 2489 5120 progeniem
2512 5052 2834 5119 vocitabant,
2863 5054 3275 5127 dictitabantque
3300 5061 3507 5129 gladios

1923 5154 2047 5194 suos
2076 5155 2296 5207 acuere;
2324 5157 2442 5209 cum
2473 5144 2581 5213 ipsi
2601 5160 2769 5215 neque
2794 5146 2964 5199 ablata
2987 5157 3308 5216 repeterent,
3334 5167 3508 5221 neque

1923 5234 2087 5287 armis
2125 5249 2244 5288 sese
2283 5234 2402 5289 aliis
2439 5252 2597 5303 quam
2628 5237 2911 5307 Evangelio
2945 5241 3421 5315 tucrentur(lbid..
3449 5263 3501 5301 η.

1927 5323 2040 5394 18).
2076 5324 2142 5378 Ει
2179 5338 2306 5378 sane
2345 5325 2557 5379 dubium
2596 5342 2697 5380 non
2727 5336 2827 5394 est,
2859 5329 2984 5398 quin
3016 5329 3115 5385 hoc
3144 5332 3271 5387 illud
3305 5335 3505 5390 instru~

1925 5424 2162 5471 mentum
2187 5417 2275 5483 sit,
2306 5418 2445 5487 quod
2470 5418 2607 5487 apud
2646 5421 3004 5489 magistratum
3033 5421 3503 5496 Carthaginensem

1926 5505 2153 5561 confecit
2176 5507 2507 5575 Primianus,
2537 5519 2745 5563 scatens
2776 5512 2948 5566 verbis
2989 5514 3040 5567 in
3075 5515 3376 5571 Catholieos
3404 5518 3501 5572 ad-

1926 5599 2139 5655 modum
2167 5600 2505 5669 conviciosis,
2532 5602 2582 5656 in
2612 5602 2802 5672 quibus
2828 5614 2880 5659 et
2906 5604 3021 5661 hazc
3045 5607 3354 5678 legebantur
3378 5609 3505 5666 :Illi

1924 5696 2160 5763 auferunt
2180 5692 2363 5762 aliena,
2383 5710 2474 5749 nos
2492 5696 2863 5754 tntermitlimus
2883 5699 3051 5754 ablata
3072 5700 3280 5769 (Contra
3299 5701 3502 5758 Cresco-
