3990 6360
530 241 634 302 827

531 368 692 430 nium,
732 361 818 418 lib.
855 357 909 428 4,
954 376 1006 414 n.
1038 358 1150 430 57).
1189 356 1339 426 Quod
1387 355 1638 424 scriptum
1678 354 1922 408 omnibus
1965 367 2111 406 com-

529 457 795 512 munionis
810 467 920 508 suae
936 449 1199 522 episcopis
1213 449 1356 504 misit
1367 449 1383 519 (
1395 447 1576 501 Enarr.
1597 447 1648 499 in
1660 445 1753 498 Ps.
1771 461 1796 496 χ
1807 459 1943 509 xxvr,
1959 459 2109 496 serm.

527 551 584 619 2,
607 573 660 608 η.
686 553 774 624 18)
800 572 813 607 :
834 567 933 608 nec
945 549 1107 618 aliud,
1131 557 1189 604 ut
1207 547 1424 602 credere
1443 547 1584 609 licet,
1607 544 1929 609 continebat,
1953 557 2110 613 quam

528 644 930 717 responsionem
954 641 1022 696 ab
1049 656 1114 696 eo
1141 640 1401 709 vulgatam
1429 651 1568 691 anno
1594 633 2110 705 quadringentesimo

531 738 687 792 tertio
707 737 813 806 jam
835 743 1062 790 exeunte
1088 746 1271 786 mense
1297 728 1584 798 septembri
1612 743 1627 784 :
1651 742 1754 796 quo
1782 736 2017 795 tempore
2043 725 2109 780 de

529 828 794 898 colloquio
836 842 956 881 cum
999 823 1286 880 Calholicis
1335 820 1564 876 ineundo
1606 819 1968 889 interpellatus
2002 829 2103 872 est.

526 917 744 973 Constat
766 917 907 972 enim
934 932 1055 972 eum
1087 925 1211 969 tunc
1239 913 1290 968 in
1316 911 1455 966 hunc
1484 911 1698 966 modum
1727 910 2064 980 respondisse
2089 929 2101 965 :

527 1008 802 1080 Indignum
827 1018 917 1069 est,
945 1017 997 1061 ut
1025 1008 1075 1060 in
1100 1023 1254 1060 unum
1284 1003 1576 1057 conveniant
1610 1003 1707 1072 ﬁlii
1733 1012 2026 1073 martyrum,
2059 1012 2105 1057 et

525 1100 784 1170 progenies
808 1098 1104 1152 traditorum
1127 1094 1329 1166 (Codice
1349 1094 1605 1148 Canonum
1629 1093 1814 1164 Afric.,
1837 1109 1985 1146 cann.
2010 1094 2068 1148 9i
2084 1135 2098 1160 ,

523 1190 612 1256 92,
645 1190 784 1262 etc.).
822 1189 877 1245 In
906 1190 1005 1244 hoc
1044 1189 1200 1259 igitur
1231 1203 1407 1242 rerum
1451 1194 1587 1241 statu
1628 1187 1982 1256 Augustinus,
2013 1188 2098 1256 qui

522 1282 728 1352 synodo
771 1280 1169 1349 Carthaginensi
1217 1280 1442 1348 septimo
1491 1278 1737 1332 calendas
1785 1277 2100 1347 septembris

521 1373 856 1436 interfuerat,
893 1372 1156 1427 Psalmum
1196 1369 1521 1439 trigesimum
1558 1378 1787 1433 sextum,
1819 1378 2097 1438 antequam

521 1465 813 1534 Hipponem
836 1463 1050 1529 rediret,
1075 1463 1317 1531 exposuit
1341 1481 1352 1515 :
1377 1477 1496 1516 cum
1520 1461 1628 1530 jam
1648 1461 1801 1514 tertio
1820 1460 1953 1514 libro
1973 1475 2101 1514 con-

520 1566 598 1609 tra
639 1555 948 1609 Petilianum
972 1595 986 1620 ,
1017 1569 1120 1606 non
1151 1553 1309 1622 longo
1343 1561 1466 1606 ante
1493 1562 1730 1619 tempore
1749 1591 1762 1613 ,
1796 1566 2096 1620 supremam

517 1664 734 1702 manum
762 1643 1122 1716 imposuisset.
1161 1645 1240 1698 Ad
1279 1644 1394 1698 haec
1432 1645 1560 1698 citat
1588 1643 1910 1713 Augustinus
1933 1658 1997 1696 ex
2029 1643 2095 1696 li-

516 1738 677 1805 bello,
706 1753 862 1808 quem
893 1736 1191 1791 Primianus
1219 1735 1284 1789 ad
1317 1734 1681 1804 magistratum
1713 1732 2092 1802 Carthaginen-

515 1846 628 1885 sem
673 1828 968 1892 detulerat,
1019 1827 1106 1880 illa
1152 1825 1311 1880 verba
1356 1843 1368 1877 :
1418 1824 1658 1878 Parentes
1705 1833 1899 1876 nostros
1945 1820 2096 1889 vestri

515 1925 731 1990 majores
760 1919 909 1971 variis
941 1917 1129 1971 exsiliis
1166 1923 1464 1969 vexaverant
1508 1912 1609 1985 (Ad
1651 1913 1939 1966 Donatistas
1982 1922 2093 1982 post

512 2010 722 2076 Collat.,
760 2026 812 2063 η.
849 2008 974 2079 20);
1015 2023 1218 2062 necnon
1255 2015 1308 2060 et
1348 2005 1532 2059 isthmc
1575 2005 1671 2057 alia
1702 2022 1714 2056 :
1747 2003 1837 2057 Illi
1867 2017 2087 2074 portant,

514 2100 802 2170 inquiebat,
827 2101 1094 2152 multorum
1121 2099 1476 2167 imperatorum
1501 2111 1689 2159 sacras,
1720 2111 1809 2148 nos
1837 2098 1944 2148 sola
1965 2095 2090 2161 olfe-

511 2193 672 2246 rimus
700 2192 974 2262 Evangelia
1004 2188 1187 2259 (Ibid.,
1221 2205 1274 2241 η.
1303 2187 1412 2256 55).
1444 2187 1764 2256 Augustinus
1789 2194 1909 2256 post
1929 2188 2090 2242 libros

511 2291 695 2338 contra
725 2281 1060 2344 Petilianum,
1093 2293 1184 2333 eos
1216 2278 1449 2346 proxime
1475 2285 1736 2341 recenset,
1759 2277 1845 2345 qui
1877 2277 1926 2330 in
1957 2275 2087 2330 Cre-

459 2432 462 2436 ,
509 2375 746 2429 sconium
778 2373 1135 2427 inscribuntur
1157 2369 1406 2439 (Retract.
1432 2369 1518 2421 lib.
1539 2369 1594 2431 2,
1618 2385 1731 2438 cap.
1754 2367 1870 2437 26),
1900 2384 2086 2436 quam-

508 2464 587 2517 vis
621 2463 717 2518 hos
742 2463 956 2517 ultimos
986 2477 1090 2514 non
1118 2467 1240 2513 ante
1276 2473 1472 2512 annum
1511 2457 2083 2526 quadringentesimum

506 2556 748 2626 quintum
775 2553 1181 2608 elucubraverit.
1213 2549 1362 2618 Quod
1391 2551 1568 2619 utique
1598 2548 1792 2603 factum
1820 2558 2081 2617 putamus,

504 2645 575 2698 ob
617 2643 911 2714 argumenti
956 2641 1324 2711 cognationem
1361 2658 1374 2695 :
1405 2655 1522 2694 cum
1567 2640 1804 2708 utrisque
1842 2639 2083 2693 Petiliani

504 2732 726 2802 epistola
753 2732 1084 2786 occasionem
1107 2730 1331 2786 dederit.
1354 2729 1463 2783 Nec
1486 2729 1609 2783 hinc
1633 2729 1907 2798 quisquam
1935 2727 2083 2781 facile

504 2826 655 2880 nobis
690 2824 1031 2893 persuadeat,
1061 2824 1198 2878 inter
1226 2832 1507 2892 utrumque
1545 2835 1678 2891 Opus
1716 2821 1912 2874 nullum
1939 2819 2080 2873 aliud

502 2913 736 2967 medium
764 2913 1043 2982 prodiisse.
1083 2913 1194 2968 Nec
1235 2927 1332 2966 nos
1378 2919 1553 2965 tamen
1589 2911 1750 2964 ullum
1793 2909 2079 2978 interjicie-

501 3018 640 3069 mus,
678 3004 730 3058 ni
765 3003 900 3059 forte
927 3012 1209 3074 suppetant
1234 3002 1625 3058 evidentissima
1665 3011 1988 3070 argumenta,
2026 3009 2081 3054 ut

500 3093 802 3163 Augustini,
834 3102 1086 3164 quantum
1115 3094 1167 3148 in
1199 3093 1349 3149 nobis
1379 3101 1488 3160 est,
1520 3091 1694 3147 ordini
1733 3091 1965 3146 studiose
1992 3092 2076 3146 in-

496 3186 766 3241 sistamus.

1080 3275 1308 3330 CAPUT
1349 3274 1440 3330 ΙΧ.

498 3363 527 3420 1
561 3364 640 3420 De
666 3368 863 3422 statutis
885 3368 1140 3421 nonnullis
1165 3368 1364 3421 concilii
1393 3365 1674 3420 Milevitani
1697 3366 1860 3436 primi.
1892 3365 1928 3419 2
1953 3364 2074 3420 Pro-

568 3460 682 3530 pria
713 3458 1055 3514 Maximianus
1083 3459 1375 3530 Bagaiensis
1406 3467 1608 3528 propter
1635 3456 1872 3511 Ecclesia:
1900 3474 2072 3528 pacem

567 3557 616 3601 et
638 3550 955 3602 commodum
984 3560 1161 3618 sponte
1188 3549 1317 3603 cedit
1341 3549 1666 3619 episcopatu:
1690 3549 1741 3601 in
1764 3565 1862 3620 quo
1886 3558 1936 3601 ut
1959 3553 2070 3619 fra—

563 3639 628 3692 tri
650 3656 741 3694 suo
765 3641 1032 3705 succedat,
1060 3621 1315 3695 Castorius
1348 3649 1573 3710 urgetur.
1607 3641 1640 3694 5
1677 3641 1981 3711 Augustinus
2011 3658 2069 3694 ac

564 3728 904 3800 Hieronymus
934 3730 1023 3783 sub
1049 3731 1201 3800 hujus
1230 3730 1351 3783 anni
1375 3731 1527 3798 ﬁnem
1555 3731 1742 3783 litteras
1768 3731 1899 3783 ultro
1919 3731 2070 3784 citro-

558 3837 654 3890 que
675 3822 893 3876 scribunt
916 3823 984 3875 ad
1010 3823 1238 3876 invicem.
1263 3823 1297 3877 4
1314 3822 1455 3876 Alias
1474 3839 1666 3894 quoque
1686 3839 1819 3876 anno
1841 3825 2066 3892 proxime

555 3913 886 3980 subsequenti.

557 4003 608 4056 l.
649 4001 763 4056 Hoc
794 4017 934 4056 anno
971 4002 1252 4056 concilium
1289 4002 1538 4072 generale
1565 4002 1865 4058 Africanum
1891 4003 2062 4058 Milevi

484 4091 537 4146 in
567 4091 807 4146 Numidia
835 4102 984 4148 sexto
1007 4093 1262 4165 kalendas
1300 4095 1616 4162 septembris
1644 4103 1817 4149 actum
1843 4105 1943 4150 est.
1979 4096 2064 4149 Vi-

484 4183 658 4237 dimus
673 4183 890 4256 (Supra,
915 4201 1028 4254 cap.
1062 4183 1116 4256 6)
1141 4200 1280 4238 anno
1307 4185 1585 4254 snperiuri,
1620 4185 1940 4255 Xantippum
1975 4188 2056 4241 in-

484 4281 565 4327 ter
587 4288 650 4328 ac
670 4273 996 4329 Victorinum
1021 4274 1384 4330 intercessisse
1406 4275 1710 4330 nonnullam
1742 4277 1807 4330 de
1832 4277 2056 4346 primatu

481 4367 878 4421 contentionem
907 4385 918 4419 :
948 4367 1267 4438 Xantippum
1302 4375 1477 4422 autem
1504 4368 1613 4436 jam
1642 4377 1764 4422 ante
1797 4369 2056 4437 paschalia

482 4458 761 4527 praesentis
788 4459 910 4512 anni
939 4459 1157 4528 hujusce
1176 4459 1444 4528 dignitatis
1464 4461 1686 4529 potitum
1712 4474 1726 4525 ;
1758 4461 1951 4529 quippe
1970 4462 2053 4516 cui

479 4564 602 4603 eum
649 4549 855 4603 titulum
895 4549 1083 4604 litteris
1114 4549 1216 4603 hoc
1243 4551 1357 4618 ipso
1385 4559 1622 4619 tempore
1647 4550 1781 4604 datis
1809 4551 2055 4606 detulerit

479 4640 824 4710 Augustinus.
870 4641 1026 4710 Atqui
1069 4640 1276 4694 videtur
1319 4640 1502 4694 eadem
1543 4643 1899 4695 controversia
1946 4658 2050 4696 non

476 4731 657 4800 paucis
687 4731 895 4785 concilii
924 4732 1209 4785 Milevitani
1235 4731 1548 4798 canonibus,
1580 4732 1667 4800 qui
1695 4747 1814 4786 cum
1839 4733 1926 4786 illa
1954 4733 2046 4788 ha-

473 4821 601 4876 bent
627 4821 823 4891 aliquid
852 4821 1122 4875 afﬁnitatis
1147 4862 1161 4886 ,
1206 4822 1536 4875 occasionem
1580 4821 1885 4890 przebuisse.
1917 4823 2048 4878 Nam

472 4911 788 4968 Valentinus
830 4914 1114 4983 episcopus
1159 4913 1210 4967 id
1250 4913 1534 4982 postulavit
1559 4911 1775 4967 decreto
1804 4915 2045 4981 stabiliri,

471 5003 613 5072 quod
643 5004 780 5058 inter
807 5004 1085 5074 episcopos
1106 5005 1374 5073 nunquani
1408 5019 1512 5057 non
1547 5003 1864 5070 obtinuerat,
1897 5005 2049 5059 nimi-

471 5110 590 5150 rum
618 5105 676 5148 ut
693 5111 876 5150 eorum
904 5095 1036 5151 ordo
1056 5110 1120 5150 ex
1139 5095 1446 5164 antiquitate
1466 5095 1875 5150 consecrationis
1903 5103 2048 5165 pete-

469 5196 617 5240 retur
645 5185 849 5258 (Codice
869 5184 1062 5241 Canon.
1086 5186 1268 5258 Arria,
1309 5203 1423 5239 can.
1455 5184 1570 5257 86).
1600 5186 1666 5240 Et
1700 5186 1802 5242 hoc
1831 5187 2044 5258 quidem

471 5275 792 5345 postulatum
823 5277 1040 5332 Aurelio
1070 5279 1346 5346 probatum
1387 5285 1500 5344 est,
1533 5287 1587 5332 et
1618 5285 1798 5346 postea
1826 5287 2044 5348 rogante

468 5364 735 5434 Xantippo
761 5365 990 5422 universi
1020 5369 1228 5422 concilii
1254 5370 1468 5424 calculis
1487 5369 1870 5434 conﬁrmatum,
1893 5371 2044 5426 salvo

468 5467 645 5512 tamen
671 5456 791 5526 jure
814 5457 1076 5512 Numidia:
1100 5473 1162 5512 ac
1181 5458 1502 5513 Mauritanire
1525 5459 1827 5529 primatum,
1851 5461 1936 5531 qui
1959 5477 2044 5516 re-

467 5548 642 5617 liquos
662 5547 859 5616 forsan,
886 5549 1044 5603 etiam
1065 5548 1389 5618 antiquiores
1415 5550 1799 5619 prmcedebant.
1824 5552 2043 5621 Reperi-

467 5652 586 5694 mns
622 5638 809 5695 saltem
839 5639 1119 5703 primatem
1155 5639 1410 5696 Numidia:
1446 5641 1733 5698 secundum
1765 5658 1793 5698 a
1817 5643 2036 5709 Cartha-

1620 237 1778 294 VITA
1818 238 1875 292 S.
1917 231 2278 291 AUGUSTINI
2319 232 2637 297 EPISCOI’I.

3688 254 3784 312 328

2219 353 2421 423 ginensi
2441 356 2691 428 episcopo
2709 355 3042 415 subscribere
3063 358 3200 415 haud
3227 360 3606 434 infrequenter.
3628 367 3783 425 Cirta:

2218 447 2416 514 pariter
2459 463 2553 502 seu
2594 447 2987 516 Constantium,
3031 465 3152 520 quae.
3199 452 3366 508 civilis
3389 465 3507 510 erat
3531 457 3786 517 Numidiae

2216 539 2552 607 metropolis,
2587 540 2876 594 antistitem
2913 555 3020 594 non
3049 549 3248 598 temere
3271 545 3562 602 credideris
3602 552 3784 618 praeci-

2214 642 2372 695 puum
2399 629 2629 698 aliquem
2658 630 2831 683 locum
2865 630 2964 684 sibi
3004 631 3332 699 vindicasse;
3361 637 3782 708 quandoquidem

2213 715 2265 773 in
2296 716 2532 785 epistola:
2556 719 2828 786 cujusdam
2861 720 3199 790 inscriptione
3241 723 3438 793 (Epist.
3469 727 3582 792 53),
3612 729 3783 799 Alypii

2211 816 2368 875 atque
2397 808 2676 877 Augustini
2716 809 2928 863 nomina
2959 825 3065 864 non
3107 811 3206 867 nisi
3249 825 3365 882 post
3404 815 3675 872 Fortunati
3711 821 3783 874 le-

2207 909 2436 966 guntur;
2474 899 2545 954 de
2585 915 2691 970 quo
2722 908 2895 954 tamen
2919 902 3283 958 existimamus
3307 905 3662 962 dubitaturum
3694 926 3784 965 ne-

2208 987 2425 1054 minem,
2453 989 2580 1059 quin
2606 989 2693 1045 hic
2716 990 3036 1047 Fortunatus
3063 994 3151 1049 ille
3180 995 3249 1048 sit
3281 995 3538 1051 Cirtensis
3579 999 3784 1068 episco-

2208 1095 2345 1148 pus,
2397 1097 2553 1150 quem
2598 1092 2807 1138 constat
2847 1084 3142 1154 Augustino
3198 1096 3434 1157 tempore
3483 1090 3781 1148 inferiorem

2205 1171 2388 1225 fuisse.
2421 1171 2476 1225 In
2505 1173 2690 1227 eodem
2713 1189 2924 1244 quoque
2948 1176 3176 1231 concilio
3201 1177 3549 1234 decreverunt
3578 1181 3780 1250 Patres,

2205 1267 2246 1317 si
2269 1265 2388 1334 quis
2417 1267 2580 1319 semel
2611 1268 2658 1319 in
2688 1267 2911 1321 ecclesia
2937 1269 3108 1338 aliqua
3135 1268 3377 1339 legisset,
3419 1271 3470 1324 id
3499 1273 3780 1339 sufﬁcere,

2203 1364 2260 1406 ut
2306 1355 2419 1422 ejus
2466 1355 2633 1409 lector
2678 1357 2970 1421 habeatur,
3026 1374 3122 1413 nec
3169 1359 3244 1412 illi
3293 1362 3512 1430 posthac
3540 1364 3592 1417 in
3622 1365 3781 1419 aliam

2203 1445 2428 1498 transire
2477 1445 2545 1498 sit
2590 1444 2816 1498 liberum
2855 1445 3058 1515 (Codice
3081 1447 3274 1502 Canon.
3302 1451 3487 1521 Afric.,
3515 1468 3628 1505 can.
3661 1453 3778 1522 90).

2200 1532 2298 1588 Cui
2339 1535 2628 1588 sanciendo
2664 1535 2886 1590 forsitan
2925 1537 3139 1592 decreto
3167 1554 3379 1594 causam
3412 1541 3637 1611 praebuit
3662 1553 3780 1599 orta

2200 1623 2336 1677 inter
2361 1625 2707 1693 Augustinum
2746 1636 2798 1681 et
2836 1628 3087 1683 Severum
3113 1633 3471 1688 controversia
3499 1637 3779 1693 occasione

2198 1712 2460 1768 Timothei
2489 1714 2677 1784 (Epist.
2703 1715 2828 1788 65);
2860 1716 2928 1772 de
2950 1734 3051 1788 qua
3077 1723 3318 1789 superius
3343 1721 3492 1792 (Cap.
3518 1725 3590 1795 7).

2266 1805 2321 1858 2.
2362 1806 2506 1860 Idem
2545 1809 2827 1862 concilium
2851 1809 3166 1865 Maximiano
3201 1813 3472 1882 Bagaiensi
3501 1818 3772 1889 episcopo,

2198 1895 2415 1966 ejusque
2438 1899 2578 1966 plebi
2602 1900 2836 1954 scribere
2857 1903 3130 1956 constituit
3155 1921 3168 1956 :
3195 1904 3266 1957 illi
3297 1914 3351 1958 ut
3376 1905 3443 1959 ab
3467 1909 3776 1978 episcopatu

2197 2003 2316 2043 sese
2343 1989 2632 2055 abdicaret,
2665 1990 2746 2044 his
2770 1999 2827 2044 ut
2851 1991 2918 2046 de
2957 1993 3061 2046 alio
3097 1993 3195 2046 sibi
3223 1994 3273 2047 in
3305 1995 3609 2066 episcopum
3638 2000 3780 2054 deli-

2193 2079 2365 2148 gendo
2413 2081 2710 2150 cogitarent
2753 2080 2956 2151 (Codice
3005 2081 3200 2136 Conon.
3248 2084 3447 2156 ,Δρ-ἔα,
3491 2104 3604 2140 can.
3653 2091 3777 2160 88).

2192 2173 2378 2226 Exstat
2397 2174 2673 2243 Augustini
2693 2175 2913 2242 epistola
2938 2174 3128 2245 (Epist.
3151 2176 3263 2246 69),
3294 2193 3412 2246 qua:
3441 2179 3776 2249 planissime,

2192 2273 2252 2318 ut
2271 2263 2379 2332 jam
2410 2265 2477 2317 ab
2505 2265 2622 2318 aliis
2653 2274 2737 2319 est
2761 2265 3119 2334 observatum,
3151 2282 3268 2321 cum
3295 2268 3396 2322 hoc
3417 2285 3620 2326 canone
3643 2288 3782 2326 con-

2191 2355 2351 2406 sentit
2377 2371 2390 2408 :
2420 2355 2677 2424 siquidem
2707 2356 2757 2408 in
2789 2371 2851 2410 ea
2883 2357 3129 2426 legimus,
3162 2357 3536 2414 Maximianum
3563 2362 3780 2430 episco-

2190 2458 2313 2511 pum
2344 2445 2596 2500 Ecclesia:
2628 2445 2938 2514 Vaginensis
2959 2447 3176 2517 ejusque
3203 2449 3416 2504 fratrem
3447 2449 3776 2516 Castorium,

2189 2535 2396 2604 ejurato
2416 2536 2600 2589 Donati
2617 2536 2859 2602 discidio,
2883 2537 2933 2589 in
2958 2537 3210 2592 Ecclesiae
3234 2539 3492 2608 gremium
3514 2541 3776 2609 rediisse;

2188 2627 2426 2682 laetitiam
2457 2642 2584 2682 vero
2603 2667 2618 2693 ,
2649 2643 2807 2697 quam
2833 2642 2930 2682 suo
2959 2627 3133 2683 reditu
3161 2630 3486 2697 attulerant,
3514 2633 3777 2690 seandalo

2185 2733 2370 2775 contra
2401 2721 2774 2775 Maximianum
2815 2720 3072 2775 diabolica
3107 2719 3294 2777 fraude
3323 2723 3575 2779 suscitato
3602 2725 3781 2782 inten-

2187 2813 2468 2867 turbatam.
2505 2813 2882 2868 Verumtamen
2930 2815 3070 2869 Deus
3114 2815 3458 2871 offensionem
3501 2818 3642 2872 illam
3701 2822 3778 2876 ita

2183 2905 2411 2970 sedavit,
2436 2913 2494 2958 ut
2517 2905 2639 2959 inde
2659 2906 2775 2975 plus
2796 2904 3078 2976 voluptatis
3093 2915 3305 2975 caperet
3325 2906 3582 2974 Ecclesia,
3605 2926 3777 2979 quam

2183 3005 2306 3051 ante
2351 3012 2416 3051 ex
2468 2996 2718 3050 seandalo
2773 3006 2988 3067 ceperat
3042 2997 3386 3068 mgritudinis.
3437 2999 3572 3054 Cum
3619 3003 3776 3058 enim

2181 3089 2527 3144 Maximianus
2555 3089 2902 3160 intelligeret,
2936 3089 3191 3144 honorem
3233 3092 3584 3161 episcopalem
3627 3097 3777 3149 reti-

2180 3197 2309 3235 nere
2347 3196 2404 3236 se
2436 3197 2542 3234 non
2580 3196 2767 3250 posse,
2796 3185 2919 3251 quin
2961 3181 3199 3236 Ecclesia
3227 3183 3367 3252 turpi
3393 3184 3773 3251 dissensione,

2178 3289 2295 3343 quae
2317 3272 2449 3326 forte
2470 3272 2666 3326 Christi
2693 3273 2944 3327 membris
2969 3288 3213 3342 magnam
3235 3289 3446 3344 quoque
3471 3276 3774 3344 perniciem

2177 3365 2397 3418 allatura
2428 3370 2602 3427 esset,
2625 3364 2932 3433 agitaretur,
2960 3363 3129 3432 posita
3153 3363 3408 3432 dignitate
3437 3365 3763 3432 declaravit,

2177 3471 2236 3512 se
2258 3473 2361 3510 non
2390 3471 2506 3525 quze
2526 3471 2618 3510 sua
2642 3463 2840 3522 essent,
2869 3456 2962 3510 sed
2983 3471 3102 3525 quae
3128 3457 3252 3513 Jesn
3273 3459 3466 3512 Christi
3495 3475 3772 3530 quaerere;

2175 3547 2242 3599 ab
2273 3547 2730 3601 schismaticorum
2761 3545 2996 3614 partibus
3022 3547 3230 3600 sincero
3246 3549 3514 3603 charitatis
3531 3565 3593 3604 ac
3612 3553 3776 3619 pacis

2175 3637 2350 3692 studio
2396 3636 2778 3707 transfugisse;
2825 3636 2926 3691 sibi
2956 3651 3136 3690 veram
3177 3637 3351 3693 inesse
3379 3638 3770 3706 humilitatem,

2172 3744 2237 3783 ac
2276 3728 2502 3796 denique
2547 3727 2828 3782 :ediﬁcium
2851 3767 2867 3794 ,
2913 3727 3052 3797 quod
3089 3728 3205 3797 ejus
3235 3729 3286 3783 in
3315 3730 3491 3785 animo
3517 3731 3775 3788 Christus

2171 3822 2448 3883 excitarat,
2473 3821 2606 3874 adeo
2630 3820 2838 3874 ﬁrmum
2869 3835 3008 3886 esse,
3038 3829 3094 3875 ut
3119 3831 3222 3874 tam
3245 3822 3486 3877 molestm
3508 3829 3774 3880 tentatio-

2170 3912 2251 3964 nis
2280 3911 2570 3981 procellam
2593 3911 2969 3966 inconcussum
2998 3913 3302 3967 sustineret.
3330 3913 3456 3967 Post
3469 3913 3584 3983 ejus
3603 3916 3775 3970 abili-

2167 4004 2434 4056 cationem
2480 4003 2681 4056 electus
2720 4011 2834 4069 est,
2886 4003 2974 4072 qui
3015 4003 3064 4057 ei
3104 4004 3444 4069 succederet,
3475 4005 3772 4064 Castorius

2167 4109 2453 4162 germanus
2494 4094 2610 4162 ejus
2649 4097 2828 4148 frater.
2874 4094 3058 4157 Ilunc,
3098 4111 3164 4149 ne
3192 4096 3461 4166 dignitatis
3490 4099 3642 4152 istius
3677 4102 3770 4154 vi-

2166 4185 2340 4238 tandae
2383 4200 2540 4239 causa
2590 4185 2830 4254 fugeret,
2878 4195 3059 4240 tenere
3094 4187 3226 4256 jnssi
3254 4198 3376 4242 sunt
3396 4189 3769 4260 Vagincnses.

2166 4276 2390 4347 Alypius
2419 4285 2593 4330 autem
2619 4285 2776 4345 atque
2801 4277 3123 4347 Augustinus
3149 4279 3392 4333 eumdem
3423 4295 3516 4348 per
3542 4281 3769 4338 litteras

2164 4367 2362 4420 hortati
2407 4375 2565 4434 sunt,
2614 4376 2669 4420 ut
2695 4368 3054 4436 episcopatum
3099 4368 3391 4438 susciperet
3439 4369 3764 4429 Maximiani

2161 4457 2342 4510 fratris
2369 4458 2472 4522 sui,
2499 4472 2654 4526 quem
2687 4458 2784 4526 ipsi
2827 4458 2990 4511 ﬁlium
3028 4474 3180 4512 suum
3223 4468 3444 4527 vocant,
3485 4472 3648 4531 atque
3681 4466 3767 4520 ob

2161 4550 2514 4602 voluntariam
2545 4551 2744 4619 proprii
2773 4551 3008 4604 muneris
3037 4551 3420 4605 abdicationem
3463 4555 3766 4623 exquisitis

2101 4628 2108 4636 ’
2159 4640 2404 4694 laudibus
2422 4650 2829 4710 prosequuntur.
2860 4641 3004 4696 llanc
3026 4641 3356 4710 potissimum
3381 4642 3602 4698 habebat
3627 4661 3766 4715 pra:

2157 4734 2328 4787 oculis
2357 4734 2701 4802 Augustinus,
2729 4748 2849 4787 cum
2879 4735 3078 4803 aliquot
3104 4743 3220 4802 post
3249 4735 3404 4788 annis
3435 4735 3765 4794 Donatistas

2153 4824 2514 4892 alloqueretur
2543 4823 2593 4877 in
2625 4823 2738 4878 haec
2762 4823 2918 4878 verba
2945 4841 2956 4876 :
2987 4823 3236 4878 Nonnulli
3260 4835 3433 4879 sancta
3452 4825 3767 4886 humilitate
3817 4824 3822 4828 Ἰ

2155 4918 2353 4987 prwditi
2379 4918 2494 4982 viri,
2526 4927 2730 4988 propter
2756 4919 2986 4986 quantum
3011 4918 3062 4970 in
3093 4935 3146 4971 se
3178 4917 3485 4984 offendicula
3506 4960 3521 4985 ,
3553 4921 3763 4988 quibus

2153 5009 2236 5078 pie
2273 5008 2600 5078 religioseque
2640 5009 2982 5073 movebantur,
3028 5009 3343 5078 episcopatus
3380 5010 3596 5080 oﬁ'icium
3631 5029 3760 5068 non

2151 5097 2313 5152 solum
2352 5099 2462 5151 sine
2500 5098 2682 5167 culpa,
2727 5113 2898 5150 verum
2935 5099 3085 5150 etiam
3118 5115 3233 5150 cum
3273 5099 3424 5152 laude
3458 5113 3763 5169 posuerunt

2153 5188 2365 5258 (Contra
2383 5188 2726 5252 Cresconium,
2747 5187 2834 5241 lib.
2860 5187 2913 5251 2,
2934 5205 2986 5240 n.
3014 5186 3119 5259 i5).
3143 5187 3319 5243 Visuri
3341 5205 3525 5244 sumus
3545 5190 3610 5246 ad
3639 5206 3759 5247 an-

2151 5295 2274 5333 num
2319 5277 2890 5349 quadringentesimum
2941 5289 3182 5347 quartum
3232 5279 3622 5335 Donatistarum
3686 5283 3759 5338 in

2149 5371 2520 5426 Maximianum
2549 5371 2894 5439 Bagaiensem
2917 5384 3010 5423 seu
3038 5369 3388 5440 Vaginensem
3416 5371 3754 5442 episcopum

2147 5463 2435 5532 stupendas
2481 5461 2838 5516 crudelitates.
2896 5461 3075 5514 Primo
3118 5461 3331 5531 quidem
3387 5461 3527 5516 hunc
3572 5463 3754 5520 illum

2149 5553 2309 5610 fuisse
2337 5554 2707 5607 Maximianum
2728 5595 2742 5618 ,
2772 5551 2838 5607 de
2879 5567 2981 5622 quo
3007 5549 3092 5605 hic
3118 5554 3308 5621 agitur,
3336 5551 3580 5621 opinatus
3602 5565 3758 5609 erat

2149 5645 2438 5703 Duronius:
2467 5646 2657 5701 deinde
2697 5658 2825 5700 vero
2862 5642 3102 5700 diversos
3135 5657 3281 5709 esse,
3298 5657 3358 5698 ac
3391 5641 3756 5700 diversarum
