3990 6360
199 454 409 511 aedium
434 449 705 506 antistites
729 445 1013 503 affirmavit
1038 443 1331 516 (Baronius,
1361 442 1428 497 ad
1447 459 1635 496 annum
1660 440 1787 509 £02,

199 561 258 597 π.
287 541 401 612 62).
425 540 589 608 Cujus
609 545 877 611 postrema
905 534 1165 591 sententia
1189 535 1240 589 in
1261 549 1327 589 eo
1348 548 1559 604 quoque
1584 531 1677 586 niti
1698 546 1793 601 po-

222 642 327 700 est,
358 631 507 702 quod
524 630 855 701 Augustinus
876 627 1198 697 peculiarem
1233 624 1371 691 odii,
1404 638 1511 693 quo
1540 623 1592 677 in
1622 621 1789 676 Maxi-

262 727 439 779 ianum
479 723 843 779 confessorem
883 718 1173 789 ﬂagrabant
1211 717 1497 770 Donatista:
1522 756 1537 780 ,
1577 728 1791 768 causam

188 804 399 892 irefert;
433 830 535 870 nec
556 825 734 872 tamen
759 812 887 867 dicit
909 812 1078 879 ipsum
1105 823 1289 862 eorum
1308 815 1489 876 partes
1513 804 1793 875 aliquando

188 912 470 970 "secutum,
512 903 651 974 quod
674 902 859 972 utique
880 901 944 955 ad
966 899 1180 954 eosdem
1204 898 1256 951 in
1281 898 1425 951 illum
1448 893 1793 951 concitandos

184 988 329 1050 lsatis
348 1010 622 1063 superque
641 993 896 1046 valuisset
914 989 1106 1060 (Epist.
1132 988 1256 1051 185,
1280 1004 1366 1039 nn.
1391 985 1479 1046 27,
1502 983 1616 1054 28).

180 1064 193 1155 ᾗ
270 1086 322 1139 5.
369 1084 486 1138 Hoc
516 1084 637 1153 ipso
673 1098 814 1135 anno
841 1078 1364 1150 quadringentesimo
1393 1074 1659 1139 secundo,
1692 1073 1791 1128 nisi

205 1192 304 1233 nos
342 1176 485 1230 fallit
520 1175 859 1244 conjectura,
892 1170 1215 1241 Augustinus
1256 1169 1631 1237 Hieronymum
1671 1165 1791 1220 data

201 1269 427 1337 epistola
458 1266 480 1338 (
508 1266 673 1335 Epist.
704 1264 811 1334 67)
837 1263 1078 1332 rogavit,
1112 1271 1169 1314 ut
1194 1260 1292 1314 sibi
1324 1259 1389 1312 ad
1420 1258 1625 1313 litteras
1662 1257 1795 1312 alias

203 1360 221 1425 (
246 1357 415 1425 Epist.
444 1356 521 1411 ιθ
542 1353 585 1428 ),
613 1369 744 1424 quas
772 1352 872 1422 ipsi
889 1352 997 1421 jam
1025 1350 1147 1405 inde
1163 1350 1234 1404 ab
1254 1363 1394 1402 anno
1414 1346 1796 1403 trecentesimo

199 1447 549 1515 nonagesimo
566 1446 794 1514 septimo
821 1452 1099 1498 curaverat
1122 1439 1439 1495 deferendas
1459 1481 1474 1505 ,
1494 1437 1690 1506 aliquid
1710 1453 1796 1491 re-

212 1540 399 1608 sponsi
425 1538 603 1593 daret.
635 1539 704 1592 Et
727 1538 808 1590 hae
847 1535 1059 1605 quidem
1087 1533 1278 1587 litterze
1305 1539 1495 1601 prater
1518 1528 1797 1599 Augustini

204 1632 541 1686 voluntatem
568 1630 661 1684 diu
686 1645 783 1700 per
808 1627 1008 1684 Urbem
1036 1642 1100 1681 ac
1140 1641 1235 1695 per
1258 1623 1464 1678 Italiam
1504 1629 1799 1692 pervagatae

207 1723 438 1784 fuerant,
460 1730 747 1791 antequam
768 1719 833 1773 ad
863 1719 1240 1789 Hieronymum
1264 1714 1622 1785 pervenirent.
1638 1711 1798 1766 Cum-

200 1828 304 1883 que
340 1814 395 1865 iu
436 1812 507 1865 iis
541 1810 825 1865 nonnullas
864 1808 1019 1877 hujus
1057 1807 1371 1877 opiniones,
1408 1804 1502 1859 sed
1533 1803 1585 1857 in
1610 1802 1799 1873 primis

198 1906 265 1959 de
308 1904 453 1959 Petri
494 1919 559 1958 ac
600 1902 749 1957 Pauli
798 1900 1167 1963 contentione,
1214 1898 1383 1952 amice
1438 1895 1578 1950 idem
1617 1896 1797 1963 Augu-

198 1997 375 2049 stinus
432 1995 816 2065 impugnaret;
866 1992 989 2046 hinc
1049 1990 1281 2054 factum,
1338 1998 1401 2043 .ut
1464 1986 1552 2042 hic
1606 1986 1800 2044 librum

198 2085 468 2139 adversus
531 2085 681 2138 illum
744 2082 1109 2152 composuisse
1176 2095 1240 2135 ac
1306 2079 1531 2134 Romam
1590 2077 1801 2133 misisse

196 2175 365 2243 vulgo
392 2174 664 2229 diceretur
693 2171 712 2243 (
740 2171 906 2243 Epist.
936 2171 1026 2233 67,
1058 2188 1113 2224 η.
1155 2170 1190 2224 2
1211 2170 1251 2240 ).
1280 2168 1517 2223 Sanctus
1554 2167 1754 2221 Prassul
1776 2208 1799 2233 Α,

201 2267 289 2319 cui
316 2264 557 2319 nondum
588 2272 918 2333 compertum
947 2270 1063 2317 erat
1086 2261 1360 2315 undenam
1389 2269 1692 2315 emanasset
1715 2258 1803 2313 ille

200 2373 410 2423 rumor,
441 2356 770 2425 Hieronymo
790 2354 949 2409 etiam
976 2365 1135 2423 atque
1158 2353 1321 2407 etiam
1350 2359 1643 2413 asseverat,
1672 2350 1722 2404 id
1745 2365 1804 2404 se

204 2449 348 2503 nullo
374 2457 541 2518 pacto
581 2447 767 2502 fecisse
796 2445 937 2516 quod
966 2445 1237 2500 dicebatur
1260 2484 1273 2509 ,
1320 2458 1420 2497 nec
1463 2442 1623 2497 modo
1658 2442 1801 2496 nolle

202 2540 320 2608 ejus
342 2540 397 2593 in
425 2554 491 2593 re
519 2539 624 2592 ulla
649 2538 921 2592 incurrere
942 2536 1325 2598 oll‘ensionem;
1356 2534 1448 2588 sed
1472 2534 1800 2602 voluptatem

206 2645 312 2682 non
342 2627 679 2682 mediocrem
707 2635 1101 2697 percepturum,
1133 2626 1179 2680 si
1205 2627 1303 2679 sibi
1328 2639 1429 2679 una
1458 2640 1576 2679 cum
1606 2624 1695 2678 illo
1723 2625 1805 2678 vi-

202 2736 333 2775 vere
356 2760 376 2785 ,
408 2728 507 2773 aut
545 2720 733 2775 saltem
772 2735 898 2774 eum
942 2719 1133 2774 crebro
1159 2733 1255 2788 per
1293 2718 1498 2772 litteras
1526 2716 1810 2771 consulere

202 2812 286 2868 fas
312 2822 487 2867 esset.
536 2813 666 2868 Erat
694 2813 933 2869 Asterius
961 2813 1319 2867 subdiaconus
1353 2812 1405 2866 in
1428 2813 1725 2882 procinctu,
1756 2820 1814 2864 ut

204 2917 238 2956 e
258 2903 557 2957 Palaestina
580 2904 638 2957 in
664 2903 897 2957 Alricam
928 2904 1027 2959 iter
1050 2904 1330 2973 arriperet,
1351 2919 1472 2957 cum
1496 2903 1814 2971 Hieronymo

205 2992 430 3049 reddita
451 3001 531 3048 est
550 2994 645 3048 illa
671 2994 937 3063 posterior
958 2994 1239 3065 Augustini
1267 2993 1513 3063 epistola.
1542 2994 1723 3063 Itaque
1746 2993 1812 3047 ad

201 3099 346 3138 eum
406 3085 577 3138 statim
638 3101 735 3156 per
806 3085 1187 3140 subdiaconum
1244 3086 1488 3141 eumdem
1546 3086 1818 3155 rescripsit

205 3173 449 3242 (Epist.
493 3172 601 3248 68)
647 3190 770 3230 cum
822 3176 1176 3245 singularibus
1232 3177 1310 3231 sui
1364 3177 1417 3231 in
1464 3177 1815 3246 Augustinum

204 3267 424 3320 amoris
441 3268 779 3335 teStimoniis,
805 3270 905 3323 etsi
929 3285 1032 3323 non
1057 3269 1171 3324 sine
1188 3271 1359 3339 aliqua
1375 3269 1637 3324 stomachi
1655 3269 1819 3338 signi-

208 3357 480 3413 ﬁcatione
510 3361 577 3415 ob
603 3371 922 3416 memoratas
947 3362 1071 3416 anni
1104 3362 1458 3417 trecentesimi
1478 3363 1796 3430 nonagesim

208 3449 443 3517 septimi
481 3449 716 3515 litteras;
746 3467 877 3521 quas
908 3452 1250 3506 nihilominus
1282 3463 1455 3506 tamen
1484 3454 1625 3507 illius
1654 3468 1774 3508 esse
1794 3493 1812 3518 ,

208 3551 392 3611 negat
410 3542 582 3596 adhuc
596 3545 813 3598 omnino
832 3544 928 3599 sibi
949 3560 1255 3613 persuasum
1277 3545 1438 3615 (Ibid.
1462 3555 1510 3599 et
1530 3545 1699 3615 Epist.
1722 3546 1812 3610 72,

207 3653 264 3688 ιι.
289 3635 333 3688 2
354 3636 402 3703 ).
431 3635 603 3702 Quare
632 3637 980 3705 Augustinum
1027 3646 1196 3706 rogat.
1226 3639 1298 3690 uti
1326 3654 1384 3692 se
1422 3639 1818 3707 quamprimum

208 3727 342 3793 ejus
391 3726 467 3780 rei
519 3725 674 3781 faciat
720 3735 1023 3783 certiorem.
1068 3727 1267 3781 Eadem
1320 3743 1483 3797 opera
1533 3729 1819 3784 secundam

208 3834 386 3872 suam
426 3819 479 3872 in
509 3818 751 3873 Ruﬁnum
781 3820 1078 3890 apologiam
1115 3829 1298 3875 sancto
1321 3820 1542 3875 Prtesuli
1572 3821 1817 3877 deferen-

203 3910 347 3963 dam
382 3918 550 3963 curat.

288 4003 357 4055 ι.
409 4001 507 4067 Ea,
536 4018 654 4071 quae
690 4003 1045 4073 Hieronymus
1073 4003 1285 4058 Asteria
1324 4003 1621 4060 crediderat
1641 4006 1825 4077 Augu-

218 4096 385 4148 stino
403 4094 689 4158 reddenda,
716 4095 846 4149 satis
866 4096 1033 4151 multo
1048 4104 1169 4165 post
1186 4094 1238 4148 in
1260 4094 1493 4150 Africam
1515 4112 1820 4165 pervenere.

213 4184 333 4239 Sed
373 4183 583 4237 interim
620 4186 944 4255 Augustinus
983 4185 1051 4239 ad
1088 4185 1470 4257 Hieronymum
1511 4186 1664 4241 binas
1708 4190 1822 4255 epi-

216 4275 409 4328 stolas
436 4273 580 4329 dedit
604 4274 803 4344 (Eptst.
836 4276 924 4339 72,
970 4293 1025 4329 n.
1068 4277 1093 4330 1
1125 4274 1170 4348 ),
1196 4291 1419 4345 quarum
1456 4277 1604 4347 prior
1628 4277 1824 4332 excidit

216 4365 433 4434 injuria
462 4375 755 4434 temporum
786 4385 801 4427 :
833 4368 1098 4436 posterior
1121 4383 1273 4432 vero,
1302 4370 1453 4436 cujus
1481 4370 1708 4435 initium,
1742 4369 1824 4425 Ea:

213 4474 326 4528 quo
340 4459 474 4528 arpi
487 4458 553 4510 ad
569 4468 615 4511 te
626 4459 845 4513 scribere
860 4459 879 4529 (
896 4460 1062 4529 Epist.
1090 4460 1150 4514 71
1176 4460 1217 4530 ),
1238 4462 1411 4516 locum
1430 4462 1565 4516 inter
1577 4461 1692 4530 ejus
1707 4464 1821 4531 epi-

218 4548 406 4601 stolas
428 4547 496 4601 ad
522 4564 715 4603 annum
737 4550 1322 4620 quadringentesimum
1352 4552 1566 4605 tertium
1592 4551 1822 4607 obtinet.

216 4641 395 4694 Hanc
421 4641 468 4694 ei
499 4656 593 4709 per
620 4642 942 4712 Cyprianum
970 4641 1251 4696 diaconum
1284 4642 1428 4695 misit
1456 4657 1559 4696 una
1583 4656 1703 4696 cum
1731 4658 1824 4697 su-

218 4731 513 4801 periorum
536 4732 880 4800 epistularum
904 4746 1122 4786 suarum
1148 4732 1436 4801 exemplis;
1467 4733 1607 4803 quod
1637 4748 1729 4788 eas
1756 4749 1824 4788 an

216 4825 562 4891 accepisset,
588 4841 787 4890 necne,
819 4826 1116 4895 ignorabat.
1148 4824 1206 4880 In
1237 4826 1334 4880 hac
1359 4827 1585 4898 ingenue
1605 4825 1821 4893 fatetur,

219 4915 461 4971 minime
498 4915 594 4969 sibi
644 4916 891 4986 probari,
934 4916 1076 4983 quod
1122 4917 1478 4986 Hieronymus
1520 4917 1824 4986 Scripturas

225 5020 423 5062 sacras
449 5020 516 5060 ex
560 5006 770 5060 hebrmo
812 5005 973 5061 latine
1018 5014 1373 5061 converteret.
1415 5007 1586 5075 Quam
1616 5007 1669 5061 in
1708 5022 1823 5062 rem

218 5114 363 5154 eum
391 5096 644 5152 admonet
667 5098 924 5153 tumultus
963 5099 1015 5153 in
1041 5099 1290 5154 Africana
1327 5100 1559 5170 quadam
1587 5100 1824 5156 Ecclesia

216 5188 457 5245 excitati
475 5188 755 5244 occasione
780 5189 927 5243 vocis
953 5188 1191 5257 hederae,
1223 5205 1382 5260 quam
1406 5206 1504 5262 pro
1527 5191 1821 5257 cucurbita,

220 5295 342 5351 qua
361 5278 595 5333 dictione
612 5279 695 5333 usi
717 5289 844 5334 sunt
859 5279 1198 5351 Septuaginta
1229 5280 1545 5349 interpretes
1563 5322 1579 5347 ,
1612 5281 1665 5335 in
1695 5297 1827 5350 quo-

221 5372 367 5426 dam
396 5368 547 5425 ιιοω
578 5369 719 5435 loco,
748 5378 1049 5440 usurparet.
1082 5371 1436 5443 Hieronymus
1462 5372 1556 5436 illi,
1584 5388 1703 5442 quae
1726 5372 1823 5428 de-

222 5461 527 5523 sideratur,
549 5459 829 5530 Augustini
854 5461 1092 5530 epistola:
1112 5462 1386 5532 respondit
1409 5463 1651 5533 cpistola,
1670 5465 1825 5534 cujus

226 5552 451 5609 initium
472 5561 575 5614 est,
599 5551 809 5606 Crebrae
826 5552 896 5604 ad
914 5568 994 5605 nte
1012 5553 1252 5621 epistolas
1274 5553 1449 5625 dirigis
1470 5554 1489 5625 (
1510 5554 1674 5625 Epist.
1694 5555 1762 5609 72
1782 5556 1822 5627 );

227 5646 288 5701 in
316 5658 426 5713 qua
463 5641 684 5712 quidem
728 5642 884 5712 paulo
911 5644 1080 5713 magis
1102 5684 1117 5708 ,
1148 5660 1304 5714 quam
1350 5645 1402 5699 iu
1441 5646 1701 5715 superiori
1730 5662 1827 5717 per

230 5733 515 5791 Asterium
543 5731 705 5785 missa
723 5773 738 5797 ,
766 5747 1033 5802 nunquam
1076 5743 1250 5792 tamen
1280 5736 1394 5793 sine
1416 5735 1616 5793 amoris
1638 5736 1825 5794 obser-

482 5816 710 5887 Smcr.
750 5825 1026 5887 Auens'r.
1072 5826 1120 5887 Ι.

1554 328 1759 386 LIBER
1786 325 2098 396 QUINTUS.

3362 323 3474 386 330

1902 440 2196 510 vautiazque
2235 439 2288 495 in
2335 453 2458 494 eum
2498 453 2610 493 suae
2651 436 3045 504 testificatione,
3091 437 3477 497 stomachatur.

1897 528 2047 597 Quod
2073 538 2250 584 autem
2276 528 2343 583 ad
2359 529 2633 600 Augustini
2661 528 2825 583 libros
2846 528 3055 592 attinet,
3081 528 3253 584 nullos
3279 538 3475 599 praeter

1896 620 2014 688 ejus
2047 621 2335 691 Soliloquia
2380 630 2435 675 et
2474 619 2731 690 quasdam
2777 619 2832 674 in
2878 619 3117 675 Psalmos
3146 631 3474 676 commenta-

1905 712 2079 767 tiones
2102 712 2205 767 sibi
2246 713 2298 767 in
2341 712 2583 767 manibus
2628 727 2746 766 esse
2790 713 3069 782 signiﬁcat.
3107 713 3299 767 Verum
3338 712 3479 769 hanc

1899 805 2110 860 illorum
2137 805 2553 859 controversiam
2580 805 2740 858 modo
2764 804 3028 860 delibasse
3054 804 3301 873 sufficiat,
3322 794 3475 861 eam-

1897 896 2018 952 dem
2041 897 2107 952 ad
2130 898 2254 952 anni
2274 897 2777 968 quadringentesimi
2807 900 2978 967 quarti
3001 897 3158 953 linem
3185 912 3475 969 proseque-

1899 1003 2041 1043 mur.

2461 1079 2689 1135 CAPUT
2727 1080 2775 1134 Χ

1900 1174 1927 1228 1
1957 1172 2239 1227 Donatista:
2257 1174 2613 1244 prcedicatione
2642 1173 2861 1228 veritatis
2881 1173 3068 1227 irritati
3090 1174 3249 1229 multa
3269 1191 3359 1246 per
3376 1175 3479 1230 vim

1970 1265 2348 1336 aggrediuntur.
2379 1266 2415 1319 2
2433 1265 2742 1335 Augustinus
2770 1265 3055 1319 deerrando
3081 1266 3135 1319 in
3163 1266 3244 1320 via
3268 1267 3485 1335 eripitur

1970 1374 2032 1411 ea:
2055 1358 2297 1427 periculo.
2328 1358 2364 1412 '5
2395 1356 2469 1410 Ob
2501 1357 2739 1411 toleratae
2765 1358 2826 1409 ab
2854 1358 2965 1410 istis
2991 1357 3253 1411 violentias
3277 1359 3479 1425 confes-

1971 1464 2140 1502 sorunt
2166 1457 2347 1501 nonten
2376 1447 2727 1517 adipiscuntur
2760 1446 3009 1500 nonnulli.
3042 1448 3077 1502 4
3106 1445 3349 1519 Episcopi
3372 1445 3479 1523 Ca:

1980 1539 2153 1593 tholici
2183 1537 2476 1591 Donatistas
2505 1538 2751 1592 antistites
2776 1538 2845 1591 ad
2873 1536 3156 1593 habendum
3182 1539 3485 1610 colloquium

1975 1638 2245 1701 provocant
2286 1628 2486 1698 publica
2511 1629 2933 1699 interpellatione.
2973 1630 3008 1685 5
3032 1629 3100 1683 Id
3123 1630 3202 1684 illi
3226 1648 3317 1703 per
3341 1649 3485 1686 arro-

1976 1720 2205 1789 gantiam
2220 1728 2451 1773 recusant
2471 1735 2489 1773 :
2508 1719 2576 1771 ad
2600 1735 2772 1772 eorum
2794 1718 2947 1773 laicos
2966 1721 3136 1774 scribit
3154 1721 3483 1792 Augustinus.

1975 1810 2026 1863 1.
2068 1808 2308 1863 Vidimus
2336 1809 2467 1862 alias
2492 1824 2736 1879 quaenam
2762 1819 2939 1874 esset,
2967 1819 3023 1866 et
3041 1821 3295 1881 quantum
3325 1812 3486 1867 rebus

1906 1900 2162 1956 Ecclesia:
2173 1900 2496 1956 conduceret
2511 1901 3013 1956 Maximianistarum
3027 1902 3245 1957 historia
3262 1903 3484 1975 (Supra,

1911 1993 2082 2058 libri»,
2116 2010 2230 2063 cap.
2258 1992 2317 2059 9,
2343 2010 2397 2045 η.
2430 1995 2451 2047 1
2480 1993 2519 2062 ).
2551 1993 2792 2047 Vidimus
2830 1993 2988 2048 etiam
3018 1994 3143 2063 quid
3182 2010 3323 2049 anno
3357 2013 3488 2066 qua-

1906 2082 2321 2151 dringentesimo
2337 2083 2509 2152 primo
2524 2083 2592 2137 de
2614 2083 2981 2153 perquirendis
2994 2083 3060 2137 ad
3083 2099 3199 2138 eam
3214 2086 3489 2155 pertinen-

1909 2174 2048 2229 tibus
2080 2174 2425 2243 autographis
2465 2174 2709 2228 statuerit
2747 2172 3163 2243 Cartliaginense
3205 2176 3490 2232 conciliqu

1921 2265 2146 2337 (Codice
2173 2268 2432 2320 (Iunonum
2477 2266 2662 2335 Afric.,
2692 2282 2806 2318 can.
2844 2264 2952 2334 67)
3003 2266 3176 2320 Voluit
3205 2268 3486 2332 nimirum,

1912 2369 1967 2411 ut
1987 2365 2042 2413 et
2066 2356 2403 2411 cohortandis
2428 2355 2495 2409 ad
2522 2371 2703 2425 pacem
2725 2356 3010 2410 Donatistis
3028 2356 3365 2412 mitterentur
3382 2359 3493 2428 epi-

1910 2448 2055 2516 scopi
2080 2465 2092 2499 :
2117 2456 2171 2502 et
2195 2446 2284 2516 qui
2309 2447 2664 2512 mitterentur,
2695 2446 2831 2500 hanc
2856 2446 3186 2514 potissimum
3215 2447 3491 2503 historiam

1912 2537 2243 2607 publicorum
2273 2545 2541 2608 gestorum
2574 2536 2677 2590 lidc
2714 2544 2961 2590 testatam
2998 2537 3064 2592 ad
3094 2539 3495 2595 convincendos

1914 2631 2147 2700 ipsorum
2169 2630 2374 2684 animos
2396 2627 2710 2684 adhiberent
2733 2625 2939 2699 (Mitt,
2965 2645 3081 2683 can.
3111 2630 3240 2700 69).
3266 2630 3493 2686 Concilii

1915 2727 2122 2795 placitis
2143 2725 2353 2795 egregie
2376 2723 2812 2779 obsecundarunt
2832 2763 2846 2788 ,
2876 2723 2966 2793 qui
2991 2722 3059 2778 ad
3089 2723 3191 2779 hoc
3214 2739 3349 2795 opus
3377 2724 3496 2779 lue-

1917 2827 2042 2873 runt
2064 2816 2248 2872 elccti.
2282 2815 2532 2870 Eamdem
2564 2814 2707 2868 enim
2738 2813 3039 2879 historiam,
3069 2822 3496 2885 quaquaversum

1920 2923 2173 2982 potuere,
2230 2908 2451 2964 ferventi
2507 2907 2921 2963 dill'amaverunt
2976 2907 3269 2961 instantia:
3303 2922 3497 2977 resque

1918 3002 2054 3057 adeo
2093 3014 2280 3056 recens
2308 3007 2363 3054 et
2392 2998 2727 3052 manifestata
2772 3005 2886 3051 erat
2906 3038 2925 3061 ,
2956 3005 3014 3050 ut
3042 2996 3328 3051 Donatista:
3356 2995 3499 3066 quod

1919 3102 2103 3148 contra
2120 3093 2393 3154 afferrent,
2414 3088 2547 3142 nihil
2572 3088 2789 3141 omnino
2805 3087 3125 3140 invenirent.
3154 3086 3333 3156 Itaque
3352 3101 3503 3141 coms

1928 3178 2130 3246 plures,
2164 3175 2380 3229 salutari
2408 3171 2721 3226 verecundia
2761 3168 2957 3239 perfusi
2979 3209 2997 3235 ,
3029 3184 3246 3238 remque
3272 3179 3376 3223 tam
3400 3184 3504 3225 ex-

1922 3271 2180 3340 ploratam
2209 3281 2409 3337 negare
2436 3265 2623 3328 veriti,
2669 3277 2905 3316 errorem
2932 3276 3084 3315 suum
3109 3261 3411 3330 ejurarunt;
3439 3278 3506 3318 ac

1924 3361 2090 3415 multo
2124 3357 2510 3426 frequentiores
2539 3362 2690 3408 erant
2733 3367 2891 3421 quam
2921 3359 3073 3405 autca
3104 3351 3170 3405 ad
3204 3352 3497 3408 Ecelesiam

1925 3450 2160 3514 reditus;
2193 3447 2287 3502 sed
2312 3448 2543 3502 maxime
2583 3445 2633 3497 in
2666 3444 2728 3497 iis
2752 3441 2921 3505 locis,
2955 3442 3041 3496 ubi
3072 3443 3263 3497 minori
3292 3443 3504 3499 licentia

1925 3539 2692 3598 szeviebatCircumcellionum
2724 3535 3021 3589 immanitas
3048 3532 3234 3605 (lbid.,
3264 3546 3309 3589 et
3329 3536 3500 3607 Epist.

1928 3634 2051 3698 185,
2076 3650 2131 3686 n.
2160 3633 2223 3687 17
2248 3629 2288 3701 ).
2313 3630 2511 3685 Verum
2533 3644 2649 3696 (une
2674 3627 2763 3681 lux
2780 3625 3017 3680 veritatis
3040 3626 3171 3679 alios
3186 3626 3498 3695 illustrabat,

1922 3722 2113 3777 eadem
2153 3722 2376 3775 aliorum
2420 3719 2707 3773 carcitatem
2754 3714 3067 3785 adaugebat.
3111 3715 3323 3770 Etenim
3365 3732 3499 3786 quos

1927 3812 2266 3868 delectabant
2306 3809 2568 3865 mendacii
2602 3807 2832 3863 tenebrae
2856 3844 2871 3869 ,
2919 3805 2970 3858 hi
3000 3806 3259 3859 rationem
3289 3820 3507 3863 omnem

1927 3904 2255 3959 defensionis
2284 3902 2386 3956 sibi
2409 3902 2733 3955 subtractam
2763 3914 2903 3967 aegre
2926 3897 3191 3964 ferentes,
3214 3899 3365 3954 solito
3389 3916 3495 3954 cre-

1928 3997 2067 4052 brius
2094 4006 2140 4051 et
2166 3995 2430 4057 audacius,
2464 3994 2631 4063 inquit
2658 3990 2999 4061 Augustinus,
3031 3988 3500 4047 Circumcellionum

1929 4091 2177 4146 violentiis
2196 4089 2451 4160 turbisque
2469 4086 2745 4152 furentibus
2768 4101 2858 4139 nos
2872 4102 2904 4138 a
2921 4085 3244 4154 pradicanda
3257 4085 3505 4140 catholica

1930 4184 2169 4248 ueritate,
2198 4196 2387 4251 suaque
2429 4177 2636 4247 fallacia
2674 4175 3013 4230 convincenda
3049 4175 3299 4229 deterrere
3341 4191 3504 4246 cmpe-

1933 4282 2051 4327 runt
2071 4269 2292 4341 (Contra
2317 4268 2551 4322 Crescon.
2568 4307 2584 4332 ,
2616 4265 2704 4321 lib.
2730 4266 2788 4331 5,
2813 4282 2866 4319 η.
2888 4264 2957 4319 49
2973 4268 3011 4333 ).
3030 4264 3167 4319 Nihil
3188 4264 3330 4320 aliud
3351 4275 3504 4336 Opta-

1930 4367 2059 4421 bant
2084 4362 2315 4433 episcopi
2336 4360 2583 4415 catholici
2600 4400 2614 4422 ,
2638 4373 2795 4427 quam
2830 4366 2887 4410 ut
2908 4357 3006 4411 sibi
3025 4358 3204 4413 liceret
3227 4358 3502 4414 veritatem

1932 4456 2223 4526 praedicare
2242 4495 2257 4518 ,
2279 4467 2387 4523 quo
2424 4452 2614 4521 quibus
2643 4449 2908 4519 placeret,
2938 4463 3058 4502 eam
3089 4448 3257 4504 libere
3278 4464 3341 4504 ac
3361 4451 3508 4505 omni

1931 4556 2133 4603 remota
2177 4545 2450 4599 coactione
2490 4542 2957 4610 amplecterentur.
2997 4540 3067 4592 At
3106 4539 3340 4596 hmretici
3370 4542 3509 4596 hanc

1930 4635 2194 4706 episcopis
2220 4634 2521 4688 facultatem
2550 4630 2886 4694 adimebant,
2921 4645 3213 4700 omnesque
3240 4631 3506 4687 violentiis

1932 4730 2043 4784 suis
2071 4728 2385 4782 territabant
2419 4724 2626 4795 (Epist.
2672 4723 2791 4787 105,
2824 4740 2878 4777 n.
2919 4723 3017 4791 5).
3059 4723 3149 4778 Sic
3178 4735 3510 4789 exarserunt,

1932 4833 1993 4876 ut
2019 4820 2197 4875 verbis
2220 4817 2496 4887 Augustini
2534 4816 2845 4886 loquamur,
2877 4824 2922 4868 et
2952 4815 3104 4867 tantis
3136 4825 3252 4869 sunt
3278 4817 3507 4869 odiorum

1931 4911 2148 4966 stimulis
2193 4908 2417 4973 incitati,
2466 4917 2519 4960 ut
2551 4915 2727 4960 contra
2774 4921 2945 4959 eorum
2973 4905 3183 4959 insidias
3220 4914 3366 4975 atque
3400 4906 3506 4958 uio—

1933 5003 2113 5057 lentius
2142 5010 2189 5056 et
2226 4999 2543 5070 apertissima
2577 4996 2874 5063 latrocinia,
2903 4996 2985 5049 vis:
3014 4996 3133 5049 υιιιτ
3166 5006 3351 5050 nostra:
3374 5013 3510 5049 rom-

1935 5092 2187 5146 munionis
2218 5089 2461 5145 Ecclesia
2503 5096 2703 5159 possent
2748 5103 2853 5141 esse
2897 5100 3118 5149 secure;
3160 5086 3243 5138 via:
3284 5086 3393 5139 ulla
3436 5087 3511 5139 uia

1930 5195 2060 5249 tuta,
2078 5201 2178 5255 qua
2203 5184 2297 5238 iter
2317 5190 2519 5254 agerent
2543 5181 2839 5250 quicumque
2860 5178 3098 5231 adversus
3125 5194 3299 5232 eorum
3323 5178 3509 5233 rabiem

1930 5293 2107 5348 pacem
2142 5275 2443 5329 catholicam
2490 5270 2858 5341 praedicarent,
2903 5284 3173 5339 eorumque
3210 5270 3508 5325 dementiam

1933 5366 2201 5437 perspicua
2219 5365 2423 5418 veritate
2441 5361 2808 5417 convincerent.
2838 5358 3009 5432 Usque
3028 5360 3155 5414 adeo
3179 5376 3389 5431 prorsus
3409 5378 3510 5415 non

1932 5460 2095 5515 solum
2140 5457 2282 5510 laicis
2301 5498 2315 5519 ,
2345 5455 2419 5509 vel
2456 5452 2749 5524 quibuslibet
2791 5452 3019 5520 clericis,
3057 5452 3147 5507 sed
3171 5454 3295 5523 ipsis
3320 5470 3514 5526 quoque

1931 5551 2178 5620 episcopis
2215 5548 2474 5602 catholicis
2512 5545 2733 5616 quodam
2777 5545 2926 5600 modo
2969 5547 3342 5616 proponebatur
3378 5547 3510 5600 dura

1932 5643 2174 5698 conditio.
2202 5642 2301 5695 Aut
2340 5640 2471 5694 enim
2494 5639 2705 5694 tacenda
2730 5648 2836 5693 erat
2861 5640 3041 5693 veritas
3058 5679 3075 5704 ,
3107 5647 3194 5691 aut
3216 5654 3389 5692 eorum
3409 5640 3510 5691 int-

1937 5735 2159 5791 manitas
2182 5733 2497 5807 perferenda.
2532 5732 2637 5790 Sed
2663 5734 2705 5788 si
2728 5734 2908 5789 veritas
2930 5740 3194 5795 taceretur,
3222 5746 3321 5786 non
3346 5735 3512 5787 solum

3004 5824 3273 5903 {Quae}
