3990 6360
549 460 697 501 ιιεηιο
708 451 814 497 erat
830 441 937 512 ejus
956 435 1155 491 silentio
1176 431 1483 495 liberandus,
1501 428 1586 482 sed
1605 422 2118 480 nmltietiamillorum

550 534 836 591 seductione
846 527 1104 602 perdendi.
1130 525 1191 580 Si
1202 534 1364 577 autem
1378 521 1595 576 ueritatis
1608 515 1961 589 prtedicatione
1976 512 2120 582 furor

547 644 720 684 eorum
745 624 811 678 ad
847 619 1150 677 seruiendum
1189 623 1578 687 provocaretur,
1625 609 1871 679 aliquibus
1899 605 2118 660 liberatis

548 720 825 786 nostrisque
854 712 1093 782 ﬁrmatis,
1124 723 1300 762 rursus
1328 723 1360 759 a
1387 703 1638 773 sequenda
1669 700 1873 753 veritate
1900 696 2118 767 formido

543 810 807 880 impediret
835 805 1062 872 inﬁrmos
1100 798 1310 870 (Epist.
1360 797 1493 859 185,
1538 811 1590 847 u.
1634 792 1760 861 18).
1801 792 1973 859 Atque
2003 787 2117 842 haec

542 904 756 955 fuerunt
784 896 836 951 in
867 909 1053 958 causa,
1083 907 1180 945 citr
1205 889 1491 951 antistites,
1522 895 1578 937 ut
1605 898 1744 939 anno
1767 881 2009 951 sequenti
2039 880 2117 933 vi-

540 991 655 1048 suri
678 1003 881 1050 sumus,
900 982 1237 1053 Imperatoris
1259 978 1556 1048 praesidium
1580 975 1939 1057 implorarent.
1959 971 2115 1029 Anno

543 1098 673 1137 vero
695 1075 952 1149 superiori
977 1073 1200 1128 furiosos
1228 1069 1464 1139 ejusdem
1493 1066 1731 1119 factionis
1759 1072 1978 1118 conatus
1994 1078 2115 1117 san-

539 1184 658 1227 ctus
686 1170 881 1225 Praesul
921 1166 1242 1235 querebatur
1280 1161 1329 1213 iu
1376 1159 1489 1211 hinc
1515 1156 1674 1211 verba
1704 1170 1719 1208 :
1753 1155 1832 1208 An
1870 1169 1985 1207 vero
2008 1153 2113 1206 oio-

538 1263 686 1319 lentis
727 1258 1006 1314 incursibus
1040 1250 1503 1308 Circumeellionum
1548 1256 1820 1301 vestrorum
1842 1284 1859 1311 ,
1899 1245 1985 1314 qui
2018 1244 2112 1298 sub

536 1363 696 1410 uestro
725 1352 1009 1422 principatu
1046 1344 1250 1415 furiosis
1286 1340 1567 1412 agminibus
1612 1338 1868 1404 militant,
1908 1352 2009 1391 non
2048 1350 2112 1390 ea:

537 1447 675 1517 agris
698 1442 917 1507 undique
946 1438 1272 1509 pelleremur;
1297 1433 1394 1486 nisi
1420 1447 1507 1485 vos
1530 1429 1725 1485 obsides
1747 1428 1801 1483 in
1828 1428 2109 1482 ciuitatibus

537 1546 845 1596 teneremus,
873 1530 956 1599 qui
984 1541 1181 1598 quoquo
1208 1523 1358 1577 modo
1386 1522 1548 1592 ipsam
1577 1521 1758 1590 facient
1785 1518 2033 1591 publicam
2062 1527 2109 1572 et

538 1629 856 1681 honestorum
881 1619 1333 1690 reprehensionem,
1350 1624 1396 1669 et
1411 1614 1454 1669 si
1472 1630 1571 1667 non
1596 1613 1792 1674 timore,
1814 1611 1890 1664 vel
1918 1609 2108 1681 pudore

532 1722 664 1789 ferre
683 1714 889 1770 nolitis?
916 1712 1136 1783 (Contra
1158 1708 1370 1762 Litteras
1391 1704 1649 1768 Petiliani,
1677 1704 1765 1757 lib.
1791 1702 1846 1768 2,
1868 1719 1921 1755 n.
1943 1702 2046 1756 184
2066 1700 2106 1772 .)

602 1808 659 1862 2.
702 1807 813 1861 Hoc
837 1807 955 1876 ipso
973 1804 1147 1857 forsan
1173 1810 1412 1869 tempore
1438 1804 1555 1865 post
1567 1793 1935 1850 demandalam
1948 1793 2106 1849 variis

532 1898 817 1968 episcopis,
845 1907 899 1952 et
924 1893 1063 1949 haud
1092 1891 1251 1946 dubie
1280 1892 1331 1943 iu
1360 1887 1546 1958 primis
1574 1886 1887 1955 Augustino,
1917 1884 2107 1953 prmdi-

524 1990 716 2045 candze
729 1985 1081 2044 schismaticis
1100 1981 1398 2039 concordia;
1417 1994 1599 2035 curam
1616 1975 1831 2048 (Codice
1844 1976 2105 2032 Canonum

530 2082 718 2152 Afrie.,
747 2095 860 2133 can.
893 2077 1013 2147 69),
1036 2074 1176 2129 idem
1220 2079 1436 2127 sanctus
1464 2070 1699 2125 Antistes
1728 2069 1781 2122 in
1811 2066 2102 2135 periculum

528 2172 749 2228 minime
768 2169 982 2224 silentio
1003 2161 1510 2236 praetermittendum
1540 2160 1781 2214 incurrit.
1806 2157 2105 2212 Catholicas

528 2263 710 2333 plebes
737 2276 841 2315 non
872 2258 1262 2327 infrequenter,
1301 2262 1358 2307 ut
1387 2266 1479 2307 eas
1507 2251 1792 2305 instrueret
1819 2258 1977 2318 atque
2005 2248 2101 2302 ad-

527 2352 788 2409 hortando
806 2352 1165 2412 confirmaret,
1196 2354 1411 2415 rogatus
1434 2343 1714 2398 iuvisebat.
1739 2342 1852 2408 Qua
1871 2356 1928 2395 re
1950 2341 2104 2395 intel-

524 2446 660 2501 lecta
680 2441 1152 2498 Circumcelliones
1170 2437 1360 2491 armati
1378 2436 1489 2489 vias
1510 2433 1815 2489 obsidentes
1835 2432 1951 2501 ejus
1968 2431 2099 2485 cha-

522 2534 665 2588 r-itati
694 2532 977 2602 aliquoties
1004 2528 1235 2583 insidiati
1262 2534 1405 2580 sunt.
1430 2526 1499 2580 At
1524 2539 1644 2578 cum
1676 2522 1960 2592 aliquando
1981 2536 2102 2577 eum

524 2625 596 2679 ita
627 2622 867 2679 instructi
915 2629 1282 2689 exspectarent
1319 2618 1438 2670 illac
1465 2616 1807 2669 transiturum
1831 2655 1848 2681 ,
1875 2628 1977 2684 qua
2005 2628 2104 2669 nec

527 2716 643 2784 ipse
670 2728 771 2769 nec
790 2712 881 2767 alii
907 2711 1110 2765 itineris
1134 2708 1356 2762 comites
1377 2707 1585 2760 illorum
1607 2720 1797 2759 manus
1821 2705 1930 2760 ullo
1946 2705 2104 2760 modo

525 2804 737 2859 vitaturi
762 2810 945 2858 essent
968 2841 982 2864 ,
1010 2798 1262 2867 singulari
1294 2797 1386 2850 Dei
1415 2795 1740 2865 providentia
1766 2794 1961 2849 factum
1981 2804 2063 2849 est
2085 2836 2100 2861 ,

525 2906 586 2951 ut
606 2896 722 2950 falsi
750 2896 801 2948 in
834 2894 973 2947 bivio
1002 2893 1238 2946 ductoris
1266 2904 1450 2944 errore
1477 2888 1544 2943 de
1568 2897 1711 2943 recta
1739 2888 1822 2941 via
1851 2887 2101 2942 deﬂecte-

515 2995 662 3041 rent.
692 2988 862 3054 Atque
891 2984 957 3038 ad
988 2998 1110 3036 eum
1138 2981 1351 3035 modum
1377 2980 1684 3033 deerrantes
1709 3018 1726 3043 ,
1748 2992 1855 3048 quo
1872 2976 2105 3031 destina-

526 3079 674 3142 haut,
701 3091 796 3146 per
820 3074 1033 3129 devium
1078 3074 1176 3126 iter
1205 3084 1525 3139 pervenere,
1567 3085 1630 3123 ac
1658 3070 1973 3123 furiosorum
2002 3067 2102 3122 ho-

526 3170 730 3223 minum
748 3166 964 3221 insidias
976 3180 1214 3220 evasere.
1230 3163 1503 3217 lutellecto
1513 3169 1693 3230 postea
1715 3160 2103 3214 Donatistarum

507 3259 750 3316 «consilio
772 3299 789 3322 ,
821 3258 924 3313 laeti
953 3256 1023 3311 ob
1064 3264 1169 3310 tam
1198 3265 1553 3325 Opportunum
1596 3266 1831 3307 errorem
1850 3293 1866 3319 ,
1899 3251 2008 3306 Deo
2034 3250 2103 3306 de

516 3354 765 3423 mericulo
785 3353 852 3407 ab
878 3352 1006 3421 ipsis
1025 3349 1331 3420 propulsato
1354 3348 1549 3418 gratias
1574 3345 1915 3400 reddiderunt
1937 3347 1953 3415 (
1974 3344 2103 3398 Pos-

512 3444 723 3507 sidius,
755 3443 810 3496 in
848 3442 963 3496 Vita
1001 3440 1302 3509 Augustini,
1353 3455 1399 3492 e.
1435 3439 1530 3501 12;
1577 3438 1865 3501 Enehirid.,
1906 3454 1959 3490 κ.
2001 3436 2099 3504 5).

510 3535 721 3589 Contra
750 3549 877 3589 vero
902 3531 1367 3588 Circumcelliones
1397 3530 1450 3583 iu
1487 3529 1712 3583 clericos
1754 3528 1985 3583 laicosve
2014 3544 2103 3583 ca-

528 3623 758 3679 tholicos
782 3624 935 3678 solita
964 3637 1058 3676 sua
1083 3621 1399 3677 crudelitate
1424 3621 1559 3674 iram
1584 3633 1794 3674 onmem
1821 3629 2101 3675 converte-

514 3726 669 3771 runt.
700 3716 774 3769 Ex
800 3729 906 3784 quo
930 3715 1129 3778 evenit,
1160 3723 1217 3768 ut
1243 3713 1297 3767 in
1322 3727 1439 3767 eam
1465 3727 1578 3766 rem
1602 3710 1942 3780 inquisitione
1966 3711 2101 3766 facta

523 3804 792 3873 publicum
852 3803 1261 3857 instrumentum
1311 3801 1567 3857 adversus
1614 3816 1707 3857 eos
1753 3802 2103 3857 conficeretur

567 3892 828 3948 Possidius
846 3933 862 3959 ,
893 3894 945 3945 in
988 3892 1099 3945 Vita
1129 3892 1415 3961 Augustini,
1445 3907 1492 3946 c.
1524 3891 1593 3947 12
1676 3940 1679 3951 η

593 3984 646 4037 5.
689 3982 1055 4052 liipponenses
1095 3982 1302 4045 clerici,
1342 3998 1463 4053 quae
1498 3992 1621 4037 ante
1650 3980 1866 4039 Honorii
1895 3981 2095 4047 edicta,

521 4082 578 4129 et
602 4073 739 4128 forte
779 4074 940 4128 etiam
975 4083 1097 4128 ante
1140 4073 1297 4143 hujus
1319 4074 1443 4128 anni
1468 4074 1749 4130 concilium
1771 4116 1785 4137 ,
1808 4090 1837 4128 a
1861 4073 2100 4129 Circum—

521 4164 836 4219 cellionibus
861 4173 1062 4233 patrata
1090 4164 1299 4219 fuerant
1318 4174 1674 4220 memorantes
1703 4181 1716 4218 :
1741 4164 1986 4231 Insidias,
2012 4164 2099 4219 iu-

521 4256 739 4323 quiunt,
766 4254 818 4308 in
846 4255 1104 4309 itineribus
1133 4256 1315 4309 nostris
1339 4255 1585 4327 episcopis
1613 4256 1945 4323 tetenderunt,
1974 4272 2098 4310 eon-

510 4346 730 4400 elericos
756 4356 951 4400 nostros
972 4347 1136 4418 plagis
1155 4348 1529 4402 immanissimis
1554 4357 1931 4418 quassaverant,
1956 4347 2098 4402 laicis

510 4453 713 4508 quoque
744 4446 791 4490 et
826 4439 1003 4507 plagas
1039 4437 1358 4509 gravissimas
1394 4439 1715 4508 inﬂixerunt,
1748 4451 1795 4494 et
1821 4439 2096 4495 intulerunt

510 4542 688 4581 eorum
718 4526 948 4595 (adificiis
982 4528 1213 4581 incendia
1233 4528 1419 4598 (Epist.
1449 4529 1536 4593 88,
1569 4547 1621 4583 η.
1651 4528 1728 4602 6).
1760 4530 1850 4585 His
1870 4532 2097 4601 jungunt

516 4620 786 4676 celebrem
808 4620 949 4690 apud
969 4621 1320 4691 Augustinum
1345 4620 1592 4676 Restituti
1615 4622 1909 4693 presbyteri
1926 4623 2095 4676 histo-

514 4712 673 4766 riam.
702 4711 993 4767 Restitutus
1025 4714 1113 4767 ille
1157 4712 1225 4767 de
1265 4721 1410 4768 secta
1456 4714 1845 4767 Donatistarum
1890 4714 2090 4779 fuerat,

514 4800 837 4857 Victorinum
863 4804 913 4857 in
933 4804 1258 4873 Hipponiensi
1285 4804 1501 4860 dieccsi
1530 4806 1646 4861 sita:
1673 4807 1979 4877 presbyter;
2004 4810 2091 4878 qui

510 4896 759 4952 veritatis
779 4898 831 4951 vi
856 4908 1147 4968 permotus,
1165 4899 1424 4954 electione
1453 4899 1669 4953 omnino
1692 4900 2006 4967 voluntaria,
2030 4917 2092 4958 ac

508 4986 631 5043 sine
667 4987 778 5042 ulla
817 4989 1126 5059 cujusquam
1166 4991 1445 5045 coactioue
1484 4990 1737 5045 unitatem
1775 4992 2089 5048 catholicam

504 5086 627 5132 erat
654 5078 964 5148 amplexus;
990 5094 1097 5150 quo
1126 5087 1367 5149 tempore
1392 5080 1536 5150 leges
1554 5122 1568 5143 .
1591 5083 1781 5151 quibus
1805 5083 1936 5152 jussi
1969 5094 2090 5141 sunt

511 5169 800 5225 Donatista:
828 5170 1099 5225 schismati
1121 5173 1393 5226 remittere
1418 5172 1680 5237 nuntium,
1709 5175 1933 5229 necdum
1958 5176 2088 5231 tule-

506 5267 593 5312 rat
622 5259 885 5316 Honorius
913 5261 1122 5332 (Contra
1146 5263 1484 5328 Cresconium,
1525 5264 1611 5317 lib.
1659 5266 1750 5331 5,;
1796 5265 1961 5337 Epist.
1992 5268 2083 5337 88,

510 5367 563 5403 η.
613 5350 678 5418 6;
729 5350 898 5423 Epist.
942 5352 1089 5427 105).
1129 5353 1262 5409 Cum
1286 5356 1444 5426 igitur
1471 5355 1717 5411 Restituti
1740 5359 2085 5413 mutationem

504 5443 728 5513 indigne
754 5443 954 5500 ferrent
981 5446 1142 5501 iidem
1180 5445 1442 5512 haeretici,
1472 5462 1655 5503 eorum
1681 5448 1856 5503 clerici
1882 5464 1943 5505 ac
1965 5450 2084 5505 Cir-

505 5534 886 5590 cumcelliones
914 5536 1052 5590 hunc
1078 5536 1237 5591 domo
1275 5535 1596 5591 abstractum
1637 5537 1862 5593 interdiu
1906 5540 1958 5594 in
2000 5540 2083 5595 vi-

499 5625 682 5677 cinum
710 5625 1007 5692 castellum,
1035 5633 1306 5694 Spectautc
1330 5626 1662 5681 multitudine
1680 5668 1695 5693 ,
1726 5644 1897 5698 neque
1932 5630 2078 5684 obsi-

416 5712 435 5733 ⁹
496 5726 648 5770 tau-te
687 5715 914 5773 audente
932 5758 948 5785 ,
977 5716 1199 5772 fustibus
1219 5758 1232 5784 ,
1260 5716 1433 5787 quoad
1462 5726 1794 5774 exsaturatus
1821 5729 1964 5777 esset
1988 5737 2080 5778 eo-

1675 311 1825 367 VI'I‘A
1865 312 1922 363 ὃ.
1965 301 2327 360 AlJCUSTlNI
2372 306 2685 363 El’lSCOPl.

3699 314 3802 372 Ξίδῖ

2230 434 2346 470 rum
2369 418 2533 488 furor,
2551 423 2914 489 verberarunt,
2933 423 2983 478 in
3002 424 3257 481 lutulenta
3274 425 3458 481 lacuna
3480 428 3795 498 volutarum,

2226 527 2291 567 ac
2317 522 2463 568 veste
2482 516 2672 583 juucea
2694 557 2708 580 ,
2735 530 2893 586 quam
2921 516 3113 572 budam
3152 518 3448 586 vocabant,
3480 519 3796 579 induerunt:

2225 618 2453 676 cumque
2479 607 2627 661 illum
2657 608 2757 663 hoc
2782 617 2974 664 ornatu
3010 609 3393 681 aliquantisper
3425 611 3649 668 aliorum
3686 615 3798 685 qui-

2224 697 2343 753 dem
2371 698 2532 768 jocis,
2560 700 2784 755 aliorum
2815 717 2942 756 vero
2968 702 3137 757 dolori
3178 704 3578 773 exposuissent,
3614 721 3799 775 quem-

2222 787 2344 842 dam
2387 790 2438 842 in
2488 790 2659 844 locum
2708 791 3071 858 abduxerunt,
3119 796 3269 861 cujus
3326 795 3469 848 aditu
3516 795 3801 852 Catholicis

2222 880 2468 934 omnibus
2494 881 2830 935 interdictum
2855 892 3001 946 erat,
3042 892 3098 937 et
3138 885 3222 938 vix
3264 895 3387 955 post
3428 885 3799 943 duodecimum

2221 970 2364 1025 diem
2402 972 2945 1043 dimiseruut(Coutra
2982 974 3340 1041 Cresc-ouium,
3383 976 3469 1029 lib.
3510 976 3573 1043 ὅ,
3601 994 3654 1031 n.
3683 978 3796 1049 53).

2220 1058 2400 1130 Neque
2436 1062 2595 1116 etiam
2640 1063 2772 1118 forte
2810 1064 2958 1117 illum
2998 1065 3215 1119 omnino
3242 1066 3389 1121 abire
3416 1067 3555 1135 passi
3582 1077 3795 1135 essent,

2219 1151 2273 1204 ui
2320 1152 2697 1207 Proculeianus
2750 1169 2935 1209 eorum
2986 1154 3229 1225 Hippone
3278 1156 3559 1226 episcopus
3600 1159 3800 1214 veritus

2218 1243 2434 1308 fuisset,
2464 1260 2530 1299 ne
2557 1260 2619 1299 ea
2648 1246 2715 1300 de
2738 1261 2895 1300 causa
2923 1247 2974 1300 in
3000 1248 3087 1316 jus
3120 1247 3419 1302 traheretur
3452 1248 3643 1318 (Epist.
3672 1250 3797 1315 105,

2216 1352 2271 1393 n.
2304 1337 2381 1405 5).
2408 1337 2481 1390 De
2507 1337 2605 1391 hac
2633 1338 2877 1393 violentia
2897 1379 2913 1405 ,
2939 1339 3110 1409 deque
3136 1348 3213 1395 tot
3236 1340 3374 1404 aliis,
3404 1340 3595 1410 quibus
3616 1343 3797 1397 Dona-

2219 1426 2355 1481 tista:
2384 1427 2684 1483 Catholicos
2723 1444 2833 1483 suae
2866 1426 3118 1485 dimcesis
3146 1432 3435 1497 vexabant,
3460 1434 3802 1502 expostulare

2215 1518 2352 1586 apud
2382 1516 2646 1573 Cazsarcm
2685 1520 2855 1574 noluit
2892 1521 3217 1591 Augustinus
3246 1521 3439 1593 (Epist.
3476 1523 3576 1589 88,
3605 1541 3659 1579 η.
3692 1524 3795 1595 7):

2212 1624 2397 1664 verum
2447 1620 2665 1680 questus
2690 1620 2773 1665 est
2800 1612 3165 1668 tantummodo
3192 1613 3329 1683 apud
3365 1614 3796 1679 Proculeiauum,

2211 1700 2294 1755 cui
2314 1740 2330 1767 ,
2363 1716 2430 1755 ne
2459 1700 2808 1770 ignorantiam
2853 1702 3147 1757 o'..tendere
3178 1712 3390 1771 posset.
3418 1704 3535 1758 illas
3570 1704 3799 1759 authen-

2212 1790 2315 1844 tico
2339 1800 2488 1856 actu,
2520 1805 2625 1859 quo
2662 1790 2730 1845 de
2770 1800 2916 1846 tanta
2944 1792 3220 1848 sarcienda
3262 1792 3451 1862 injuria
3497 1809 3616 1847 eum
3646 1810 3799 1849 com-

2210 1879 2456 1947 pellabat,
2481 1879 2792 1949 signiﬁcavit
2808 1880 3014 1949 (Contra
3034 1880 3387 1949 Cresconium,
3406 1883 3493 1936 lib.
3520 1884 3572 1948 3,
3596 1901 3649 1936 n.
3676 1885 3793 1954 55).

2208 1970 2413 2040 Scripto
2437 1971 2683 2026 mandata
2712 1982 2794 2027 est
2817 1973 3148 2028 Proculeiaui
3174 1974 3484 2043 responsio:
3507 1975 3683 2045 qualis
3704 1990 3800 2030 au-

2210 2071 2316 2117 tem
2357 2078 2421 2119 ea
2453 2063 2645 2130 fuerit,
2692 2080 2950 2134 nusquam
2995 2065 3239 2136 legimus.
3272 2065 3326 2119 Id
3354 2066 3524 2120 solum
3553 2077 3795 2133 constat,

2209 2153 2287 2207 illi
2326 2153 2470 2208 nullo
2511 2154 2670 2209 modo
2717 2155 3021 2209 violentiam
3067 2156 3203 2209 hanc
3228 2155 3413 2210 ulcisci
3437 2171 3577 2209 cura:
3602 2154 3793 2220 fuisse,

2209 2247 2316 2301 imo
2358 2256 2411 2301 et
2439 2248 2506 2301 ab
2549 2262 2610 2301 ea
2652 2247 2963 2317 inquirenda
3004 2262 3224 2318 prorsus
3263 2247 3646 2302 dissimulasse.
3676 2246 3799 2313 Qua

2207 2324 2367 2391 causa
2392 2352 2511 2391 eum
2542 2339 2865 2407 Augustinus
2905 2338 2971 2392 ad
3011 2340 3309 2393 iterandum
3337 2339 3517 2393 statim
3541 2338 3798 2393 eumdem

2207 2440 2381 2483 actum
2438 2431 2695 2499 impulsus
2738 2428 2954 2493 fuisset,
2989 2430 3080 2485 ille
3122 2430 3250 2483 nihil
3279 2430 3507 2499 amplius
3531 2429 3795 2484 sedictu-

2208 2538 2324 2575 rum
2356 2537 2477 2578 esse
2506 2522 2681 2577 Cestis
2708 2521 3015 2575 declaravit.
3052 2524 3129 2574 Ac
3154 2529 3335 2590 postea
3376 2520 3595 2575 sceleris
3637 2520 3800 2573 istius

2208 2626 2330 2667 reos
2351 2611 2404 2665 in
2437 2612 2862 2682 presbyterorum
2890 2609 3080 2665 ordine
3100 2609 3282 2664 videre
3310 2619 3422 2663 erat
3442 2651 3458 2676 ,
3479 2610 3568 2679 qui
3592 2608 3801 2665 Catho-

2208 2704 2323 2759 licis
2346 2704 2581 2773 quotidie
2611 2703 2779 2757 minas
2806 2703 3147 2767 intentarent,
3172 2715 3372 2771 eosque
3398 2714 3610 2770 quoquo
3632 2710 3796 2771 pote-

2208 2802 2327 2849 rant
2367 2794 2526 2848 modo
2564 2802 2819 2847 vexarent
2860 2792 3053 2862 (Epist.
3089 2792 3182 2857 88,
3207 2809 3293 2845 nn.
3322 2791 3376 2857 6,
3400 2791 3472 2861 7).
3496 2790 3803 2846 Restitutus

2208 2885 2309 2939 hac
2333 2886 2387 2940 in
2415 2868 2696 2938 occasione
2741 2884 2969 2952 primum
2997 2882 3209 2953 quidem
3237 2880 3576 2947 confessoris,
3605 2880 3659 2935 in
3693 2880 3801 2935 alia

2206 2987 2382 3033 autem
2406 2977 2652 3047 martyris
2675 2991 2885 3047 quoque
2908 2976 3115 3030 titulum
3138 2976 3433 3043 promeruit
3451 2972 3643 3044 (Epist.
3668 2975 3798 3038 135.

2206 3088 2261 3126 si.
2292 3071 2350 3143 1)
2370 3090 2385 3126 :
2407 3088 2589 3127 verum
2621 3071 2672 3127 id
2702 3087 2807 3127 non
2832 3072 3084 3141 contigit,
3113 3071 3213 3125 uisi
3243 3071 3444 3141 aliquot
3470 3081 3589 3140 post
3610 3073 3801 3137 annis,

2206 3165 2652 3234 quemadmodum
2669 3180 2766 3220 suo
2782 3164 2902 3219 loco
2924 3162 3404 3218 uarraturisumus.
3419 3163 3679 3217 Caeterum
3702 3180 3802 3219 ex-

2207 3258 2468 3327 ploratum
2495 3274 2597 3313 non
2625 3256 2899 3320 habemus,
2916 3271 3043 3309 num
3064 3254 3304 3325 quaedam
3331 3269 3430 3324 per
3448 3255 3552 3309 vim
3567 3258 3802 3311 aDoua-

2210 3348 2346 3401 tis-tis
2371 3348 2526 3413 facta,
2556 3363 2800 3417 quorum.
2829 3348 2965 3402 sicut
2991 3356 3047 3401 et
3074 3347 3323 3401 Restituti
3360 3348 3694 3401 mentionem
3724 3347 3800 3401 si-

2207 3437 2318 3490 mul
2351 3436 2477 3491 facit
2502 3439 2857 3507 Augustinus,
2886 3437 2953 3491 ad
2994 3437 3096 3492 hoc
3124 3446 3333 3506 tempus
3357 3435 3635 3491 referenda
3664 3436 3798 3490 sint.

2206 3528 2429 3596 Quidam
2467 3528 2928 3598 CaSph-alianeusis
2966 3527 3269 3599 presbyter,
3308 3527 3525 3582 nomine
3557 3527 3801 3594 Marcus,

2207 3633 2301 3672 sua
2332 3627 2523 3687 sponte
2546 3634 2608 3673 ac
2634 3619 2844 3674 nemine
2865 3626 3086 3689 cogente
3105 3617 3171 3672 ad
3191 3618 3505 3672 catholicam
3536 3619 3805 3673 unitatem

2205 3708 2474 3764 redierat:
2498 3725 2618 3764 eum
2645 3710 2781 3764 adeo
2810 3710 3073 3780 persecuti
3110 3717 3235 3763 sunt
3265 3708 3575 3771 Donatistae,
3608 3718 3669 3761 ut
3700 3708 3803 3762 ali-

2204 3799 2418 3869 quando
2438 3799 2655 3870 jamjam
2698 3800 2910 3854 illorum
2955 3800 3200 3854 manibus
3240 3807 3382 3853 esset
3419 3798 3802 3864 trucidandus,

2206 3890 2261 3944 ui
2283 3891 2420 3944 Deus
2457 3892 2690 3959 ipsorum
2713 3891 2819 3945 vim
2846 3890 3222 3946 nonnullorum
3255 3889 3528 3943 hominum
3554 3889 3803 3943 adventu

2205 3981 2611 4051 compressisset
2650 3981 2842 4053 (Epist.
2876 3983 3002 4048 105,
3037 3998 3091 4035 α.
3124 3981 3203 4051 3).
3235 3980 3553 4035 Marcianum
3580 3996 3802 4049 quoque

2209 4072 2500 4143 Urgeusem
2531 4072 2644 4128 sive
2667 4072 3055 4143 presbyterum,
3085 4073 3196 4126 sive
3217 4072 3549 4141 episcOpum,
3574 4086 3707 4125 cum
3734 4070 3801 4125 ad

2204 4166 2516 4223 catholicam
2570 4165 2996 4221 communionem
3041 4178 3101 4218 se
3157 4164 3482 4232 recepisset,
3518 4164 3638 4232 fuga
3696 4164 3800 4217 sibi

2205 4258 2486 4313 consulere
2513 4263 2828 4324 coegerunt;
2853 4269 2917 4308 ac
2955 4263 3063 4309 tum
3090 4253 3302 4308 illorum
3344 4253 3523 4308 clerici
3560 4252 3805 4306 interce-

2209 4361 2358 4419 ptum
2386 4348 2552 4419 ipsius
2577 4347 2977 4411 subdiaconum,
3000 4355 3054 4401 et
3081 4360 3247 4416 prope
3270 4360 3439 4415 usque
3463 4344 3530 4400 ad
3559 4355 3801 4400 mortem

2215 4455 2403 4496 :tesum
2446 4439 2666 4509 ingestis
2706 4439 2850 4493 saxis
2889 4437 3222 4493 obruerunt:
3265 4452 3494 4506 quorum
3538 4436 3691 4491 mdes
3747 4438 3803 4492 in

2215 4531 2415 4585 idmissi
2439 4529 2675 4584 criminis
2695 4544 2905 4599 pcenam
2926 4530 3041 4584 solo
3056 4538 3277 4599 aequata:
3303 4537 3429 4583 sunt
3457 4526 3675 4598 (lbid.).

2266 4625 2323 4678 4.
2364 4622 2443 4677 Ex
2472 4622 2536 4677 iis
2565 4636 2697 4691 quos
2724 4621 3117 4676 Donatistarum
3159 4634 3372 4675 errores
3422 4619 3681 4674 tenebant
3720 4621 3798 4675 ir-

2199 4715 2419 4782 retitos,
2470 4730 2579 4769 non
2626 4712 2779 4783 pauci
2829 4727 2932 4767 nec
2972 4712 3505 4768 Circumeellionibus
3547 4712 3793 4781 nequitia

2196 4820 2354 4878 pares
2378 4812 2533 4861 erant
2551 4845 2567 4871 ,
2594 4819 2695 4860 nec
2718 4818 2817 4875 per
2843 4818 2902 4859 se
2924 4803 3055 4858 satis
3081 4803 3329 4859 valebant
3346 4803 3569 4873 judicio,
3600 4814 3661 4858 ut
3698 4821 3795 4859 ex-

2199 4897 2397 4966 templo
2420 4897 2696 4952 veritatem
2717 4895 3201 4965 amplecterentur;
3228 4904 3462 4950 attamen
3492 4896 3562 4950 ab
3584 4910 3648 4949 ea
3679 4911 3803 4950 non

2196 4989 2415 5043 omnino
2439 5001 2498 5042 se
2520 4986 2828 5057 praebebant
2854 4986 3095 5041 alienos:
3125 4985 3220 5040 sed
3254 4986 3461 5056 quoties
3486 5000 3515 5039 a
3539 4984 3797 5042 Catholi-

2195 5080 2271 5136 cis
2292 5079 2635 5150 urgebantur,
2653 5078 2964 5133 dictitabant
2985 5093 3046 5132 ea
3065 5078 3135 5133 de
3160 5093 3219 5132 re
3236 5092 3359 5133 cum
3386 5078 3495 5133 suis
3516 5076 3798 5149 episcopis

2194 5187 2313 5228 esse
2336 5171 2748 5242 disputandum;
2779 5186 2839 5226 se
2864 5186 2996 5227 vero
3024 5170 3078 5224 in
3116 5170 3255 5225 votis
3283 5169 3511 5238 habere,
3554 5179 3613 5225 ut
3648 5171 3800 5226 inito

2198 5269 2333 5324 inter
2363 5276 2645 5337 utramque
2670 5276 2877 5338 partem
2904 5267 3188 5337 colloquio,
3211 5268 3504 5323 rationibus
3527 5269 3669 5323 ultro
3707 5271 3797 5324 ci-

2194 5369 2380 5429 troque
2403 5358 2695 5428 perpensis,
2716 5357 2885 5414 utrius
2907 5360 3072 5429 partis
3092 5368 3236 5415 esset
3258 5361 3473 5425 veritas,
3496 5361 3794 5430 dijudicari

2195 5463 2376 5523 posset
2401 5450 2615 5522 (Contra
2658 5450 2979 5506 Cresconium
3002 5492 3018 5516 ,
3065 5450 3152 5506 lib.
3195 5452 3259 5517 5,
3291 5469 3343 5506 n.
3375 5452 3490 5525 A9).
3535 5454 3791 5520 Quorum

2190 5544 2395 5598 animos
2424 5558 2543 5597 cum
2575 5543 2647 5597 ita
2684 5552 3017 5612 comparatos
3061 5543 3417 5613 intelligerent
3458 5545 3786 5610 orthodoxi,

2189 5636 2253 5690 ad
2284 5635 2577 5690 coeundam
2597 5635 3043 5690 concertationem
3071 5635 3213 5688 illam
3244 5636 3547 5700 incubuere,
3572 5650 3630 5690 ac
3648 5638 3794 5704 qui—

2190 5725 2286 5782 bus
2311 5726 2411 5781 viis
2440 5726 2492 5780 id
2516 5724 2847 5781 commodius
2874 5724 3041 5793 fieret,
3066 5726 3115 5779 in
3137 5727 3370 5795 generali
3391 5728 3616 5781 concilio
3636 5727 3783 5782 Car-
