3990 6360
249 368 350 432 833

248 482 456 554 tbagine
485 481 540 536 in
566 479 785 535 basilica
815 475 1063 536 secunda:
1091 475 1320 548 regionis
1344 484 1532 532 octavo
1569 475 1822 530 kalendas

244 571 575 643 septembres
602 570 724 626 anni
744 570 1018 640 praesentis
1036 568 1533 640 quadringentesimi
1557 567 1696 622 tertii
1725 567 1822 621 ha-

243 664 346 719 bito
371 663 694 718 discussere.
723 661 958 717 Aderant
984 661 1120 715 inter
1144 661 1276 716 alios
1304 659 1543 732 Alypius,
1572 659 1821 729 Augusti-

243 773 336 812 nus
360 766 414 810 et
436 755 733 810 Possidius.
751 755 947 810 Eorum
968 770 1085 824 quae
1111 753 1284 808 hocin
1309 753 1535 809 concilio
1558 763 1675 822 post
1699 767 1822 806 exa-

243 848 469 902 minatus
489 847 692 916 legatos
720 855 837 901 acta
865 855 1006 910 sunt,
1029 845 1157 899 nihil
1184 846 1292 914 jam
1321 853 1513 909 exstat,
1546 842 1684 914 quod
1717 859 1818 896 non

243 941 503 1011 pertineat
526 939 594 992 ad
621 939 936 993 Donatistas.
961 939 1034 993 De
1057 938 1136 992 his
1159 937 1329 1007 pridie
1354 935 1468 1005 ejus
1488 935 1590 988 diei
1614 933 1822 988 habitus

240 1047 412 1088 sermo
438 1031 638 1097 fuerat,
665 1040 1024 1098 statutumque
1044 1045 1150 1083 uno
1179 1027 1412 1082 omnium
1443 1041 1704 1080 consen~u
1723 1065 1738 1091 ,
1767 1035 1825 1081 ut

241 1124 608 1194 unusquisque
631 1123 1023 1192 episcoporum,
1048 1120 1128 1174 vel
1158 1119 1325 1181 solus,
1348 1119 1429 1172 vel
1449 1117 1547 1171 sibi
1572 1117 1822 1185 adjuncto

240 1215 409 1268 vicino
428 1214 708 1283 episcopo,
729 1227 822 1280 per
847 1211 1184 1281 magistratus
1204 1217 1292 1262 aut
1321 1208 1556 1262 locorum
1585 1207 1822 1260 seniores

244 1304 547 1374 interpellet
579 1303 967 1358 Donatistarum
995 1300 1281 1354 antistitem
1301 1338 1316 1363 ,
1343 1308 1401 1352 ut
1423 1308 1540 1352 acto
1564 1313 1684 1350 cum
1713 1295 1822 1349 eol-

241 1397 366 1466 legis
394 1402 667 1450 conventu
697 1392 991 1462 deligantur
1031 1391 1097 1443 ab
1125 1389 1254 1458 ipsis
1287 1389 1484 1457 aliquot
1523 1403 1553 1441 e
1591 1402 1688 1440 suo
1727 1401 1822 1438 nu-

237 1501 406 1549 mero,
434 1484 529 1554 qui
551 1500 671 1539 cum
693 1483 1082 1538 Catholicorum
1108 1480 1290 1550 legatis
1312 1477 1602 1534 constituto
1629 1477 1744 1530 loco
1771 1487 1824 1531 et

236 1589 476 1646 tempore
509 1573 720 1631 discidii
762 1573 1176 1628 controversiam
1207 1586 1327 1624 cum
1367 1585 1492 1639 pace
1519 1568 1820 1633 discutiant,

237 1671 538 1738 faciantque
581 1678 639 1722 ut
675 1665 1046 1721 molestissima
1078 1663 1163 1717 illa
1191 1663 1478 1725 dissensio,
1509 1677 1608 1730 qua
1643 1661 1824 1728 plebes

235 1777 422 1816 omnes
456 1759 872 1823 scindebantur,
912 1756 1124 1810 tandem
1169 1753 1452 1824 aliquando
1492 1761 1672 1822 optato
1719 1752 1823 1805 fine

240 1858 554 1910 tenninetur
583 1851 792 1923 (Codice
832 1849 1094 1904 Canonum
1135 1848 1318 1913 Arria,
1343 1863 1458 1899 cun.
1491 1845 1552 1899 9|
1581 1862 1596 1908 ;
1639 1841 1824 1898 Contra

237 1945 585 2009 Cresconium,
610 1941 698 1997 lib.
722 1942 774 2008 5,
795 1959 847 1996 η.
871 1941 981 2010 49).
1001 1938 1256 1994 Catholici
1283 1953 1392 1991 sua:
1411 1937 1461 1988 in
1493 1949 1672 2004 pacem
1700 1949 1821 2003 pro-

240 2037 515 2108 pensionis
536 2035 895 2089 testimonium
914 2032 1014 2086 hoc
1033 2032 1159 2084 dare
1179 2029 1492 2100 gestiebant,
1515 2027 1823 2097 sperabant-

235 2144 346 2198 que
378 2128 615 2181 futurum
638 2136 697 2180 ut
724 2124 1038 2186 Donatistze,
1065 2123 1110 2176 si
1137 2119 1346 2191 quidem
1381 2120 1698 2188 colloquium
1737 2133 1828 2172 ac-

235 2221 510 2288 ciperent,
558 2218 705 2272 nullo
749 2216 959 2286 negotio
995 2213 1190 2268 erroris
1230 2212 1700 2270 convincerentur;
1740 2211 1825 2264 sin

237 2321 412 2365 autem
441 2310 579 2364 illud
613 2315 938 2372 recusarent,
972 2305 1022 2360 id
1052 2313 1362 2374 argumento
1393 2300 1524 2363 fore,
1553 2317 1709 2371 quam
1736 2316 1828 2370 pa-

237 2419 353 2458 rum
375 2417 563 2456 causa:
585 2417 698 2456 suae
719 2399 947 2454 ﬁderent
971 2397 1224 2467 tequitati.
1263 2396 1392 2462 Qua:
1425 2409 1512 2449 res
1552 2393 1617 2447 ad
1659 2393 1826 2447 abdu-

233 2494 438 2549 crudos
467 2493 538 2546 ab
564 2506 748 2547 errore
778 2489 1002 2560 pepulos
1044 2502 1228 2542 eorum
1261 2499 1515 2554 sequaces
1549 2483 1828 2538 commode

234 2583 484 2637 adhiberi
515 2589 717 2651 posset.
747 2579 916 2634 Porro
942 2585 997 2632 ut
1020 2577 1286 2647 episcopis
1315 2574 1559 2629 omnibus
1588 2573 1826 2628 eamdem

235 2676 290 2727 in
317 2690 385 2728 eo
408 2673 676 2728 rationem
704 2669 854 2740 sequi
885 2667 1090 2722 facilius
1120 2675 1296 2733 esset,
1329 2665 1573 2719 Aurelius
1602 2679 1831 2717 conven-

238 2766 436 2827 tionis,
467 2778 572 2834 qua
614 2770 908 2825 uterentur,
955 2757 1236 2814 formulam
1276 2755 1494 2820 obtulit;
1530 2769 1650 2823 qua:
1696 2754 1829 2808 lecta

235 2859 446 2927 pariter
482 2857 550 2911 ab
588 2854 837 2909 onmibus
864 2851 1203 2922 comprobata
1231 2857 1332 2904 est.
1365 2849 1439 2902 Ea
1471 2845 1708 2902 Concilio
1749 2845 1827 2898 in-

234 2959 391 3002 serta
431 2947 594 3002 hodie
628 2946 844 3017 legitur.
881 2942 936 2997 ln
963 2941 1082 3012 ejus
1110 2950 1282 2995 autem
1322 2938 1492 2993 fronte
1519 2936 1833 3005 supplicatio

241 3039 588 3110 praemittitur
656 3037 916 3106 cujusque
968 3033 1114 3089 urbis
1169 3030 1492 3100 magistratui
1523 3023 1829 3084 deferenda:

235 3131 349 3198 Qui
377 3132 424 3182 iu
448 3145 513 3184 ea
533 3128 768 3198 loquitur
803 3125 1098 3181 catholicus
1125 3123 1422 3192 episcOpus,
1447 3120 1594 3174 adid
1623 3136 1683 3174 se
1712 3135 1835 3190 pro-

241 3222 430 3274 ﬁtetur
478 3220 774 3272 auctoritate
811 3215 952 3270 illius
997 3213 1327 3285 amplissima:
1365 3213 1498 3266 sedis
1540 3210 1833 3280 jussionem

235 3295 395 3364 hanc
422 3307 743 3372 obtinuisse;
774 3321 892 3375 quae
918 3306 970 3360 in
997 3315 1171 3358 actum
1203 3302 1476 3356 referenda
1497 3301 1836 3371 erat(Codice

237 3400 517 3458 Canonum
543 3400 724 3469 Afric.,
756 3415 874 3452 can.
905 3395 1020 3469 92).
1038 3395 1147 3450 Nec
1173 3410 1301 3449 sane
1319 3395 1420 3448 alia
1439 3393 1507 3448 de
1532 3408 1712 3456 causa,
1732 3392 1834 3446 nisi

237 3504 305 3548 ut
331 3496 746 3564 impetrarentur
765 3487 1130 3560 hujuscemodi
1153 3488 1439 3557 jussiones,
1464 3486 1744 3541 concilium
1769 3485 1834 3538 ad

236 3585 458 3656 iudices
483 3585 595 3640 sive
622 3586 1001 3655 gubernatores
1031 3581 1234 3634 litteras
1261 3581 1374 3633 illas
1399 3579 1608 3633 mittere
1633 3586 1835 3631 statue-

237 3687 359 3740 rat,
387 3690 519 3746 quas
566 3675 775 3730 concilii
818 3673 1030 3728 nomine
1056 3671 1320 3741 obsignari
1346 3669 1413 3723 ab
1434 3670 1686 3738 episcopo
1705 3667 1836 3723 Car-

238 3766 555 3835 thaginensi
582 3764 745 3834 cupit.
769 3763 958 3818 Exstat
983 3760 1156 3815 adhuc
1181 3759 1402 3828 supplex
1430 3759 1635 3812 libellus
1665 3757 1838 3812 idibus

238 3855 575 3925 septembris
591 3855 713 3908 anni
726 3851 1235 3924 quadringentesimi
1251 3849 1390 3902 tertii
1405 3847 1696 3916 Septimino
1710 3846 1838 3901 Afri-

237 3962 328 4000 cae
360 3945 660 4015 proconsuli
680 3943 889 3998 concilii
912 3939 1342 4010 Carthaginiensis
1364 3938 1576 3991 nomine
1590 3935 1834 3991 oblatus:

237 4051 364 4105 quo
393 4033 662 4088 declarant
680 4031 943 4086 antistites
971 4045 1058 4094 se,
1091 4028 1298 4083 tametsi
1323 4019 1580 4081 violenter
1603 4041 1632 4079 a
1660 4025 1836 4079 Dona-

239 4128 401 4182 tistis
421 4126 576 4191 facta,
606 4126 656 4179 vi
680 4125 854 4195 legum
876 4137 997 4177 eam
1021 4121 1091 4175 ob
1115 4134 1326 4174 causam
1349 4117 1416 4172 ab
1435 4115 1838 4188 imperatoribus

242 4219 490 4272 latarum
532 4215 880 4286 comprimere
921 4219 1170 4282 possent,
1209 4207 1647 4279 quemadmodum
1675 4215 1730 4261 et
1761 4206 1836 4260 illi

241 4309 360 4376 ipsi
392 4307 578 4361 iisdem
605 4305 807 4376 legibus
829 4302 896 4357 ad
915 4299 1241 4357 coercendos
1257 4297 1666 4352 Maximianistas
1681 4295 1837 4350 abusi

237 4401 510 4461 fuerant;
537 4396 691 4450 malle
717 4403 893 4449 tamen
929 4391 1051 4447 illos
1087 4405 1211 4445 cum
1249 4385 1652 4442 mansuetudine
1686 4401 1836 4440 com-

235 4488 615 4553 nwnefacere,
637 4495 693 4540 ut
715 4487 797 4541 vel
816 4483 1098 4541 discidium
1119 4497 1271 4536 suum
1293 4478 1590 4549 repudient,
1609 4477 1692 4532 vel
1713 4477 1838 4531 illud

243 4599 366 4635 non
396 4578 891 4634 Circumcellionum
926 4575 1285 4638 immanitate,
1307 4570 1400 4627 sed
1433 4567 1646 4639 pacifica
1674 4570 1756 4622 via
1785 4568 1838 4622 in

244 4671 500 4740 legitima
524 4668 913 4724 concertatione
933 4707 947 4731 ,
969 4665 1016 4720 si
1042 4663 1256 4734 quidem
1288 4661 1341 4716 id
1381 4675 1440 4715 se
1479 4675 1632 4730 posse
1667 4658 1838 4714 conti-

241 4763 424 4825 dant,
459 4765 702 4813 tueantur
724 4776 737 4811 :
758 4769 915 4826 atque
942 4769 1061 4809 eam
1091 4754 1159 4807 ob
1191 4767 1303 4807 rem
1341 4750 1638 4821 postulant,
1665 4760 1720 4802 ut
1746 4763 1839 4804 eos

246 4869 357 4923 per
381 4853 616 4906 locorum
638 4849 992 4919 magistratus,
1013 4853 1166 4916 prout
1185 4853 1404 4898 neceSSe
1419 4842 1699 4905 videbitur,
1722 4855 1841 4895 con-

245 4943 448 4999 venire
489 4942 584 4996 sibi
629 4941 784 4996 liceat
813 4938 1017 5011 (Collat.
1056 4937 1296 5006 Carthag.
1327 4935 1388 5001 5,
1419 4950 1532 5002 cap.
1567 4933 1709 5002 174).
1743 4931 1838 4987 Ctti

169 5038 177 5048 ‘
242 5033 513 5110 petitioni
535 5032 812 5087 confestim
834 5042 1083 5084 assensus
1110 5036 1193 5082 est
1217 5025 1556 5096 Septiminus.

327 5127 392 5182 5.
413 5123 596 5196 itaque
613 5124 911 5180 Donatistas
928 5121 1063 5175 hanc
1084 5120 1136 5174 in
1150 5135 1260 5174 rem
1276 5117 1560 5174 convenire
1580 5132 1685 5171 non
1701 5116 1842 5170 omi-

245 5227 454 5273 serunt
474 5213 727 5269 Catholici
748 5229 762 5266 :
784 5212 876 5268 sed
900 5213 972 5268 illi
987 5211 1309 5280 colloquium
1329 5208 1607 5263 obfirmato
1633 5223 1845 5276 semper

245 5307 448 5362 animo
463 5304 825 5359 detrectarunt
843 5311 897 5358 et
926 5309 1235 5357 recusarunt
1253 5316 1269 5364 ;
1290 5298 1466 5370 quibus
1484 5297 1661 5362 verbis,
1677 5298 1846 5367 inquit

247 5393 611 5465 Augustinus,
628 5409 726 5464 quo
747 5392 884 5458 dolo,
907 5388 1274 5454 ntaledictione,
1302 5387 1636 5441 amaritudine
1663 5387 1839 5456 plenis,

249 5502 402 5541 nunc
413 5487 617 5558 longum
630 5493 700 5539 est
713 5483 1057 5537 demonstrare
1073 5479 1243 5551 (Cant.
1257 5477 1448 5544 Cresc.,
1486 5476 1571 5531 lib.
1591 5478 1645 5542 5,
1664 5494 1715 5530 η.
1729 5477 1842 5548 49).

248 5575 638 5634 Obtendebant
659 5584 836 5629 autem
879 5570 1368 5628 manifestissimum
1399 5568 1740 5623 intoleranda:
1759 5583 1850 5623 su-

249 5665 466 5738 perbiaa
487 5672 873 5736 argumentum,
891 5662 1132 5718 videlicet
1151 5659 1291 5731 quod
1306 5658 1404 5714 sibi
1418 5674 1537 5713 cum
1559 5659 1847 5728 peccatori-

253 5759 370 5813 bus
391 5759 445 5812 in
460 5759 779 5828 colloquium
793 5756 973 5811 venire
994 5754 1139 5809 nefas
1151 5761 1298 5807 esset
1315 5751 1331 5796 ί
1342 5749 1504 5804 Euist.
1532 5751 1631 5805 l05
1670 5767 1723 5803 n.
1741 5747 1845 5804 15).

1501 345 1508 350 ’
1584 354 1790 419 tamen
1826 354 2134 431 QUINTUS.

1927 472 2098 528 Testis
2123 472 2276 544 hujus
2304 473 2378 528 rei
2412 471 2658 530 Primiani
2711 472 3142 544 Carthaginiensis
3188 475 3503 546 arrogantiae

1928 564 2078 633 plena
2106 566 2380 635 responsio
2402 582 2414 619 :
2434 563 2692 634 siquidem
2715 564 2781 620 de
2801 566 3079 620 collatione
3099 564 3338 622 habenda
3354 583 3500 622 cum.

1931 655 2168 723 pollutus,
2203 654 2477 726 Indignum
2503 664 2598 719 est,
2627 655 2725 716 ait,
2750 665 2802 709 ut
2825 656 2876 708 in
2896 671 3052 709 unum
3078 657 3373 710 conveniant
3402 655 3498 727 ﬁlii

1927 756 2205 814 martyrum
2239 756 2284 798 et
2320 745 2584 817 progenies
2609 746 2906 800 traditorum
2928 747 3030 815 (Ad
3069 746 3356 801 Donatista:
3390 754 3503 818 post

1927 833 2133 900 (ἰοΙΙαι.,
2165 854 2216 888 n.
2249 837 2324 906 l).
2369 835 2519 902 Quod
2567 850 2878 904 ri-Sponsmn
2927 838 3124 906 scripto
3173 839 3497 907 magistratui

1924 921 2257 993 Carthaginis
2285 924 2460 990 dedit,
2490 939 2552 978 ac
2577 940 2672 993 per
2700 925 2980 980 diaconum
3010 940 3162 980 suum
3190 927 3328 996 apud
3364 928 3499 982 scri-

1928 1015 2040 1080 bas,
2073 1015 2203 1080 sive,
2226 1023 2284 1068 ut
2311 1015 2542 1085 loquitur
2562 1016 2902 1085 Augustinus,
2926 1032 3029 1086 apu
3050 1020 3062 1068 Ι
3084 1029 3200 1072 acta
3219 1017 3500 1075 dicendum

1927 1106 2214 1160 mandavit.
2247 1107 2499 1177 Superius
2532 1117 2705 1162 autem
2739 1107 2885 1178 (Cap.
2913 1109 2975 1172 8,
3004 1126 3056 1162 n.
3084 1107 3139 1178 6)
3169 1109 3327 1164 verba
3354 1125 3501 1180 quie-

1925 1197 2047 1252 dam
2070 1199 2292 1252 vidimus
2312 1214 2341 1253 e
2363 1200 2557 1270 scripto
2582 1199 2848 1269 decerpta,
2876 1200 3016 1270 quod
3043 1201 3180 1255 idem
3202 1202 3499 1257 Primianus

1926 1289 1990 1342 ad
2021 1290 2250 1360 reliquos
2272 1290 2661 1344 Donatistarum
2686 1292 2968 1360 episcopos
2993 1293 3163 1357 misit,
3191 1302 3246 1347 et
3271 1309 3410 1364 quae.
3439 1303 3500 1349 ut

1927 1379 2135 1448 quidem
2173 1380 2569 1446 existimamus,
2601 1380 2851 1450 praedicta
2888 1382 3232 1452 responsione
3256 1384 3501 1440 contine-

1879 1481 1882 1484 '
1927 1471 2137 1523 bantur.
2173 1469 2406 1524 Diximus
2442 1486 2650 1540 quoque
2683 1486 3011 1542 nequaquam
3037 1487 3156 1527 esse
3181 1489 3210 1526 a
3242 1472 3345 1529 ﬁde
3369 1471 3502 1529 alie-

1929 1578 2074 1626 num,
2105 1578 2207 1616 non
2241 1561 2310 1616 ita
2333 1561 2500 1616 multo
2526 1572 2643 1631 post
2669 1563 3046 1632 Augustinum,
3078 1564 3317 1633 proxime
3351 1575 3503 1621 ante-

1927 1670 2083 1724 quam
2114 1654 2405 1724 llippouem
2435 1655 2660 1718 rediret,
2691 1654 3070 1722 expositionem
3097 1670 3244 1709 suam
3273 1656 3325 1710 in
3354 1655 3501 1711 Psal-

1930 1762 2070 1799 mum
2103 1746 2428 1814 trigesimum
2470 1755 2678 1800 sextum
2707 1745 2845 1813 apud
2882 1745 3089 1814 plebem
3115 1747 3501 1818 Carthaginen-

1928 1850 2039 1889 sem
2069 1835 2460 1906 pronuntiasse.
2486 1835 2531 1890 Is
2560 1835 2627 1889 ad
2653 1835 2834 1890 sedem
2863 1850 3011 1889 suam
3039 1851 3303 1903 reversus,
3325 1853 3391 1892 ex
3417 1854 3506 1910 sy-

1930 1927 2051 1982 nodi
2082 1928 2388 1996 przuscripto
2416 1927 2816 1982 Proculeianum
2839 1927 3112 1980 conveniri
3138 1929 3360 1982 curavit.
3396 1929 3500 1984 Re-

1928 2017 2139 2088 Spondit
2164 2019 2250 2073 ille
2289 2033 2502 2072 suarum
2542 2018 2766 2087 partium
2800 2028 3044 2072 coactum
3087 2017 3148 2072 iri
3177 2018 3496 2084 concilium;

1929 2108 1981 2161 in
2003 2124 2108 2177 quo
2133 2106 2261 2177 quid
2290 2118 2431 2162 esset
2458 2105 2842 2176 reponendum,
2873 2106 2927 2160 in
2955 2107 3220 2160 communi
3250 2115 3507 2163 statuere-

1932 2206 2015 2250 tur
2041 2196 2232 2266 (Epist.
2274 2196 2363 2263 85,
2393 2213 2446 2250 n.
2484 2197 2560 2266 7).
2600 2195 2711 2252 Non
2749 2195 2966 2251 dubium
3005 2205 3090 2251 est
3127 2197 3251 2265 quin
3299 2197 3509 2254 habitus

1930 2285 2088 2341 fuerit
2113 2286 2199 2341 hic
2223 2286 2430 2342 illorum
2466 2293 2786 2350 conventus;
2822 2300 3006 2340 verum
3035 2301 3139 2340 non
3165 2287 3266 2340 alia
3295 2297 3507 2353 mente,

1931 2393 2089 2448 quam
2131 2385 2190 2431 ut
2227 2377 2546 2447 colloquium
2583 2376 2938 2432 recusandum
2978 2390 3098 2431 esse
3139 2377 3507 2433 decernerent.

1932 2467 2308 2522 Proculeianus
2334 2466 2593 2536 siquidem
2622 2465 2814 2520 iterum
2839 2465 2907 2520 de
2932 2473 3111 2522 mente
3139 2480 3255 2532 sua,
3281 2468 3354 2520 uti
3384 2482 3511 2537 pro-

1933 2558 2182 2625 miserat,
2222 2560 2508 2630 aperienda
2547 2559 2934 2630 compellatus,
2959 2575 3171 2615 onmem
3209 2561 3512 2617 collationis

1934 2651 2191 2707 habenda:
2211 2667 2358 2722 spem
2383 2652 2638 2722 prmcidit.
2660 2650 2814 2720 Quod
2834 2666 3144 2720 responsum
3165 2653 3293 2706 satis
3317 2653 3514 2721 liquido

1933 2750 2141 2797 constat
2168 2759 2234 2798 ex
2268 2752 2560 2798 conventus
2598 2742 2808 2796 illorum
2840 2742 3030 2810 placito
3061 2743 3320 2797 redditum
3353 2758 3511 2797 esse:

1935 2832 2071 2886 hanc
2090 2833 2232 2888 enim
2259 2848 2372 2888 rem
2396 2833 2522 2887 illud
2547 2831 2825 2903 Augustini
2848 2847 2950 2886 non
2976 2826 3202 2886 obscure
3221 2833 3511 2902 signiﬁcat:

1936 2925 1998 2978 Si
2032 2926 2140 2994 lupi
2174 2925 2476 2989 concilium,
2508 2924 2674 2992 inquit
2693 2963 2707 2985 ,
2734 2923 2991 2992 fecerunt,
3023 2933 3077 2975 ut
3105 2924 3386 2992 pastoribus
3415 2940 3516 2977 non

1933 3013 2266 3082 respondeant
2287 3012 2475 3083 (Epist.
2505 3014 2592 3078 76,
2628 3030 2682 3066 rt.
2717 3009 2812 3084 4);
2851 3028 2968 3083 qum
3005 3017 3164 3066 verba
3199 3029 3262 3067 ex
3291 3013 3514 3078 litteris,

1936 3121 2066 3175 quas
2095 3105 2268 3160 forsan
2300 3103 2401 3157 hoc
2425 3104 2538 3172 ipso
2566 3114 2806 3173 tempore
2827 3103 2895 3158 de
2912 3114 3160 3158 recusato
3178 3119 3204 3155 a
3231 3104 3516 3158 Donatistis

1936 3195 2203 3265 Colloquio
2229 3195 2462 3265 scripsit,
2498 3204 2765 3263 petuntur.
2790 3195 2896 3249 llas
2913 3209 3074 3264 porro
3099 3195 3359 3250 universis
3379 3195 3518 3249 illius

1938 3286 2239 3341 scltismatis
2269 3285 2614 3339 sectatoribus
2644 3285 2914 3350 inscribit,
2939 3284 3026 3339 ubi
3054 3295 3392 3354 posteaquam
3421 3286 3520 3339 Ec-

1937 3377 2111 3432 Clusina
2135 3376 2409 3430 catholica
2439 3375 2712 3429 veritatem
2751 3375 2880 3443 ipsis
2902 3373 3318 3440 demonstravit,
3346 3376 3516 3443 primo

1938 3466 2150 3536 quidem
2179 3464 2308 3519 locis
2323 3479 2352 3518 e
2369 3464 2542 3517 divina
2560 3463 2829 3534 Scriptura
2847 3461 3120 3518 collectis:
3141 3461 3334 3518 deinde
3349 3464 3519 3518 tribus

1940 3555 2214 3610 sententiis
2243 3553 2533 3608 secundum
2552 3553 2885 3608 Caecilianum
2902 3551 3024 3608 latis
3041 3567 3058 3607 :
3075 3562 3188 3608 tum
3206 3553 3519 3609 criminibus

1938 3647 2306 3716 Optatieurum
2321 3645 2584 3715 martyris,
2599 3657 2754 3714 quem
2789 3659 2818 3698 a
2849 3644 3224 3700 communione
3245 3659 3338 3698 sua
3361 3645 3520 3698 mini-

1940 3753 2026 3792 me
2063 3743 2368 3791 resecarant
2389 3734 2580 3804 (lbid.,
2612 3751 2666 3786 η.
2693 3732 2750 3805 5)
2772 3751 2785 3786 :
2809 3741 3082 3802 postremo
3110 3732 3329 3788 historia
3359 3733 3520 3788 Maxi-

1940 3827 2340 3891 mianistarum,
2386 3840 2592 3879 necnon
2646 3821 2970 3893 indulgentia
2996 3862 3014 3890 ,
3052 3838 3154 3893 qua
3191 3822 3516 3879 Feliciuuum

1939 3919 2262 3974 Mustitatum
2290 3918 2414 3980 (nec
2438 3916 2580 3970 enim
2613 3913 2919 3970 Praetextati
2951 3914 3224 3983 meminit)
3249 3929 3353 3968 una
3391 3929 3515 3969 cum

1941 4011 2042 4066 illis
2067 4024 2200 4080 quos
2227 4017 2377 4063 extra
2407 4022 2592 4062 eorum
2625 4006 2914 4061 Ecclesium
2942 4005 3254 4074 baptizarat,
3283 4019 3515 4075 excepe-

1940 4112 2078 4158 rant.
2113 4101 2412 4157 Donatistas
2439 4100 2600 4154 laicos
2622 4105 2792 4168 rogat,
2816 4097 2892 4151 uti
2917 4097 3172 4167 prtesules
3190 4113 3336 4163 suos,
3357 4112 3521 4167 quan-

1939 4191 2224 4262 doquidem
2266 4205 2386 4244 cum
2425 4187 2716 4244 Catholicis
2760 4187 2964 4241 nollent
2991 4185 3044 4240 in
3069 4187 3391 4256 colloquium
3420 4202 3516 4242 ve-

1941 4284 2077 4350 nire,
2099 4283 2166 4338 ad
2185 4280 2464 4336 solvendas
2491 4280 2649 4334 hasce
2671 4278 3006 4333 difﬁcultates
3025 4289 3269 4348 urgeant;
3289 4280 3520 4335 videant-

1940 4392 2044 4447 que
2086 4376 2139 4430 in
2181 4376 2279 4428 hac
2319 4375 2432 4442 ipsa
2471 4372 2804 4426 recusatione
2842 4369 3190 4424 indubitatum
3229 4371 3517 4426 debilitatis

1941 4465 2299 4521 testimonium
2320 4461 2596 4517 contineri.
2625 4461 2750 4515 lIa-c
2771 4467 2945 4512 autem
2965 4460 3184 4528 epistola
3205 4460 3379 4531 legum
3404 4460 3518 4518 Ho-

1943 4557 2078 4611 norii
2104 4555 2424 4610 mentionem
2448 4551 2665 4607 omnino
2691 4550 2886 4602 nullam
2913 4547 3054 4603 facit.

2508 4639 2729 4696 CAPUT
2770 4638 2860 4693 XI.

1946 4741 1970 4795 ί
2005 4738 2265 4808 Crispinus
2301 4734 2370 4788 ad
2407 4732 2713 4802 colloquium
2750 4741 3043 4801 prouocatus
3069 4731 3239 4786 verbis-
3252 4733 3519 4802 respondet

2015 4832 2203 4884 amaris
2227 4838 2273 4882 et
2295 4826 2572 4880 maledicis.
2608 4824 2645 4877 2
2682 4823 2964 4877 Donatista
2994 4825 3235 4878 inuadunt
3259 4827 3312 4878 in
3341 4823 3519 4878 Possi-

2015 4924 2174 4977 dium.
2206 4922 2241 4976 3
2267 4919 2397 4974 Tum
2432 4917 2672 4971 Ecclesiae
2695 4917 2930 4985 defensor
2953 4917 3152 4970 ntulctte
3171 4916 3387 4969 aurarite
3409 4915 3517 4971 Ita-

2014 5014 2180 5068 reticis
2217 5012 2454 5082 irrogata:
2493 5007 2725 5062 damnari
2757 5005 3046 5074 Crispinum
3082 5015 3256 5067 curat,
3294 5021 3442 5075 quem
3467 5015 3520 5060 et

2016 5103 2224 5160 subinde
2262 5099 2528 5156 Possidius
2565 5098 2740 5170 probat
2785 5097 3091 5151 Itmeticum.
3126 5097 3181 5153 ι.
3221 5095 3249 5148 1
3256 5095 3312 5150 lli
3353 5107 3517 5153 (arma

2018 5204 2190 5266 postea
2218 5192 2370 5265 hujus
2406 5205 2566 5262 pana
2602 5188 3011 5243 condonatlonem
3040 5187 3304 5257 impetrant
3333 5187 3518 5243 Callio-

1971 5315 1978 5320 -
2018 5287 2122 5340 lici.
2145 5286 2180 5341 5
2205 5282 2415 5342 Concilii
2446 5279 2858 5351 Cartliaginensis
2880 5277 3062 5347 legatio
3088 5277 3156 5330 ad
3189 5279 3517 5348 petendas.“

2019 5379 2331 5451 Imperatore
2375 5375 2507 5447 leges
2550 5375 2605 5428 in
2655 5371 2996 5426 schismaticos
3017 5411 3032 5435 ,
3075 5371 3164 5425 sed
3210 5372 3518 5427 moderatas.

2019 5474 2052 5528 ϐ
2081 5471 2290 5542 Legatio
2316 5470 2420 5523 lucc
2447 5465 2657 5520 Theasia
2686 5471 2737 5518 et
2767 5461 2950 5516 Euasio
2975 5462 3324 5516 demandatur.
3348 5463 3380 5518 7
3412 5462 3516 5516 Do-

2021 5563 2316 5617 natistarum
2341 5560 2394 5611 in
2423 5556 2788 5610 Maximianum
2813 5553 3116 5606 inmanitas.
3147 5551 3182 5607 8
3205 5549 3272 5606 1η
3299 5552 3514 5607 Servum

2018 5666 2210 5724 quoque
2233 5649 2520 5718 episcOpum
2544 5644 2807 5699 invadunt.

2021 5747 2072 5799 l.
2117 5743 2186 5798 Ut
2203 5740 2268 5795 ad
2289 5739 2713 5804 conventionem,
2738 5753 2838 5809 qua
2865 5735 3158 5790 Donatistas
3179 5747 3204 5784 a
3231 5728 3514 5788 Catholicis
