3990 6360
467 424 743 494 provocari
789 421 1100 498 oportebat,
1146 421 1426 478 redeamus
1451 437 1462 472 :
1487 435 1607 478 cum
1650 434 1770 474 eam
1812 421 2052 472 curasset

470 512 743 571 Possidius
783 513 1110 570 Calamensis
1152 513 1434 584 episcopus
1475 509 1720 581 Crispino
1764 506 2050 578 signiﬁcari

466 609 861 683 Donatistarum
888 606 1123 676 ejusdem
1152 604 1296 660 urbis
1314 604 1584 674 episcopo,
1616 601 1703 671 qui
1728 608 1782 654 et
1805 598 2051 668 antiquus

466 709 618 765 erat,
660 709 709 755 et
753 698 891 768 apud
921 712 1047 753 suos
1071 711 1265 766 magno
1292 696 1341 749 in
1369 709 1590 748 numero
1612 692 1932 754 habebatur;
1963 688 2051 743 hic

437 846 442 869 ι
467 790 855 862 compellationi
874 788 1108 860 reposuit
1127 802 1207 855 se,
1227 786 1352 858 quid
1374 783 1614 855 responsi
1634 782 1864 838 dandum
1886 790 2046 843 esset,

466 883 707 938 visurum
734 896 855 936 cum
882 880 1118 950 collegis.
1141 878 1282 933 Satis
1307 876 1465 945 longo
1490 882 1610 944 post
1632 883 1888 943 tempore,
1907 886 2047 926 anno

459 975 571 1047 jam
607 974 805 1031 Christi
833 970 1353 1044 quadringentesimo
1388 978 1610 1038 quarto,
1652 965 1790 1021 idem
1826 964 2046 1034 repetita

463 1066 818 1123 conventione
848 1064 1232 1134 interpellatus,
1256 1060 1395 1115 istud
1417 1058 1559 1129 apud
1575 1059 1705 1112 Acta
1731 1070 2043 1125 responsum

462 1160 644 1216 dedit:
675 1178 693 1212 ι
720 1138 892 1212 ’γετὸα
915 1157 1008 1211 uiri
1039 1136 1311 1227 peccatoris
1336 1169 1397 1205 ne
1430 1150 1655 1205 timueris
1684 1169 1702 1202 ι
1726 1148 1783 1222 (ι
1805 1148 2043 1202 Macltab.

459 1267 523 1318 ιι,
558 1249 684 1323 62).
725 1252 791 1306 Et
820 1252 1008 1305 iterum
1041 1266 1056 1303 :
1089 1266 1107 1299 ι
1135 1245 1202 1300 1η
1222 1261 1366 1298 aures
1392 1243 1724 1313 imprudentis
1753 1258 1869 1296 cave
1897 1242 2047 1314 quid-

460 1363 615 1414 quam
653 1344 876 1407 dixeris;
916 1357 1007 1406 ne,
1037 1356 1149 1395 cum
1176 1338 1425 1402 audierit,
1453 1337 1663 1390 irrideat
1686 1346 1910 1389 sensatos
1939 1350 2045 1388 ser-

460 1454 634 1493 mones
659 1448 770 1492 tuos
799 1455 817 1488 ι
848 1432 1041 1508 (Prov.
1069 1446 1234 1497 χχιιι,
1265 1428 1343 1501 9).
1367 1428 1654 1495 Postremo,
1677 1429 1806 1481 hanc
1837 1443 2043 1497 respon-

459 1531 654 1586 sionem
677 1545 837 1583 meam
856 1523 1193 1598 patriarchali
1222 1538 1448 1577 sermone
1470 1521 1656 1590 deﬁnio
1682 1536 1700 1575 :
1726 1520 1982 1575 Recedant
2011 1536 2044 1573 a

442 1638 541 1676 me
575 1620 747 1690 impii,
777 1620 882 1673 vias
911 1633 1084 1672 eorum
1112 1631 1256 1670 nosse
1299 1614 1417 1667 nolo
1452 1611 1660 1685 (Contra
1689 1610 2042 1677 Cresconium,

442 1712 549 1767 lib.
571 1712 626 1776 ὅ,
649 1728 702 1766 n.
726 1708 848 1782 50.).
879 1710 951 1763 Ea
976 1706 1210 1777 Crispini
1237 1704 1515 1774 responsio
1536 1702 1705 1757 doctis
1732 1710 1786 1756 et
1814 1701 2041 1755 indoctis

442 1805 623 1861 risum
653 1804 856 1859 movit:
881 1801 1077 1872 quippe
1112 1800 1203 1870 qui
1241 1814 1301 1854 se
1339 1798 1499 1853 verba
1542 1796 1833 1867 peccatoris
1871 1796 2043 1849 neuti-

454 1912 615 1968 quam
643 1896 830 1951 timere
851 1894 1110 1965 jactaret;
1136 1907 1255 1948 cum
1284 1900 1462 1946 tamen
1499 1890 1549 1945 ei
1577 1889 1904 1959 respondere
1933 1903 2039 1942 non

456 1989 697 2045 auderet.
720 1988 861 2042 Satis
886 1985 1100 2056 quidem
1129 1995 1245 2040 erat
1272 1981 1631 2048 manifestum,
1659 1980 1781 2051 quid
1806 1980 1903 2034 sibi
1930 1980 2039 2034 vel-

454 2082 569 2137 let:
597 2094 698 2135 nec
735 2079 957 2134 deerant
996 2076 1085 2148 qui
1122 2075 1587 2138 demonstrarent,
1631 2085 1788 2140 quam
1836 2070 2040 2125 inutilis

452 2179 600 2227 esset
623 2170 720 2225 ista
748 2168 1046 2238 responsio,
1072 2180 1340 2237 quamque
1360 2172 1576 2234 propter
1594 2162 1875 2217 verborum
1897 2176 2041 2216 acer-

452 2261 696 2327 bitatem,
720 2260 820 2330 ipsi
842 2256 1184 2329 respondenti
1206 2255 1392 2320 noxia;
1418 2263 1577 2324 atque
1601 2253 1725 2307 hinc
1746 2252 1903 2306 simul
1924 2251 2037 2306 uni-

452 2354 628 2410 versis
642 2351 873 2422 Crispini
893 2349 1129 2421 episcopi
1145 2348 1476 2412 doclissima,
1498 2354 1556 2401 ut
1575 2346 1712 2416 apud
1739 2345 2040 2400 Donatistas

453 2443 773 2509 habebatur,
799 2441 1072 2497 annositas
1097 2448 1283 2496 contra
1317 2446 1492 2493 stante
1526 2436 1706 2507 juveni
1742 2450 1804 2490 ac
1833 2436 2036 2501 tirone,

451 2536 628 2607 qualis
655 2534 927 2591 Possidius
950 2542 1087 2599 erat,
1108 2532 1242 2587 nihil
1270 2530 1555 2587 adversum
1581 2529 1857 2585 veritatem
1878 2542 2035 2598 posse

453 2629 796 2700 probabatur.

521 2721 578 2774 2.
617 2721 948 2791 Quapropter
973 2716 1188 2789 quando
1214 2716 1313 2772 hac
1351 2730 1456 2770 non
1489 2713 1781 2777 successit,
1812 2711 1913 2767 alia
1944 2711 2029 2764 via

448 2811 867 2882 aggrediendum
896 2809 994 2865 fuit
1024 2828 1036 2864 :
1069 2808 1185 2864 hinc
1208 2821 1336 2863 vero
1361 2807 1472 2861 visa
1494 2814 1577 2860 est
1602 2803 1837 2859 omnium
1871 2802 2033 2871 potis-

448 2902 854 2973 sima.Contigit
873 2902 1058 2973 paucis
1079 2909 1195 2971 post
1218 2898 1427 2963 diebus,
1450 2906 1506 2951 ut
1524 2895 1798 2952 Possidius
1817 2894 2031 2949 Calama

444 2993 514 3047 ad
543 2992 878 3048 invisendum
907 2992 961 3046 in
990 3006 1084 3045 sua
1112 2988 1332 3045 diceeesi
1377 2985 1767 3057 Figulinensem
1813 2982 2032 3038 fundum

445 3084 873 3153 proﬁcisceretur
898 3098 964 3137 eo
990 3081 1214 3137 consilio
1234 3121 1250 3147 ,
1295 3088 1353 3133 ut
1388 3078 1685 3134 Catholicos
1706 3119 1720 3141 ,
1751 3076 1839 3146 qui
1877 3074 2031 3144 pauci

442 3177 554 3233 illic
576 3183 748 3242 erant,
771 3174 1140 3237 conﬁrmaret,
1165 3172 1296 3226 alios
1316 3177 1493 3225 autem
1514 3168 1579 3223 ad
1599 3166 2026 3237 amplexandam.

442 3268 490 3323 si
520 3267 752 3333 vellent,
796 3265 1052 3319 unitatem
1089 3261 1479 3324 cohortaretur,
1518 3274 1581 3314 ac
1612 3258 1841 3327 denique
1885 3257 2028 3326 pacis

439 3357 738 3414 doctrinam
758 3396 773 3420 ,
803 3370 965 3426 quam
993 3354 1047 3408 in
1076 3351 1355 3424 Augustini
1384 3350 1708 3405 monasterio
1749 3356 1805 3404 et
1841 3348 1990 3403 clero
2009 3388 2025 3411 ,

344 3490 347 3495 λ
441 3446 585 3503 unde
630 3446 801 3502 fuerat
847 3444 916 3499 ad
957 3444 1320 3514 episcopatum
1362 3450 1691 3510 assumptus,
1734 3439 2024 3505 didicerat,

398 3610 401 3613 ν
442 3539 692 3595 omnibus
723 3538 957 3594 traderet
982 3534 1281 3610 (Possidius
1300 3575 1315 3600 ,
1343 3535 1397 3588 in
1432 3532 1549 3587 Vita
1575 3534 1809 3603 August..
1843 3549 1888 3585 c.
1916 3531 1981 3585 12
2008 3550 2021 3595 ;

439 3628 634 3684 Contra
660 3626 984 3684 Cresconium
1007 3667 1022 3693 ,
1050 3626 1139 3680 lib.
1176 3627 1232 3690 3,
1271 3641 1325 3678 η.
1357 3623 1456 3687 50;
1485 3622 1651 3693 Epist.
1684 3622 1819 3688 105,
1849 3640 1901 3675 n.
1929 3622 2022 3692 «1).

435 3720 575 3777 Tum
601 3735 731 3777 vero
757 3720 1043 3775 Donatistae
1078 3718 1184 3773 alio
1207 3714 1454 3785 Crispino
1479 3714 1715 3783 episcopi
1739 3712 2024 3770 Calamen—

402 3838 406 3843 ο
439 3813 516 3868 sis
543 3812 886 3882 presbytero,
913 3818 1073 3879 atque
1099 3808 1236 3878 ejus,
1279 3813 1337 3861 ut
1376 3804 1663 3872 ferebatur,
1697 3804 2021 3873 propinquo,

394 3930 399 3935 -
438 3902 662 3964 ductore
700 3901 816 3955 vias
858 3899 1048 3954 armati
1085 3899 1349 3953 latronum
1378 3910 1529 3950 more
1553 3893 1835 3961 obsidere,
1866 3902 2025 3962 atque

396 4014 401 4019 η
438 3991 660 4048 insidias
688 4005 907 4060 ponere.
929 3988 989 4043 In
1015 4004 1106 4045 eas
1130 3988 1241 4059 jam
1269 4002 1407 4058 pene
1436 3984 1692 4041 inciderat
1720 3984 2018 4047 Possidius,

396 4112 401 4117 ~
433 4098 561 4139 cum
586 4081 745 4151 hujus
771 4081 848 4136 rei
876 4081 1071 4136 certior
1094 4079 1264 4135 factus
1286 4078 1393 4134 alio
1417 4077 1653 4143 divertit,
1681 4091 1844 4147 seque
1872 4076 1923 4129 in
1947 4076 2026 4130 lo-

593 4173 811 4229 nomine
835 4172 1083 4228 Livetum
1119 4169 1326 4240 recepit
1352 4188 1365 4225 :
1394 4170 1482 4226 ubi
1510 4170 1756 4224 nimirum
1796 4169 1882 4224 ille
1908 4167 2026 4222 Cri-

338 4315 354 4339 ;
408 4292 425 4301 η
443 4267 633 4337 spinus
656 4264 789 4321 nihil
814 4263 1057 4327 auderet,
1080 4262 1166 4319 vel
1197 4276 1303 4317 non
1331 4262 1679 4332 praevaleret,
1710 4260 1793 4316 vel
1823 4259 1867 4315 si
1897 4258 2022 4329 quid

443 4355 607 4412 etiam
649 4355 898 4419 iecisset,
941 4368 1137 4425 negare
1177 4367 1283 4408 non
1313 4361 1512 4423 posset.
1545 4351 1672 4406 Tum
1701 4351 1907 4404 domum
1926 4392 1940 4415 ,
1969 4350 2024 4403 in

441 4463 544 4515 qua
564 4462 700 4501 ,σωκ
721 4444 834 4500 suis
872 4461 926 4499 se
952 4443 1217 4499 Possidius
1256 4443 1556 4507 incluserat,
1596 4442 1759 4511 sepire
1782 4441 2021 4504 armatis,

442 4537 696 4609 lapidibus
738 4535 1140 4591 circunttundere
1159 4573 1175 4600 ,
1216 4533 1404 4587 ambire
1440 4533 1690 4603 ﬂammis,
1733 4532 1925 4585 aditum
1961 4547 2025 4585 ea:

440 4631 580 4684 omni
605 4638 748 4701 parte
767 4629 953 4683 moliri.
981 4630 1107 4694 Quae
1131 4642 1247 4682 uero
1278 4627 1457 4681 aderat
1491 4624 1817 4680 incolentium
1853 4625 2026 4677 multi-

438 4720 584 4787 tudo,
614 4736 808 4775 memor
835 4719 1047 4791 periculi
1082 4718 1193 4784 sui,
1220 4718 1264 4772 si
1288 4718 1344 4772 in
1368 4733 1427 4772 eo
1456 4718 1565 4772 loco
1603 4732 1896 4789 aggressum
1920 4725 2027 4770 tan-

411 4825 548 4869 «tum
588 4814 787 4884 facinus
826 4812 1136 4883 impleretur,
1175 4811 1357 4881 partim
1400 4810 1544 4864 illum
1579 4808 1941 4879 deprecabatur
1967 4817 2023 4862 ut

419 4912 682 4976 .parceret,
708 4919 856 4975 quem
879 4901 1155 4957 resistendo
1175 4917 1276 4954 non
1301 4899 1517 4954 audebat
1540 4896 1815 4965 o/Tcndere,
1838 4898 2024 4967 partim

426 5011 558 5051 «ro
585 4997 726 5067 ignes
752 4993 1043 5064 suppositos
1073 4992 1436 5063 exstinguebat.
1465 4989 1697 5045 Eosdem
1723 5004 1892 5060 usque
1918 5000 2023 5043 ter-

431 5083 1064 5156 siorcompressitsquod
1094 5084 1147 5139 ni
1173 5083 1423 5149 fecisset,
1462 5082 1735 5138 Possidius
1763 5097 1866 5136 una
1901 5096 2022 5136 cum

440 5179 605 5235 domo
623 5188 677 5233 et
700 5179 919 5248 reliquis
936 5178 1000 5231 .in
1030 5193 1091 5232 ea
1115 5176 1330 5232 inclusis
1350 5177 1501 5231 vivus
1523 5175 1830 5231 combustus
1858 5185 2018 5231 esset.

438 5268 570 5325 Cum
595 5279 762 5325 autem
800 5271 888 5325 ille
913 5270 1234 5343 (Crispinus)
1264 5271 1421 5325 nihilo
1446 5271 1647 5341 segnius
1675 5270 1846 5340 coeptis
1874 5271 2026 5341 fervi-

446 5361 544 5416 dus
580 5370 728 5432 atque
768 5362 1055 5415 inexoratus
1097 5362 1332 5424 instaret,
1361 5362 1508 5416 cessit
1545 5362 1818 5428 aliquando
1847 5361 2022 5415 ictibus

434 5453 630 5522 janua,
666 5452 877 5522 ingressi
904 5462 1049 5517 sunt,
1083 5452 1418 5521 sauciatisque
1441 5452 1579 5506 ccede
1604 5453 1849 5522 jumentis
1868 5494 1883 5521 ,
1910 5467 2023 5521 quia

439 5544 498 5597 in
524 5544 764 5615 inferiore
789 5543 968 5597 domus
1006 5555 1146 5613 parte
1172 5554 1546 5614 compererant,
1579 5545 1641 5600 de
1682 5547 2021 5615 superioribus

432 5632 729 5703 episcopum
754 5634 1114 5704 deposuerunt,
1140 5635 1407 5704 efﬁcientes
1429 5637 1591 5707 plagis
1606 5646 1656 5689 et
1685 5638 2017 5692 contumeliis.

444 5722 546 5780 ilbi
565 5740 629 5781 ne
650 5725 850 5797 gravius
871 5727 1118 5783 servirent.
1149 5726 1420 5781 intercessit
1442 5727 1547 5785 inse
1566 5726 1829 5784 Crisninus
1842 5768 1857 5796 ,
1889 5729 2020 5784 velut

1561 300 1716 356 VITA
1756 298 1813 356 S.
1853 294 2217 355 AUGUSTIN!
2258 297 2556 357 EPISCOPI

3633 315 3743 373 536

2156 414 2270 468 aliis
2289 418 2577 487 regantibus
2596 420 2778 490 ﬂexus,
2801 438 3012 492 quorum
3039 440 3139 479 non
3169 435 3273 480 tam
3295 428 3552 483 uidebatur
3580 430 3632 485 in
3659 432 3743 485 ira

2155 525 2247 561 sua
2270 526 2447 594 curare
2465 512 2882 580 deprecationem,
2910 532 3061 583 quam
3080 518 3131 571 in
3151 518 3374 592 facinore
3395 524 3737 575 testimonium

2154 601 2432 669 formidare
2459 601 2667 673 (Contra
2692 601 3033 672 Cresconium,
3057 608 3141 661 lib.
3168 610 3220 669 5,
3245 627 3296 663 ιι.
3325 609 3437 681 50).
3462 609 3741 667 Possidius

2155 691 2267 760 ipse
2293 694 2539 748 eumdem
2571 711 2752 749 casum
2780 696 2997 766 perinde
3016 738 3032 764 ,
3070 700 3218 768 quasi
3250 701 3401 754 alteri
3429 703 3736 770 evenisset,

2154 783 2408 849 referens,
2439 786 2567 839 satis
2591 786 2750 841 habet
2778 786 2957 842 dicere
2976 829 2990 851 ,
3022 789 3319 845 Donatistas
3342 832 3357 856 ,
3391 792 3478 846 ubi
3508 793 3652 847 illum
3682 794 3737 849 in

2156 873 2344 929 itinere
2370 876 2539 929 adorti
2562 887 2762 939 essent,
2786 877 3025 946 jumenta
3048 890 3100 933 ct
3125 895 3211 935 res
3238 881 3401 949 ipsius
3423 884 3734 952 diripuisse,

2153 982 2357 1021 necnon
2406 967 2574 1036 ipsum
2623 969 2827 1038 injuriis
2865 981 2919 1025 ct
2955 972 3101 1026 caule
3140 973 3449 1042 gravissima
3496 975 3741 1031 aﬁ‘ccisse

2152 1056 2474 1131 (Possidius,
2496 1061 2546 1113 in
2588 1060 2698 1114 Vita
2722 1062 2959 1133 August.,
2987 1081 3032 1116 c.
3064 1065 3129 1118 12
3148 1066 3186 1133 ).

2220 1149 2273 1203 3.
2319 1148 2444 1203 Haec
2467 1163 2827 1222 posteaquam,
2855 1163 3023 1221 pergit
3054 1156 3409 1225 Augustinus,
3442 1169 3559 1210 nota
3591 1161 3735 1229 facta

2148 1253 2263 1295 sunt
2290 1242 2343 1295 in
2373 1242 2560 1311 Oppido
2595 1242 2881 1297 Coloniensi
2898 1287 2911 1307 ,
2936 1248 3316 1313 exspectabatur
3338 1246 3598 1316 Crispinus
3623 1250 3735 1319 epi-

2147 1351 2330 1403 scopus
2360 1344 2514 1388 vester
2540 1334 2866 1403 (Donatistas
2901 1337 3214 1407 alloquitur)
3232 1341 3653 1405 quemadmodum
3676 1341 3733 1395 iis

2146 1442 2293 1479 suum
2324 1426 2665 1496 presbyterum
2700 1427 2994 1480 vindicaret.
3019 1428 3235 1482 Accessit
3257 1432 3406 1483 etiam
3439 1434 3737 1501 protestatio

2147 1515 2534 1584 municipalibus
2560 1517 2711 1584 gestis
2737 1534 3008 1585 expressa;
3033 1520 3179 1591 cujus
3203 1522 3279 1573 vel
3307 1521 3500 1586 timore,
3528 1523 3604 1575 uel
3628 1540 3733 1591 pu-

2145 1607 2284 1671 dore,
2314 1618 2569 1677 cegeretur
2593 1624 2822 1661 exercere
2850 1609 3237 1663 ecclesiasticam
3259 1611 3551 1664 vindictam.
3580 1612 3737 1677 Quod

2147 1716 2261 1753 cum
2301 1701 2503 1753 omnino
2547 1712 2917 1768 contemneret,
2961 1713 3223 1774 tantusque
3265 1706 3404 1772 ﬁeret
3458 1718 3733 1760 vestrorum

2145 1793 2388 1845 tumultus
2408 1832 2424 1855 ,
2470 1803 2524 1845 ut
2566 1794 2760 1846 veritati
2789 1795 3129 1863 pra'dicundte
3147 1838 3161 1860 ,
3191 1798 3271 1849 cui
3298 1800 3603 1866 respondere
3628 1818 3735 1853 non

2143 1893 2389 1952 poterant,
2410 1885 2593 1939 itinera
2613 1886 2838 1939 clausuri
2858 1898 3173 1957 putarentur,
3194 1889 3295 1942 imo
3315 1904 3428 1942 vero
3441 1890 3554 1960 jam
3576 1892 3733 1944 etiam

2141 1984 2459 2028 cernerentur
2481 1975 2690 2049 (Contra
2715 1974 3053 2041 Cresconium,
3089 1977 3176 2031 lib.
3204 1979 3257 2044 5,
3284 1997 3338 2032 n.
3362 1979 3455 2051 51)
3475 1999 3487 2033 :
3511 1980 3730 2036 demum

2143 2081 2210 2120 ne
2252 2066 2545 2120 istiusmodi
2583 2067 2849 2121 violentiae
2897 2068 3040 2136 pacis
3087 2069 3465 2125 ecclesiastica:
3507 2087 3728 2128 cursum

2141 2159 2513 2228 prohiberent,
2545 2158 2797 2212 Ecclesia:
2821 2158 3071 2215 defensor
3096 2176 3158 2215 ea
3182 2161 3250 2216 de
3280 2178 3338 2217 re
3366 2164 3732 2232 querimonias

2140 2248 2206 2301 ad
2235 2249 2594 2317 magistratum
2622 2260 2833 2303 servato
2854 2250 2990 2319 juris
3013 2267 3160 2305 more
3184 2252 3371 2305 detulit
3399 2250 3727 2324 (Possidius,

2140 2341 2193 2394 in
2235 2340 2347 2393 Vita
2372 2340 2610 2411 August.,
2645 2358 2690 2394 c.
2722 2342 2789 2395 12
2809 2346 2852 2412 ),
2875 2344 3317 2414 impetratumque
3344 2354 3426 2398 est
3465 2344 3664 2413 (forsan
3695 2362 3729 2398 ει

2140 2434 2512 2489 Proconsulnri
2548 2431 2840 2506 Nutnidiw)
2870 2445 2926 2489 ut
2964 2436 3245 2505 episcopus
3271 2435 3546 2505 Cl'lSllillllS
3581 2437 3727 2490 mul-

2136 2537 2276 2582 ctam
2303 2529 2505 2597 legibus
2523 2528 2573 2581 in
2595 2526 2870 2582 haereticos
2884 2529 3245 2593 constitutam,
3264 2529 3512 2583 nimirum
3532 2528 3728 2584 decem

2135 2620 2249 2674 auri
2277 2619 2471 2689 pondo,
2506 2618 2735 2673 Solveret
2761 2617 2950 2689 (Epist.
2976 2619 3106 2683 105,
3136 2636 3189 2672 n.
3217 2621 3283 2683 4;
3315 2619 3500 2673 Contra
3517 2618 3731 2674 Cresco-

2136 2711 2297 2777 nium,
2320 2727 2372 2763 n.
2403 2708 2514 2781 5|).
2540 2710 2730 2779 Legem
2762 2710 2897 2764 hanc
2926 2709 3255 2764 Theodosius
3275 2709 3386 2780 jam
3418 2711 3538 2766 inde
3562 2726 3591 2764 a
3620 2711 3727 2765 de-

2135 2804 2275 2857 cimo
2302 2804 2529 2872 septimo
2556 2800 2812 2856 kalendas
2850 2802 2964 2871 julii
2996 2802 3122 2856 anni
3162 2803 3519 2857 trecentesimi
3550 2818 3727 2857 nona-

2132 2894 2321 2965 gesitni
2350 2894 2567 2949 secundi
2602 2895 3022 2964 promulgaverat
3049 2894 3101 2948 in
3130 2894 3406 2949 lnereticos
3434 2910 3642 2957 omnes,
3664 2905 3727 2949 ut

2133 2987 2225 3055 qui
2250 2986 2388 3055 apud
2419 3002 2513 3042 eos
2536 2987 2621 3039 vel
2650 2986 2953 3040 conferrent
2976 2986 3057 3040 vel
3084 2986 3390 3054 acciperent
3415 2985 3726 3040 clericalem

2132 3076 2463 3145 dignitatem,
2493 3076 2644 3131 denis
2672 3077 2789 3129 auri
2820 3077 2968 3129 libris
2996 3077 3412 3141 mulctarentur;
3441 3084 3493 3129 ct
3517 3076 3728 3144 quasvis

2132 3166 2246 3221 loca
2266 3207 2284 3234 ,
2315 3167 2367 3220 in
2398 3182 2517 3237 quae
2554 3166 2771 3220 domino
2799 3166 3011 3236 quidem
3049 3167 3420 3222 consentiente
3462 3168 3723 3221 conveni-

2131 3269 2287 3327 rent,
2330 3259 2459 3314 ﬁsco
2500 3259 2901 3323 addiCerentur;
2931 3259 3015 3312 sin
3043 3267 3218 3313 autctn
3244 3258 3333 3312 illo
3359 3258 3526 3313 inscio
3552 3260 3635 3314 vel
3664 3259 3722 3313 in

2131 3352 2261 3407 locis
2285 3352 2399 3422 jam
2426 3350 2553 3405 ﬁsco
2583 3351 2805 3405 addictis
2846 3350 2897 3403 id
2929 3352 3108 3416 ﬁcrct,
3141 3349 3309 3405 denas
3352 3366 3563 3421 quoque
3598 3352 3723 3406 auri

2131 3443 2294 3498 libras
2320 3441 2469 3497 fundi
2494 3442 2804 3496 conductori
2851 3441 3141 3510 imperabat
3170 3440 3393 3511 (Codice
3430 3441 3619 3496 Tlteod.
3654 3443 3723 3497 de

2131 3532 2347 3596 liceret"
2383 3533 2487 3604 lege
2505 3534 2566 3587 2t
2594 3533 2632 3602 ).
2664 3532 2912 3601 Ejusdem
2944 3532 3072 3600 legis
3105 3532 3344 3585 meminit
3367 3530 3561 3600 passim
3601 3534 3718 3585 Au-

2128 3628 2371 3698 gustinus
2416 3627 2640 3699 (Contra
2683 3626 2849 3697 Epist.
2889 3624 3241 3689 Parmenioni,
3276 3626 3365 3678 lib.
3402 3625 3451 3690 1,
3482 3641 3534 3677 n.
3565 3623 3712 3695 l9):

2128 3728 2321 3788 praeter
2343 3734 2498 3788 quam
2528 3718 2645 3772 alia:
2669 3734 2773 3771 non
2802 3733 2981 3786 paucae
3010 3717 3398 3786 suppetebant,
3428 3732 3494 3770 ex
3520 3715 3720 3783 quibus

2131 3810 2385 3866 EcClesia:
2410 3826 2530 3864 cum
2570 3810 2835 3864 luereticis
2871 3824 3029 3878 agere
3069 3809 3280 3863 licebat.
3317 3808 3507 3862 Verum
3537 3822 3715 3876 quan-

2131 3904 2326 3957 tumvis
2351 3902 2585 3974 :eqnitati
2613 3903 2974 3957 consentirent
3006 3902 3127 3968 liliP,
3159 3910 3303 3957 tanta
3331 3901 3501 3955 inerat
3518 3899 3720 3955 Catho-

2131 3995 2245 4049 licis
2281 3994 2631 4049 mansuetudo
2652 4033 2669 4059 ,
2698 4003 2755 4048 ut
2779 4008 2871 4048 eas
2901 3994 3254 4063 negligerent,
3282 4007 3345 4046 ac
3370 3991 3636 4057 dormire,
3667 3992 3717 4045 si

2129 4085 2206 4140 fas
2224 4094 2307 4141 est
2325 4086 2394 4139 ita
2418 4086 2580 4155 loqui,
2598 4086 2856 4147 sinentes,
2878 4099 3060 4139 earum
3082 4085 3336 4152 imperata
3360 4082 3472 4136 ﬁeri
3493 4081 3718 4137 minime

2132 4176 2460 4246 postularent
2490 4175 2676 4250 (Epist.
2697 4176 2787 4242 88,
2824 4193 2877 4228 η.
2900 4174 3152 4239 7;Contra
3172 4174 3513 4238 Cresconium,
3539 4173 3631 4228 lib.
3654 4174 3715 4239 5,

2129 4284 2182 4322 n.
2216 4269 2339 4339 51).
2362 4268 2470 4323 Nec
2492 4283 2619 4322 sane
2642 4267 2742 4321 alia
2772 4281 2859 4321 res
2881 4266 2947 4321 ad
2971 4281 3154 4321 earum
3183 4267 3355 4336 legum
3382 4265 3712 4319 recordatio-

2132 4373 2255 4413 nem
2279 4358 2528 4413 excitavit
2546 4357 2941 4413 Catholicorum
2965 4358 3174 4411 animos
3193 4398 3207 4419 ,
3236 4371 3394 4427 quam
3419 4356 3723 4411 necessitas

2131 4450 2478 4521 propulsandi
2544 4463 2678 4520 quas
2730 4448 3197 4504 Circumcelliones
3250 4448 3380 4516 ipsis
3432 4446 3720 4501 violentias

2131 4541 2442 4596 efferebant.
2471 4541 2590 4595 Istis
2618 4542 2845 4611 primum
2871 4539 3078 4609 legibus
3105 4539 3182 4593 usi
3214 4539 3423 4592 fuerunt
3450 4536 3717 4592 Catholici

2128 4632 2195 4687 ad
2223 4631 2592 4696 coercendam,
2614 4630 2661 4685 si
2686 4646 2788 4700 qua
2816 4639 3063 4701 possent,
3088 4629 3265 4699 Optati
3291 4628 3588 4683 Gildoniani
3618 4638 3713 4696 ty-
3769 4626 3772 4629 ’

2128 4726 2404 4780 rannidem
2426 4723 2639 4795 (Contra
2663 4722 2843 4778 Liuer.
2873 4720 3137 4788 Petiliani,
3161 4720 3249 4775 lib.
3271 4722 3325 4784 5,
3348 4737 3401 4773 n.
3426 4720 3527 4775 184
3542 4724 3584 4790 ).
3604 4718 3718 4776 Eas

2128 4817 2288 4872 etiam
2332 4815 2555 4871 subinde
2590 4814 2846 4870 adversus
2872 4812 3174 4883 Crispinum
3212 4811 3518 4881 episcopum
3553 4809 3719 4864 adhi-

2128 4910 2401 4977 buerunt:
2429 4917 2485 4964 at
2523 4907 2699 4971 multo
2730 4906 2906 4961 minus
2935 4913 2993 4960 ut
3026 4904 3094 4959 de
3133 4903 3353 4973 patratis
3390 4902 3719 4956 facinoribus

2128 5009 2434 5071 repeterent
2470 5014 2688 5069 pcenas,
2718 5013 2877 5068 quam
2904 5006 2963 5052 ut
2996 4996 3311 5051 documenta
3340 4994 3571 5049 lenitatis
3596 5008 3716 5049 sua:

2129 5093 2458 5163 praeberent;
2507 5092 2823 5160 planumque
2865 5089 3096 5143 tacerent
3138 5086 3465 5163 Ecclesiam,
3512 5084 3716 5139 nedum

2129 5184 2230 5240 sibi
2256 5184 2447 5247 ullam,
2478 5181 2974 5237 Circumeellionum
3004 5179 3188 5244 instar,
3217 5185 3533 5247 potestatem
3554 5191 3719 5230 usur-

2129 5284 2281 5345 paret
2310 5272 2602 5344 tyrannice,
2632 5288 2692 5326 ca
2722 5272 2883 5326 etiam
2914 5269 3053 5324 nolle
3074 5268 3147 5323 uti
3173 5268 3441 5333 facultate,
3462 5281 3621 5337 quam
3642 5266 3718 5321 ab

2128 5365 2364 5436 legitima
2403 5363 2715 5418 auctoritate
2739 5362 2839 5416 sibi
2870 5362 3018 5429 juxta
3044 5358 3404 5429 propheticam
3432 5358 3718 5412 veritatem

2126 5454 2415 5510 famulante
2434 5452 2723 5521 accepisset
2749 5450 2956 5523 (Contra
2974 5448 3317 5516 Cresconium,
3334 5447 3420 5503 lib.
3445 5448 3498 5511 ὅ,
3516 5464 3569 5501 n.
3592 5446 3717 5517 51).

2128 5543 2337 5601 Judicio
2376 5545 2428 5598 in
2457 5558 2515 5598 se
2544 5542 2650 5597 lato
2681 5558 2865 5611 parere
2894 5541 3062 5595 noluit
3093 5537 3368 5609 CriSpinus
3398 5556 3410 5591 :
3439 5538 3586 5592 stetit
3619 5552 3722 5591 co-

2126 5652 2240 5691 ram
2268 5634 2610 5707 proconsule,
2641 5634 2845 5702 sibique
2871 5633 3074 5686 crimen
3107 5630 3375 5685 lunreseos
3404 5629 3718 5698 neutiquam

2130 5729 2334 5788 hmrere
2361 5725 2639 5787 contendit
2670 5723 2991 5796 (Possidius,
3014 5722 3068 5779 in
3104 5720 3221 5777 Vita
3257 5720 3496 5792 August.,
3526 5734 3571 5774 c.
3605 5717 3713 5786 ἃς
