3990 6360
257 338 360 399 B7

254 455 445 513 Contra
469 448 815 511 Cresconium.
835 450 925 507 lib.
957 450 1011 515 5,
1044 467 1094 503 n.
1127 448 1248 519 51).
1278 444 1431 503 llaud
1456 454 1571 501 crat
1595 445 1845 499 Ecclesia:

256 546 557 605 defensoris
575 588 591 612 ,
619 561 778 617 quem
807 560 906 601 nos
929 543 1141 614 quidem
1176 542 1340 596 virum
1370 556 1437 596 ex
1465 540 1649 594 ordine
1689 539 1847 592 laico-

256 656 369 695 rum
398 638 566 694 fuisse
580 640 879 709 opinamur,
904 636 954 691 id
980 634 1221 704 probare.
1249 633 1338 686 Illo
1359 632 1518 703 igitur
1542 631 1842 694 recedente,

256 734 304 787 in
333 748 457 787 eam
490 732 861 787 necessitatem
902 729 1161 783 adductus
1202 736 1284 782 est
1318 725 1618 790 Possidius,
1648 734 1703 777 ut
1733 710 1847 778 Cri-

252 824 408 892 spino
438 824 741 889 resisteret,
769 836 1000 890 eumque
1021 833 1206 874 revera
1232 817 1419 872 haeresi
1444 817 1703 875 irretitum
1730 829 1848 868 esse

255 915 567 969 ostenderet
593 932 607 969 :
633 915 828 984 quippe
868 927 987 966 cum
1024 908 1254 979 alioquin
1295 906 1666 963 otlcttdiculum
1707 920 1847 975 prse-

254 1010 472 1064 beretur
499 1007 749 1070 infirmis,
779 1021 843 1061 ac
872 1004 1158 1076 periculum
1187 1011 1359 1065 esset,
1387 1016 1453 1056 ne
1478 1001 1590 1070 ipse
1617 999 1683 1053 ab
1708 1000 1847 1068 igno-

249 1102 497 1157 rantibus
557 1102 844 1157 hatreticus
902 1099 1233 1155 crederetur.
1284 1097 1400 1152 Non
1457 1097 1613 1165 longe
1664 1094 1848 1148 aberat

250 1194 616 1263 Augustinus;
649 1193 738 1264 qui
764 1209 859 1263 pro
884 1207 978 1246 sua
1004 1191 1144 1246 virili
1174 1190 1428 1260 urgebat,
1475 1198 1534 1243 ut
1567 1195 1846 1242 concerta-

250 1286 450 1339 tionem
500 1284 641 1338 inter
676 1299 737 1340 se
780 1283 1039 1339 haberent
1078 1282 1183 1337 duo
1208 1281 1550 1336 Calameuses
1586 1276 1842 1346 episcopi.

249 1375 449 1429 Tribus
476 1390 609 1445 ergo
639 1375 714 1429 illi
744 1374 948 1429 vicibus
990 1374 1041 1427 iu
1073 1382 1345 1426 certamen
1389 1368 1739 1424 devenientes
1777 1366 1846 1421 de

246 1464 357 1530 ipsa
388 1465 605 1519 diversa
631 1464 1020 1526 communione,
1047 1477 1148 1531 qua
1179 1461 1381 1515 scilicet
1404 1476 1433 1512 a
1456 1474 1579 1512 vera
1607 1456 1844 1512 Ecclesia

241 1555 416 1610 avulsi
454 1564 612 1609 erant
654 1554 976 1616 Donatistis,
1027 1552 1393 1621 disceptarunt
1426 1570 1438 1603 :
1469 1566 1590 1603 cum
1644 1549 1845 1603 interea

247 1661 541 1700 numerosa
582 1645 857 1699 hominum
889 1643 1171 1699 multitudo
1202 1653 1310 1698 tum
1350 1640 1690 1709 Carthagine,
1721 1654 1843 1694 cum

246 1737 297 1789 in
328 1738 540 1807 reliqua
569 1736 746 1791 Africa
777 1737 853 1792 rei
882 1737 1079 1792 exitqu
1109 1736 1306 1790 intenta
1332 1742 1683 1802 exspectaret.
1706 1732 1846 1786 Tan-

241 1828 365 1881 dem
406 1826 551 1881 haud
599 1842 742 1896 mgre
778 1827 1050 1881 convictus
1093 1824 1189 1879 fuit
1229 1824 1495 1878 hmreseos
1535 1822 1840 1890 Crispinus,

245 1928 407 1987 atque
438 1933 467 1970 a
494 1918 816 1987 proconsule
842 1918 1108 1973 sententia
1129 1916 1325 1985 scripto
1351 1914 1571 1968 libellari
1600 1914 1704 1967 lata
1726 1913 1843 1968 talis

239 2008 548 2063 declaratus
578 2007 598 2080 (
626 2008 912 2075 Possidius,
945 2009 997 2062 iu
1038 2006 1153 2061 Vita
1174 2007 1411 2077 August,
1434 2023 1480 2059 ε.
1508 2005 1627 2074 12).

314 2104 375 2157 4.
414 2104 665 2158 Attamen
696 2120 757 2158 ea
790 2104 888 2158 fuit
927 2103 1149 2159 Possidii
1187 2102 1538 2157 mansuetudo
1561 2143 1577 2167 ,
1610 2110 1666 2154 ut
1692 2116 1841 2155 suam

238 2192 385 2259 apud
428 2196 804 2262 proconsulem
848 2195 1222 2264 interposuerit
1261 2195 1521 2264 gratiam,
1560 2192 1844 2261 quominus

239 2284 430 2339 decem
458 2286 577 2340 auri
607 2286 784 2355 pondo
811 2287 1087 2356 Crispinus
1111 2287 1474 2350 mulctaretur,
1504 2284 1745 2354 hancque
1766 2278 1842 2337 illi

242 2376 639 2432 immunitatem
659 2378 830 2447 reipsa
857 2378 1146 2433 obtinuerit
1172 2378 1361 2447 (Epist.
1388 2378 1509 2440 105,
1533 2394 1585 2429 n.
1606 2377 1674 2440 4;
1704 2375 1841 2429 Con-

237 2478 319 2522 tta
338 2466 694 2535 Cresconium,
714 2470 800 2523 lib.
824 2470 877 2535 5,
901 2488 952 2523 η.
972 2470 1062 2533 52;
1088 2468 1374 2532 Possidius,
1396 2469 1449 2521 in
1474 2467 1588 2521 Vita
1602 2466 1836 2536 August.,

236 2575 285 2611 c.
321 2558 447 2630 12).
509 2559 705 2615 Verum
740 2561 1077 2631 quantumvis
1117 2560 1450 2615 mitissimum
1494 2568 1637 2614 esset
1676 2557 1841 2613 hocce

231 2650 503 2719 judicium
526 2694 541 2715 ,
584 2653 634 2707 ei
677 2664 851 2707 tamen
890 2668 1091 2707 morem
1130 2668 1317 2722 gerere
1353 2651 1521 2705 noluit
1563 2651 1839 2720 Crispinus

236 2740 461 2812 (Contra
486 2743 807 2798 Cresconium
828 2786 842 2808 ,
871 2746 957 2798 lib.
986 2746 1051 2807 5,
1084 2762 1134 2799 n.
1170 2746 1229 2801 51
1254 2744 1305 2817 );
1356 2745 1450 2800 sed
1489 2745 1745 2814 majorem
1782 2744 1835 2798 in

237 2833 465 2888 modum
494 2850 614 2890 sese
640 2837 901 2905 ingratum
934 2837 1177 2908 praabens
1196 2878 1210 2899 ,
1240 2837 1619 2906 Imperatorem
1646 2836 1833 2905 appel-

234 2924 375 2979 lavit
411 2925 614 2997 (Epist.
637 2927 737 2991 88,
761 2945 816 2981 η.
842 2928 894 2995 7,
917 2938 961 2981 et
990 2926 1157 2998 Epist.
1185 2928 1315 2993 105,
1344 2945 1398 2982 η.
1421 2928 1455 2982 4
1544 2927 1835 2982 Ferebatur

235 3016 297 3070 id
328 3019 537 3072 ceteris
566 3018 903 3087 displicuisse
925 3020 1316 3073 Donatistarum
1339 3018 1602 3088 episcopis
1623 3017 1834 3089 (Contra

229 3106 591 3173 Gesconium,
615 3111 701 3163 lib.
729 3110 785 3177 5,
804 3128 853 3164 κ.
874 3111 984 3181 51),
1008 3125 1106 3164 nec
1126 3125 1255 3165 sane
1280 3111 1571 3174 immerito;
1594 3110 1832 3179 quando-

230 3199 463 3268 quidem
496 3201 701 3256 nonnisi
726 3216 1027 3256 successum
1047 3201 1326 3255 adversum
1356 3201 1477 3255 inde
1502 3215 1717 3269 Sperare
1738 3215 1833 3270 po.

230 3297 441 3343 terant.
470 3291 534 3344 Et
548 3292 757 3360 quidem
780 3292 1014 3347 admissa
1034 3292 1129 3347 fuit
1151 3292 1463 3361 appellatio;
1484 3305 1828 3360 responsum-

227 3395 347 3449 que
373 3380 523 3435 dedit
544 3381 849 3452 lmperator,
880 3384 1181 3437 Donatistas
1200 3424 1215 3448 ,
1246 3383 1565 3452 ubicumque
1589 3382 1826 3437 locorum

227 3470 463 3539 degant,
498 3470 548 3524 in
578 3474 770 3526 mulcta
792 3472 976 3527 decem
1002 3474 1114 3526 auri
1142 3474 1397 3527 librarum
1423 3472 1823 3541 comprehendi,

228 3576 349 3613 non
387 3576 543 3615 secus
567 3577 629 3617 ac
657 3564 708 3616 in
735 3563 1053 3631 quibuslibet
1079 3563 1197 3617 aliis
1225 3562 1457 3632 legibus,
1487 3579 1607 3632 quas
1640 3572 1824 3617 contra

229 3651 532 3705 hmareticos
562 3655 900 3723 promulgata:
925 3653 1168 3718 fuerant;
1200 3670 1289 3708 eas
1317 3654 1536 3722 proinde
1572 3653 1825 3709 adversus

226 3742 364 3795 illos
408 3744 732 3797 exsecutioni
783 3744 1111 3799 mandandas
1148 3763 1160 3798 :
1198 3761 1301 3799 non
1354 3746 1524 3800 solum
1573 3754 1747 3799 autem
1792 3759 1823 3798 a

223 3832 492 3901 Crispino
516 3835 789 3889 solvendas
816 3850 938 3890 esse
961 3835 1144 3889 decem
1174 3837 1289 3889 auri
1317 3836 1478 3890 libras
1497 3877 1511 3899 ,
1539 3834 1633 3889 sed
1662 3822 1821 3889 etiam

224 3926 299 3979 ab
330 3927 455 3994 ipso
490 3926 697 3993 judice,
724 3929 812 3997 qui
842 3928 911 3981 illi
940 3928 1160 3996 gratiam
1191 3932 1306 3996 ejus
1336 3927 1543 3981 mulcta:
1578 3925 1817 3990 fecisset,

225 4033 455 4071 necnon
482 4018 549 4071 ab
561 4017 763 4083 Ofﬁcio,
794 4019 894 4072 hoc
914 4028 995 4072 est
1032 4034 1061 4071 a
1101 4018 1309 4073 ett-teris
1334 4016 1629 4071 forensibus
1652 4016 1703 4069 in
1731 4015 1821 4070 illo

217 4109 440 4177 judicio
468 4109 806 4173 administris,
826 4109 1112 4179 exigendas
1134 4107 1341 4178 (Codice
1366 4107 1583 4171 Tlteod.,
1606 4107 1668 4161 de
1694 4106 1819 4161 llat-

220 4201 428 4265 reticis,
459 4200 562 4270 lege
585 4201 688 4267 '59;
726 4210 773 4255 et
802 4200 1085 4266 Possidius,
1118 4202 1170 4253 in
1218 4197 1326 4254 Vita
1346 4200 1583 4270 August.,
1613 4216 1659 4253 ο.
1694 4199 1814 4270 12).

222 4294 419 4361 Atque
456 4292 527 4345 ita
552 4294 736 4347 maluit
759 4292 1033 4363 CriSpiuus
1059 4293 1380 4364 periculum,
1421 4291 1561 4360 quod
1588 4292 1687 4347 sibi
1717 4292 1817 4346 soli

222 4382 612 4451 impendebat,
643 4393 697 4438 et
735 4384 876 4454 quod
914 4385 1086 4454 ipsum
1115 4400 1142 4439 a
1169 4400 1227 4438 se
1257 4384 1404 4438 nullo
1434 4384 1645 4454 negotio
1691 4399 1817 4452 pro-

222 4472 454 4541 ptdsare
497 4474 776 4541 potuisset,
817 4475 871 4528 in
908 4490 1120 4528 omnem
1152 4475 1495 4530 Domitianam
1534 4474 1815 4530 factionem

218 4572 571 4629 convertere,
597 4581 754 4634 quam
786 4566 836 4619 in
863 4566 1226 4637 presbyterum
1248 4581 1399 4620 suum
1426 4568 1620 4620 atrocis
1638 4567 1816 4621 delicti

218 4670 389 4708 reum
407 4654 781 4724 degradatione
808 4657 995 4712 saltem
1025 4658 1445 4712 animadvertere
1466 4657 1677 4726 (Contra
1696 4656 1817 4712 Cre-

216 4744 467 4797 sconium
486 4783 501 4806 ,
528 4743 615 4797 tib.
648 4745 714 4812 ὅ,
740 4762 793 4798 η.
833 4746 901 4801 52
924 4748 964 4816 ).
986 4745 1336 4800 Nihilominus
1367 4755 1539 4801 tamen
1568 4747 1815 4804 catholici

217 4836 524 4902 antistites,
554 4852 618 4891 ac
646 4837 697 4891 in
725 4837 910 4906 primis
933 4840 1280 4908 Augustinus,
1310 4840 1576 4908 praedicta:
1602 4840 1814 4895 mulctte

218 4926 626 4981 immunitatem
655 4928 757 4982 illis
782 4928 849 4981 ab
872 4928 1210 4998 Imperatoris
1247 4929 1525 4984 clementia
1566 4931 1815 5000 impetra-

217 5026 391 5072 runt;
414 5017 487 5071 ita
509 5027 567 5072 ut
588 5033 773 5074 eorum
796 5020 1069 5090 praesidio,
1087 5036 1152 5075 ne
1170 5019 1447 5091 CriSpinus
1460 5021 1675 5091 quidem
1694 5037 1813 5078 eam

219 5116 471 5187 pendere
508 5126 723 5172 coactus
767 5117 925 5172 fuerit
965 5116 1300 5190 (Possidius,
1329 5119 1383 5171 in
1427 5117 1539 5171 Vita
1572 5119 1809 5187 August,

211 5225 264 5262 ε.
298 5206 437 5278 12).
476 5208 600 5262 Ηευο
625 5223 785 5278 porro
830 5209 1198 5278 episcoporum
1237 5207 1560 5279 indulgentia
1597 5226 1814 5279 magnas

216 5299 491 5354 Ecclesia
515 5302 846 5356 accessiones
865 5300 1137 5355 all‘erebat.
1154 5300 1225 5355 At
1240 5302 1559 5371 Augustinus
1582 5304 1811 5371 palmam

214 5407 448 5457 semper
469 5391 591 5446 hinc
610 5392 921 5462 reportabat
942 5433 954 5457 ,
983 5393 1035 5446 in
1063 5392 1307 5447 erunibus
1326 5408 1442 5463 qua:
1469 5395 1610 5462 pacis
1634 5394 1814 5449 conci-

216 5480 427 5534 lianda:
468 5496 628 5534 causa
656 5482 997 5551 gerebantur,
1029 5484 1229 5552 primas
1256 5483 1555 5539 concedens
1581 5485 1808 5551 nemini;

214 5580 277 5625 et
307 5572 391 5623 sic
410 5570 633 5639 justitia:
657 5586 907 5625 coronam
931 5613 949 5638 ,
975 5588 1092 5642 qua:
1120 5573 1218 5641 ipsi
1246 5574 1298 5626 in
1327 5574 1475 5628 caelis
1498 5590 1528 5627 a
1558 5574 1667 5629 Deo
1694 5590 1810 5629 ser-

213 5661 478 5726 vabatur,
494 5662 663 5730 magis
690 5662 961 5733 magisque
989 5664 1038 5716 in
1068 5663 1183 5718 dies
1207 5664 1583 5733 amplilicahut.

291 5750 356 5807 5.
394 5751 523 5808 Post
549 5752 693 5808 illam
721 5754 949 5826 Crispini
972 5754 1243 5810 historiam
1272 5755 1535 5813 subnectit
1561 5756 1799 5827 Augusti-

1602 324 1803 383 LIBER
1840 313 2154 395 QUINTUS.

3423 337 3531 396 338

1954 458 2053 499 nos
2074 444 2392 500 mentionem
2415 446 2712 517 legationis,
2729 463 2886 519 quam
2908 450 3188 506 concilium
3210 453 3525 526 Carthagine

1952 544 2101 591 sexto
2133 535 2386 592 kalendas
2406 537 2564 609 julias
2607 537 2828 610 hujusce
2863 542 2988 596 anni
3016 544 3521 615 quadringentesitui

1950 629 2120 698 quarti
2147 629 2197 683 in
2229 629 2444 686 basilica
2470 632 2720 687 secunda:
2746 634 2979 705 regionis
2998 635 3235 691 habitum
3263 637 3329 693 ad
3353 637 3523 711 Impe-

1950 731 2180 776 ratorem
2205 723 2349 778 misit
2372 723 2560 795 (Epist.
2589 724 2677 787 88.
2705 742 2759 780 η.
2792 726 2867 793 7).
2910 727 3058 783 Tunc
3082 730 3337 800 temporis
3359 746 3523 788 vexa-

1950 808 2104 865 batur
2122 810 2297 866 dirum
2332 813 2386 867 in
2411 813 2625 868 modum
2655 816 2911 872 Ecclesia.
2943 819 3230 876 Donatista:
3255 821 3519 891 siquidem

1950 901 2161 971 indigne
2178 902 2429 972 ferentes,
2451 905 2589 977 quod
2612 906 2767 961 toties
2789 907 2855 963 ad
2881 909 3199 981 colloquium
3226 915 3517 982 provocati,

1948 993 2073 1061 quid
2121 994 2532 1064 responderent,
2580 1013 2914 1069 nequaquam
2962 1000 3291 1071 invenirent,
3349 1005 3520 1062 vicem

1949 1101 2097 1141 suam
2121 1089 2270 1144 novis
2296 1104 2360 1145 ac
2384 1105 2601 1159 prorsus
2625 1094 2872 1149 inauditis
2898 1096 3314 1156 immunitatibus
3338 1103 3525 1160 ulcisci

1948 1178 2122 1232 conati
2149 1189 2271 1233 sunt
2300 1180 2486 1253 (Epist.
2520 1183 2642 1250 185,
2670 1202 2723 1240 u.
2765 1186 2877 1256 18).
2919 1187 3035 1243 Νοη
3065 1192 3214 1259 pauci
3246 1201 3425 1248 tamen
3455 1210 3522 1251 ex

1947 1283 2129 1323 eorum
2151 1274 2523 1330 communione
2548 1276 2704 1332 talem
2725 1278 2914 1348 agendi
2933 1282 3193 1337 rationem
3212 1283 3528 1355 horrebant,

1947 1356 2192 1433 quodque
2215 1378 2332 1419 eam
2360 1381 2573 1422 exosam
2605 1368 2882 1437 haberent,
2910 1388 3029 1429 sese
3067 1376 3227 1445 culpa
3247 1379 3390 1433 omni
3427 1394 3522 1434 so-

1950 1453 2087 1508 lutos
2124 1454 2495 1511 existimabant
2520 1457 2706 1529 (Ibid.,
2733 1479 2786 1516 η.
2816 1461 2930 1534 16).
2959 1463 3140 1530 Quam
3159 1470 3209 1520 in
3244 1483 3355 1523 rem
3386 1470 3523 1540 obji-

1947 1544 2157 1599 ciebant
2184 1545 2261 1600 eis
2289 1544 2568 1616 Catholici,
2614 1551 2657 1604 si
2700 1565 2761 1606 se
2796 1568 2834 1607 a
2857 1554 3169 1611 criminibus
3195 1557 3246 1611 in
3273 1572 3518 1614 commu-

1947 1638 2104 1693 nione
2146 1654 2241 1694 sua
2291 1644 2509 1710 patratis
2547 1643 2811 1700 immunes
2853 1660 2975 1703 esse
3013 1662 3169 1718 posse
3196 1649 3533 1720 iudicarent,

1947 1742 2051 1781 non
2082 1728 2244 1784 licere
2290 1730 2421 1800 ipsis
2459 1730 2754 1799 afﬁrmare,
2796 1736 3100 1793 universum
3127 1739 3323 1796 orbem
3358 1741 3533 1798 fuisse

1947 1817 2210 1874 Caeciliani
2232 1822 2559 1891 criminibus,
2590 1825 2673 1881 vel
2701 1824 2846 1881 falsis
2873 1828 2955 1883 vel
2981 1839 3124 1886 certe
3148 1832 3360 1901 ignotis,
3390 1848 3524 1889 eon-

1948 1911 2276 1967 tamiuatum.
2292 1913 2365 1968 Ea
2380 1914 2513 1969 ratio
2534 1917 2818 1973 nonnullos
2832 1919 2900 1973 ita
2915 1922 3277 1990 permovebat,
3302 1934 3359 1979 ut
3373 1926 3519 1980 schi-

1945 2013 2057 2053 sma
2085 2000 2350 2069 deserere,
2374 2017 2664 2075 omnesque
2691 2006 2928 2076 injurias,
2960 2025 3094 2080 quas
3129 2026 3158 2065 a
3190 2011 3372 2069 furore
3395 2014 3517 2070 Cir-

1944 2091 2349 2147 cumeellionum
2375 2095 2560 2150 timere
2585 2105 2848 2166 poterant,
2879 2101 3114 2169 perferre
3135 2103 3277 2174 apud
3302 2118 3362 2159 se
3402 2114 3518 2160 sta-

1948 2192 2173 2237 tuerent.
2216 2185 2285 2238 At
2320 2200 2528 2253 eorum,
2558 2188 2746 2258 quibus
2790 2190 3047 2247 redeundi
3088 2193 3157 2249 ad
3199 2196 3516 2253 catholicam

1946 2274 2197 2328 unitatem
2236 2276 2557 2332 desiderium
2596 2288 2730 2346 erat,
2761 2296 2883 2351 pars
2912 2283 3067 2354 longe
3112 2289 3341 2343 maxima
3379 2290 3513 2343 iram

1945 2364 2217 2420 hominum
2245 2368 2567 2436 perditorum
2598 2371 2853 2429 adversus
2892 2390 2952 2430 se
2990 2377 3256 2434 concitare
3286 2395 3391 2434 non
3419 2395 3519 2434 au-

1942 2454 2157 2519 debant,
2189 2460 2540 2527 quorumdam
2569 2465 2813 2533 exemplo
2837 2465 3096 2534 deleniti,
3138 2469 3227 2539 qui
3257 2470 3326 2525 ob
3355 2487 3519 2541 repu-

1941 2546 2142 2602 diatum
2169 2548 2447 2605 discidium
2475 2554 2674 2609 atrocia
2700 2558 2938 2626 perpessi
2968 2557 3194 2614 fuerant.
3224 2561 3278 2615 ln
3306 2560 3391 2615 his
3415 2578 3515 2616 an-

1939 2639 2128 2707 gustiis
2155 2656 2261 2695 non
2290 2641 2567 2698 laudandae
2597 2645 2883 2714 patientia},
2919 2647 3017 2704 sed
3042 2650 3318 2720 culpanda:
3347 2655 3514 2722 negli-

1940 2731 2129 2799 gentia:
2156 2741 2337 2787 notam
2363 2734 2711 2791 incurrissent
2742 2737 2991 2793 catholici
3025 2741 3302 2809 praesules,
3333 2743 3377 2796 si
3406 2744 3521 2812 pati-

1938 2824 2341 2893 oppressionem
2366 2825 2520 2892 hanc,
2543 2843 2701 2896 quam
2721 2828 2787 2883 ad
2811 2830 3117 2900 praesidium
3144 2832 3243 2888 sibi
3263 2833 3516 2890 divinitus

1938 2912 1990 2967 in
2034 2914 2294 2984 imperiali
2329 2917 2643 2972 auctoritate
2671 2918 2906 2974 oblatum
2948 2922 3234 2992 coniugem
3271 2925 3511 2991 mallent,

1937 3021 2109 3076 neque
2132 3008 2543 3064 christianorum
2570 3011 2863 3081 principum
2883 3011 3247 3070 defensionem
3275 3014 3373 3086 ipsi
3404 3015 3511 3070 Ec-

1935 3100 2131 3166 clesiae,
2163 3100 2314 3170 cujus
2336 3109 2391 3155 et
2418 3101 2492 3154 illi
2519 3101 2610 3155 lilii
2632 3111 2801 3167 erant,
2830 3104 3195 3172 implorarent,
3233 3115 3290 3159 ut
3313 3122 3381 3160 ne
3408 3108 3511 3161 sub

1934 3206 2118 3245 eorum
2150 3192 2370 3261 imperio
2396 3192 2577 3247 liceret
2602 3193 2857 3261 improbis
2881 3194 3168 3250 debiliores
3190 3204 3514 3266 perterrere,

1934 3299 2132 3352 eosque
2160 3283 2226 3337 ad
2252 3284 2303 3338 id
2327 3293 2472 3340 metu
2497 3286 2837 3353 compellere,
2865 3286 3006 3356 quod
3031 3288 3132 3343 illis
3158 3292 3363 3344 ratione
3390 3305 3512 3358 per-

1932 3374 2141 3430 suaderi
2168 3390 2325 3445 posse
2346 3376 2698 3447 desperabant
2718 3377 2903 3446 (lbid.,
2926 3397 2978 3432 η.
3004 3378 3112 3451 18).
3142 3380 3394 3436 Permulti
3415 3398 3513 3437 au-

1934 3466 2144 3531 tistites,
2174 3474 2229 3520 et
2270 3466 2305 3520 ii
2331 3466 2545 3536 quidem
2584 3451 2739 3523 aetate
2776 3469 3068 3538 graviores,
3098 3472 3351 3540 petendas
3386 3488 3511 3529 esse

1931 3555 2075 3626 leges
2114 3559 2423 3623 censebant,
2476 3559 2668 3627 quibus
2713 3574 2899 3614 omnes
2946 3562 3166 3615 omnino
3218 3561 3507 3617 Donatista:

1923 3646 2238 3715 juberentur
2258 3648 2686 3702 communionem
2711 3649 3024 3705 catholicam
3046 3652 3291 3720 amplecti
3313 3651 3500 3720 (lbid.,

1928 3752 1980 3789 τι.
2010 3736 2105 3807 25)
2130 3753 2143 3789 :
2172 3738 2412 3807 exempla
2439 3740 2804 3810 proponebant
2829 3741 3113 3795 multarum
3152 3742 3422 3797 civitatum
3447 3752 3506 3798 et

1925 3829 2184 3893 locorum,
2224 3845 2342 3899 qua:
2371 3846 2477 3899 pra:
2508 3833 2698 3886 timore
2722 3831 2896 3901 legum
2925 3831 3254 3888 Constantini
3283 3849 3346 3888 ac
3369 3835 3504 3889 sub-

1925 3920 2258 3989 sequentium
2296 3920 2674 3990 imperatorum
2713 3934 3013 3992 susceptum
3041 3924 3123 3978 vel
3153 3925 3314 3979 invite
3345 3940 3498 3979 com-

1926 4014 2230 4069 munionem
2242 4013 2551 4068 catholicam
2567 4030 2773 4069 summa
2788 4017 2839 4069 in
2853 4025 3121 4083 posterum
3135 4017 3439 4072 sinceritate
3449 4026 3505 4073 et

1922 4106 2215 4161 constantia
2243 4107 2574 4161 retinuerunt
2604 4106 2793 4176 (Epist.
2844 4106 2966 4171 185,
2997 4124 3051 4160 n.
3081 4107 3185 4173 25;
3214 4107 3381 4177 Epist.
3411 4109 3500 4171 93,

1923 4216 1975 4253 η.
1996 4199 2105 4270 16).
2126 4199 2593 4270 Memorabantque
2608 4199 2916 4253 nominatim
2935 4199 2975 4251 Τ
2977 4207 3230 4268 agastam,
3246 4216 3364 4270 quae
3378 4215 3502 4254 cum

1921 4290 2048 4347 olim
2089 4300 2195 4344 tota
2221 4305 2250 4343 a
2279 4290 2482 4343 Donato
2518 4289 2769 4353 stetisset,
2798 4288 2865 4342 ab
2896 4301 2964 4342 eo
2988 4297 3170 4357 postea
3196 4289 3371 4359 legum
3396 4290 3500 4344 im-

1922 4383 2194 4452 perialium
2220 4391 2426 4437 terrore
2453 4382 2744 4447 defecerat;
2768 4389 2824 4436 et
2849 4382 3107 4438 unitatem
3140 4382 3349 4437 sincere
3383 4398 3501 4436 am-

1922 4477 2093 4545 plexa,
2116 4476 2165 4528 in
2184 4475 2571 4529 Donatistarum
2592 4484 2789 4528 sectam
2810 4476 2991 4532 odium
3015 4485 3215 4531 tantum
3235 4489 3503 4542 concepe-

1921 4575 2018 4629 rat,
2062 4573 2119 4619 ut
2147 4565 2199 4619 in
2236 4562 2337 4617 hac
2380 4578 2647 4633 tulitquam
2678 4563 2840 4619 fuisse
2866 4566 3193 4621 crederetur.
3234 4564 3314 4618 Eo
3347 4574 3513 4634 pacto

1919 4671 2012 4709 sua
2043 4655 2336 4724 Augustino
2371 4670 2478 4724 pra:
2505 4655 2712 4710 caeteris
2732 4657 3127 4726 prOponebatur
3150 4657 3356 4723 civitas,
3388 4671 3499 4727 quo

1918 4746 2125 4801 facilius
2152 4746 2217 4799 ad
2254 4747 2479 4800 aliorum
2511 4747 2758 4815 placitum
2784 4748 3136 4803 adduceretur
3170 4747 3361 4821 (Epist.
3392 4748 3499 4814 95,

1918 4854 1972 4891 η.
2009 4838 2121 4908 17).
2175 4836 2306 4891 Nam
2354 4838 2495 4892 illius
2546 4838 2787 4908 primitus
2826 4840 3086 4893 sententia
3128 4848 3263 4905 erat,
3321 4838 3496 4892 netuio

1919 4945 2042 4985 nem
2074 4929 2141 4984 ad
2169 4929 2420 4983 unitatem
2462 4929 2657 4984 Christi
2681 4945 2803 4985 esse
2830 4930 3125 5000 cogendum
3150 4947 3164 4983 :
3188 4929 3352 4984 verbo
3375 4943 3499 4983 esse

1917 5021 2203 5091 agendum,
2232 5020 2586 5091 disputatione
2628 5021 2987 5090 pugnandum,
3034 5021 3243 5076 ratione
3276 5020 3497 5074 vincent-

1917 5111 2074 5176 dum;
2107 5127 2175 5165 ne
2205 5112 2310 5165 ﬁcti
2338 5110 2595 5166 Catholici
2623 5111 2677 5166 in
2715 5112 2952 5167 Ecclesia
2977 5119 3174 5175 essent,
3203 5111 3293 5181 qui
3323 5109 3490 5180 aperti

1916 5204 2063 5274 prius
2107 5204 2322 5273 notique
2363 5211 2517 5257 erant
2558 5203 2813 5257 htcretici.
2849 5201 3008 5271 Atqui
3051 5216 3239 5257 manus
3277 5202 3516 5261 tandem,

1916 5295 2083 5359 dedit,
2112 5295 2433 5364 collegarum
2460 5309 2676 5347 suorum
2704 5303 2814 5347 tum
2838 5291 3149 5356 rationibus,
3180 5302 3288 5348 tum
3313 5308 3498 5348 exem.

1918 5388 2016 5457 plis
2037 5388 2206 5443 victus
2230 5404 2243 5438 :
2270 5386 2365 5441 sed
2408 5386 2671 5441 mitiorem
2711 5384 2848 5438 viam
2874 5384 3047 5439 adhuc
3070 5386 3299 5455 aggredi-
3328 5386 3511 5441 satius-

1917 5494 2037 5533 esse
2089 5477 2437 5533 existimavit
2482 5475 2666 5545 (Ibid.,
2710 5492 2765 5529 η.
2819 5475 2925 5547 19).
2984 5474 3263 5530 Nonnullis
3328 5478 3520 5546 fratri;
3574 5480 3597 5495 ί

1917 5571 2027 5638 bus,
2058 5570 2247 5639 inquit,
2274 5568 2547 5634 videbatur,
2588 5568 2840 5639 inquibus
2876 5577 2922 5622 et
2959 5584 3050 5640 ego
3081 5584 3242 5636 erant,
3266 5568 3495 5639 quanwis

1917 5663 2299 5718 Donatistarum
2336 5662 2496 5718 rabies
2531 5679 2882 5734 usquequaque
2906 5664 3115 5727 steviret,
3145 5678 3246 5715 non
3270 5676 3376 5717 esse
3399 5674 3493 5729 p0-

1919 5758 2123 5817 tendutu
2150 5757 2211 5812 ab
2245 5755 2667 5830 Iitiperatoribus,
2712 5766 2766 5811 ut
2800 5757 2961 5829 ipsam
3002 5754 3230 5813 hatresim
3256 5753 3494 5822 juberent
