3990 6360
445 351 650 409 omnino
693 366 793 405 non
826 366 952 418 esse,
980 365 1178 421 pernam
1220 348 1562 403 constituendo
1591 348 1682 413 eis,
1707 345 1791 418 qui
1836 345 1886 398 in
1924 343 2016 397 illa

447 458 556 497 esse
578 424 884 507 noluissent;
912 442 1000 497 sed
1036 441 1130 496 hoc
1167 443 1331 511 potius
1355 440 1727 502 constituerent,
1768 446 1823 489 ut
1849 450 2018 489 eorum

449 534 666 605 furiosos
694 534 953 589 violentias
976 549 1075 587 non
1099 540 1404 600 paterentur,
1426 532 1511 594 qui
1531 530 1780 583 veritatem
1805 525 2019 581 catholi-

450 642 561 679 cam
583 626 659 680 vel
681 626 1010 695 praedicarent
1029 625 1299 694 loquendo,
1328 622 1404 676 uel
1418 622 1632 692 legerent
1650 623 2014 673 constituendo.

451 719 602 786 Quod
627 735 684 772 eo
710 718 860 773 modo
883 718 994 787 fieri
1028 717 1345 786 aliquatenus
1383 730 1527 784 posse
1558 712 1943 777 arbitrabamur,
1974 711 2019 765 si

449 812 605 881 legem
628 811 866 879 piissimae
888 810 1139 864 memoria:
1163 806 1451 872 Theodosii,
1482 821 1634 874 quam
1653 804 1948 875 generaliter
1965 803 2018 855 in

445 917 619 955 omnes
657 902 914 956 htcrelicos
944 899 1296 972 promulgavit,
1342 896 1410 953 Ut
1444 896 1666 966 quisquis
1708 912 1880 950 eorum
1918 894 2019 964 epi-

445 1007 626 1060 scopus
660 991 735 1046 vel
776 992 985 1047 clericus
1010 990 1213 1045 ubilibet
1251 998 1374 1043 esset
1407 989 1652 1053 inventus,
1683 986 2017 1060 decemqlibris

445 1083 562 1136 auri
588 1085 932 1148 mulctarctur,
962 1082 1243 1154 expressius
1270 1081 1325 1133 in
1352 1079 1662 1143 Donatistas,
1684 1079 1766 1150 qui
1790 1096 1844 1133 se
1867 1094 2019 1148 nega-

445 1173 562 1227 bant
583 1174 859 1239 haereticos,
885 1175 954 1227 ita
974 1174 1348 1237 confirmarent,
1372 1182 1426 1226 ut
1450 1189 1550 1226 non
1567 1189 1736 1226 omnes
1754 1188 1812 1226 ea
1832 1172 2017 1225 mulcta

444 1264 733 1334 ferirentur,
764 1266 850 1319 sed
876 1264 928 1317 in
951 1280 1161 1336 quorum
1190 1262 1473 1332 regionibus
1493 1262 1689 1332 aliquas
1710 1262 1966 1316 violentias
1986 1279 2017 1313 a

443 1354 661 1420 clericis,
691 1354 767 1407 uel
794 1370 825 1406 a
849 1353 1363 1415 Circumcellionibus,
1395 1354 1471 1407 vel
1499 1353 1697 1424 pupulis
1726 1369 1894 1407 eorum
1918 1351 2019 1405 Ec-

442 1444 594 1498 clesia
614 1444 856 1498 catholica
878 1453 1128 1514 pateretur
1152 1460 1168 1497 :
1189 1453 1245 1497 ut
1263 1442 1453 1497 scilicet
1475 1452 1587 1513 post
1610 1445 2016 1514 protestationem

442 1534 838 1601 Catholicomm,
867 1536 955 1608 qui
979 1536 1190 1607 fuissent
1229 1535 1325 1589 ista
1352 1536 1595 1607 perpessi,
1617 1536 1732 1606 jam
1766 1552 1887 1589 cura
1920 1535 2017 1589 0r-

404 1626 407 1629 ’
440 1626 617 1679 tlinum
644 1625 712 1681 ad
746 1626 1121 1697 persolveudam
1148 1627 1388 1680 muletam
1418 1627 1640 1697 episcopi
1674 1628 1777 1680 sive
1802 1627 2019 1680 ministri

439 1716 607 1770 cteteri
636 1726 937 1771 tenerentur.
969 1716 1054 1770 Ita
1073 1717 1205 1770 enim
1230 1717 1632 1771 existimabamus
1656 1720 1726 1770 eis
1746 1718 1948 1782 territis,
1972 1727 2016 1770 et

440 1806 570 1861 nihil
592 1808 691 1861 tale
714 1810 880 1880 facere
901 1806 1221 1873 audentibus,
1255 1823 1398 1876 posse
1419 1807 1569 1861 libere
1594 1806 1764 1860 doceri
1788 1816 1834 1860 et
1863 1809 2017 1860 teneri

439 1898 740 1952 catholicam
776 1898 1068 1964 ueritatem;
1109 1907 1164 1952 ut
1203 1898 1271 1951 ad
1310 1915 1419 1952 eam
1456 1908 1711 1969 cogeretur
1749 1916 1911 1963 nemo,
1930 1899 2017 1952 sed

446 2004 557 2042 eam
584 1989 673 2061 qui
713 1989 820 2042 sine
847 1988 1114 2059 formidine
1151 1989 1293 2042 vellet
1325 1998 1629 2058 sequeretur,
1675 2005 1736 2042 ne
1774 1990 1931 2056 falsos
1971 1999 2017 2042 et

438 2079 756 2134 simulatores
767 2080 1047 2133 Catholica:
1059 2080 1348 2133 haberemus
1362 2078 1549 2151 (Epist.
1568 2080 1687 2144 183,
1702 2096 1746 2132 c.
1765 2081 1815 2143 7,
1835 2097 1885 2132 n.
1900 2080 2013 2149 25).

440 2170 576 2226 lluic
611 2172 832 2226 consilio
862 2171 1083 2225 aliorum
1112 2172 1480 2240 episcoporum
1520 2172 1795 2226 sententia:
1834 2188 2015 2228 cesse-

439 2269 583 2324 runt,
626 2274 689 2314 ac
713 2260 985 2315 decretum
1023 2260 1075 2314 in
1114 2260 1337 2332 synodo,
1368 2259 1435 2315 de
1470 2276 1571 2330 qua
1610 2261 1892 2332 loquimur,
1936 2262 2013 2315 fa—

438 2359 584 2405 ctum
621 2359 722 2417 est,
752 2351 978 2420 lectique
1005 2351 1182 2421 legati,
1216 2352 1304 2421 qui
1340 2351 1512 2404 aulam
1560 2350 1816 2406 adeuntes
1846 2352 2013 2420 legem

440 2441 714 2509 Ecclesiae,
748 2451 808 2496 ut
830 2442 1163 2507 credebatur,
1208 2444 1560 2498 necessariam
1599 2445 1666 2496 ab
1698 2443 2015 2513 lmperatore

438 2534 1067 2611 suppliciterposeerent.
1095 2534 1347 2589 Exstabat
1386 2534 1487 2587 alia
1528 2535 1632 2599 lex,
1662 2550 1781 2604 qure
1806 2534 2015 2589 btet-eti-

438 2626 519 2681 cis
540 2625 625 2697 vel
647 2625 870 2682 faciendi
898 2634 1230 2690 testamenta,
1254 2627 1336 2681 vel
1356 2642 1453 2698 per
1476 2626 1789 2681 donationes
1816 2627 2013 2698 aliquid

435 2715 770 2782 conferendi,
802 2717 886 2772 vel
929 2733 995 2771 ex
1023 2717 1394 2771 donationibus
1436 2726 1527 2771 aut
1554 2721 1883 2773 testamentis
1910 2719 2013 2773 ali-

435 2808 563 2878 quid
584 2807 824 2878 capiendi
854 2808 1152 2863 facultatem
1182 2808 1465 2864 adimebat.
1497 2809 1669 2878 Atque
1701 2809 1769 2862 ob
1791 2825 1905 2863 eam
1934 2809 2011 2864 le-

435 2915 578 2971 gem,
608 2916 727 2971 qua:
769 2914 910 2955 nunc
948 2901 1001 2953 in
1043 2899 1240 2954 Codice
1277 2900 1624 2965 desideratur,
1656 2910 1779 2954 ante
1815 2916 2015 2956 annum

433 2991 1008 3062 quadringentesimum
1036 2991 1327 3060 Imperator
1351 2990 1561 3046 feminae
1599 2993 1873 3059 cujusdam
1905 2994 2012 3048 Do-

434 3082 644 3137 natistaa
664 3090 1033 3136 testamentum
1055 3081 1342 3135 resciderat
1360 3081 1550 3144 edicto,
1581 3082 1631 3134 in
1654 3098 1758 3152 quo
1780 3081 2011 3137 furorem

434 3172 593 3226 etlam
619 3171 1115 3227 Circumcellionum
1139 3173 1404 3241 tangebat.
1435 3171 1717 3227 Constituit
1748 3172 1905 3242 igitur
1924 3190 2012 3244 sy-

434 3261 607 3317 nodus
621 3261 1069 3332 Cartltaginensis,
1095 3270 1150 3316 ut
1170 3261 1389 3330 hujusce
1407 3263 1533 3333 legis
1555 3263 2009 3318 confirmationem

434 3361 709 3423 rogaretur
733 3352 1050 3423 Imperator;
1079 3352 1172 3409 sed
1194 3363 1367 3408 tamen
1394 3369 1514 3409 cum
1539 3368 1598 3409 ea
1629 3354 2006 3419 moderatione,

438 3444 565 3498 utin
590 3444 708 3497 illos
734 3452 939 3521 tantum
963 3445 1184 3511 valeret,
1207 3444 1296 3513 qui
1326 3445 1663 3514 pertinaciter
1684 3446 1733 3498 in
1756 3445 2011 3499 schisma—

436 3534 537 3589 tica
568 3533 793 3589 factione
818 3544 1222 3604 perseverarent
1249 3552 1262 3588 :
1290 3536 1378 3605 qui
1408 3550 1535 3589 vero
1562 3536 1612 3588 in
1642 3537 1862 3603 gratiam
1891 3552 2010 3591 eum

438 3624 672 3679 Ecclesia
710 3626 965 3691 redirent,
994 3626 1059 3678 iis
1079 3624 1165 3693 jus
1192 3625 1375 3695 fasque
1404 3634 1544 3679 esset
1573 3641 1634 3679 ea
1676 3640 2007 3695 recuperare,

435 3732 553 3785 qua:
570 3717 668 3770 sibi
691 3728 813 3771 ante
828 3716 1311 3771 reconciliationem
1334 3717 1673 3770 obvenissent
1691 3732 1705 3779 ;
1725 3716 2030 3773 dummodo'

438 3821 542 3860 non
569 3813 691 3874 post
732 3816 926 3859 motam
960 3806 1027 3859 de
1054 3806 1223 3867 bonis,
1254 3820 1373 3872 qua:
1417 3804 1517 3859 sibi
1557 3804 1912 3870 vindicabant,
1946 3806 2011 3861 li-

436 3905 544 3949 tem
574 3894 639 3948 ad
668 3895 917 3949 unitatem
944 3894 1255 3948 catholicam
1279 3894 1581 3949 transirent.
1615 3895 1761 3948 Tunc
1785 3896 1925 3949 enim
1946 3896 2012 3951 ad

440 3985 493 4040 id
531 3987 723 4041 terreni
760 3988 934 4056 potius
976 3987 1262 4050 commodi,
1303 4001 1459 4056 quam
1504 3986 1595 4040 Dei
1638 3995 1778 4041 metu
1815 3988 2013 4043 inducti

442 4086 809 4131 censerentur.
851 4077 1088 4132 Concilio
1126 4092 1334 4147 quoque
1384 4077 1552 4130 visum
1590 4087 1693 4141 Gal,
1738 4087 1919 4147 petere
1959 4089 2016 4134 ut

443 4169 650 4222 urbium
680 4170 923 4232 Ordines,
974 4178 1028 4223 et
1057 4170 1111 4235 ii,
1157 4170 1348 4238 quibus
1372 4169 1541 4223 vicina
1587 4180 1765 4224 essent
1794 4171 2012 4240 prandia,

443 4260 716 4313 tuitionem
748 4260 999 4314 Ecclesiis
1025 4269 1207 4313 contra
1235 4258 1729 4314 Circunteellionum
1757 4260 2012 4329 furorem,

443 4351 848 4421 imperatoribus
892 4352 1022 4404 satis
1049 4359 1252 4417 notum,
1291 4365 1353 4404 ac
1397 4366 1539 4421 saepe
1574 4350 1774 4421 legibus
1815 4354 2014 4408 conde-

444 4449 703 4502 mnatnm,
730 4441 965 4510 prmbere
984 4450 1492 4510 tenerentnrzatque
1521 4442 1753 4510 interim,
1776 4442 1903 4497 dum
1929 4458 2017 4498 re-

444 4534 620 4588 dirent
641 4533 815 4603 legati,
839 4549 869 4587 a
893 4534 1280 4605 provinciarum
1304 4534 1563 4604 praefectis
1583 4535 1721 4591 idem
1749 4536 2019 4607 postulare

445 4620 596 4695 (Cod.
627 4622 822 4679 Conon.
845 4624 1028 4694 Afric.,
1050 4640 1165 4677 can.
1187 4622 1300 4695 93).

518 4714 572 4769 6.
616 4714 689 4769 Ea
712 4715 905 4785 legatio
934 4715 1161 4769 Theasio
1184 4725 1237 4769 et
1266 4713 1466 4768 Evodio
1506 4714 1767 4784 episcOpis
1801 4713 2022 4768 deman-

446 4804 567 4860 data
591 4803 689 4860 fuit
719 4803 926 4878 (Ibid.).
959 4804 1169 4860 Tlieasii
1197 4805 1469 4875 cujusdam
1501 4804 1944 4859 Memblositensis
1965 4804 2017 4859 in

448 4897 816 4954 Proconsulari
871 4898 1107 4969 cpiscOpi
1162 4882 1335 4952 exstat
1378 4899 1427 4950 in
1480 4896 1775 4951 Collatione
1822 4896 2021 4951 mentio

447 4988 654 5060 (Collat.
681 4986 923 5059 Carthag.
953 4989 1004 5051 1,
1032 5004 1148 5058 cap.
1180 4987 1327 5057 133).
1355 4984 1586 5040 Evodius
1611 4985 1748 5040 forte
1774 4985 1910 5039 idem
1940 4993 2024 5041 est

449 5095 513 5135 ac
541 5080 838 5148 Uzalensis,
865 5081 953 5149 qui
992 5080 1044 5133 in
1080 5078 1303 5148 epistola
1330 5077 1395 5131 ad
1424 5076 1775 5147 Augustinum
1809 5076 2021 5131 Theasii

450 5171 684 5240 episcOpi
712 5172 972 5236 meminit,
1005 5185 1162 5240 quem
1192 5183 1373 5224 senem
1401 5170 1614 5233 vocitat,
1636 5174 1795 5236 atque
1822 5168 1874 5221 in
1905 5183 2022 5222 mo-

451 5262 684 5317 nasterio
701 5262 1113 5332 viverequodam
1136 5260 1293 5315 modo
1308 5260 1473 5314 innuit
1489 5258 1680 5331 (Epist.
1699 5260 1817 5321 158,
1834 5278 1885 5313 n.
1911 5260 2020 5330 10).

454 5353 509 5406 ln
540 5362 820 5422 utrumque
847 5354 1138 5409 Petiliauus
1165 5354 1246 5406 bis
1274 5350 1632 5406 debacchatur
1656 5352 1831 5405 verbis
1855 5369 1867 5403 :
1898 5350 2026 5405 Illos

449 5443 661 5510 scilicet,
689 5459 814 5515 quos
839 5459 1169 5514 pra'cursores
1193 5459 1254 5497 ac
1273 5442 1586 5513 nauigatores
1603 5457 1797 5511 semper
1822 5442 2022 5506 habent,

456 5533 697 5603 {atriaque
720 5550 827 5589 siue
852 5535 1061 5607 legatos,
1094 5536 1179 5605 qui
1197 5544 1430 5605 expetant
1453 5534 1769 5606 sanguinem,
1793 5543 2028 5603 expetant

454 5626 862 5695 proscriptiones,
896 5628 1143 5681 incutiant
1174 5633 1349 5692 metus,
1385 5625 1612 5695 pericula
1653 5624 1904 5697 ingerunt,
1936 5626 2028 5679 ho-

1530 232 1687 290 vm
1726 232 1782 288 s.
1825 225 2193 299 auousru’u
2230 186 2539 303 Episcort

3600 241 3709 299 310

2129 348 2284 401 mines
2301 366 2388 420 per
2400 351 2678 421 provincias
2690 350 2909 406 diversas
2919 351 3149 406 occidunt
3161 351 3368 424 (Collat.
3383 352 3625 426 Carthag.
3643 356 3702 424 5,

2127 456 2242 510 cap.
2273 439 2417 513 Ml).
2454 442 2625 496 Ambo
2649 450 2865 512 propter
2888 443 3213 510 vexationes,
3244 460 3374 515 quas
3399 460 3540 501 anno
3564 428 3710 517 qua;

2123 532 2537 602 dringentesimo
2563 542 2759 588 octavo
2779 533 2900 588 fidei
2927 548 3083 589 causa
3110 536 3392 604 pertulere,
3422 535 3697 591 confesso-

2126 624 2203 679 ris
2228 624 2437 679 titulum
2459 624 2727 679 consecuti
2748 625 2910 695 sunt(
2943 624 3066 680 Cod.
3098 626 3259 680 Cann.
3290 627 3473 694 Afric.,
3498 627 3553 681 in
3575 644 3703 681 con-

2122 713 2207 767 cil.
2236 711 2472 785 Carthag.
2518 714 2637 768 anni
2675 714 2798 780 408,
2828 724 2940 785 post
2972 732 3088 770 can.
3120 714 3267 788 106).
3298 716 3570 786 Hodieque
3610 732 3705 771 su-

2125 812 2345 871 persunt
2368 804 2611 859 mandata
2640 804 2741 860 illis
2774 805 2843 861 de
2878 797 3137 877 legatione
3173 823 3201 860 a
3231 807 3452 862 concilio
3482 807 3703 876 tradita,

2122 893 2333 963 quibus,
2373 895 2498 964 quid
2523 896 2591 950 ab
2616 896 2936 967 lmperatore
2969 913 3035 952 ex
3060 898 3271 952 Patrum
3301 899 3489 967 placito
3514 910 3707 969 peten-

2122 982 2247 1037 dum
2270 984 2357 1047 sit,
2381 985 2448 1037 ita
2478 987 2853 1054 prmscribitur,
2878 997 2935 1042 ut
2964 997 3136 1043 tamen
3166 989 3292 1056 ipsis
3312 989 3565 1059 quidquid
3592 989 3705 1044 Ec-

2121 1076 2297 1132 clesiae
2324 1077 2536 1132 utilitati
2564 1079 2858 1135 conducere
2891 1080 3262 1149 judicaverint,
3296 1082 3506 1150 petendi
3545 1083 3703 1150 plena

2122 1167 2340 1224 libertas
2377 1171 2703 1240 relinquatur
2741 1171 2921 1244 (lbid.,
2953 1189 3065 1226 can.
3092 1173 3206 1245 93).
3239 1174 3440 1228 Placuit
3466 1190 3704 1245 quoque,

2122 1266 2180 1313 ut
2201 1259 2441 1314 Romano
2465 1263 2704 1329 antistiti,
2728 1273 2782 1317 et
2801 1264 3037 1318 locorum
3063 1264 3113 1318 in
3140 1264 3330 1334 quibus
3360 1263 3496 1320 forte
3520 1280 3707 1320 versa-

2121 1359 2267 1405 retur
2292 1351 2601 1420 lmperator,
2628 1355 2889 1423 episc0pis
2910 1371 3006 1425 per
3034 1355 3238 1410 litteras
3258 1355 3704 1412 commendaren-

2123 1449 2223 1494 tur.
2256 1441 2467 1497 Eisdem
2495 1444 2652 1498 etiam
2684 1446 2866 1515 legatis
2898 1446 3106 1501 traditze
3131 1456 3253 1501 sunt
3279 1448 3395 1501 alia:
3430 1448 3497 1501 ad
3525 1446 3706 1517 Impe-

2121 1541 2349 1586 ratorem
2371 1549 2431 1588 ac
2460 1535 2748 1603 pnecipuos
2768 1536 2908 1591 illius
2925 1537 3192 1591 ministros
3214 1538 3467 1606 epistolzc,
3500 1537 3642 1593 datis
3672 1553 3704 1591 a

2120 1624 2324 1693 synodo
2362 1624 2624 1678 mandatis
2670 1625 2827 1680 [idem
2879 1626 3223 1697 adrogantes,
3270 1643 3401 1697 quas
3456 1608 3711 1684 Aurelius

2119 1711 2334 1765 Patrum
2361 1715 2596 1767 omnium
2644 1720 2854 1770 nomine
2885 1717 3031 1770 solus
3059 1718 3373 1787 obsignavit.
3415 1718 3507 1772 lla:
3537 1718 3703 1773 dubio

2122 1804 2299 1872 procul
2332 1803 2399 1858 ab
2423 1805 2720 1871 Augustino
2749 1807 3054 1876 perscripta:
3094 1818 3216 1861 sunt
3249 1825 3262 1862 :
3287 1808 3496 1877 quando
3525 1808 3710 1863 Possi-

2120 1894 2237 1949 dius
2272 1895 2321 1947 in
2352 1896 2700 1950 recensendis
2726 1897 2840 1964 ejus
2874 1899 3113 1966 epistolis
3141 1908 3364 1968 quatuor
3391 1901 3505 1953 illas
3528 1902 3705 1955 conti-

2122 1999 2220 2036 nua
2243 1986 2379 2039 serie
2404 1986 2551 2054 ponit
2579 2004 2589 2037 :
2614 1985 2925 2041 lmtocentio
2947 1988 3197 2057 episcopo
3217 2007 3230 2054 ;
3254 1988 3701 2059 huperatoribus:

2118 2074 2396 2140 Stiliconi;
2453 2077 2721 2131 Prtefeetis
2786 2077 2969 2131 ltalim.
3017 2078 3247 2146 Quarum
3296 2080 3506 2149 quidem
3560 2081 3705 2135 nulla

2121 2167 2272 2219 nobis
2300 2175 2481 2221 restat.

2190 2258 2242 2311 7.
2270 2260 2338 2312 At
2361 2267 2505 2312 certe
2521 2258 2775 2312 habemus
2802 2260 2852 2314 in
2880 2262 3258 2329 superioribus,
3290 2277 3408 2331 quas
3439 2262 3709 2316 Africanze

2123 2348 2372 2401 Ecclesia:
2418 2349 2638 2402 consilia
2686 2350 2943 2404 afﬂaverit
2996 2351 3281 2420 Augustini
3328 2352 3703 2406 mansuetudo.

2120 2439 2225 2492 Sed
2252 2437 2347 2490 Dei
2375 2441 2538 2508 major
2580 2440 2951 2507 misericordia,
2993 2442 3158 2511 inquit
3187 2441 3323 2495 idem
3354 2452 3585 2505 sanctus,
3612 2442 3703 2511 qui

2116 2529 2284 2593 sciret,
2328 2516 2505 2581 harum
2532 2530 2697 2598 legum
2720 2540 2904 2594 terror,
2927 2540 2975 2583 et
2994 2532 3225 2601 quendam
3251 2532 3562 2585 medicinalis
3590 2548 3704 2583 mo-

2117 2619 2260 2672 lestia
2279 2636 2428 2688 quam
2456 2621 2724 2673 multorum
2751 2632 2873 2674 esset
2895 2624 3059 2691 proris
3085 2624 3159 2676 vel
3180 2623 3377 2693 frigidis
3409 2623 3591 2676 animis
3611 2639 3705 2676 nec

2118 2711 2358 2774 cessatio,
2380 2720 2425 2763 et
2458 2710 2535 2763 illi
2556 2712 2756 2764 duritiw
2775 2728 2887 2780 qua:
2918 2712 3075 2766 verbis
3104 2714 3358 2766 emendari
3395 2730 3495 2766 non
3520 2723 3703 2782 potest,

2115 2801 2202 2855 scd
2242 2813 2408 2854 tamen
2450 2804 2764 2872 aliquantulo
2792 2804 3050 2858 severitate
3094 2805 3378 2874 disciplina:
3403 2814 3602 2873 potest,
3647 2804 3705 2857 id

2118 2891 2251 2961 egit,
2296 2902 2350 2943 ut
2378 2892 2528 2962 legati
2559 2893 2718 2945 nostri
2758 2894 2896 2960 quod
2942 2904 3294 2963 susceperant,
3342 2894 3564 2947 obtinere
3597 2910 3703 2948 non

2116 2996 2333 3055 possent.
2363 2984 2487 3037 Jant'
2511 2986 2641 3039 enim
2679 3001 2769 3038 nos
2808 2996 3147 3056 prwvenerant
3176 3003 3239 3040 ea:
3265 2986 3382 3040 aliis
3412 2987 3535 3040 locis
3560 3002 3705 3056 qut:-

2115 3079 2233 3130 dam
2252 3079 2597 3149 episcoporum
2624 3080 2838 3147 querella
2863 3080 3190 3149 gravissimae,
3223 3080 3308 3148 qui
3338 3081 3475 3133 mala
3498 3083 3704 3149 fuerant

2119 3172 2181 3223 ab
2208 3172 2331 3240 ipsis
2348 3172 2505 3223 multa
2535 3173 2777 3240 perpessi,
2808 3182 2853 3224 et
2873 3172 3022 3225 asuis
3041 3172 3239 3225 sedibus
3269 3171 3534 3226 exturbati.
3565 3170 3708 3225 Prtah

2116 3262 2260 3331 cipue
2290 3262 2543 3314 horrenda
2576 3272 2623 3314 et
2642 3262 2946 3315 incredibilis
2974 3263 3134 3316 credes
3156 3261 3459 3316 Maximiani
3483 3262 3707 3332 episcopi

2113 3352 2347 3404 catholici
2382 3350 2626 3405 Ecclesia:
2666 3351 2962 3423 Bagaiensis
2999 3352 3194 3418 effecit,
3238 3361 3290 3404 ut
3316 3362 3489 3405 nostra
3517 3353 3705 3422 legatio

2105 3444 2220 3513 jam
2242 3442 2363 3512 quid
2390 3451 2591 3512 ageret,
2625 3459 2723 3495 non
2752 3443 2951 3496 haberet
2996 3442 3188 3514 (Epist.
3220 3444 3343 3507 185,
3374 3459 3427 3495 n.
3600 3441 3704 3496 Hic

2115 3536 2253 3587 dicta
2278 3535 2413 3588 inter
2431 3544 2607 3603 partes
2626 3533 2907 3602 judiciaria
2932 3535 3191 3588 sententia
3218 3534 3353 3602 apud
3372 3532 3703 3588 ordinarium

2118 3628 2352 3697 judicent
2378 3628 2653 3682 basilicam
2690 3626 2835 3681 fundi
2865 3626 3223 3681 Calvianeusis
3249 3627 3507 3693 evicerat,
3538 3640 3703 3695 quam

2116 3720 2431 3784 Donatista,
2480 3734 2600 3773 cum
2650 3719 2905 3773 catholica
2950 3728 3125 3785 esset,
3182 3719 3363 3773 illicite
3416 3717 3703 3787 aliquando

2118 3820 2521 3880 usurpaverant.
2552 3810 2697 3864 llane
2724 3826 2845 3863 cum
2870 3809 2989 3878 jure
3019 3810 3301 3879 perspicuo
3336 3810 3614 3870 retineret,
3644 3808 3703 3863 in

2117 3919 2179 3956 ea
2207 3903 2318 3971 ipsa
2358 3911 2585 3956 stantem
2617 3901 2683 3954 ad
2710 3901 2875 3954 altare
2905 3901 3205 3955 invaserunt
3225 3940 3240 3963 ,
3275 3900 3535 3954 irruentes
3574 3898 3706 3952 hor-
3802 3952 3805 3955 .

2119 3991 2283 4046 rendo
2304 3992 2499 4060 impetu
2524 4000 2577 4045 et
2604 3990 2781 4045 furore
2806 3990 3026 4052 crudeli,
3056 4001 3112 4043 ut
3140 3989 3237 4043 sub
3259 3990 3414 4045 altari
3438 4005 3542 4058 quo
3566 4002 3704 4042 con-

2119 4084 2323 4152 fugerat
2348 4124 2363 4148 ,
2394 4083 2579 4136 eodem
2608 4098 2765 4152 supra
2795 4098 2853 4136 se
2878 4081 3066 4149 fracto,
3098 4082 3317 4151 ejusque
3347 4082 3521 4151 lignis,
3552 4082 3707 4136 aliis-

2119 4192 2222 4246 que
2250 4174 2471 4228 fustibus
2494 4215 2508 4240 ,
2541 4174 2686 4228 ferro
2713 4175 2873 4229 etiam
2898 4174 3183 4228 crudeliter
3205 4187 3375 4228 cmsus
3395 4214 3410 4239 ,
3440 4182 3604 4227 totum
3638 4174 3708 4228 ilo

2120 4266 2228 4319 lum
2271 4265 2444 4318 locum
2472 4264 2727 4334 sanguine
2754 4265 3066 4333 oppleverit.
3119 4266 3411 4332 Acceperat
3445 4272 3622 4318 autem
3649 4271 3709 4318 et

2120 4354 2319 4425 grande
2346 4356 2538 4409 vulnus
2580 4355 2629 4407 in
2674 4354 2891 4424 inguine
2936 4354 3164 4423 pugione
3202 4368 3512 4423 percussus,
3561 4352 3708 4410 unde

2122 4460 2311 4501 cruore
2334 4446 2527 4514 largius
2552 4444 2804 4500 el‘lluente
2830 4445 3085 4498 continuo
3112 4452 3410 4499 moreretur
3428 4486 3443 4508 ,
3468 4442 3569 4498 nisi
3589 4459 3711 4497 ma-

2118 4537 2204 4607 jor
2227 4551 2409 4591 eorum
2438 4535 2724 4590 crudelitas
2753 4550 2848 4604 per
2867 4535 3128 4589 occultam
3161 4535 3251 4589 Dei
3280 4534 3707 4589 misericordiam

2128 4626 2431 4696 profuisset.
2472 4625 2603 4680 Nam
2624 4641 2744 4679 cum
2775 4625 3027 4679 membris
3046 4640 3108 4678 ex
3132 4640 3193 4679 ea
3216 4635 3365 4694 parte
3394 4624 3601 4679 nudatis
3620 4638 3709 4679 se-

2125 4716 2350 4770 mivivus
2382 4714 2631 4784 insuper,
2662 4729 2963 4784 pronusque
3001 4712 3333 4780 traheretur,
3376 4714 3712 4769 exundantes

2127 4819 2289 4858 venas
2310 4806 2532 4859 latenter
2561 4804 2731 4873 pulvis
2753 4805 3026 4859 obstrusit.
3058 4805 3258 4860 Deinde
3281 4820 3400 4859 cum
3431 4806 3497 4859 ab
3519 4804 3597 4858 eis
3622 4820 3715 4857 re-

2126 4898 2305 4952 lictum
2330 4896 2585 4950 Catholici
2612 4911 2733 4950 cum
2784 4897 3001 4965 psalmis
3050 4896 3259 4951 auferre
3289 4903 3583 4960 tentarent,
3630 4894 3711 4949 illi

2127 4989 2203 5042 ira
2241 4987 2543 5043 ardentiore
2570 4987 2810 5041 succensi
2842 5002 2962 5041 eum
2993 4987 3059 5041 de
3090 4986 3410 5057 portantium
3465 4986 3712 5041 manibus

2126 5077 2494 5141 abstulerunt,
2553 5076 2691 5130 male
2726 5077 2989 5130 mulctatis
3032 5076 3328 5146 fugatisque
3372 5072 3662 5129 Catliolieis
3690 5111 3712 5139 ,

2130 5184 2263 5238 quos
2293 5169 2489 5239 ingenti
2523 5168 2859 5223 multitudine
2906 5170 3265 5238 superabant,
3317 5175 3371 5220 et
3417 5165 3570 5221 facile
3604 5180 3716 5219 $.13-

2130 5260 2322 5314 vicudo
2340 5260 2627 5314 terrebant.
2651 5258 2741 5314 Sic
2757 5260 2858 5313 illis
2875 5261 3132 5314 violenter
3156 5269 3445 5320 extortum,
3472 5257 3718 5327 gravius-

2131 5369 2235 5423 que
2283 5353 2588 5406 mulctatum
2638 5351 2757 5404 inde
2804 5351 2855 5404 in
2885 5351 3165 5421 quamdam
3216 5358 3415 5403 turrem
3445 5348 3717 5403 excelsam

2132 5445 2391 5509 levatum,
2432 5443 2541 5510 jam
2592 5442 2853 5498 defecisse
2879 5442 3228 5506 arbitrantes,
3258 5456 3379 5496 cum
3415 5440 3514 5500 ille
3538 5438 3723 5494 adhuc

2133 5536 2365 5597 viveret,
2402 5534 2729 5601 abjeceruut.
2764 5532 2854 5587 llle
2884 5533 3067 5586 subter
3091 5532 3270 5585 cinere
3302 5528 3551 5584 stercoris
3579 5527 3722 5583 mol‘

2135 5626 2253 5682 liter
2292 5624 2500 5696 jacebat
2538 5634 2820 5698 exceptus,
2875 5639 3032 5678 sensu
3061 5623 3256 5678 amisso
3285 5623 3369 5677 vix
3410 5628 3717 5681 extremum
