3990 6360
663 248 734 261 »⁵⁸ης
749 246 819 261 ὀ
834 246 899 258 ⁸⁸⁵⁸

260 224 354 293 Ml

259 350 495 423 spiritum
521 352 729 400 tenens.
756 340 829 396 lbi
856 352 978 393 eum
1005 333 1266 391 transiens
1286 332 1498 403 quidam
1528 346 1726 423 pauper
1751 346 1832 385 m-

259 422 433 503 venit,
479 450 601 491 eum
630 433 834 488 ventris
857 425 1181 485 exonerandi
1220 439 1377 480 causa
1410 422 1475 477 ad
1505 437 1624 477 eum
1650 422 1828 475 diver-

254 534 401 588 tisse!
427 529 623 583 locum.
655 522 881 594 Agnovit
903 528 1103 584 autem,
1132 531 1254 571 cum
1286 514 1506 586 pavidus
1532 529 1678 569 suam
1701 527 1830 568 con-

252 624 425 692 iugem
455 615 733 678 accersiit,
767 627 923 683 quam
954 608 1137 680 procul
1159 606 1475 663 verecundia
1498 605 1825 669 dimoverat,

254 712 521 765 lucernam
552 706 831 760 ferentem.
861 703 1012 757 Tunc
1034 716 1154 755 cum
1179 698 1339 754 ambo
1365 705 1710 767 perrexerunt
1730 695 1822 749 doc

254 817 391 857 mum
415 841 431 867 ,
474 800 558 853 vel
605 796 936 859 miserando,
972 795 1057 849 vel
1095 792 1291 864 aliquid
1316 792 1476 847 etiam
1506 790 1678 844 lucelli
1707 803 1826 857 5pc-

248 893 445 955 rando;
476 907 600 947 cum
638 891 751 946 sive
774 891 949 953 vivus,
998 888 1109 942 sive
1153 896 1393 940 mortuus
1416 926 1430 950 ,
1460 884 1714 939 collectus
1744 892 1822 937 ta-

247 1002 360 1039 men
383 984 587 1038 nostris
599 982 987 1037 ostenderetur.
1008 977 1143 1046 Quid
1168 977 1351 1047 plura?
1371 976 1616 1031 Adhibita
1632 990 1823 1044 magna

244 1092 398 1139 cura,
431 1075 663 1129 mirabili
685 1074 958 1128 curatione
988 1080 1108 1140 post
1142 1070 1335 1124 multos
1372 1070 1487 1125 dies
1514 1070 1581 1124 ab
1612 1068 1698 1122 illa
1726 1069 1822 1122 de-

244 1168 545 1237 speratione
588 1177 857 1221 recreatus
895 1173 978 1219 est
1002 1172 1057 1219 et
1079 1171 1313 1217 sanatus.
1367 1162 1515 1216 llunc
1540 1161 1605 1215 ad
1650 1171 1823 1214 trans-

244 1259 469 1313 marinas
518 1266 695 1311 terras
730 1256 965 1310 occisum
1018 1254 1156 1308 fama
1204 1253 1570 1315 nuntiaverat,
1615 1260 1671 1305 et
1705 1251 1820 1321 ejus

241 1351 484 1405 facinoris
512 1349 815 1403 immanitas
840 1347 1121 1418 gravisque
1149 1345 1460 1413 indignitas,
1492 1358 1822 1413 quaquaver-

238 1457 347 1494 sum
375 1439 552 1494 audiri
594 1440 796 1509 potuit,
845 1438 1029 1493 dolore
1059 1435 1325 1490 horrendo
1361 1443 1548 1489 cuncta
1576 1449 1817 1488 commo-

238 1540 394 1586 verat.
424 1532 549 1596 Quo
581 1541 764 1599 postea
784 1545 941 1600 quam
974 1530 1088 1598 ipse
1122 1536 1335 1582 secutus
1358 1536 1466 1589 est,
1500 1538 1551 1581 et
1572 1527 1676 1580 vita
1700 1527 1816 1594 ejus

236 1622 656 1689 inepinatissima
683 1621 958 1690 apparuit,
991 1618 1324 1674 cicatricibus
1350 1618 1461 1671 suis
1488 1627 1593 1671 tam
1634 1617 1815 1685 iugen-

234 1714 382 1777 tihus,
410 1722 522 1765 tam
552 1712 755 1774 multis,
784 1721 888 1765 tam
919 1710 1242 1772 recentibus,
1266 1724 1370 1762 uou
1399 1708 1591 1761 frustra
1620 1707 1812 1761 famam

232 1816 491 1866 mortuum
525 1821 585 1859 se
619 1806 888 1858 nuntiasse
932 1802 1271 1859 monstravit.
1309 1801 1439 1855 Nam
1486 1816 1645 1869 quem
1692 1810 1815 1854 tunc

228 1899 569 1968 inspicientes
614 1898 699 1951 vix
739 1897 1018 1952 crederent
1063 1895 1274 1959 vivum,
1324 1909 1427 1949 neu
1475 1904 1672 1948 temere
1725 1893 1812 1946 illa

224 1990 450 2059 jactasse
476 1989 759 2042 videbatur
792 1988 1045 2041 occisum.
1084 1986 1352 2041 Auxilium
1379 1999 1508 2053 ergo
1539 1984 1721 2051 petivit
1746 1983 1813 2041 ab

232 2082 556 2149 lmperatore
579 2080 885 2134 Christiano
903 2120 917 2141 ,
942 2093 1046 2130 non
1078 2087 1181 2130 tam
1204 2077 1284 2129 sui
1311 2075 1598 2130 ulciscendi
1627 2090 1808 2138 causa,

226 2187 374 2240 quam
407 2169 624 2224 tuendze
655 2169 904 2224 Ecclesiae
930 2168 1028 2221 sibi
1054 2167 1287 2221 creditae.
1318 2166 1469 2233 Quod
1507 2164 1549 2218 si
1579 2174 1802 2233 przeter-

226 2263 469 2325 misisset,
502 2276 608 2313 nou
637 2260 751 2328 ejus
778 2258 961 2313 fuisset
983 2257 1241 2311 laudanda
1275 2257 1522 2324 patientia
1542 2297 1558 2321 ,
1593 2256 1684 2308 sed
1716 2271 1806 2309 ue-

222 2352 459 2423 gligentia
489 2351 689 2404 merito
720 2348 977 2417 culpanda
1009 2348 1222 2417 (Contra
1250 2345 1589 2409 Cresconinm,
1616 2345 1702 2397 lib.
1736 2346 1769 2397 5
1792 2386 1806 2408 ,

223 2461 273 2497 tt.
305 2442 405 2506 5‘2;
448 2442 621 2511 Epist.
657 2441 792 2505 185,
840 2457 891 2493 tt.
921 2439 1136 2511 26-28).
1175 2438 1258 2492 Ex
1293 2437 1570 2507 Augustini
1598 2436 1809 2505 quidem

223 2534 389 2588 verbis
417 2533 600 2602 colligi
640 2547 798 2602 posse
837 2530 1075 2594 videtur,
1117 2530 1267 2583 illum
1297 2529 1519 2582 Romam
1546 2527 1613 2582 ad
1644 2528 1812 2596 Impe-

219 2635 443 2681 ratorem
485 2625 687 2679 adiisse
732 2623 750 2692 (
785 2622 951 2688 Epist.
984 2622 1051 2676 88
1072 2662 1088 2687 ,
1117 2638 1170 2673 η.
1229 2621 1259 2673 7
1288 2620 1306 2691 )
1338 2638 1351 2674 :
1384 2627 1614 2673 attamen
1668 2618 1812 2687 leges

223 2732 398 2771 mense
425 2714 704 2768 februario
732 2730 873 2767 anno
903 2710 1427 2780 quadringentesimo
1448 2708 1813 2779 quiutoipsius

219 2825 372 2866 ausa
388 2810 514 2863 latae
536 2808 805 2862 Ravenna)
828 2806 965 2861 datae
985 2815 1108 2859 sunt
1133 2803 1343 2871 (Codice
1363 2803 1581 2869 Thraci,
1609 2803 1673 2857 de
1690 2801 1812 2856 Hae-

218 2900 403 2963 ren'cis,
432 2900 542 2967 lege
561 2898 676 2965 58).
713 2898 865 2949 Anno
894 2897 1136 2963 proximo
1159 2894 1241 2947 vel
1272 2893 1547 2962 Sequenti,
1579 2906 1684 2962 quo
1710 2892 1813 2945 sci-

219 2989 341 3042 licet
381 2999 602 3041 sanctus
634 2987 829 3040 Doctor
846 2985 1103 3040 adversus
1128 2984 1472 3039 Cresconium
1505 2982 1807 3046 scribebat,

218 3078 385 3131 adhuc
425 3078 520 3131 ille
561 3076 616 3129 in
646 3076 780 3129 vivis
801 3075 1015 3145 agebat,
1050 3089 1113 3128 ac
1150 3073 1331 3142 plures
1358 3073 1408 3125 in
1450 3072 1564 3141 ejus
1589 3087 1812 3140 corpore

218 3171 493 3224 cicatrices
512 3210 527 3231 ,
556 3183 719 3238 quam
747 3167 985 3221 membra
1009 3165 1426 3219 numerabantur
1455 3163 1667 3231 (Contra
1693 3163 1810 3217 Cre-

217 3260 459 3324 Iconium,
486 3259 578 3311 tib.
601 3259 654 3323 5,
682 3275 736 3311 n.
764 3255 876 3328 47).
905 3257 963 3311 lu
985 3256 1269 3311 collatione
1289 3253 1685 3323 Carthaginensi
1705 3270 1810 3308 uou

217 3350 478 3417 reperitur
506 3349 629 3417 ejus
671 3363 906 3402 nomen:
954 3357 1010 3401 at
1060 3348 1110 3400 in
1156 3346 1401 3400 Romano
1440 3345 1811 3415 Martyrologio

218 3440 409 3491 sanctis
431 3439 846 3492 coafessoribus
865 3439 1048 3507 quinto
1064 3452 1230 3491 nonas
1244 3436 1475 3491 octobris
1489 3436 1807 3507 adjungitur.

278 3528 330 3583 8.
374 3529 425 3583 is
447 3529 501 3582 in
523 3529 703 3581 aulam
716 3527 1023 3590 adveniens,
1050 3527 1122 3581 ibi
1146 3543 1249 3581 non
1270 3541 1464 3597 paucos
1482 3526 1698 3590 invenit,
1720 3526 1809 3596 qui

217 3620 331 3673 illuc
346 3619 721 3690 perfugerant,
743 3620 928 3674 eadem
950 3635 1050 3689 qua
1070 3620 1205 3690 ipse,
1221 3629 1467 3675 autcerte
1491 3618 1626 3673 haud
1646 3620 1810 3673 multo

217 3714 515 3766 humaniori
540 3714 747 3767 ratione
764 3728 792 3765 a
816 3713 1099 3767 Donatistis
1113 3712 1316 3781 excepti
1336 3711 1387 3783 (1
1393 3711 1541 3782 bid.).
1561 3712 1706 3779 Quos
1730 3712 1810 3765 iu-

216 3806 482 3859 teradcrat
494 3804 1149 3873 episcopus'l‘hubursicae,
1165 3819 1321 3873 quam
1340 3804 1527 3857 Duram
1541 3803 1805 3866 dicebant,

213 3904 259 3947 et
277 3896 433 3950 unico
446 3897 711 3950 vocabulo
728 3896 1240 3949 Thubursicaburam
1263 3913 1275 3949 :
1295 3911 1413 3965 quae
1431 3895 1807 3949 videturfuissc

214 3985 261 4037 iu
282 3987 658 4039 Proconsulari
694 3986 883 4055 posita.
920 3986 1051 4039 Iluic
1073 3995 1249 4039 autem
1276 3987 1483 4053 prmsuli
1506 3985 1692 4050 Servo,
1712 4002 1805 4040 seu

213 4074 500 4131 Servo-Dei
520 4119 535 4141 ,
572 4093 766 4131 nomen
808 4086 943 4131 erat.
972 4079 1127 4131 Anno
1155 4078 1674 4146 quadringentesimo
1704 4094 1805 4131 uu-

210 4164 416 4220 decimo
442 4166 853 4235 Carthaginiensi
880 4167 1146 4221 collationi
1188 4167 1422 4220 interfuit
1452 4168 1655 4238 (Col/ut.
1680 4167 1806 4222 Car-

212 4255 342 4325 thag.
370 4258 425 4321 l,
452 4275 572 4327 cap.
605 4256 752 4330 121).
781 4257 878 4311 Hic
915 4258 1089 4311 locum
1127 4258 1399 4325 repetebat
1435 4267 1746 4327 occupatum
1771 4274 1801 4313 a

213 4345 499 4401 Donatistis
527 4346 737 4419 (Contra
765 4346 1106 4412 Cresconium,
1134 4347 1221 4401 lib.
1250 4349 1305 4414 5,
1336 4365 1388 4401 η.
1418 4350 1531 4419 47),
1558 4365 1652 4417 pro
1686 4352 1801 4418 qui-

214 4434 305 4489 bus
329 4448 459 4492 tunc
480 4438 759 4507 temporis,
783 4437 917 4493 forte
933 4448 1050 4507 post
1070 4439 1387 4510 Cyprianum
1408 4441 1477 4495 ob
1492 4442 1686 4495 scelera
1705 4458 1799 4497 sua

214 4528 620 4581 condemnatum
644 4527 856 4599 (Contra
880 4529 1094 4583 Litteras
1122 4529 1379 4597 Petiliani,
1411 4532 1499 4585 lib.
1525 4534 1578 4598 5,
1605 4549 1657 4585 tt.
1682 4534 1795 4604 58),

210 4621 439 4675 Donatus
462 4620 675 4690 quidam
699 4622 978 4692 episcopus
994 4631 1109 4675 erat
1132 4621 1335 4695 (Count.
1356 4624 1593 4695 Carthag.
1612 4627 1632 4679 l
1648 4668 1662 4692 ,
1680 4644 1793 4697 cap.

209 4710 350 4781 l2l).
366 4710 505 4765 Cum
528 4712 685 4780 igitur
711 4713 777 4766 de
794 4712 1015 4768 locoillo
1037 4712 1087 4766 hi
1114 4714 1219 4767 duo
1238 4717 1490 4783 praesules
1508 4717 1791 4787 litigarem,

206 4802 543 4871 partiumque
563 4812 932 4872 procuratores
961 4806 1335 4873 proconsulare
1365 4809 1796 4874 pra-stolarentur

219 4907 481 4957 examen,
511 4893 702 4947 armati
726 4893 1012 4947 Donatistae
1043 4895 1093 4947 in
1120 4905 1413 4949 memorato
1438 4897 1794 4953 Thubursicu-

205 4979 341 5034 bure
368 4981 572 5053 oppido
597 4991 816 5051 repente
842 4984 895 5036 in
923 4984 1144 5039 Servum
1174 4987 1439 5041 irruerunt
1457 5029 1471 5054 ,
1521 4989 1591 5042 ita
1621 5000 1676 5042 ut
1704 4992 1791 5044 vix

208 5072 362 5125 vivus
386 5072 669 5143 aufugerit.
703 5074 860 5129 Pater
878 5084 1054 5129 autem
1084 5077 1198 5146 ejus
1220 5078 1527 5149 presbyter,
1549 5089 1703 5136 nitate
1727 5098 1790 5137 ac

205 5164 447 5218 moribus
468 5167 647 5235 gravis
666 5208 680 5229 ,
722 5182 785 5221 ea
808 5166 954 5221 crede
976 5208 991 5233 ,
1022 5183 1123 5237 qua
1151 5170 1217 5223 ab
1238 5169 1422 5223 iisdem
1451 5171 1790 5229 vehementer

204 5252 433 5309 afﬂictus
452 5266 569 5322 est,
601 5265 721 5325 post
756 5257 872 5311 dies
902 5272 1097 5328 paucos
1126 5261 1354 5315 excessit
1379 5277 1409 5317 e
1436 5263 1539 5316 vita
1567 5263 1787 5332 (Contra

200 5341 565 5410 Cresconium,
596 5345 687 5399 lib.
718 5346 753 5401 5
775 5388 791 5411 ,
821 5363 867 5399 c.
900 5348 1015 5415 45).
1061 5349 1261 5416 Quibus
1290 5366 1448 5421 porro
1498 5354 1700 5423 legibus
1733 5358 1802 5415 iu.

203 5444 373 5488 semet
396 5433 629 5489 ferendis
649 5452 863 5491 causam
888 5446 969 5491 tot
993 5439 1103 5492 suis
1124 5439 1444 5497 facinoribus
1464 5446 1786 5515 pra‘buerint

204 5522 491 5580 Donatista:
513 5565 529 5584 .
560 5540 702 5581 anno
731 5529 969 5595 proximo
987 5529 1393 5589 dcclarabimus.

1565 213 1768 270 LIBER
1803 214 2114 280 QUINTUS.

3382 224 3508 283 '54!

2492 335 2718 395 CAPUT
2755 336 2865 394 XII.

1934 422 1959 476 1
1995 422 2304 477 Scandalum
2333 424 2570 497 Hippone
2590 439 2793 499 propter
2821 430 3136 503 Bonifacium
3163 437 3502 505 presbyterum

2001 524 2047 567 et
2074 515 2231 586 Spem
2256 528 2502 572 emortum.
2531 520 2567 574 2
2609 520 2872 591 Augustini
2906 523 2999 577 Itac
3022 524 3086 577 de
3108 542 3164 579 re
3202 525 3269 577 ad
3310 528 3501 595 con/iro

2002 608 2211 661 mandas
2245 607 2592 678 Ilipponenees
2624 612 2820 667 littera.
2848 615 2884 669 ὅ
2909 613 3128 669 Felicem
3159 615 3499 672 Manichaum

1999 700 2243 753 convincit
2267 710 2313 753 et
2337 702 2400 755 ab
2436 719 2603 756 errore
2630 715 2845 761 revocat.
2877 706 2913 761 4
2950 705 3156 761 Librum
3193 708 3256 762 de
3299 707 3501 765 Natura

2001 788 2116 840 boni
2151 791 2319 844 scribit
2361 802 2536 845 contra
2579 792 2975 850 Manichaeorum
3003 797 3252 853 hwresim.
3286 799 3321 854 5
3352 799 3502 855 Hanc

1999 879 2124 933 libro
2151 884 2425 949 prazsertim
2461 884 2697 940 adversm
2731 886 3076 943 Secundinunt
3103 890 3235 945 edito
3273 891 3503 961 funditus

1997 972 2185 1024 evertit.
2210 972 2243 1026 6
2264 972 2628 1029 Exacerbatuin
2654 976 2953 1049 Hieronymi
2970 980 3194 1034 animum
3218 982 3500 1040 huntilitatc

1995 1078 2090 1116 sua
2117 1064 2327 1135 mitigat.
2351 1066 2381 1119 7
2408 1065 2599 1121 Eorum
2625 1068 2847 1139 epistola:
2870 1071 3001 1125 ultro
3024 1071 3244 1142 citroque
3269 1073 3458 1129 mirata.

1998 1152 2051 1207 l.
2081 1152 2184 1208 Per
2210 1162 2417 1226 tempus
2438 1157 2574 1213 illius
2601 1158 2851 1224 forsitan,
2880 1159 2949 1216 de
2966 1176 3072 1232 quo
3110 1162 3459 1232 loquebamur
3477 1206 3494 1229 ,

1925 1241 2352 1315 Carthaginensis
2369 1249 2601 1314 concilii,
2624 1248 2742 1304 data
2760 1249 2860 1305 fuit
2882 1251 2949 1306 ab
2967 1252 3262 1323 Augustino
3278 1254 3347 1309 ad
3367 1269 3496 1310 suos

1924 1334 2289 1405 Hipponenses
2315 1355 2475 1409 super
2503 1342 2757 1397 Bonifacii
2786 1353 2842 1399 et
2865 1344 2988 1413 Spei
3030 1348 3240 1416 negotio
3266 1348 3497 1417 epistola

1924 1424 2111 1496 (Epist.
2137 1427 2225 1501 78)
2258 1449 2272 1484 :
2304 1447 2421 1500 qua:
2439 1442 2583 1487 certe
2602 1433 2815 1503 quidem
2834 1434 3030 1503 scripta
3058 1444 3140 1492 est
3161 1444 3281 1506 post
3308 1436 3498 1493 decre-

1922 1520 2035 1577 tum
2055 1522 2124 1577 de
2146 1523 2460 1590 recipiendis
2498 1523 2549 1576 in
2578 1539 2674 1578 suo
2709 1524 2910 1580 honoro
2939 1526 3224 1581 Donatistis
3245 1527 3488 1591 clericis,

1923 1616 1977 1669 in
2004 1611 2404 1683 Carthaginensi
2432 1615 2657 1669 concilio
2685 1630 2826 1670 anno
2845 1616 3366 1687 quadringentesimo
3381 1620 3499 1689 pri-

1920 1722 2008 1760 mo
2032 1706 2270 1767 editum;
2303 1706 2396 1759 sed
2448 1714 2621 1760 tamen
2649 1721 2770 1761 cum
2814 1706 2986 1762 adhuc
3027 1707 3400 1764 Proculeianus
3436 1710 3492 1763 in

1919 1799 2052 1851 vivis
2076 1808 2273 1867 ageret.
2305 1799 2433 1852 Erat
2470 1798 2521 1852 in
2557 1799 2832 1868 Augustini
2867 1799 3063 1853 familia
3093 1801 3371 1871 presbyter
3399 1816 3495 1856 no-

1920 1888 2059 1941 mine
2088 1886 2386 1942 Bonifacius
2404 1928 2419 1953 ,
2452 1905 2553 1943 una
2586 1904 2705 1945 cum
2736 1890 2870 1944 laico
2897 1890 3126 1960 quodam
3151 1907 3309 1959 quem
3330 1893 3498 1960 Spem

1918 1979 2176 2032 vocabant
2201 1978 2391 2047 (Epist.
2420 1980 2508 2044 77,
2533 1995 2585 2033 n.
2617 1978 2695 2051 2).
2726 1979 2894 2049 Hujus
2917 1980 2982 2034 ad
3012 1982 3363 2050 Augustinum
3393 1980 3491 2035 dc-

1919 2071 2037 2125 tulit
2060 2070 2357 2124 Bonifacius
2380 2086 2440 2125 se
2474 2080 2675 2126 motum
2702 2072 2935 2128 sensisse
2964 2073 3286 2142 impudicum
3308 2089 3371 2128 ac
3391 2074 3491 2129 im-

1919 2160 2173 2213 mundum
2194 2202 2207 2224 ,
2238 2160 2320 2214 cui
2343 2175 2443 2215 nec
2465 2175 2741 2215 assensum
2770 2170 3021 2231 praestare
3049 2164 3164 2232 ipse
3189 2164 3364 2226 vellet,
3390 2180 3497 2219 nec

1916 2251 2205 2304 silentium.
2235 2250 2369 2320 Spes
2404 2262 2589 2305 contra
2632 2251 2987 2306 contendebat
3035 2268 3095 2307 se
3141 2268 3173 2306 a
3224 2253 3497 2307 Donifaclo

1916 2342 2253 2395 sollicitatum
2282 2342 2349 2396 ad
2394 2341 2773 2412 impudicitiam
2793 2382 2809 2406 ,
2841 2351 2999 2411 atque
3044 2343 3190 2397 illum
3218 2345 3491 2413 proprium

1915 2432 2115 2488 crimen
2145 2433 2195 2487 in
2224 2447 2303 2496 se,
2336 2448 2493 2503 quem
2523 2433 2587 2486 ad
2612 2432 2863 2502 flagitium
2888 2433 3135 2505 pellicere
3162 2433 3501 2502 nequiverat,

1914 2522 2160 2579 conferre
2187 2526 2455 2581 statuisse.
2498 2524 2741 2581 Graviter
2767 2524 3051 2579 admodum
3081 2524 3282 2580 ferebat
3307 2526 3494 2595 Augu-

1914 2616 2121 2681 stinus,
2149 2614 2374 2669 duorum
2413 2630 2445 2669 e
2472 2614 2585 2669 suis
2624 2614 2930 2670 domesticis
2970 2624 3025 2669 et
3065 2615 3494 2676 convictoribus,

1914 2708 2140 2762 alterum
2166 2708 2467 2763 necessario
2494 2707 2709 2776 perditae
2735 2708 2855 2763 vita:
2870 2707 3159 2763 existimari
3177 2708 3395 2773 debere,
3417 2708 3498 2761 al-

1918 2806 2087 2851 terum
2115 2798 2203 2867 qui
2229 2807 2369 2852 esset
2407 2797 2474 2851 ab
2498 2798 2701 2853 scelere
2726 2798 2930 2852 alienus
2949 2837 2964 2863 ,
2994 2806 3169 2853 tamen
3196 2796 3334 2866 apud
3364 2796 3496 2851 alio-

1916 2904 2032 2942 rum
2060 2889 2265 2942 animos
2292 2889 2609 2943 sceleratum
2630 2929 2644 2953 ,
2670 2888 2811 2957 apud
2847 2888 3070 2944 aliorum
3097 2891 3284 2945 saltem
3308 2905 3495 2959 suspe-

1913 2990 2057 3034 ctum
2079 2979 2282 3036 haberi.
2310 2980 2427 3049 ipse
2448 2980 2660 3049 quidem
2687 2980 3014 3035 Bonifacium
3028 2981 3251 3037 crimine
3269 2997 3501 3037 vacuum

1916 3071 2225 3142 reputabat,
2260 3087 2379 3126 cum
2402 3071 2470 3127 de
2512 3071 2619 3141 Spe
2657 3072 2790 3127 nihil
2838 3073 2965 3131 boui
3008 3073 3367 3143 suspicaretur
3398 3090 3413 3127 :
3440 3082 3495 3129 et

1913 3174 2058 3219 certe
2087 3164 2483 3233 praijudicatam
2509 3164 2646 3219 hanc
2673 3165 2979 3234 opinionem
3007 3168 3279 3236 utriusque
3303 3166 3493 3237 agendi

1915 3256 2051 3309 ratio
2070 3254 2439 3310 conﬁrmabat.
2469 3254 2733 3310 Cancrum
2763 3257 3012 3325 quoniam
3037 3258 3276 3321 deerant,
3298 3259 3500 3329 quibus

1915 3360 2038 3398 reus
2057 3344 2298 3398 convinci
2326 3355 2526 3413 posset,
2554 3344 2932 3414 probationes;
2963 3362 3022 3401 re
3042 3347 3133 3402 diu
3160 3349 3495 3418 multumque

1915 3447 2175 3503 perpensa
2196 3473 2213 3498 ,
2243 3432 2519 3487 constituit
2545 3433 2688 3488 illam
2714 3434 2916 3505 judicio
2942 3433 3119 3491 divino
3149 3437 3490 3505 permittere.

1913 3522 2039 3576 dum
2060 3538 2217 3592 quem
2239 3531 2541 3593 suspectum
2566 3524 2812 3589 habebat,
2837 3524 2906 3581 de
2934 3540 3028 3581 sua
3056 3526 3217 3581 domo
3242 3526 3500 3595 ejiciendi

1911 3613 2050 3684 justa
2076 3614 2251 3684 aliqua
2282 3614 2668 3684 manifestaque
2692 3616 2794 3671 sibi
2827 3631 2987 3671 causa
3032 3616 3375 3686 prmberetur.
3405 3618 3494 3673 ln-

1915 3715 2057 3761 terea
2095 3704 2233 3759 haud
2261 3720 2525 3775 quaquam
2567 3706 2747 3761 animo
2788 3715 2903 3763 erat
2925 3708 2996 3762 ita
3027 3718 3394 3778 comparatus,
3431 3721 3494 3767 ut

1912 3814 2033 3854 eum
2054 3843 2069 3867 ,
2097 3802 2186 3871 qui
2231 3802 2369 3870 apud
2397 3818 2456 3857 se
2486 3804 2615 3857 tanti
2641 3802 2821 3873 ﬂagitii
2849 3804 3152 3874 suspicione
3180 3805 3485 3871 laborabat,

1913 3890 1963 3943 iu
1991 3891 2192 3945 clerum
2213 3892 2546 3962 allegendum
2574 3902 2781 3963 putaret
2806 3912 2821 3947 :
2851 3903 2907 3949 at
2927 3895 3032 3960 ille,
3065 3895 3182 3952 sive
3207 3897 3488 3966 Augustini
3522 3946 3525 3949 γ

1911 3979 1963 4033 in
1991 3996 2050 4034 se
2076 3982 2313 4036 animum
2341 3984 2568 4051 experiri
2586 3984 2765 4049 vellet,
2784 3985 2898 4040 sive
2924 3985 3099 4040 innata
3128 3986 3355 4056 quadam
3374 4003 3491 4042 am-

1911 4070 2109 4126 bitione
2131 4072 2435 4138 duceretur,
2466 4088 2677 4128 omnem
2709 4076 3005 4130 machinam
3035 4076 3297 4142 adhibuit,
3328 4081 3491 4134 utvei

1911 4178 2009 4230 per
2034 4171 2272 4217 sanctum
2296 4164 2601 4219 Antistitem
2630 4165 2917 4221 referretur
2943 4166 2994 4221 in
3011 4166 3126 4235 ejus
3146 4167 3373 4234 clerum,
3400 4169 3488 4222 vel

1909 4252 2142 4321 acceptis
2189 4253 2256 4307 ab
2285 4255 2398 4323 ipso
2427 4256 2873 4313 commendatitiis
2915 4256 3108 4313 litteris
3153 4259 3253 4314 sibi
3300 4260 3486 4314 liceret

1906 4344 2031 4399 alibi
2061 4345 2448 4401 ordinationem
2490 4348 2780 4418 suscipere.
2820 4351 2890 4404 At
2932 4349 3257 4419 Augustinus
3293 4350 3488 4407 adduci

1907 4441 2051 4494 nullo
2096 4441 2256 4496 modo
2290 4445 2489 4511 potuit,
2545 4451 2604 4495 ut
2630 4442 2792 4497 aut‘ei
2820 4457 3009 4497 manus
3040 4443 3363 4512 imponeret,
3392 4452 3487 4497 aut

1905 4530 1995 4583 ulli
2015 4545 2046 4583 e
2064 4531 2391 4600 coepiscopis
2412 4532 2522 4586 suis
2542 4547 2636 4601 per
2652 4532 3164 4588 commendationem
3185 4549 3333 4588 suam
3360 4549 3482 4588 eum

1903 4622 2382 4678 subintroduceret.
2412 4623 2579 4691 Quam
2607 4625 2675 4680 ob
2701 4625 2966 4695 repulsam
3010 4625 3103 4681 ille
3126 4626 3484 4681 turbulentius

1901 4729 2088 4784 agere,
2119 4714 2498 4785 dictitareque,
2521 4716 2566 4770 si
2596 4716 2697 4771 sibi
2740 4716 2808 4770 ad
2833 4717 3033 4771 clerum
3065 4717 3480 4786 prmcluderetur

1899 4804 2092 4871 aditus,
2107 4805 2428 4860 Bonifacium
2455 4807 2653 4875 pariter
2670 4806 2738 4862 de
2761 4807 2927 4877 gradu
2951 4807 3305 4878 dejiciendum
3334 4822 3475 4863 esse.

1898 4895 2011 4951 Hoc
2033 4897 2303 4966 proposito
2318 4896 2449 4951 nihil
2476 4906 2590 4953 erat
2614 4897 2862 4968 iniquius.
2880 4897 3259 4953 Verumtamen
3285 4897 3333 4951 ei
3354 4910 3478 4950 con-

1897 4989 2095 5042 sentire
2125 4998 2365 5057 paratum
2394 5002 2454 5043 se
2483 4988 2829 5058 proﬁtebatur
2858 4987 3187 5052 Bonifacius,
3236 5001 3301 5041 eo
3330 4987 3472 5055 quod

1897 5081 2083 5135 mallet
2098 5080 2300 5136 honore
2316 5081 2632 5152 presbyterii
2650 5079 2787 5151 apud
2812 5079 3056 5134 homines
3077 5078 3293 5149 privari,
3311 5094 3472 5148 quam

1895 5171 2057 5225 ullam
2104 5170 2226 5239 Spei
2271 5184 2455 5224 ansam
2498 5171 2734 5239 prmbere
2772 5169 3063 5224 Ecclesiam
3107 5166 3469 5239 perturbandi.

1893 5262 1969 5316 Ea
2007 5262 2058 5315 ln
2085 5278 2144 5317 re
2168 5261 2396 5316 mediam
2424 5262 2706 5331 quamdam
2737 5260 2870 5314 viam
2911 5260 3010 5315 sibi
3038 5258 3321 5315 iucundam
3350 5274 3470 5315 esse

1892 5352 2212 5407 existimant
2240 5352 2593 5421 Augustinus,
2634 5350 2880 5406 videlicet
2923 5359 2983 5405 ut
3017 5358 3240 5420 uterque
3268 5349 3471 5419 scripto

1890 5442 2084 5513 placito
2108 5445 2484 5513 pollicerentur
2504 5482 2518 5505 ,
2550 5457 2610 5497 se
2634 5441 2809 5496 locum
2834 5442 3063 5513 aliquem
3083 5442 3352 5497 miraculis
3377 5456 3472 5497 ce-

1891 5531 2092 5585 lebrem
2140 5530 2397 5600 petituros
2417 5572 2432 5597 ,
2463 5530 2551 5586 ubi
2582 5547 2729 5586 reum
2756 5532 2869 5587 sive
2906 5541 3112 5596 metus.
3151 5532 3265 5587 sive
3287 5530 3467 5587 divina

1894 5622 2031 5679 ultio
2058 5624 2124 5678 ad
2154 5623 2508 5679 couﬁtendam
2528 5625 2743 5696 culpam
2771 5626 3024 5698 adigeret.
3070 5630 3329 5693 Quocnca
3370 5636 3466 5682 uol
