3990 6360
458 262 566 324 M3

458 381 644 437 Nolam
668 381 731 435 ad
754 381 922 436 sancti
949 380 1141 437 Felicis
1162 380 1419 436 tumulum
1446 381 1528 436 ire
1544 380 1725 451 jussit;
1758 389 2035 450 propterea

462 474 604 543 quod
640 474 706 528 ibi
738 473 968 540 certius,
996 490 1153 546 quam
1182 489 1425 545 usquam,
1452 488 1549 543 per
1571 473 1851 528 Paulinum
1870 473 2038 526 resei-

464 572 635 628 rctur,
655 564 780 634 quid
806 564 1065 620 ambobus
1083 566 1407 635 contigisset.
1429 563 1496 617 Et
1511 578 1573 617 ea
1589 561 1799 631 quidem
1823 561 1918 615 fuit
1934 561 2034 614 Bo-

458 654 639 710 nifacii
670 655 924 711 modestia
944 696 958 720 ,
990 666 1046 711 ut
1074 657 1273 711 litteras
1293 699 1305 716 .
1336 670 1456 725 quae
1482 670 1631 709 suam
1663 655 1716 709 in
1746 653 2038 709 Ecelesiam

461 745 773 815 dignitatem
815 747 1251 813 tcstilicarentur,
1303 746 1475 800 nullas
1521 745 1844 814 postularet;
1893 744 2039 799 Nolre

458 853 581 893 eum
611 839 717 892 alio
738 838 885 909 juxta
930 838 1111 893 haberi
1157 853 1260 892 non
1305 852 1587 899 recusans,
1630 850 1737 905 quo
1781 836 1959 906 utique
1984 836 2038 891 in

461 926 580 983 loco
601 929 752 999 juxta
779 938 930 984 erant
955 930 1227 999 incogniti.

536 1019 594 1073 2.
622 1020 727 1074 Res
749 1021 835 1074 illa
866 1020 1157 1091 usquedum
1187 1028 1322 1073 tecta
1351 1026 1707 1084 remanserat,
1735 1017 1782 1071 ei
1805 1016 2038 1093 remedia

460 1110 639 1165 omnia
669 1110 747 1165 sic
761 1110 1011 1166 adhibere
1038 1110 1361 1179 Augustinus
1386 1108 1617 1175 studuit,
1646 1117 1704 1162 ut
1726 1116 1904 1163 tamen
1922 1121 2041 1177 gra-

456 1198 711 1255 vissimus
735 1201 910 1255 cordis
935 1201 1052 1269 ejus
1078 1198 1231 1253 dolor
1258 1199 1310 1253 in
1337 1198 1509 1268 plebis
1537 1198 1779 1253 notitiam
1808 1212 1913 1252 non
1944 1211 2037 1251 ve—

462 1290 635 1355 niret;
687 1290 808 1361 quia
851 1291 1040 1344 merito
1071 1288 1390 1351 verebatur,
1440 1304 1507 1343 ne
1552 1288 1675 1342 hinc
1700 1288 1857 1342 simul
1882 1296 1936 1342 et
1960 1287 2040 1340 in-

459 1378 731 1435 fructuose
752 1380 1114 1434 cruciarentur
1132 1378 1288 1445 firmi,
1313 1389 1367 1433 et
1386 1379 1681 1448 periculose
1702 1379 2041 1433 turbarentur

461 1471 687 1533 inﬁrmi;
716 1485 779 1524 ac
819 1470 947 1539 ipsis
994 1484 1204 1540 quoque
1255 1469 1606 1525 scliismaticis
1651 1485 1780 1523 ansa
1822 1469 2040 1524 daretur

460 1562 722 1616 catholico
750 1562 946 1632 populo
990 1562 1263 1616 illudendi.
1314 1562 1533 1617 Factum
1581 1561 1924 1617 nihilominus
1953 1562 2038 1616 in-

462 1651 572 1703 vito
605 1651 697 1706 illo
720 1652 987 1721 vulgatum
1018 1662 1128 1717 est,
1155 1668 1420 1722 quamque
1447 1652 1627 1706 animo
1659 1661 2037 1721 prospexerat,

454 1741 801 1796 olfensionem
827 1744 1064 1813 peperit;
1092 1734 1146 1799 e't
1171 1759 1236 1799 eo
1262 1744 1474 1814 quidem
1500 1744 1827 1799 acerbiorem
1850 1785 1866 1810 ,
1897 1744 2037 1813 quod

455 1846 608 1890 antea
629 1836 884 1906 jactatum
932 1837 1132 1903 fuerat,
1179 1838 1456 1907 Augustini
1490 1838 1711 1893 clericos
1739 1838 1790 1891 in
1817 1837 2038 1892 crimina

457 1944 788 2000 nequaquam
836 1931 937 1985 labi
982 1931 1203 1998 solitos,
1254 1930 1701 2001 quemadmodum
1732 1930 1806 1996 ii,
1849 1930 2038 1999 quibus

458 2038 647 2077 manus
667 2023 991 2092 imposuerat
1015 2024 1409 2079 Proculeianus.
1440 2023 1611 2077 Fuere
1643 2024 1803 2077 etiam
1828 2023 1917 2092 qui
1949 2038 2040 2091 pe-

458 2122 655 2179 terent,
676 2124 733 2168 ut
749 2115 1001 2170 Benifacii
1019 2131 1209 2170 nomen
1225 2131 1289 2169 ex
1306 2115 1427 2169 albo
1439 2115 1893 2186 presbyterorum,
1905 2130 2039 2184 quos

457 2205 625 2259 moris
652 2215 768 2260 erat
794 2206 859 2260 ad
888 2207 1053 2261 altare
1094 2207 1340 2272 recitari,
1372 2215 1762 2275 expungeretur
1789 2225 1802 2261 :
1831 2222 1898 2261 ne
1931 2208 2037 2261 sci-

458 2295 581 2349 licet
602 2295 705 2349 ulla
734 2296 1019 2350 Donatistis
1043 2296 1437 2374 relinqueretur
1457 2297 1672 2351 occasio
1693 2296 2035 2366 praedicandi,

455 2384 660 2438 scelera
697 2385 833 2454 apud
861 2385 1163 2441 Catltolicos
1194 2387 1451 2456 impunita
1481 2401 1776 2441 remanere.
1827 2387 1882 2442 Id
1912 2402 2039 2442 vero

453 2475 700 2530 noluerat
725 2478 1048 2546 Augustinus
1072 2496 1085 2531 :
1118 2494 1186 2535 ne
1214 2478 1315 2535 hoc
1344 2488 1501 2548 pacto
1528 2480 1652 2545 Dei,
1675 2479 1826 2549 cujus
1850 2479 1917 2533 ad
1946 2480 2039 2533 tri—

456 2565 617 2621 bunal
641 2583 797 2622 causa
822 2569 1078 2625 Bonifacii
1106 2572 1358 2625 translata
1389 2571 1563 2626 fuerat
1583 2612 1597 2633 ,
1616 2571 1873 2641 judicium
1902 2588 2039 2641 prte-

452 2668 780 2727 verteretur;
805 2677 937 2717 neve
955 2663 1240 2718 violaretur
1254 2664 1463 2719 concilii
1492 2671 1765 2726 statutum,
1791 2680 1885 2734 per
1898 2663 2038 2734 quod

454 2765 561 2805 non
595 2753 784 2807 licebat
808 2754 1094 2819 clericum,
1139 2756 1229 2826 qui
1278 2755 1511 2809 nondum
1554 2756 1826 2809 convictus
1854 2756 1961 2821 sit,
2007 2770 2038 2810 a

453 2845 828 2900 communione
853 2845 1141 2915 suspendi,
1173 2846 1275 2900 nisi
1315 2846 1519 2916 judicio
1547 2862 1606 2901 se
1645 2847 1832 2901 sistere
1879 2862 2037 2901 recu-

455 2942 628 2989 sassct
653 2934 869 3003 (Concil.
898 2934 1135 3007 Carthag.
1160 2938 1195 2992 5
1213 2938 1335 2989 anni
1360 2937 1487 3004 597,
1512 2954 1662 2991 cann.
1695 2939 1748 3001 7,
1789 2938 1867 3006 8).
1900 2936 2039 2992 Cleri

457 3034 632 3079 tamen
663 3026 941 3096 populique
963 3026 1163 3096 judicio
1183 3027 1285 3081 hoc
1309 3028 1467 3083 etiam
1498 3029 1764 3097 permisit,
1788 3029 1833 3082 si
1865 3030 1932 3081 ita
1961 3029 2041 3082 eis

454 3118 627 3171 visum
659 3118 844 3172 fuisset
884 3119 1166 3187 expedire,
1200 3134 1269 3174 ne
1294 3119 1358 3173 iis
1383 3118 1472 3189 qui
1498 3135 1621 3174 cum
1653 3118 1718 3173 ad
1748 3119 2038 3189 Ecclesiam

457 3207 659 3262 nollent
674 3210 948 3276 accedere,
975 3209 1281 3279 quscrebant
1301 3209 1487 3263 saltem
1509 3208 1648 3279 quod
1664 3218 2038 3280 pra-texerent,

460 3298 705 3367 qumdam
760 3299 881 3355 inde
911 3301 1237 3369 prmberetur
1256 3300 1539 3370 probabilis
1566 3300 1837 3355 excusatio
1876 3319 1890 3355 :
1917 3309 2043 3356 tunc

459 3403 591 3443 vero
618 3404 726 3443 non
754 3390 985 3458 ipsorum
1031 3390 1261 3444 futurum
1289 3405 1409 3444 esse
1434 3390 1535 3443 hoc
1570 3388 1763 3443 factum
1782 3432 1794 3454 ,
1822 3390 1914 3452 sed
1944 3405 2039 3443 eo-

457 3495 573 3533 rum
606 3495 828 3550 quortnn
872 3496 1029 3535 causa
1060 3481 1216 3535 fuerit
1243 3480 1472 3543 factum;
1502 3496 1674 3549 neque
1700 3482 1858 3535 etiam
1900 3480 2042 3535 illinc

460 3570 658 3623 homini
680 3611 693 3633 ,
725 3586 882 3640 quem
911 3586 1013 3625 non
1066 3572 1240 3641 iniqua
1285 3570 1605 3624 conscientia
1633 3571 1698 3624 de
1724 3570 1860 3624 libro
1888 3569 2039 3622 vivo-

456 3679 576 3716 rmn
613 3662 905 3727 deleverit,
947 3664 1125 3717 damni
1170 3662 1454 3732 quidquam
1500 3677 1861 3716 accessurum.
1908 3661 2042 3715 Dum

461 3754 573 3807 Ιιπιο
600 3754 667 3807 ita
694 3764 1027 3823 gererentur,
1058 3752 1299 3823 Hippone
1326 3753 1509 3806 aberat
1540 3752 1881 3823 Augustin-is.
1911 3752 2043 3818 Qua-

462 3853 686 3913 prepter"
701 3844 847 3898 clero
876 3858 972 3897 suo
991 3884 1005 3910 ,
1037 3844 1368 3907 senioribus,
1395 3853 1449 3899 et
1479 3845 1741 3899 universa:
1771 3844 1905 3914 plebi
1938 3846 2041 3901 Ec-

458 3936 634 3988 clesire
664 3935 1019 4004 Hipponensis
1046 3935 1322 4004 epistolam
1350 3935 1526 3998 misit,
1559 3950 1661 4004 qua
1706 3950 1798 3989 eos
1836 3937 1922 4005 qui
1952 3950 2041 3990 se-

456 4042 576 4079 cum
604 4027 867 4081 infcliccm
896 4027 1042 4081 illum
1084 4042 1266 4081 casum
1296 4027 1519 4081 moleste
1545 4026 1811 4091 ferebant,
1853 4042 2042 4096 quam-

460 4118 541 4169 vis
570 4117 690 4171 inde
736 4117 904 4171 multo
958 4116 1133 4171 minus
1179 4131 1336 4186 quam
1367 4115 1481 4186 ipse
1523 4116 1722 4170 doloris
1750 4127 2038 4186 caperent,

461 4208 621 4285 solari
668 4208 873 4273 studet;
920 4207 1183 4276 docetque
1203 4206 1312 4275 jam
1362 4206 1565 4275 pridem
1592 4222 1623 4260 a
1651 4206 1860 4261 Christo
1902 4223 2040 4277 prze-

460 4301 597 4354 dicta
628 4299 791 4355 fuisse
836 4300 1094 4369 ejusmodi
1126 4299 1371 4354 scandala
1407 4317 1422 4353 :
1452 4300 1582 4369 ipsis
1617 4299 1777 4354 etiam
1807 4314 2042 4354 summo-

462 4407 587 4461 pere
613 4391 906 4446 cavendum
931 4407 1051 4447 esse
1071 4432 1087 4458 ,
1117 4406 1184 4445 ne
1213 4390 1428 4444 fratrem
1460 4405 1525 4444 ex
1556 4389 1701 4442 falsis
1730 4390 2044 4460 suspicioni-

462 4484 561 4537 bus
590 4484 887 4554 judicantes
922 4486 973 4539 in
1003 4484 1199 4539 diaboli
1245 4484 1463 4554 laqueos
1511 4483 1784 4549 incidant;
1815 4483 1957 4553 quod
1987 4484 2041 4538 in

461 4573 715 4629 Bonifacii
757 4574 978 4645 gratiam
1032 4574 1179 4629 dicit.
1230 4573 1334 4627 Eos
1361 4573 1682 4640 obtestatur,
1723 4588 1790 4627 ne
1820 4573 2042 4628 vulnera

463 4667 574 4721 suis
597 4667 759 4736 ipsius
779 4668 1087 4722 vulneribus
1112 4682 1248 4722 nova
1278 4666 1661 4736 superaddant,
1695 4682 1761 4720 ne
1779 4668 2042 4722 cruciatus

462 4766 684 4824 augeant
709 4798 723 4822 ,
750 4772 815 4810 ne
837 4756 1067 4826 denique
1092 4756 1329 4811 dolorem
1358 4756 1543 4811 dolore
1577 4756 1877 4823 cumulent,
1910 4756 2044 4810 defi-

461 4846 656 4901 ciendo
686 4846 765 4900 vel
795 4848 845 4900 in
874 4847 1261 4915 suspicionibus
1289 4846 1454 4913 falsis,
1483 4848 1563 4901 vel
1586 4847 1636 4901 in
1659 4848 1889 4915 peccatis
1912 4849 2042 4903 alie-

460 4937 573 5003 nis;
597 4936 695 5008 ipsi
722 4937 985 5002 videlicet,
1013 4939 1101 5008 qui
1128 4953 1276 5007 spem
1297 4938 1526 5008 aliquam
1554 4937 1743 4992 habent
1762 4939 1829 5008 ad
1853 4940 2037 5004 Deum,

459 5042 556 5093 pro
579 5028 769 5097 quibus
790 5028 900 5096 ipse
928 5029 1193 5083 continuis
1214 5029 1462 5098 periculis
1484 5039 1644 5098 caput
1660 5029 1871 5099 objicit:
1898 5032 2040 5100 quod

458 5119 601 5172 enim
629 5119 695 5173 ad
720 5119 1087 5176 schismaticos
1111 5118 1331 5184 attinet,
1362 5121 1452 5191 qui
1482 5121 1712 5190 nequitia
1746 5122 1898 5191 plane
1921 5123 2040 5176 dia-

462 5208 633 5262 bolica
661 5210 907 5279 gaudium
933 5226 964 5266 e
993 5221 1098 5265 tam
1126 5210 1383 5267 luctuosis
1408 5211 1619 5265 casibus
1647 5212 2036 5282 percipiebant;

460 5307 622 5367 atque
652 5299 702 5351 in
752 5301 1005 5357 Ecclesia:
1048 5302 1302 5356 membris
1334 5302 1455 5355 vitia
1480 5303 1724 5372 quardam
1755 5303 2036 5373 investiga-

462 5390 591 5445 bant
613 5431 629 5455 ,
656 5390 795 5445 unde
824 5394 914 5446 toti
947 5394 1085 5448 illius
1110 5394 1320 5465 corpori
1352 5393 1630 5449 illudereut
1649 5435 1663 5460 ,
1696 5394 1795 5464 ipsi
1822 5395 2034 5464 quidem

460 5482 761 5551 expeditius
786 5482 1091 5551 videbatur,
1137 5501 1231 5542 eos
1256 5495 1630 5551 contemnere,
1659 5495 1713 5540 et
1753 5502 1941 5541 canum
1963 5530 1977 5553 ,
2006 5504 2035 5542 a

459 5571 655 5641 quibus
674 5572 889 5627 vulnera
915 5573 1098 5629 Lazari
1128 5575 1463 5644 lingebantur
1482 5616 1497 5642 ,
1526 5576 1644 5629 loco
1678 5575 1893 5632 habere.
1928 5576 2040 5631 Μο-

457 5670 551 5717 net
597 5660 994 5732 Hipponenses,
1025 5663 1188 5718 Deum
1239 5662 1482 5722 fortassis
1513 5665 1632 5720 ideo
1660 5666 1892 5721 noluisse
1934 5666 2037 5722 hoc

1585 265 1743 323 VlTA
1782 268 1840 324 S.
1880 261 2242 322 AUGUSTINI
2280 265 2603 328 EPISCOPI.

3620 280 3731 338 εκ

2146 397 2240 436 eos
2264 384 2571 441 scandalum
2597 386 2761 441 latere
2777 427 2791 451 ,
2823 394 2881 440 ut
2908 400 3087 442 secum
3115 388 3396 448 instantius
3414 392 3727 451 incumbant

2144 474 2472 529 orationibus
2496 519 2508 540 ,
2539 487 2597 532 ut
2625 477 2746 531 facti
2775 477 2970 532 veritas
2999 477 3175 534 divina
3208 484 3532 540 revelatione
3573 500 3729 541 com-

2144 565 2394 634 periatur.
2428 566 2659 621 Eosdem
2686 567 3035 624 vehementer
3073 569 3223 639 juxta
3265 586 3328 626 ac
3351 572 3584 630 demisse
3634 591 3729 631 re-

2145 656 2457 725 prehendit,
2504 659 2644 729 quod
2679 659 2933 716 adversus
2964 660 3363 718 Proculeianum
3409 664 3465 719 in
3507 680 3567 721 se
3609 666 3735 736 ipso

2147 749 2352 816 potius,
2385 764 2544 818 quam
2571 751 2622 804 in
2677 751 2788 806 Deo
2831 753 3046 822 gloriati
3095 752 3345 810 fuerant:
3381 771 3518 812 neve
3563 759 3734 812 etiam

2146 841 2466 894 monasteria
2492 857 2557 894 eo
2586 844 2801 898 nomine
2826 846 3177 901 criminentur
3195 889 3212 911 ,
3239 848 3381 917 quod
3412 848 3463 902 in
3487 849 3594 904 illis
3623 850 3733 904 im-

2144 932 2343 998 probos
2367 930 2575 1002 aliquos
2620 935 2859 1003 reperire
2896 937 2999 1001 sit,
3028 937 3363 993 adhortatur.
3414 939 3548 995 Cum
3577 940 3734 995 Felix

2144 1019 2356 1088 quidam
2386 1030 2544 1090 atque
2564 1023 2830 1078 Hilarinus
2847 1026 2912 1081 de
2932 1026 3031 1081 hac
3059 1043 3121 1082 re
3140 1027 3207 1082 ad
3231 1044 3350 1083 eum
3368 1031 3736 1100 scripsissent,

2144 1111 2419 1182 respondit
2446 1113 2513 1167 ad
2538 1129 2721 1169 eorum
2751 1117 2992 1181 litteras,
3025 1118 3248 1175 minime
3277 1121 3467 1175 mirum
3503 1137 3661 1188 esse,
3686 1121 3737 1177 si

2144 1204 2266 1257 talia
2293 1214 2576 1259 nascantur
2603 1206 2915 1261 otl‘endieula
2938 1250 2951 1272 ,
2975 1219 3065 1263 aut
3088 1220 3273 1265 contra
3300 1212 3391 1266 Dei
3429 1227 3617 1267 servos
3655 1214 3737 1267 si-

2144 1295 2297 1349 nistri
2311 1311 2552 1351 rumores
2583 1297 2633 1350 in
2656 1300 2841 1368 vulgus
2861 1310 3212 1369 Spargantur:
3242 1316 3400 1370 porro
3434 1318 3492 1357 se
3510 1318 3608 1357 nec
3634 1302 3737 1357 fla-

2144 1387 2317 1455 gitiosi
2344 1388 2634 1459 quidquam
2660 1390 3077 1460 deprehendisse
3103 1393 3154 1446 in
3187 1393 3474 1461 Bonifaeio,
3502 1411 3601 1449 nec
3623 1410 3741 1451 cre-

2143 1476 2374 1544 didisse;
2415 1480 2592 1549 itaque
2621 1495 2729 1534 non
2764 1482 2987 1550 jussisse
3032 1493 3090 1536 ut
3117 1484 3233 1552 ejus
3262 1500 3455 1539 nomen
3498 1484 3567 1540 de
3596 1500 3743 1555 prm-

2144 1568 2476 1639 sbyterorum
2525 1587 2749 1627 numero
2795 1573 3123 1639 auferretur,
3171 1576 3292 1645 quia
3320 1577 3557 1631 divinum
3581 1577 3737 1647 judi-

2143 1660 2316 1723 cium,
2366 1661 2431 1713 ad
2460 1660 2601 1730 quod
2649 1662 2946 1734 presbyteri
2990 1664 3149 1734 hujus
3185 1680 3345 1720 causa
3386 1667 3551 1721 relata
3580 1676 3739 1732 erat,

2143 1758 2476 1805 antevertere
2505 1767 2609 1805 non
2662 1752 2909 1807 audebat.
2940 1754 3057 1822 Quo
3084 1763 3327 1823 tempore
3368 1758 3579 1825 scriptae
3606 1768 3741 1812 sunt

2143 1854 2174 1893 a
2202 1841 2359 1895 beato
2386 1841 2513 1896 Viro
2558 1843 2663 1898 “I33
2705 1845 2980 1913 epistolae,
3021 1846 3129 1916 jam
3182 1848 3285 1902 iter
3317 1848 3617 1911 Bonifacius
3668 1865 3739 1905 ac

2144 1929 2276 1999 Spes
2302 1931 2486 1987 Nolam
2516 1945 2896 2003 susceperant,
2919 1946 3011 1991 aut
3035 1938 3222 1993 saltem
3252 1939 3317 1992 ad
3344 1939 3469 1993 illud
3500 1941 3743 1995 erantin

2145 2022 2437 2089 procinctu.
2466 2023 2633 2090 Quem
2660 2041 2787 2079 vero
2811 2026 3009 2081 exitum
3031 2043 3216 2082 eorum
3249 2044 3411 2083 causa
3444 2030 3737 2095 habuerit,

2146 2112 2469 2181 ignoramus.
2499 2115 2565 2169 Et
2587 2132 2683 2170 nos
2709 2117 2924 2186 quidem
2953 2119 3088 2172 infra
3118 2120 3184 2174 de
3205 2121 3433 2190 quodam
3461 2122 3742 2176 Bonifacio

2145 2202 2258 2255 viro
2285 2204 2487 2272 optimo
2510 2247 2525 2267 ,
2554 2215 2608 2259 et
2633 2208 2801 2261 sancti
2833 2208 3081 2263 Praesulis
3110 2210 3470 2275 amicissimo,
3510 2214 3596 2282 qui
3624 2211 3737 2267 Ca-

2146 2293 2418 2360 taquensis
2447 2295 2725 2365 episcopus
2770 2312 2913 2352 anno
2947 2299 3159 2354 circiter
3206 2302 3740 2371 quadringentesimo

2144 2394 2339 2438 octavo
2359 2396 2702 2442 consecratus
2722 2397 2824 2454 est,
2852 2389 3040 2444 dicturi
3064 2406 3266 2444 sumus.
3290 2392 3526 2447 Tametsi
3552 2404 3737 2448 autem

2144 2490 2208 2528 ex
2237 2476 2532 2531 humilitate
2556 2478 2851 2549 presbyteri
2894 2495 2999 2533 non
3029 2489 3229 2535 temere
3250 2481 3501 2549 conjicias
3522 2521 3538 2547 ,
3571 2482 3741 2536 Deum

2144 2575 2198 2619 et
2219 2566 2358 2619 illius
2386 2567 2742 2621 innocentiam
2765 2569 2965 2639 liquido
2992 2569 3316 2637 declarasse,
3344 2580 3400 2625 et
3427 2571 3575 2625 illum
3598 2582 3745 2642 post,

2145 2676 2301 2728 quam
2344 2662 2468 2717 fidei
2506 2662 2623 2731 ejus
2648 2678 2711 2718 ac
2743 2664 3010 2732 patientiae
3040 2665 3333 2733 periculum
3379 2664 3619 2730 fecisset,
3667 2664 3744 2720 ad

2146 2752 2499 2821 episcopalem
2531 2754 2839 2822 dignitatem
2883 2755 3124 2810 evexisse
3159 2773 3174 2810 :
3206 2764 3437 2810 attamen
3466 2772 3627 2810 unum
3656 2765 3749 2811 at-

2146 2856 2251 2909 que
2276 2842 2523 2897 eumdem
2556 2843 2716 2898 fuisse
2741 2846 2882 2898 nulla
2908 2845 3161 2900 evincunt
3184 2856 3515 2915 argumenta.

2217 2932 2269 2984 5.
2311 2932 2449 2985 Ante
2490 2932 2647 2997 huius
2688 2934 2812 2988 anni
2859 2934 3015 2989 linem
3054 2935 3275 3005 contigit
3297 2934 3577 3005 Augustini
3599 2949 3731 2990 eum

2147 3022 2320 3077 Felice
2339 3023 2644 3091 disputatio.
2674 3027 2801 3080 Erat
2824 3027 2868 3081 is
2889 3043 3022 3081 unus
3044 3042 3076 3081 e
3095 3027 3505 3083 Manichaeorum
3529 3029 3734 3084 Electis

2148 3112 2400 3179 (Possid.,
2426 3116 2478 3167 in
2506 3114 2619 3168 Vita
2636 3116 2868 3185 August,
2891 3134 2939 3170 ε.
2961 3117 3055 3187 16)
3088 3133 3152 3173 ac
3172 3120 3405 3187 ipsorum
3426 3119 3746 3175 doctoribus

2148 3202 2393 3273 (Retract.
2414 3205 2519 3270 ΛΞ,
2539 3223 2652 3276 cap.
2668 3206 2723 3278 8)
2744 3249 2758 3267 ,
2788 3207 3080 3262 liberalium
3099 3209 3311 3277 quidem
3332 3208 3739 3277 disciplinarum

2149 3295 2458 3364 imperitus;
2491 3307 2721 3351 attamen
2749 3298 3067 3364 Fortunato,
3098 3315 3256 3369 quem
3288 3300 3613 3367 Augustinus
3642 3297 3747 3351 ad-

2149 3387 2252 3442 huc
2279 3388 2552 3458 presbyter
2579 3389 2629 3442 in
2659 3389 2864 3457 publica
2893 3389 3282 3459 disceptatione
3305 3406 3446 3444 anno
3471 3399 3744 3445 trecente-

2148 3480 2283 3532 εἰηιο
2314 3479 2658 3547 nonagesimo
2691 3480 2846 3534 tertio
2873 3482 3207 3546 convicerat,
3250 3482 3407 3551 longe
3447 3483 3738 3535 versutior.

2149 3567 2444 3637 Hipponem
2486 3579 2703 3624 venemt
2736 3585 2946 3624 errores
2982 3586 3107 3625 suos
3142 3572 3600 3626 disseminaturus.
3652 3576 3739 3625 An

2147 3670 2323 3711 antem
2356 3659 2400 3712 is
2430 3658 2568 3713 idem
2598 3660 2746 3714 Felix
2775 3660 2951 3725 fuerit,
2984 3661 3047 3715 ad
3074 3678 3231 3731 quem
3258 3670 3428 3716 exstat
3456 3662 3739 3731 Augustini

2148 3751 2367 3817 epistola
2395 3750 2584 3821 (Epist.
2614 3752 2704 3822 79)
2734 3769 2851 3821 qua:
2880 3754 3185 3824 presbytero
3211 3753 3501 3809 Manichaee
3529 3762 3739 3807 tantum

2152 3840 2455 3895 inscribitur
2473 3883 2488 3906 ,
2519 3841 2654 3894 haud
2682 3854 2830 3897 certo
2856 3844 3071 3896 scimus.
3100 3844 3172 3896 Ex
3195 3858 3256 3897 ea
3284 3844 3609 3912 intelligitur,
3637 3844 3743 3896 lto-

2148 3930 2343 3983 minem
2367 3930 2512 3983 illum
2535 3931 2705 3999 qualis
2727 3940 2869 3986 esset
2887 3932 3219 3985 dissimulare
3239 3943 3517 3995 conatum;
3539 3942 3592 3985 at
3608 3947 3737 3987 cum

2147 4020 2465 4089 colloquium
2494 4037 2612 4077 cum
2642 4023 2952 4092 quibusdam
2981 4021 3266 4077 Catholicis
3294 4023 3563 4077 habuisset
3581 4064 3596 4088 ,
3625 4032 3743 4078 sta-

2151 4113 2243 4166 tim
2273 4113 2472 4167 abillis
2499 4113 2887 4183 deprehensum
2929 4113 3126 4181 fuisse,
3170 4130 3233 4168 ac
3273 4126 3457 4169 sancto
3498 4117 3737 4170 Antistiti

2148 4205 2398 4259 delatum.
2427 4206 2648 4260 Mortem
2678 4222 2707 4259 a
2736 4223 2795 4261 se
2823 4207 3022 4276 despici
3054 4207 3373 4276 przedicabat
3391 4248 3406 4271 ,
3434 4206 3743 4261 dictitabat-

2148 4310 2252 4364 qne
2282 4311 2341 4348 se
2370 4296 2506 4366 apud
2541 4297 2892 4365 Augustinum
2937 4312 3129 4366 magno
3170 4298 3220 4349 in
3264 4311 3485 4350 numero
3524 4295 3735 4361 haberi,

2147 4386 2571 4455 quandoquidem
2596 4387 2662 4441 de
2690 4388 2799 4441 suis
2825 4387 3239 4456 comprimendis
3272 4387 3553 4442 conatibus
3582 4386 3738 4439 solli-

2147 4475 2282 4529 citus
2310 4485 2470 4530 esset.
2504 4476 2582 4529 Ad
2612 4493 2731 4531 eum
2759 4492 2885 4547 ergo
2910 4477 3186 4545 epistolam
3214 4477 3359 4532 dedit
3384 4477 3735 4546 Augustinus,

2149 4565 2363 4621 brevem
2404 4568 2544 4620 illam
2579 4567 2824 4637 quidem,
2863 4577 2917 4621 at
2951 4567 3321 4622 vehementem
3356 4583 3368 4620 :
3402 4568 3455 4620 in
3484 4582 3586 4635 qua
3616 4566 3731 4635 ejus

2148 4659 2555 4712 ostentationem
2602 4658 2815 4722 irridet,
2863 4658 3210 4727 eamdemque
3252 4656 3736 4718 ratiocinationem,

2148 4764 2306 4818 quam
2328 4749 2532 4804 diluere
2558 4751 2865 4819 nequiverat
2890 4749 3056 4818 ipsius
3079 4764 3368 4818 pnecessor
3389 4747 3737 4813 Fortunatus,

2149 4839 2220 4893 illi
2250 4842 2531 4911 proponit,
2559 4840 2876 4895 denuntians
2908 4850 2965 4894 ut
3003 4840 3085 4895 vel
3113 4855 3231 4894 eam
3260 4840 3461 4905 solvat,
3494 4838 3579 4893 vel
3611 4838 3739 4893 inde

2148 4932 2416 4986 abscedat.
2450 4934 2505 4987 Si
2543 4934 2755 5001 quidem
2800 4934 3077 5003 presbyter
3119 4933 3207 4987 ille
3238 4932 3559 4986 Manichacus
3590 4932 3740 4987 itlem

2148 5023 2250 5087 sit,
2298 5023 2387 5093 qui
2434 5033 2487 5078 et
2528 5024 2708 5090 Felix;
2760 5025 2872 5080 haec
2909 5026 2986 5079 illi
3023 5026 3307 5094 contigisse
3348 5025 3734 5094 comperimus.

2146 5114 2333 5169 Oblata
2362 5122 2485 5168 sunt
2508 5115 2556 5168 ei
2586 5129 2679 5169 sua
2707 5115 2920 5184 scripta,
2955 5114 3056 5169 hoc
3082 5124 3185 5180 est,
3216 5130 3335 5185 qua:
3359 5130 3542 5170 secum
3572 5114 3742 5168 habe-

2148 5205 2238 5259 bat
2277 5204 2579 5259 Manicbaarc
2619 5205 2877 5260 doctrina:
2923 5206 3190 5260 volumina
3234 5221 3461 5261 numero
3507 5205 3736 5260 forsitan

2146 5299 2412 5368 quinque,
2464 5314 2671 5352 necnon
2717 5297 2815 5352 sub
2856 5297 3067 5369 publico
3110 5298 3282 5368 sigillo
3320 5297 3584 5352 custodita
3629 5295 3740 5368 (De

2147 5392 2283 5452 Actis
2308 5409 2422 5445 cum
2447 5390 2637 5458 Felice,
2659 5391 2747 5444 lib.
2770 5393 2820 5457 l,
2843 5407 2957 5460 cap.
2980 5392 3056 5461 l).
3079 5390 3277 5445 Octavo
3294 5390 3412 5445 idus
3433 5388 3738 5445 decembris

2145 5486 2274 5542 adiit
2298 5486 2607 5542 Curatorem
2637 5500 2733 5540 seu
2757 5485 3007 5554 Majorem
3037 5484 3184 5539 urbis
3204 5526 3219 5551 ,
3250 5484 3408 5553 eique
3437 5482 3737 5554 supplicem

2148 5576 2381 5631 libellum
2403 5575 2612 5641 obtulit,
2635 5575 2840 5645 publice
2859 5574 3159 5639 clamitans,
3184 5588 3305 5628 cum
3326 5573 3601 5629 codicibus
3619 5571 3738 5626 suis

2147 5683 2203 5723 se
2229 5677 2468 5740 parat-am
2495 5682 2625 5731 eSse,
2650 5667 2893 5735 incendi,
2925 5669 2969 5722 si
2997 5667 3193 5737 aliquid
3223 5666 3346 5723 mali
3376 5674 3644 5732 repertum
3675 5662 3737 5721 in
