3990 6360
228 420 359 492 ipsis
374 418 560 476 fuisset
589 417 774 493 (Ibid.,
799 432 914 487 cap.
942 416 1051 487 i2).
1075 414 1206 472 Cum
1228 430 1295 471 eo
1315 414 1551 469 fortassis
1572 413 1673 469 hoc
1693 415 1809 483 ipso

227 513 312 568 die
328 512 656 580 aliquantum
676 509 967 564 collocutus
986 515 1069 563 est
1086 506 1437 576 Augustinus;
1459 504 1669 575 quando
1688 506 1813 559 Pos-

226 603 391 658 sidius
418 602 504 656 bis
531 608 624 654 aut
662 610 743 656 ter
767 614 863 654 eos
887 598 1186 667 disputasse
1212 597 1440 651 aflirmat
1469 595 1695 667 (Possid.
1713 636 1728 658 .
1756 596 1810 649 in

236 693 349 748 Vita
368 695 613 765 August,
638 710 685 747 c.
710 692 799 763 16)
816 734 832 757 ,
858 690 1065 745 tametsi
1091 690 1143 744 in
1166 690 1311 745 Actis
1336 704 1397 744 ea
1417 688 1485 743 de
1506 704 1563 742 re
1582 688 1811 757 perscri-

125 766 129 770 b
225 788 325 856 ptis
348 786 547 856 duplex
580 794 781 839 tantum
810 784 1116 839 dissertatio
1145 782 1417 837 habeatur.
1446 781 1644 835 Harum
1666 780 1812 849 prior

229 877 453 944 septimo
482 875 603 929 idus
632 874 963 940 decembres,
993 888 1111 943 qua:
1136 881 1319 942 quarta
1344 881 1457 927 erat
1479 870 1604 925 feria
1626 911 1641 936 ,
1669 885 1811 924 anno

240 964 749 1035 tuadringentesimo
777 973 964 1034 quarto
993 970 1108 1017 acta
1138 970 1221 1017 est
1255 963 1306 1016 in
1345 963 1567 1017 ecclesia
1608 962 1810 1030 Hippo-

233 1056 373 1109 aensi
400 1055 509 1124 (De
521 1056 633 1109 Act.
651 1071 765 1108 cum
782 1053 923 1119 PaL,
951 1055 1037 1108 lib.
1064 1055 1115 1117 1,
1140 1070 1254 1125 cap.
1280 1054 1357 1124 l),
1385 1053 1580 1123 populo
1601 1052 1664 1105 ad
1685 1066 1812 1107 can-

229 1146 409 1200 cellum
430 1147 679 1201 adstante
706 1144 890 1217 (lbid.,
913 1162 1026 1216 cap.
1041 1143 1132 1215 20)
1156 1156 1346 1199 etcum
1366 1158 1577 1198 summo
1598 1143 1810 1197 silentio

227 1249 277 1293 et
295 1238 558 1292 modestia
587 1237 856 1303 audiente,
879 1252 943 1291 ac
968 1237 1206 1300 notariis,
1234 1236 1322 1306 qui
1348 1235 1505 1288 verba
1536 1235 1809 1303 utriusque

227 1328 559 1396 exciperent,
577 1328 925 1397 pmsentibus
942 1325 993 1394 (1
1002 1327 1126 1388 bid.,
1146 1342 1260 1395 cap.
1280 1326 1392 1394 l2).
1421 1324 1469 1379 Is
1481 1324 1575 1379 fuit
1593 1340 1809 1379 concer-

228 1421 435 1475 talionis
455 1421 651 1483 exitus,
679 1429 756 1483 ut,
784 1433 905 1473 cum
927 1414 1009 1471 illi
1025 1418 1345 1487 Augustinus
1370 1415 1508 1469 idem
1530 1430 1810 1486 argumen-

226 1523 350 1573 tum,
377 1510 528 1580 quod
555 1520 712 1565 antea
737 1510 1050 1574 Fortunato,
1079 1508 1362 1578 objecisset
1381 1549 1395 1572 ,
1427 1508 1674 1561 nimirum
1705 1523 1807 1577 qua

221 1602 427 1656 ratione
456 1600 601 1665 Deo,
646 1600 691 1655 si
725 1599 936 1669 quidem
972 1607 1115 1653 esset
1148 1607 1333 1653 natura
1372 1597 1805 1667 incorruptibilis,

220 1706 415 1746 nocere
448 1706 586 1761 gens
623 1691 959 1746 tenebrarum
986 1689 1221 1753 valeret;
1251 1690 1330 1742 sin
1370 1699 1544 1743 autem
1584 1689 1634 1742 ei
1675 1687 1807 1741 nihil

218 1784 526 1838 detrimenti
572 1782 764 1838 atTerre
806 1790 1019 1852 posset,
1066 1782 1192 1852 quid
1232 1789 1348 1836 erat
1384 1780 1522 1849 quod
1552 1780 1808 1834 adversus

218 1875 367 1929 istam
396 1876 473 1927 ita
499 1874 824 1938 dimicasset,
857 1882 916 1928 ut
941 1883 1141 1928 natura:
1167 1888 1278 1927 sua:
1306 1882 1508 1941 partem
1545 1872 1647 1925 huc
1674 1871 1809 1924 mis-

214 1980 325 2017 sam
354 1964 445 2018 isti
481 1964 821 2018 tenebrarum
847 1965 990 2034 genti
1018 1964 1248 2023 misceri.
1280 1978 1477 2032 perque
1502 1977 1619 2016 eam
1647 1961 1807 2031 pollui

214 2064 491 2125 pateretur
516 2056 702 2128 (Ibid.,
721 2075 835 2127 cap.
854 2057 940 2126 19)
958 2074 971 2121 ;
1000 2064 1205 2127 peteret
1222 2055 1371 2111 Felix
1391 2056 1488 2110 sibi
1510 2064 1717 2125 tempus
1738 2056 1804 2109 ad

213 2147 673 2216 respondendum,
698 2163 866 2218 usque
885 2148 950 2202 ad
972 2146 1257 2203 secundam
1282 2148 1463 2201 feriam
1481 2148 1802 2217 proximam,

212 2239 383 2306 pridie
402 2239 525 2294 idus
545 2239 786 2307 ejusdem
805 2240 1024 2306 mensis,
1044 2239 1283 2308 quintum
1306 2239 1508 2294 scilicet
1530 2246 1649 2307 post
1664 2238 1805 2292 diem

213 2328 492 2397 prorogari
514 2327 699 2401 (Ibid.,
719 2329 805 2383 lib.
824 2329 879 2390 2,
898 2346 1011 2398 cap.
1034 2327 1108 2399 1).
1133 2329 1279 2382 Notze
1301 2328 1403 2382 illze
1423 2335 1529 2381 tam
1548 2336 1805 2381 accuratze

212 2421 410 2475 erroris
462 2423 606 2476 circa
658 2423 908 2492 colloquii
948 2432 1155 2492 tempus
1193 2423 1548 2492 suspicionem
1590 2436 1804 2476 omnem

213 2521 511 2566 removent.
553 2512 808 2568 Promisit
840 2513 986 2568 Felix
1023 2529 1081 2569 se
1118 2530 1213 2584 per
1240 2514 1369 2568 illud
1396 2513 1653 2583 spatium,
1682 2528 1804 2567 cum

213 2599 509 2655 christiano
538 2603 791 2672 quodam,
820 2620 977 2673 quem
1002 2619 1069 2658 ex
1093 2604 1424 2658 adstantibus
1444 2604 1620 2673 elegit,
1650 2619 1805 2657 man-

213 2708 391 2746 surum
436 2711 452 2747 :
495 2694 579 2749 sin
619 2710 749 2749 vero
792 2695 1030 2765 fugeret,
1075 2711 1248 2765 neque
1287 2697 1427 2750 enim
1456 2696 1801 2763 retinebatur,

213 2788 517 2853 consensit,
548 2804 656 2842 non
695 2787 908 2858 quidem
937 2798 996 2843 ut
1020 2788 1367 2843 Manichmum
1406 2788 1799 2854 anathemasse,

214 2892 392 2931 verum
420 2890 485 2932 ut
503 2878 707 2947 judicio
733 2880 947 2949 proprio
972 2880 1159 2945 victus,
1193 2881 1323 2949 legis
1349 2895 1457 2934 sua:
1484 2881 1802 2949 praevarica-

215 2979 315 3032 tor,
342 2970 581 3037 atquein
603 2970 993 3039 Ilipponensem
1023 2971 1290 3024 civitatein
1316 2987 1438 3025 reus
1468 2971 1803 3026 existimare-

215 3068 301 3114 tur
319 3060 502 3129 (Ibit,
525 3061 612 3114 lib.
636 3063 687 3128 1,
709 3078 823 3129 cap.
841 3060 956 3130 20).
982 3061 1171 3130 Reipsa
1193 3062 1257 3114 ad
1274 3061 1572 3116 condictum
1590 3061 1729 3115 diem
1750 3062 1800 3114 in

213 3154 492 3208 ecclesiam
513 3155 669 3208 Pacis
689 3155 851 3219 venit,
875 3155 961 3208 ubi
983 3155 1177 3224 populo
1199 3163 1461 3224 pncsente
1484 3155 1671 3208 iterum
1694 3169 1804 3208 ca:-

216 3252 299 3312 pta
320 3252 403 3297 est
426 3244 719 3313 diSputatio
747 3243 928 3314 (Ibid,
968 3244 1053 3297 lib.
1083 3244 1138 3309 2,
1167 3261 1280 3315 cap.
1310 3246 1381 3316 1).
1416 3246 1797 3314 Argumentum

215 3348 360 3386 suum
395 3335 692 3402 resumpsit
717 3335 1040 3403 Augustinus
1070 3352 1082 3387 :
1110 3349 1230 3388 cum
1262 3350 1388 3389 vero
1410 3333 1557 3389 Felix
1584 3334 1802 3390 eludere

212 3424 367 3478 vellet
391 3426 772 3479 necessitatem
798 3424 1188 3494 respondendi,
1222 3435 1468 3479 causatus
1503 3441 1627 3480 suos
1650 3426 1800 3479 codi-

214 3529 299 3568 ces
323 3515 565 3569 redditos
605 3531 711 3569 non
750 3515 950 3581 fuisse,
990 3516 1111 3570 illus
1151 3530 1209 3571 se
1248 3524 1520 3585 repetere,
1551 3532 1614 3571 ac
1642 3517 1801 3571 biduo

215 3615 328 3674 post
364 3606 435 3659 ad
475 3606 797 3675 colloquium
837 3607 1161 3672 rediturum;
1204 3616 1425 3662 testatus
1466 3619 1549 3663 est
1588 3620 1800 3665 sanctus

216 3699 405 3754 Doctor
431 3701 581 3754 illum
612 3701 824 3756 codices
850 3702 1000 3766 istos,
1035 3703 1081 3755 si
1111 3704 1440 3767 necessarios
1465 3703 1563 3757 sibi
1595 3703 1800 3759 futuros

214 3804 469 3860 putasset,
494 3802 682 3863 petere
701 3795 947 3849 debuisse
974 3805 1106 3860 tum,
1137 3812 1259 3850 cum
1285 3797 1588 3851 dilationem
1616 3808 1799 3866 pOSltl-

216 3883 358 3937 laret.
388 3884 577 3955 Itaque
596 3886 884 3955 diSputatio
914 3886 1268 3955 redintegrata
1290 3897 1371 3943 est
1392 3930 1406 3953 ,
1444 3904 1506 3941 ac
1537 3890 1800 3958 przccipue

215 3976 344 4030 circa
376 3977 612 4031 liberum
638 3978 936 4045 arbitrium,
964 3995 1069 4049 quo
1093 3979 1287 4034 bonum
1317 3981 1581 4036 malumve
1605 3984 1796 4051 agitur,

213 4078 411 4123 versata
443 4087 458 4123 :
490 4069 558 4124 de
596 4072 758 4137 gratia
802 4080 1005 4136 tamen,
1040 4088 1141 4141 qua
1181 4075 1231 4127 in
1271 4072 1563 4128 libertatem
1602 4077 1798 4130 asseri-

215 4175 343 4223 mur,
367 4162 678 4229 neutiquam
699 4171 973 4215 tractatum
993 4162 1108 4226 fuit;
1123 4164 1317 4233 quippe
1332 4165 1481 4235 cujus
1496 4166 1717 4234 quaestio
1733 4167 1800 4221 ad

215 4247 621 4303 Manichaeorum
646 4250 890 4305 haeresim
918 4252 1047 4306 nihil
1069 4263 1333 4322 spectaret
1359 4254 1607 4324 (Retract.
1634 4256 1719 4309 lib.
1740 4256 1796 4320 2,

214 4356 318 4407 cap.
336 4342 405 4405 8;
432 4340 642 4395 DeAct.
665 4358 777 4395 cum
791 4340 932 4410 Fel.,
952 4344 1037 4398 lib.
1068 4343 1121 4408 2,
1139 4362 1287 4415 capp.
1312 4346 1365 4409 2,
1390 4348 1442 4411 '5,
1462 4345 1535 4415 4).
1562 4347 1623 4400 Et
1648 4348 1798 4402 Felix

213 4430 418 4498 quidem
454 4433 627 4500 primo
657 4434 956 4500 concessit,
988 4435 1226 4504 quisquis
1265 4435 1431 4489 Deum
1473 4439 1797 4507 corruptioui

212 4521 498 4577 obnoxium
542 4523 771 4587 diceret,
804 4540 925 4577 eum
973 4524 1311 4580 anathemate
1352 4526 1646 4580 feriendum
1678 4542 1798 4582 eSse

212 4612 309 4679 (De
329 4614 444 4666 Act.
474 4630 593 4667 cum
612 4614 751 4681 FcL,
777 4616 863 4669 lib.
882 4616 937 4683 2,
960 4633 1073 4686 cap.
1097 4617 1207 4686 11).
1233 4618 1299 4670 At
1323 4633 1450 4671 vero
1472 4634 1591 4672 cum
1614 4621 1797 4689 Augu-

210 4706 375 4758 stinus
410 4705 794 4774 blasphemiam
838 4706 971 4762 hanc
997 4723 1027 4761 a
1052 4707 1342 4762 Manichzeo
1376 4709 1552 4764 doceri
1587 4711 1797 4779 planum

208 4793 439 4857 fecisset,
463 4796 612 4850 illum
631 4812 734 4851 non
753 4799 867 4853 sine
886 4797 1193 4854 difcultate
1209 4815 1275 4855 eo
1291 4802 1565 4869 compulit,
1587 4809 1642 4855 ut
1656 4801 1798 4871 quid-

206 4886 330 4954 quid
374 4886 477 4941 sibi
514 4887 828 4954 imperatum
856 4898 1032 4957 esset,
1071 4889 1331 4945 facturum
1367 4908 1424 4946 se
1462 4894 1799 4961 proteretur

207 4978 390 5047 (Ibid,
418 4995 536 5048 cap.
561 4978 676 5051 22).
710 4980 915 5050 Adjecit
935 4990 1149 5036 sanctus
1172 4983 1486 5053 Episcopus,
1514 4986 1610 5054 ipsi
1629 4986 1794 5040 Mani-

205 5069 413 5125 rbatutu
434 5070 919 5137 anathemandum;
945 5082 999 5128 et
1021 5089 1088 5129 ex
1106 5074 1285 5128 animo
1309 5075 1357 5129 id
1380 5076 1614 5146 quidem,
1637 5094 1798 5147 quan-

210 5159 273 5213 do
298 5160 366 5213 ad
391 5160 494 5215 hoc
518 5176 549 5215 a
570 5162 784 5218 nemine
804 5173 1102 5233 cogeretur.
1139 5165 1301 5219 Deum
1324 5176 1511 5221 testem
1536 5168 1796 5225 invocavit

205 5247 390 5318 Felix,
442 5266 502 5305 se
538 5252 718 5305 animo
758 5252 823 5307 ad
864 5253 966 5308 hoc
1006 5257 1359 5323 praestandum
1402 5259 1791 5326 paratissimum

206 5354 363 5403 esse;
394 5340 490 5395 sed
519 5340 624 5396 hoc
650 5357 840 5411 rogare
859 5384 873 5407 ,
904 5352 958 5397 ut
987 5342 1087 5397 sibi
1114 5344 1310 5409 Felici,
1336 5362 1441 5415 quo
1470 5349 1633 5417 magis
1661 5365 1793 5404 con-

206 5428 541 5495 rmaretur,
576 5432 788 5501 przeiret
809 5435 1156 5503 Augustinus,
1186 5452 1248 5491 ac
1267 5436 1634 5504 Maniclnuum,
1662 5457 1792 5496 ncc-

206 5535 314 5575 non
345 5531 399 5578 et
425 5523 704 5592 spiritum,
733 5525 824 5595 qui
853 5526 903 5580 in
929 5541 994 5581 eo
1023 5527 1230 5583 locutus
1255 5529 1458 5598 fuerat,
1491 5531 1636 5601 prior
1660 5548 1791 5588 ana-

208 5612 491 5670 themaret.
538 5614 791 5672 Chartam
830 5625 1046 5674 sanctus
1079 5619 1281 5677 Prtesul
1326 5622 1503 5677 statim
1551 5624 1787 5695 accepit,

206 5712 369 5775 atque
411 5705 913 5765 anathematismum
951 5712 1188 5769 exaravit
1218 5729 1231 5767 :
1268 5710 1411 5770 idem
1452 5713 1697 5785 praestitit
1736 5722 1791 5775 et

1568 297 1771 355 LIBER
1807 297 2122 366 QUINTUS.

3392 326 3500 386 316

1919 413 2088 483 Felix,
2121 419 2214 475 sed
2238 417 2303 477 iis
2330 422 2506 480 verbis
2530 440 2676 495 usus,
2709 444 2826 501 quae
2861 439 2916 489 et
2945 446 3270 506 perspectam
3298 442 3348 497 ei
3376 443 3495 500 bla-

1917 507 2275 575 sphemiarum
2297 512 2591 572 istiusmodi
2613 519 3078 592 abominationem,
3096 536 3149 583 et
3165 545 3347 586 revera
3368 532 3494 590 bor-

1918 599 2023 652 rori
2064 616 2185 656 esse
2221 603 2512 662 declarent.
2553 610 2787 683 Uterque
2826 627 3007 686 postea
3043 622 3339 679 collationis
3376 637 3495 683 acta
3526 597 3537 615 l

1916 687 2231 761 obsignavit,
2265 710 2381 764 quae
2409 698 2532 767 jure
2569 703 2759 758 merito
2788 706 3065 777 Augustini
3104 714 3373 781 opusculis
3409 716 3495 771 in-

1916 790 2058 835 serta
2105 794 2228 839 sunt
2267 804 2280 840 :
2324 790 2749 862 quandoquidem
2795 798 3071 856 victoriam
3112 805 3495 876 testicantur,

1917 888 2076 941 quam
2105 876 2171 931 de
2197 878 2409 948 bteresi,
2442 897 2547 937 non
2574 893 2776 941 tantum
2797 904 2979 946 errore
3001 892 3165 962 ipsius
3184 898 3346 952 armis
3365 914 3496 954 con-

1916 964 2059 1060 fosso
2080 969 2418 1041 confusoque,
2455 975 2547 1029 sed
2574 978 2731 1032 etiam
2759 980 2890 1045 illis,
2921 998 2949 1036 a
2978 984 3167 1054 quibus
3191 1003 3495 1060 propugna-

1917 1055 2089 1122 batur,
2119 1060 2184 1113 ad
2211 1077 2388 1117 veram
2425 1064 2583 1121 dem
2610 1068 2892 1140 traductis,
2924 1055 3211 1144 reportavit
3240 1055 3492 1149 (Possim,

1917 1152 1969 1206 in
2006 1153 2116 1207 Vita
2142 1154 2377 1225 August.,
2405 1174 2451 1212 c.
2478 1160 2588 1222 I6).

1984 1245 2038 1299 4.
2079 1245 2205 1301 Post
2229 1248 2356 1303 illud
2385 1265 2504 1305 cum
2534 1251 2708 1309 Felice
2732 1256 3084 1327 colloquium,
3116 1260 3306 1315 librum
3338 1278 3491 1320 suum

1915 1334 1984 1389 de
2008 1334 2202 1391 Natura
2228 1338 2352 1393 boni
2379 1341 2604 1398 collocat
2642 1345 2891 1414 (Retract.
2920 1349 3008 1402 lib.
3032 1349 3067 1403 2
3086 1391 3101 1417 ,
3128 1368 3242 1422 cap.
3270 1353 3346 1422 9).
3379 1355 3492 1410 Hoc

1915 1427 2170 1483 adversus
2186 1429 2505 1487 Manichazos
2525 1436 2773 1503 ostendit,
2802 1438 2964 1493 Deum
2988 1450 3227 1496 naturam
3250 1458 3368 1498 esse
3390 1446 3493 1499 im-

1916 1521 2250 1586 mutabilem,
2279 1538 2341 1576 ae
2364 1539 2628 1579 summum
2655 1528 2879 1595 bonum,
2912 1538 2964 1585 et
2992 1545 3300 1588 cazterarum
3336 1544 3494 1591 natu-

1915 1625 2091 1665 rarum
2114 1620 2225 1666 tum
2247 1628 2619 1684 corporearum
2643 1626 2752 1671 tum
2773 1620 3142 1688 spiritualium,
3169 1640 3286 1693 qua:
3306 1640 3493 1681 omnes

1916 1704 1965 1758 in
1990 1719 2047 1759 se
2068 1706 2194 1775 ipsis
2215 1706 2367 1761 bonae
2388 1716 2529 1773 sunt,
2553 1720 2844 1765 auctorem.
2867 1711 2940 1766 Ibi
2963 1715 3119 1769 simul
3140 1716 3490 1787 demonstrat,

1915 1795 2039 1865 quid
2065 1796 2132 1850 sit
2164 1796 2395 1864 malum,
2426 1798 2567 1853 unde
2595 1812 2862 1867 nascatur,
2904 1812 3029 1872 quot
3057 1804 3191 1859 bona
3224 1805 3273 1859 in
3306 1815 3492 1863 natura

1914 1887 2065 1949 mali,
2094 1904 2253 1957 quam
2282 1898 2502 1956 vocant,
2535 1900 2663 1961 quot
2692 1907 2721 1946 e
2759 1895 3025 1947 contrario
3062 1896 3199 1949 mala
3226 1897 3275 1950 in
3305 1909 3493 1954 natura

1916 1978 2059 2043 boni,
2090 1980 2294 2048 qualem
2323 1996 2438 2034 eam
2466 1982 2566 2035 sibi
2595 1981 2827 2052 tingunt,
2870 1984 3155 2039 involvant.
3190 1987 3493 2043 Horrendas

1912 2085 2122 2139 quoque
2151 2072 2500 2141 turpitudines
2530 2085 2789 2129 memorat
2808 2117 2823 2140 ,
2862 2092 2982 2145 quze
3019 2077 3225 2132 fuerant
3254 2078 3303 2132 in
3336 2079 3494 2148 hujus

1911 2172 2070 2218 secta:
2099 2166 2395 2230 nonnullis,
2429 2177 2537 2219 tum
2570 2167 2623 2220 in
2650 2167 3040 2237 Paphlagonia,
3072 2179 3180 2223 tum
3221 2171 3271 2224 in
3309 2172 3492 2227 Galliis

1911 2255 2256 2324 deprehenszc
2268 2254 2369 2327 (De
2383 2255 2648 2324 Nat.boni,
2662 2258 2895 2330 cap.47).
2914 2261 3041 2325 Qum
3055 2271 3229 2315 autem
3249 2264 3300 2316 in
3317 2262 3493 2319 Africa

1911 2346 2155 2400 similiter
2181 2347 2501 2401 exsecranda
2532 2356 2733 2417 patrata
2762 2356 2905 2415 sunt,
2932 2349 3051 2404 silet
3078 2368 3091 2403 :
3124 2352 3242 2423 quia
3281 2352 3350 2406 ibi
3383 2368 3489 2408 non

1910 2443 2035 2489 ante
2072 2452 2267 2490 annum
2307 2438 2519 2492 circiter
2556 2440 3132 2512 quadringentesimum
3176 2442 3488 2512 vigesimum

1911 2527 2135 2596 primum
2164 2531 2516 2599 contigerunt.
2547 2531 2615 2584 At
2640 2531 3063 2587 abominationes
3089 2534 3204 2589 illas
3231 2534 3357 2603 ipsis
3381 2536 3492 2589 Ma-

1912 2618 2097 2672 nichzei
2121 2620 2327 2688 placitis
2350 2621 2442 2673 niti
2457 2630 2838 2676 commonstrat
2858 2622 3039 2693 (Ibid,
3058 2641 3171 2693 cap.
3190 2625 3301 2695 16).
3327 2625 3486 2695 Operi

1911 2707 2069 2763 nem
2101 2709 2323 2778 imponit
2350 2712 2673 2780 precatione,
2702 2729 2804 2783 qua
2843 2714 3073 2769 divinam
3111 2715 3488 2785 benignitatem

1909 2800 2221 2866 obtestatur,
2250 2811 2305 2855 ut
2335 2818 2429 2870 per
2455 2818 2609 2856 suum
2641 2804 3015 2873 ministerium,
3045 2806 3182 2860 sicut
3199 2808 3358 2875 coepit
3377 2806 3489 2876 jam

1910 2904 2013 2942 non
2045 2905 2268 2958 paucos,
2305 2891 2374 2943 ita
2416 2900 2596 2961 pergat
2636 2893 2770 2946 alios
2794 2892 3015 2962 hujusce
3039 2895 3236 2949 erroris
3260 2895 3490 2951 irretitos

1908 2980 2108 3050 laqueis
2132 2966 2405 3037 exsolvere
2436 2983 2594 3053 (Ibid.
2615 3026 2630 3049 ,
2664 3001 2777 3053 cap.
2801 2984 2914 3056 48).

1978 3073 2030 3127 5.
2073 3073 2201 3127 Erat
2232 3074 2369 3128 inter
2398 3073 2814 3128 Maniehmorum
2846 3075 3129 3130 Auditores
3156 3075 3489 3133 Secundinus

1909 3161 1927 3231 (
1951 3163 2376 3217 Relractatiouum
2394 3164 2481 3216 lib.
2508 3165 2563 3230 2,
2586 3181 2700 3234 cap.
2732 3165 2841 3235 I0),
2867 3166 3025 3219 homo
3040 3166 3328 3232 Romanus,
3347 3167 3489 3222 unde

1908 3266 2229 3306 marmorum
2256 3253 2525 3307 Aniciana:
2547 3253 2735 3307 domus
2766 3256 3087 3309 mentionem
3108 3255 3232 3309 facit
3260 3255 3489 3325 (Secun-

1906 3344 2014 3397 dini
2040 3343 2228 3414 Epist.,
2262 3362 2315 3397 n.
2360 3343 2435 3417 ),
2475 3356 2634 3415 atque
2663 3347 2725 3399 ad
2764 3346 3038 3400 Paulinum
3080 3348 3146 3400 ab
3195 3348 3487 3416 Augustino

1906 3435 2188 3489 remittitur
2232 3433 2448 3507 (Contra
2488 3434 2735 3498 Secund.,
2783 3453 2899 3505 cap.
2933 3435 3047 3506 ll).
3091 3434 3139 3488 Is
3167 3450 3286 3488 cum
3316 3435 3485 3490 sancti

1907 3524 2147 3578 Doctoris
2172 3524 2334 3577 libros
2353 3523 2607 3594 quosdam
2629 3524 2884 3578 adversus
2906 3524 3221 3579 Manicbzeos
3247 3525 3485 3579 evolvis-

1905 3624 2004 3679 set,
2040 3616 2089 3669 in
2120 3615 2259 3682 illis,
2295 3624 2349 3670 ut
2395 3616 2605 3681 fatetur,
2642 3626 2905 3669 oratorem
2954 3616 3192 3670 numeris
3237 3615 3484 3669 omnibus

1903 3707 2221 3769 absolutum,
2254 3722 2316 3760 ac
2343 3722 2478 3775 pene
2507 3707 2670 3762 totius
2701 3708 3016 3776 eloqttentitn'
3055 3707 3211 3761 deum
3245 3706 3485 3761 animad-

1905 3799 2059 3852 vertit
2132 3806 2186 3850 at
2206 3813 2333 3851 VCI'O
2358 3814 2480 3852 cum
2510 3809 2668 3853 SCCRC
2693 3814 2801 3852 sua:
2825 3814 3035 3853 errores
3064 3814 3221 3868 quam
3257 3812 3480 3868 persua-

1903 3888 2142 3941 sissimos
2184 3887 2422 3953 haberet,
2471 3891 2745 3943 veritatem
2794 3888 2862 3942 ibi
2906 3882 3481 3958 deprehenderenun-

1902 3994 2059 4047 quam
2092 3982 2260 4047 potuit
2287 3978 2602 4049 (Secundini
2628 3978 2819 4048 Epist.,
2840 3997 2891 4034 .
2921 3979 2996 4051 5).
3026 3981 3357 4050 Quapropter
3378 3979 3483 4034 sibi

1906 4070 2179 4138 proposuit
2207 4070 2260 4124 in
2291 4086 2406 4125 eam
2441 4086 2553 4123 rem
2582 4071 2894 4139 Augustino,
2920 4072 3004 4125 cui
3035 4088 3101 4126 ne
3128 4072 3194 4126 de
3219 4071 3353 4128 facie
3366 4075 3485 4144 qui-

1901 4160 2022 4215 dem
2072 4170 2226 4215 notus
2258 4170 2391 4228 erat,
2421 4169 2666 4230 tanquam
2695 4161 2866 4216 amico
2894 4162 3125 4217 scribere
3155 4181 3169 4218 :
3200 4164 3270 4217 ita
3301 4172 3477 4220 tamen

1905 4260 1961 4303 ut
1994 4250 2275 4305 urbanitati
2320 4265 2428 4304 sum
2459 4266 2522 4304 ac
2561 4252 2735 4306 verbis
2765 4252 3015 4306 officiosis
3048 4253 3267 4309 subinde
3295 4270 3479 4328 repre~

1906 4341 2191 4396 hensiones
2220 4342 2356 4396 haud
2400 4358 2582 4410 parum
2624 4343 2843 4397 acerbas
2884 4343 3161 4409 insereret,
3197 4346 3481 4416 obiurgans

1903 4435 2040 4504 quod
2067 4434 2471 4489 Manichaeorum
2498 4436 2685 4505 placita
2713 4436 2924 4505 scriptis
2958 4437 3066 4490 suis
3105 4438 3473 4494 insectaretur.

1903 4526 1985 4579 Ab
2013 4542 2073 4579 ea
2102 4542 2160 4579 re
2200 4535 2255 4580 ut
2298 4526 2598 4589 desisteret,
2627 4535 2785 4595 atque
2815 4528 2973 4581 etiam
3008 4528 3073 4581 ad
3102 4529 3342 4584 eamdem
3391 4546 3480 4585 se-

1903 4623 2040 4669 ctam
2079 4615 2296 4680 rediret,
2332 4616 2651 4670 admoncbat
2682 4617 2945 4686 (Retract.
2996 4617 3083 4672 lib.
3128 4618 3182 4683 2,
3219 4636 3333 4691 cap.
3364 4620 3476 4691 10).

1903 4708 2073 4777 Quam
2098 4706 2167 4761 ob
2192 4722 2405 4761 causam
2447 4717 2499 4762 et
2537 4708 2721 4762 iisdem
2756 4709 2845 4763 ille
2873 4708 3081 4778 placitis
3110 4709 3267 4765 dem
3302 4712 3482 4766 conci-

1904 4801 2054 4869 liare,
2082 4808 2139 4858 et
2166 4799 2436 4855 catholica:
2460 4800 2715 4855 doctrinae
2735 4803 3124 4867 auctoritatem,
3151 4811 3400 4871 quantum
3426 4803 3478 4856 in

1902 4908 1960 4947 se
2006 4902 2138 4958 erat,
2185 4893 2463 4948 detrahere
2513 4892 2848 4946 moliebatur.
2901 4893 3149 4962 Epistola:
3190 4891 3478 4946 Secundini

1902 4984 2056 5037 aliam
2096 4983 2263 5057 multo
2303 4984 2641 5053 prolixiorem
2681 4982 2909 5037 reddidit
2953 4982 3319 5052 Augustinus:
3358 4995 3480 5051 qum

1902 5074 1954 5129 in
1993 5075 2108 5143 ejus
2146 5075 2293 5128 libris
2335 5074 2533 5129 idcirco
2563 5078 2838 5128 numerata
2865 5082 2966 5137 est,
2996 5072 3116 5139 quia
3143 5072 3330 5125 usitata
3360 5071 3478 5141 epi-

1899 5167 2153 5221 stolarum
2192 5166 2535 5234 inscriptione
2566 5180 2684 5219 eam
2721 5179 2828 5218 non
2858 5170 3265 5233 prtenotaverat,
3293 5161 3477 5218 sedei

1900 5266 2103 5314 tantum
2131 5258 2414 5314 Secundini
2455 5257 2675 5321 litteras,
2708 5270 2840 5324 quas
2862 5252 3054 5307 ibidem
3080 5252 3369 5317 etiamnum
3392 5266 3474 5307 re.

1902 5350 2075 5420 perire
2099 5359 2201 5414 est,
2243 5349 2591 5418 praemiserat.
2634 5346 2688 5399 In
2723 5346 2821 5400 hac
2849 5343 3195 5413 responsione
3230 5342 3473 5398 crimina-

1902 5444 2072 5498 tiones
2097 5442 2337 5510 privatim
2360 5441 2461 5497 sibi
2484 5456 2514 5493 a
2540 5438 2844 5494 Secundino
2870 5436 3042 5491 illatas
3063 5435 3245 5505 paucis
3262 5435 3468 5505 quidem
3500 5496 3503 5501 ,

1898 5534 2013 5604 ipse
2035 5533 2211 5588 verbis
2254 5542 2311 5588 et
2347 5546 2466 5585 cum
2515 5545 2720 5585 summa
2767 5527 3041 5584 modestiae
3090 5525 3507 5597 signicationc

1897 5624 2100 5696 depulit
2121 5621 2341 5695 (Contra
2360 5621 2608 5689 Secund.,
2631 5637 2782 5691 capp.
2812 5621 2861 5687 1,
2885 5619 2977 5691 2):
3006 5618 3063 5673 in
3086 5615 3326 5678 Ecclesia
3346 5628 3475 5671 vero

1898 5714 2231 5776 defendenda
2251 5713 2457 5787 longior
2482 5721 2540 5773 et
2564 5700 2930 5772 vehementior
2948 5711 3064 5781 luit,
3077 5725 3140 5769 ac
3154 5704 3477 5773 Manicha-
