3990 6360
423 289 528 362 SIJ
1118 277 1168 298 ”

429 432 547 474 rum
576 413 794 472 haeresis
819 411 1074 485 principia
1102 410 1237 467 adeo
1253 410 1449 467 evertit
1469 410 1849 478 confregilque,
1869 416 2001 461 utse

437 512 604 583 pluris
634 510 807 567 facere
832 509 1142 581 opusculum
1174 505 1334 573 istud,
1359 520 1516 575 quam
1541 502 1680 557 aliud
1705 499 1999 571 quodcum-

429 618 528 675 que
562 601 815 657 adversus
859 601 1000 655 illam
1032 609 1236 669 pestem
1278 612 1310 651 a
1356 612 1415 651 se
1454 595 1652 651 editum
1691 592 2003 664 proﬁteatur

429 693 889 763 (Retractationum
919 689 1007 744 lib.
1038 690 1096 753 2,
1121 705 1237 756 cap.
1262 686 1373 760 10).

499 784 552 838 6.
576 784 815 843 Asterius
838 781 1208 845 subdiaconus,
1228 778 1311 833 cui
1339 777 1541 832 litteras
1558 774 1625 829 ad
1650 774 2004 843 Augustinum

428 872 631 945 (Epist.
662 872 755 941 68)
785 886 887 925 una
925 885 1047 924 cum
1076 866 1307 922 secunda
1351 881 1444 921 sua
1470 864 1726 919 adversus
1755 861 2003 917 Ruﬁnum

426 960 682 1031 Apologia
711 958 1049 1030 perferendas
1079 958 1430 1027 Hieronymus
1466 954 1715 1020 dederat,
1740 962 2000 1017 extremo,

428 1061 485 1106 ut
511 1052 723 1122 quidem
759 1051 987 1117 videtur,
1018 1064 1157 1103 anno
1197 1046 1723 1118 quadringentesimo
1751 1044 1921 1109 tertio
1950 1045 2003 1097 in

428 1144 655 1197 Africam
686 1141 924 1211 pervenit
954 1157 968 1193 :
1001 1155 1063 1193 ac
1098 1154 1203 1192 non
1235 1138 1402 1191 multo
1444 1144 1562 1206 post
1589 1135 1786 1189 ascitus
1828 1144 1910 1189 est
1937 1133 2006 1187 ad

427 1237 784 1305 episcopatum
813 1232 998 1306 (Epist.
1029 1231 1117 1294 89.,
1151 1248 1203 1283 η.
1249 1227 1324 1300 1).
1354 1228 1485 1281 Tum
1518 1227 1729 1281 demum
1760 1225 2006 1294 perlectis

430 1324 732 1394 Hieronymi
771 1323 980 1385 litteris,
1004 1320 1118 1388 ejus
1156 1334 1186 1372 a
1215 1333 1273 1373 se
1302 1318 1370 1371 ob
1397 1318 1672 1385 epistolam
1703 1330 1875 1381 suam,
1906 1329 2005 1368 cu-

426 1414 507 1483 jus
536 1414 737 1467 initium
764 1421 863 1478 est,
896 1410 1069 1464 Habeo
1093 1410 1307 1480 gratiam
1335 1408 1543 1477 (Epist.
1585 1405 1699 1477 40),
1740 1406 2008 1461 abaliena-

432 1518 539 1561 tum
570 1506 801 1559 animum
823 1504 1147 1573 Augustinus
1177 1501 1453 1555 intellexit.
1482 1500 1814 1569 Quapmpter
1836 1498 2005 1566 prima

427 1598 547 1650 data
575 1596 870 1657 occasione,
901 1610 997 1663 per
1021 1592 1275 1662 quosdam
1301 1608 1369 1645 ex
1406 1590 1613 1655 amicis,
1646 1588 1837 1658 quibus
1862 1602 2004 1640 anno

426 1688 559 1743 forte
607 1687 1125 1757 quadringentesimo
1172 1693 1359 1755 quarto
1411 1686 1463 1738 in
1510 1684 1848 1738 Palzestiuam
1907 1682 2007 1735 iter

426 1788 561 1846 erat,
591 1779 794 1834 litteras
828 1780 877 1833 ei
907 1777 1244 1832 demissionis
1287 1790 1351 1830 ac
1387 1774 1770 1830 benevolentia:
1798 1772 2002 1840 plenas,

424 1870 611 1937 quibus
637 1869 876 1938 ejusdem
903 1868 1137 1921 animum
1171 1867 1518 1931 demulceret,
1548 1864 1758 1932 scripsit
1788 1861 1999 1930 (Epist.

426 1962 533 2029 77)).
567 1961 623 2016 ln
657 1961 737 2015 his
763 1962 828 2013 de
855 1962 1143 2023 simultate,
1173 1974 1272 2028 qua
1304 1959 1656 2028 Hieronymus
1685 1971 1746 2010 ac
1784 1955 2005 2009 Rufinus

426 2052 563 2104 inter
608 2066 667 2105 se
697 2051 1044 2116 dissidebant,
1074 2053 1266 2103 mirum
1294 2050 1345 2103 in
1373 2049 1586 2103 modum
1617 2049 1866 2115 loquitur.
1890 2045 2005 2099 Non

426 2151 625 2193 tantum
647 2141 746 2194 sibi
766 2151 996 2210 arrogat,
1030 2149 1085 2194 ut
1112 2141 1164 2193 in
1190 2141 1497 2194 alterutrum
1527 2138 1842 2193 sententiam
1881 2152 2005 2204 pro-

424 2232 628 2285 nuntiet
657 2250 671 2286 :
703 2240 902 2285 tantum
935 2232 985 2285 in
1020 2232 1285 2300 utriusque
1324 2232 1658 2300 pnesentiam
1706 2229 2001 2296 suSpirans,

425 2319 663 2373 declarat
687 2320 809 2389 quid
843 2319 996 2385 forte,
1035 2321 1077 2373 si
1109 2320 1223 2374 hare
1252 2319 1351 2373 sibi
1378 2319 1616 2382 daretur,
1644 2330 1825 2388 ageret
1852 2318 2001 2371 dice-

425 2416 594 2473 retve,
616 2424 721 2477 quo
765 2424 858 2462 eos
904 2407 955 2461 in
1000 2409 1339 2463 concordiam
1382 2424 1631 2463 revocare
1666 2409 1765 2461 sibi
1802 2408 2001 2460 liceret.

422 2497 549 2560 Qua:
591 2505 764 2549 tamen
804 2496 869 2549 ad
913 2512 971 2551 se
1012 2497 1062 2551 in
1105 2496 1203 2551 hoc
1245 2506 1608 2566 argumentum
1654 2497 2006 2564 Hieronymus

422 2585 808 2651 transmiserat,
854 2585 1014 2655 legit:
1060 2586 1201 2656 quod
1230 2602 1356 2640 vero
1398 2587 1464 2640 ad
1494 2587 1688 2655 scripta
1731 2585 1905 2639 Rufini
1950 2585 2002 2637 in

422 2673 824 2745 Hieronymum,
856 2677 1097 2745 quamvis
1136 2678 1186 2730 in
1225 2676 1455 2730 Africam
1491 2676 1665 2730 delata
1709 2684 1911 2740 essent,
1948 2690 2007 2728 se

422 2779 688 2835 nunquam
716 2782 777 2820 ea
807 2766 1090 2833 evolvisse,
1124 2769 1229 2821 imo
1272 2782 1371 2821 nec
1426 2782 1604 2833 nosse,
1636 2767 1764 2819 satis
1805 2765 2005 2834 liquido

423 2856 701 2924 signiﬁcat.
735 2856 1044 2910 Praesidium
1088 2857 1412 2925 episcopum,
1454 2872 1611 2926 quem
1650 2857 1700 2909 ei
1740 2854 2003 2924 quondam

427 2947 776 3019 Hieronymus
799 2958 1043 3017 tanquam
1073 2949 1324 3017 singulari
1346 2950 1735 3003 necessitudine
1756 2948 1856 3002 sibi
1878 2963 2006 3001 cou-

423 3037 658 3106 jnnctum
684 3038 1351 3111 commendarat(llieron.,
1378 3040 1515 3108 apud
1545 3042 1674 3110 Aug.
1711 3039 1875 3106 Epist.
1911 3038 2001 3102 59,

424 3144 475 3178 η.
519 3127 595 3190 l),
624 3128 797 3182 verbis
824 3131 1011 3195 oravit,
1042 3137 1098 3183 ut
1137 3131 1416 3199 epistolam
1463 3146 1611 3184 suam
1657 3128 1864 3198 (Epist.
1912 3130 2004 3199 ’14)

423 3217 595 3271 eidem
634 3218 952 3288 Hieronymo
985 3217 1325 3273 deferendam
1355 3231 1586 3287 curaret,
1620 3221 1873 3288 illumque
1904 3218 2003 3273 ad-

423 3309 545 3361 ditis
569 3308 685 3363 aliis
718 3309 904 3364 litteris
929 3321 1258 3380 precaretur,
1288 3322 1343 3366 ut
1370 3313 1483 3381 ejus
1512 3314 1880 3368 excusationes
1913 3312 2007 3366 ad-

425 3398 675 3453 mitteret.
720 3400 798 3452 Ad
835 3401 1081 3455 eumdem
1113 3402 1419 3457 Przesidium
1468 3413 1648 3472 postea
1696 3403 2005 3473 Hieronymi

424 3489 698 3557 epistolam
729 3505 846 3544 cum
868 3506 975 3546 sua:
997 3495 1240 3563 exemplo
1268 3496 1429 3558 misit,
1463 3505 1515 3548 ut
1540 3512 1645 3564 qua
1690 3497 1897 3549 ratione
1937 3495 2005 3549 ad

418 3590 662 3634 sanctum
694 3582 839 3636 illum
879 3585 1241 3655 presbyterum
1272 3586 1502 3639 scribere
1527 3585 1764 3648 deberet,
1802 3585 2007 3639 facilius

1557 294 1701 355 “TA
1741 298 1778 354 S
1838 290 2200 354 AUCUSTINI
2238 294 2559 354 EPISCOPI.

3574 296 3683 358 διδ

2103 418 2280 463 nosset
2309 426 2323 460 :
2352 408 2492 463 hunc
2517 409 2677 463 etiam
2706 406 2861 462 simul
2891 404 3202 474 obsecravit,
3237 416 3295 464 ut
3333 409 3378 465 si
3406 411 3533 481 quid
3572 416 3675 467 mi-

2105 514 2202 553 nus
2228 500 2473 567 probaret
2499 500 2549 553 in
2575 514 2669 554 sua
2709 496 2774 551 ad
2808 498 3183 570 Hieronymum
3214 501 3433 567 epistola
3468 503 3671 574 (Epist.

2105 590 2216 657 73),
2248 589 2298 642 id
2326 590 2443 652 sibi,
2470 605 2576 658 quo
2603 598 2782 659 posset
2809 589 3112 653 emendare,
3136 590 3476 659 signiﬁcaret.

2175 680 2228 733 7.
2256 680 2531 749 Augustini
2560 679 2861 746 epistolam,
2894 680 3046 746 cujus
3072 681 3347 734 exordium
3370 692 3467 745 est,
3490 683 3685 749 Quam.-

2105 771 2178 825 vis
2229 770 2546 839 existimem(
2578 770 2711 824 Ibid.
2744 767 2787 842 ),
2815 769 3041 825 necdum
3096 781 3373 840 acceperat
3422 773 3685 845 Hierony-

2107 876 2245 926 mus,
2271 876 2390 915 cum
2410 876 2440 915 e
2461 861 2571 914 suis
2601 860 2741 914 illam
2771 876 2889 929 qua:
2932 860 3135 929 incipit,
3176 861 3295 915 Tres
3315 862 3464 917 simul
3496 865 3683 932 episto-

2108 952 2185 1006 las
2212 950 2391 1022 (Apud
2418 952 2654 1021 August.,
2678 950 2844 1021 Epist.
2873 952 2983 1021 75),
3002 951 3067 1005 ad
3093 967 3236 1014 eum,
3264 951 3373 1020 jam
3399 955 3684 1009 exturbato

2109 1058 2140 1096 e
2164 1041 2289 1096 sede
2314 1041 2781 1111 Chrysostomo,et
2798 1041 3018 1109 proinde
3047 1041 3147 1096 sub
3174 1042 3299 1095 anni
3323 1042 3683 1113 quadringen-

2109 1132 2280 1185 tcsimi
2305 1131 2477 1199 quarti
2518 1130 2697 1195 ﬁnem,
2730 1130 2961 1199 scripsit.
3009 1129 3064 1183 ln
3104 1145 3167 1184 ea
3212 1131 3370 1184 variis
3398 1132 3680 1200 Augustini

2108 1222 2483 1291 quazstionibus
2529 1220 2873 1291 respondere,
2918 1236 3124 1276 necnon
3155 1221 3209 1275 in
3251 1222 3433 1290 primis
3463 1222 3578 1291 ejus
3614 1223 3685 1276 de

2109 1313 2384 1368 mendacio
2407 1314 2661 1377 ofﬁcioso,
2691 1313 2864 1382 deque
2887 1313 3029 1367 Petri
3054 1328 3117 1367 ae
3152 1313 3299 1367 Pauli
3322 1315 3683 1368 controversia

2108 1406 2324 1475 objectis
2352 1404 2659 1461 satisfacere
2684 1405 2886 1459 nititur.
2928 1404 3029 1473 lpsi
3062 1404 3321 1473 posthaec
3362 1404 3566 1458 reddita
3601 1416 3686 1459 est

2108 1512 2264 1565 supra
2294 1504 2581 1551 memorata
2611 1495 2885 1564 Augustini
2918 1494 3141 1564 epistola
3168 1494 3185 1564 (
3211 1493 3376 1563 Epist.
3403 1494 3517 1561 73),
3565 1510 3685 1563 qua:

2112 1590 2289 1657 procul
2316 1588 2477 1641 dubio
2502 1595 2820 1643 commotam
2842 1587 2957 1655 ejus
2985 1595 3217 1640 mentem
3241 1585 3480 1639 sedavit:
3500 1600 3687 1654 quam-

2113 1679 2191 1732 vis
2215 1679 2313 1733 hac
2332 1678 2407 1732 illi
2428 1678 2707 1733 occasione
2728 1677 3126 1732 rescribendum
3154 1693 3258 1731 non
3278 1677 3556 1746 putaverit.
3576 1676 3683 1731 Sed

2110 1770 2468 1838 responsionis
2490 1770 2629 1835 loco,
2650 1784 2770 1822 cum
2792 1768 3002 1822 Firmus
3030 1768 3198 1822 sancti
3226 1768 3474 1822 Prresulis
3499 1782 3687 1823 neces-

2111 1860 2280 1914 sarius
2304 1875 2369 1913 ex
2386 1858 2564 1913 Africa
2593 1860 2707 1913 sine
2729 1858 2846 1912 ullis
2874 1859 3137 1928 ejusdem,
3177 1859 3267 1928 qui
3298 1859 3504 1913 scilicet
3526 1860 3686 1914 amici

2096 1950 2485 2019 profectionem
2514 1950 2865 2029 ignoraverat,
2904 1948 3093 2003 litteris
3133 1951 3183 2002 in
3216 1949 3546 2003 Palaestinam
3588 1965 3687 2004 ve-

2112 2042 2293 2105 nisset,
2318 2040 2439 2095 huic
2467 2040 2707 2094 redeunti
2726 2040 3001 2109 epistolam
3030 2038 3220 2110 (Apud
3246 2040 3484 2109 August.,
3514 2039 3686 2107 Epist.

2112 2129 2198 2201 8|)
2229 2130 2293 2183 ad
2326 2130 2667 2199 Augustinum
2693 2129 2889 2183 amoris
2908 2128 3397 2198 benevolentiaeque
3424 2129 3683 2183 suavissi-

2111 2240 2194 2277 ma
2226 2222 2522 2277 testimonia
2549 2222 2916 2291 praeferentem
2954 2220 3128 2285 dedit;
3165 2222 3215 2274 in
3257 2236 3358 2290 qua
3394 2222 3677 2289 epistolam

2110 2330 2257 2368 suam
2295 2313 2361 2367 ad
2401 2314 2570 2383 ipsum
2602 2314 2838 2367 ultimam
2887 2311 3087 2382 (Epist.
3113 2312 3205 2377 75)
3251 2312 3561 2373 excusabat,
3600 2323 3687 2364 at-

2111 2421 2212 2475 que
2242 2406 2293 2459 in
2325 2415 2591 2473 posterum
2623 2404 2691 2458 ab
2716 2404 2977 2471 ejusmodi
3006 2404 3386 2473 quaestionibus
3414 2405 3687 2459 abstinere

2112 2512 2168 2550 se
2190 2496 2324 2549 velle
2351 2495 2659 2549 testabatur.
2687 2494 2930 2563 Alypium
2949 2510 3160 2562 quoque
3182 2495 3249 2547 ibi
3277 2494 3556 2547 salutabat.
3573 2495 3686 2548 lloc

2114 2600 2286 2642 tamen
2311 2587 2656 2655 Augustinum
2683 2600 2786 2639 non
2810 2585 3075 2653 prohibuit
3102 2584 3386 2653 quominus
3413 2600 3505 2653 per
3525 2600 3691 2654 quos-

2110 2679 2230 2732 dam
2261 2693 2292 2733 e
2323 2678 2433 2733 suis
2458 2676 2842 2739 'familiaribus,
2872 2675 3133 2743 prolixnm
3177 2675 3455 2742 epistolam
3506 2684 3690 2743 postea

2114 2770 2433 2838 llierouymo
2449 2766 2704 2820 scriberet
2725 2767 2741 2832 (
2762 2764 2927 2834 Epist.
2960 2765 3072 2832 82),
3096 2765 3146 2818 in
3170 2781 3271 2834 qua
3292 2765 3404 2819 fuse
3420 2765 3485 2820 de
3501 2766 3688 2820 eadem

2112 2858 2254 2913 Petri
2292 2867 2346 2912 et
2386 2857 2532 2911 Pauli
2560 2855 2902 2910 contentione
2936 2854 3208 2923 disputat;
3254 2871 3579 2925 magnopere
3600 2872 3691 2911 ca-

2112 2964 2261 3014 vens,
2290 2948 2431 3001 salva
2468 2956 2641 3000 tamen
2671 2960 2766 3014 pro
2791 2961 2894 3014 qua
2923 2946 3158 2999 certabat
3183 2947 3425 3008 veritate.
3464 2962 3531 3001 ne
3559 2947 3686 3001 Hie-

2110 3042 2317 3113 ronymi
2348 3042 2582 3095 animum
2611 3047 2950 3107 eanperaret
2982 3055 2995 3091 :
3018 3038 3277 3106 simulque
3303 3036 3368 3090 ad
3391 3052 3511 3090 eum
3536 3053 3689 3091 suam

2112 3134 2161 3187 in
2193 3134 2439 3187 Faustum
2467 3130 2914 3185 elucubrationem
2942 3129 3103 3182 misit.
3138 3129 3308 3196 Atque
3336 3127 3473 3183 hunc
3506 3128 3691 3182 habuit

2112 3227 2266 3279 linem
2298 3224 2521 3277 celebris
2561 3223 2645 3275 illa
2674 3220 2960 3288 disputatio
2986 3218 3260 3287 Augustini
3281 3235 3401 3272 cum
3435 3219 3690 3288 Ilierony-

2112 3332 2245 3369 mo:
2288 3314 2376 3383 qui
2419 3312 2633 3381 quidem
2684 3319 2739 3364 et
2783 3310 2896 3378 ipse
2944 3309 2997 3361 in
3050 3308 3324 3375 Augustini
3369 3309 3688 3362 sententiam

2110 3406 2370 3470 discessit,
2410 3417 2529 3457 cum
2554 3402 2806 3455 adversus
2832 3399 3136 3467 Pelagianos
3164 3413 3305 3451 anno
3330 3399 3687 3469 quadringen-

2113 3499 2300 3553 tesimo
2324 3496 2531 3551 decimo
2556 3494 2741 3563 quinto
2772 3491 3133 3547 dimicandum
3158 3491 3272 3544 fuit.

434 3709 2913 3735 _________________________________________

1457 3791 1938 3897 LIBER
2016 3782 2639 3895 SEXTUS.

428 3980 477 4025 lu
501 3987 595 4037 qua
618 3982 866 4023 narrantur
886 3988 996 4037 quae
1018 3975 1309 4037 Augustinus
1330 3974 1483 4037 gessit
1505 3987 1531 4021 a
1547 3973 1672 4022 datis
1686 3970 2306 4037 annoquadringentesimo
2320 3968 2489 4037 quinto
2513 3966 2649 4013 novis
2680 3963 2873 4027 legibus
2893 3964 2939 4011 in
2964 3963 3245 4019 Donatistas,
3279 3972 3433 4021 usque
3456 3956 3515 4005 ad
3538 3955 3688 4003 talia-

1405 4035 1587 4084 tionem
1608 4048 1718 4083 cum
1741 4028 1914 4082 iisdem
1936 4028 2249 4082 schisiuaticis
2265 4028 2709 4090 Carthaginiensem.

1860 4152 2233 4208 «WB:

920 4283 1146 4338 CAPUT
1186 4284 1467 4338 PRIMUM.

435 4378 459 4431 1
498 4374 681 4429 Severa
710 4375 791 4428 lea:
815 4374 876 4426 ab
905 4374 1130 4427 Honorio
1158 4377 1260 4427 lata
1290 4386 1461 4427 contra
1480 4374 1788 4427 Donatislas.
1811 4373 1846 4427 2
1871 4373 2000 4427 Αιὶω

500 4469 553 4518 in
598 4466 794 4519 eosdem
825 4464 974 4535 leges.
1021 4467 1055 4520 5
1102 4467 1367 4535 Augustini
1402 4466 1469 4517 ad
1500 4465 1771 4518 Paulinum
1800 4467 1995 4518 (iuerat.

500 4556 533 4608 4
562 4552 804 4607 Fructum
832 4572 979 4624 quam
1009 4556 1281 4607 maximum
1310 4572 1371 4609 ea:
1412 4554 1626 4607 Ilouorii
1655 4554 1841 4625 legibus
1866 4556 2000 4623 capit

500 4644 749 4700 Ecclesia.
774 4646 807 4701 5
831 4646 1107 4700 Concilium
1125 4645 1426 4716 Carthagine
1448 4654 1557 4715 post
1574 4646 1768 4699 restitui
1788 4657 2001 4716 captam

501 4736 572 4789 ibi
595 4736 831 4788 unitatem
861 4734 1155 4788 celebratur.

502 4828 551 4881 1.
586 4826 817 4897 Digressi
861 4841 1143 4895 parumper
1174 4841 1200 4877 a
1246 4842 1401 4881 causa
1447 4827 1861 4893 Donatistarum,
1892 4828 2001 4895 jam

431 4933 575 4973 nunc
619 4918 734 4987 ipso
772 4917 1016 4971 narrandi
1055 4918 1240 4970 ordine
1267 4918 1332 4970 ad
1363 4934 1476 4969 eam
1509 4933 1838 4971 revocamur.
1871 4918 2001 4970 Cum

435 5007 502 5061 ad
522 5009 828 5061 comitatum
868 5007 1205 5061 devenissent
1251 5007 1484 5077 episcopi
1527 5007 1710 5077 legati,
1759 5008 1948 5076 quibus
1975 5024 2002 5059 a

429 5098 828 5167 Carthagineusi
846 5098 1071 5151 concilio
1087 5080 1449 5150 etimmendata
1468 5107 1601 5161 erat,
1620 5096 1745 5149 nihil
1772 5105 1878 5148 tum
1901 5097 2006 5151 illic

428 5202 460 5240 a
478 5203 536 5241 se
556 5188 907 5255 praestandum
935 5202 1053 5241 csse
1077 5198 1449 5255 compererunt
1478 5187 1664 5259 (Epist.
1687 5187 1804 5250 185,
1822 5204 1871 5239 n.
1890 5187 2003 5256 26).

431 5276 642 5331 Etenim
660 5278 747 5331 lex
772 5278 1025 5331 adversus
1048 5278 1229 5331 Donati
1254 5277 1531 5332 factionem
1546 5278 1654 5345 jam
1676 5286 1798 5331 ante
1821 5293 2006 5332 eorum

429 5368 715 5423 adventum
760 5369 882 5433 lata,
908 5370 1342 5439 promulgataque
1370 5370 1556 5423 fuerat.
1580 5369 1694 5422 Τυιί
1716 5384 1809 5422 eos
1837 5369 2009 5421 homi-

432 5472 561 5513 num
581 5458 839 5526 querelae.
859 5460 945 5527 qui
962 5459 1097 5512 male
1118 5460 1351 5513 mulctati
1367 5460 1580 5513 domum
1599 5460 1771 5513 redire
1791 5474 1892 5512 non
1913 5475 2007 5513 au-

428 5546 645 5609 debant,
671 5562 735 5602 ac
758 5548 810 5601 in
839 5549 1021 5617 primis
1046 5550 1348 5619 Bagaiensis
1371 5551 1605 5621 episcOpi
1632 5551 1911 5607 horrenda:
1944 5567 2008 5608 ac

429 5637 805 5693 recentissima:
822 5639 1093 5696 cicatrices
1105 5639 1177 5696 ιω
1184 5650 1482 5711 peratorem
1497 5652 1916 5700 commoverant.
1938 5643 2005 5699 Et

2103 4285 2248 4354 quia,
2279 4294 2335 4338 ut
2363 4286 2595 4355 loquitur
2624 4283 2967 4354 Augustinus,
2986 4282 3474 4336 Circumcellionum
3498 4279 3689 4335 nobilis

2106 4376 2251 4430 furor
2278 4376 2593 4430 horrendum
2621 4376 2858 4443 praebens
2896 4376 3004 4427 suis
3032 4374 3540 4428 clericissalellitium
3558 4412 3572 4436 ,
3602 4388 3689 4423 us-

2104 4466 2760 4537 quequaqueodiosissime
2779 4465 3096 4527 innotuerat,
3118 4464 3298 4533 ingens
3318 4463 3366 4515 in
3390 4462 3689 4515 Dunatistas

2105 4559 2515 4627 conﬁagravcrat
2547 4557 2738 4610 invidia
2766 4576 2777 4609 :
2805 4567 2965 4625 atque
2994 4556 3116 4609 inde
3145 4554 3338 4608 factum
3370 4564 3501 4616 erat,
3532 4564 3588 4606 ut
3630 4562 3687 4606 et

2109 4652 2383 4718 praeterita:
2417 4665 2602 4703 omnes
2641 4658 2823 4702 contra
2877 4664 2969 4702 eos
3015 4649 3155 4715 leges
3203 4647 3577 4706 excitarentur,
3630 4655 3685 4698 et

2106 4739 2457 4793 cnndcrentnr
2485 4756 2631 4792 norm
2651 4736 2863 4810 (Contra
2891 4738 3148 4799 Crescon.,
3170 4738 3257 4790 lib.
3275 4739 3328 4801 5,
3347 4755 3399 4789 n.
3420 4739 3529 4807 47).
3554 4736 3687 4791 Nam

2109 4829 2400 4897 Imperator
2423 4829 2697 4899 religiosus
2718 4839 2770 4882 et
2793 4829 2928 4896 pius,
2949 4829 3167 4897 perlatis
3190 4828 3242 4881 in
3264 4827 3504 4880 notitiam
3536 4843 3685 4880 suam

2110 4921 2299 4973 talibus
2328 4919 2520 4983 causis,
2556 4919 2736 4971 maluit
2768 4918 3020 4988 piissimis
3054 4917 3256 4987 legibus
3295 4917 3581 4986 impietatis
3605 4933 3690 4969 er-

2109 5024 2283 5062 rorem
2313 5009 2528 5062 omnino
2558 5008 2848 5077 corrigere,
2881 5018 2928 5061 et
2960 5023 3054 5062 eos
3080 5008 3167 5076 qui
3208 5017 3390 5061 contra
3418 5007 3687 5061 Christum

2109 5101 2301 5153 Christi
2346 5100 2490 5166 signa
2537 5108 2827 5167 portarent,
2857 5098 2921 5152 ad
2958 5100 3209 5151 unitatem
3234 5097 3547 5152 catholicam
3579 5108 3689 5153 ter-

2108 5190 2273 5243 rendo
2302 5200 2353 5243 et
2380 5187 2675 5242 coercendo
2700 5188 2957 5257 redigere,
2987 5203 3143 5257 quam
3172 5188 3426 5243 saeviendi
3458 5198 3691 5241 tanturn-

2112 5279 2267 5332 modo
2294 5278 2499 5332 auferre
2524 5277 2811 5343 licentiam,
2836 5286 2890 5331 et
2919 5278 3130 5332 errandi
3156 5293 3219 5332 ac
3247 5278 3505 5349 pereundi
3533 5279 3688 5333 relin-

2111 5386 2290 5439 quere.
2321 5370 2458 5439 Ergo
2484 5369 2566 5423 lex
2597 5370 2923 5439 promulgata
2947 5369 3066 5435 fuit,
3086 5380 3142 5424 ut
3165 5378 3321 5425 tanta:
3340 5371 3686 5427 immanitatis

2112 5458 2328 5513 lucresis
2361 5460 2768 5525 Donatistarum,
2800 5461 2885 5513 cui
2916 5460 3186 5515 crudelius
3217 5464 3357 5531 parci
3384 5462 3681 5527 videbatur,

2111 5566 2265 5621 quam
2304 5550 2413 5619 ipsa
2442 5551 2711 5617 smviebat,
2752 5569 2858 5605 non
2904 5563 3105 5607 tantum
3140 5552 3370 5608 violenta
3407 5569 3548 5621 esse,
3592 5555 3686 5609 sed

2110 5641 2327 5697 Omnino
2357 5656 2475 5697 esse
2505 5656 2609 5697 non
2638 5642 2899 5698 sineretur
2928 5642 3143 5715 impune
3175 5661 3187 5700 :
3218 5660 3327 5702 non
3355 5654 3530 5702 tamen
3558 5659 3688 5718 sup-
