3990 6360
252 300 391 370 3t9
850 294 858 303 ‘
1656 295 1857 354 LIBER
1894 294 2179 357 snxrus

250 425 456 495 {dicio
480 422 716 494 capitali,
739 427 954 492 propter
969 416 1278 474 servandam
1300 414 1459 470 etiam
1478 413 1616 468 circa
1634 413 1875 483 indignos

254 516 760 573 mansuetudinem
786 512 1149 576 christianum,
1198 508 1291 565 sed
1325 507 1639 578 pecuniariis
1668 505 1875 560 damnis

3445 331 3554 390 550

1982 412 2303 487 donationis,
2330 438 2534 481 necnon
2553 436 2855 488 contractus
2881 435 3068 505 agendi
3094 437 3355 505 facultate.
3378 442 3551 502 donec

1983 506 2228 604 hznresim
2253 514 2631 587 abdicaverint,
2658 525 2851 591 privari
2877 542 2889 578 :
2918 527 3232 600 quicumque
3251 533 3355 590 illis
3378 537 3550 604 opitu-

258 607 615 678 prepositis,
648 614 701 660 et
728 604 778 658 in
809 604 1089 672 episcopos
1109 601 1193 655 vel
1219 598 1489 655 ministros
1516 613 1702 654 eorum
1733 597 1875 652 exsi-

262 701 353 754 lio
385 700 707 754 constituto.
756 696 1024 751 Habemus
1065 692 1222 764 igitur
1257 690 1487 746 edictum
1530 692 1598 745 ab
1640 690 1873 744 Honorio

260 790 484 843 datum
511 804 648 843 anno
674 785 1187 857 quadringentesimo
1211 784 1395 853 quinto
1420 782 1590 851 pridie
1626 780 1744 835 idus
1791 779 1871 834 fe-

264 880 525 945 bruarii,
577 892 679 948 quo
721 876 934 946 quidem
990 875 1224 929 declarat
1270 871 1583 942 Imperator,
1630 871 1770 926 nolle
1813 886 1871 926 se

264 987 486 1025 eorum
514 970 603 1040 qui
628 969 949 1037 Baptismum
978 966 1259 1031 iterabant,
1285 980 1492 1019 errores
1518 964 1711 1017 diutius
1732 962 1869 1017 tolc-

264 1079 430 1129 rare,
470 1072 559 1116 aut
582 1076 773 1115 nomen
801 1059 1190 1112 Donatistarum
1216 1056 1441 1126 amplius
1470 1055 1654 1109 audire
1678 1073 1691 1110 :
1718 1055 1868 1124 jubet

261 1170 443 1220 vero,
468 1164 523 1207 ut
539 1167 723 1206 omnes
747 1150 1061 1206 catholicam
1089 1150 1343 1203 unitatem
1368 1158 1673 1219 sequantur.
1700 1148 1753 1203 Si
1779 1148 1867 1219 qui

270 1247 482 1300 illicita
520 1252 827 1314 perpetrare
855 1249 1096 1311 pergant,
1127 1256 1189 1294 ex
1219 1250 1400 1295 tenore
1436 1240 1764 1308 superiorum
1790 1240 1869 1295 le-

267 1352 439 1406 gum,
464 1350 668 1390 necnon
687 1334 826 1387 illius
851 1348 967 1402 qua:
992 1347 1096 1386 non
1122 1331 1326 1403 pridem
1351 1330 1592 1401 (forsitan
1613 1331 1867 1385 adversus

264 1425 619 1496 Crispinum)
648 1425 929 1479 constituta
956 1422 1144 1487 fuerat,
1168 1436 1351 1491 poenas
1377 1422 1522 1476 luant
1545 1422 1664 1491 :qui
1688 1429 1865 1475 autem

267 1518 578 1574 seditiosos
605 1524 901 1570 conventus
928 1515 1071 1569 coire
1092 1513 1549 1584 priesumpserint,
1576 1512 1748 1566 acrius
1776 1527 1863 1566 se-

266 1612 576 1680 veriusque
608 1616 970 1664 coerceantur.
999 1606 1063 1660 Et
1099 1606 1211 1659 lucc
1236 1605 1453 1659 omnino
1482 1612 1623 1671 sunt,
1654 1618 1773 1673 quae
1798 1618 1865 1657 ex

266 1703 370 1757 illo
398 1701 585 1756 edicto
611 1699 778 1753 scisso
803 1713 943 1752 nunc
970 1699 1020 1751 in
1052 1696 1203 1761 duas,
1235 1704 1294 1748 ut
1332 1694 1608 1748 minimum
1629 1735 1642 1758 ,
1687 1702 1863 1761 partes

264 1796 526 1864 reperire
550 1801 632 1848 est
658 1793 708 1845 in
731 1791 926 1859 duplici
947 1790 1156 1845 Codicis
1181 1787 1317 1843 loco.
1334 1786 1463 1841 Nam
1484 1787 1598 1855 ejus
1615 1801 1714 1841 una
1741 1801 1863 1856 pars

264 1894 355 1939 est
387 1884 551 1948 tituli,
587 1881 672 1936 Ne
693 1891 916 1936 sanctum
961 1879 1217 1949 Baptisma
1247 1880 1469 1944 iteretur,
1511 1877 1623 1948 lege
1670 1878 1858 1941 tertia;

260 1976 473 2039 altera,
504 1974 665 2040 tituli,
686 1972 761 2026 De
787 1970 1181 2039 Iucreticis,lege
1208 1968 1474 2038 trigesima
1504 1978 1705 2021 octava.
1737 1966 1862 2019 Exi-

258 2066 462 2119 stimat
486 2078 595 2117 non
622 2059 895 2134 nemo(ln
920 2059 1045 2113 Cod.
1078 2057 1293 2122 Tlteod.,
1324 2067 1443 2109 tom.
1473 2057 1525 2122 6,
1559 2074 1611 2126 ρ.
1640 2053 1763 2125 196)
1794 2055 1860 2109 ad

260 2155 377 2211 hoc
414 2156 588 2226 ipsum
617 2153 849 2208 edictum
894 2149 1082 2205 referri
1124 2149 1352 2215 debere,
1385 2164 1516 2217 quas
1558 2148 1623 2202 ad
1662 2162 1858 2201 annum

262 2246 493 2301 circiter
517 2243 1096 2315 quadringentesimum
1142 2255 1338 2294 nonum
1381 2241 1509 2294 citat
1536 2239 1859 2308 Augustinus

261 2354 332 2394 ex
365 2338 601 2408 quadam
631 2336 747 2405 lege
774 2334 1157 2405 pulcherrimas
1187 2332 1304 2386 illas
1342 2345 1501 2385 voces
1531 2347 1543 2384 :
1580 2329 1713 2382 Nam
1744 2330 1786 2382 si
1807 2329 1858 2381 in

261 2433 362 2495 eis,
402 2433 492 2502 qui
536 2432 697 2502 primo
724 2429 911 2482 initiati
948 2437 1085 2490 sunt,
1115 2426 1301 2479 idcirco
1328 2425 1501 2495 religio
1531 2422 1858 2493 Baptismatis

258 2524 537 2594 iudicatur
555 2523 779 2591 inﬁrma,
805 2520 938 2589 quod
958 2520 996 2572 ii
1025 2536 1055 2571 α
1074 2517 1253 2589 quibus
1283 2516 1549 2586 accipitur,
1579 2524 1858 2584 peccatores

263 2624 536 2685 putentur,
567 2613 708 2665 toties
733 2609 962 2664 renovari
986 2623 1178 2662 necesse
1197 2607 1289 2660 erit
1310 2605 1547 2658 traditum
1572 2620 1859 2658 sacramen-

264 2714 405 2766 tum,
430 2703 628 2775 quoties
647 2701 885 2772 indignus
910 2700 1057 2771 fuerit
1085 2699 1309 2751 inventus
1334 2696 1505 2749 collati
1530 2693 1858 2765 Baptismatis

265 2794 657 2846 administrator
685 2807 704 2845 :
732 2801 779 2845 et
815 2791 940 2860 ﬁdes
970 2800 1139 2843 nostra
1166 2805 1267 2842 non
1296 2804 1358 2842 ea:
1381 2798 1565 2841 nostra:
1591 2787 1858 2840 voluntatis

263 2885 503 2947 arbitrio,
546 2898 705 2953 neque
731 2897 793 2934 ea:
819 2880 974 2933 divini
1005 2879 1223 2932 muneris
1251 2877 1436 2948 gratia,
1470 2875 1557 2930 sed
1586 2892 1647 2929 ex
1672 2877 1859 2929 meritis

263 2976 595 3030 sacerdotum
622 2983 666 3027 et
695 2973 987 3026 clericorum
1005 2970 1247 3041 qualitate
1270 2967 1517 3040 pendebit.
1550 2969 1676 3023 Post
1700 2981 1857 3036 quam

268 3065 622 3135 Imperatoris
646 3063 964 3118 sententiam
994 3062 1063 3115 ita
1092 3070 1306 3115 sanctus
1338 3060 1536 3114 Priesul
1570 3078 1584 3113 :
1621 3058 1856 3125 Faciant,

273 3158 477 3227 inquit,
513 3157 650 3209 mille
677 3154 891 3209 concilia
912 3154 1130 3224 episcoyi
1157 3153 1324 3218 vestri,
1350 3152 1465 3204 huic
1490 3151 1579 3203 uni
1606 3152 1862 3204 sententia:

266 3248 649 3317 respondeant;
695 3257 743 3300 et
787 3246 853 3299 ad
878 3246 1012 3315 quod
1036 3244 1309 3310 volueritis,
1354 3243 1688 3295 consentimus
1725 3243 1860 3295 vobis

268 3340 471 3412 (Epist.
500 3340 622 3404 105,
646 3356 700 3391 n.
726 3338 838 3409 12).
866 3337 1112 3392 Edictum
1140 3337 1239 3389 hoc
1262 3334 1499 3389 nonnulli
1523 3333 1744 3388 Unionis
1764 3349 1859 3388 seu

271 3434 601 3487 Henoticum
644 3431 913 3500 appellant
942 3447 955 3482 :
983 3428 1122 3498 quod
1153 3427 1291 3481 idem
1319 3442 1349 3480 a
1388 3426 1617 3481 concilio
1643 3425 1861 3479 Cartha-

270 3524 487 3593 ginensi
536 3522 661 3575 anni
704 3519 1204 3591 quadringentesimi
1245 3518 1456 3587 septimi
1507 3517 1592 3572 lex
1632 3516 1860 3572 Unitatis

273 3614 497 3669 dicitur.
523 3616 698 3682 Atque
725 3611 859 3666 adeo
888 3610 1149 3665 Honorius
1170 3611 1281 3679 ipse
1302 3608 1529 3662 edictum
1566 3607 1633 3661 de
1663 3607 1861 3660 unitate

272 3712 508 3758 testatur
526 3719 556 3757 a
577 3718 636 3758 se
660 3703 881 3758 missum
905 3705 956 3756 in
978 3701 1230 3768 Africam,
1259 3709 1317 3754 ut
1337 3700 1582 3754 omnibus
1601 3699 1863 3767 signiﬁca-

276 3807 362 3852 ret
385 3813 549 3852 unam
576 3806 630 3852 et
649 3812 827 3851 veram
856 3795 1011 3849 tidem
1036 3794 1350 3848 catholicam
1380 3806 1501 3847 esse
1529 3789 1858 3846 retinendam

276 3888 429 3962 (Cod.
464 3888 681 3954 Theod.,
713 3889 776 3941 de
798 3886 986 3956 Relig.,
1015 3886 1121 3955 lege
1143 3884 1223 3955 2).

343 3978 402 4031 2.
437 3977 639 4031 Eodem
670 3976 774 4041 die,
804 3975 1052 4029 videlicet
1070 3974 1239 4044 pridie
1268 3972 1385 4027 idus
1411 3971 1722 4037 lebruarias,
1753 3970 1863 4024 Ilo-

275 4068 464 4124 norins
493 4066 727 4121 Adriano
750 4065 979 4135 prmtorii
1009 4063 1261 4135 praefecto
1282 4062 1452 4131 legem
1474 4061 1636 4129 misit,
1664 4076 1766 4131 qua
1793 4060 1861 4115 de

279 4157 518 4212 tollenda
544 4156 778 4209 funditus
800 4155 1188 4209 Donatistarum
1211 4152 1403 4206 hmrcsi
1426 4152 1561 4219 apud
1583 4165 1640 4205 se
1664 4151 1863 4204 consti-

274 4256 448 4301 tutum
478 4261 599 4301 esse
626 4247 856 4299 al’lirmat
890 4262 903 4299 :
940 4244 1097 4312 idque
1134 4242 1364 4296 maxime
1391 4241 1460 4295 ob
1488 4240 1711 4295 iterandi
1754 4240 1859 4293 Ba-

275 4337 547 4405 ptismatis
574 4335 927 4404 sacrilegium,
955 4333 1019 4386 ad
1040 4330 1182 4403 quod
1208 4330 1465 4402 mancipia
1500 4329 1734 4398 aliosque
1759 4327 1859 4381 sibi

275 4429 520 4483 subditos
550 4428 599 4480 vi
626 4424 1206 4497 compellebaut(lbid.,
1237 4422 1320 4477 Ne
1337 4432 1565 4477 sanctum
1590 4419 1743 4490 Bapt.
1768 4421 1862 4472 ite-

274 4531 430 4586 ratur,
457 4522 567 4591 lege
593 4521 626 4574 4
646 4528 689 4573 et
710 4521 816 4590 lege
839 4520 917 4591 5).
933 4518 1082 4586 Quod
1098 4518 1305 4588 quidem
1328 4516 1393 4571 ad
1411 4515 1635 4586 Crispini
1657 4514 1860 4569 facinus

274 4616 548 4683 pmcipuo
576 4613 799 4682 quodam
831 4612 989 4666 modo
1026 4621 1267 4682 spectare
1308 4609 1594 4679 judicatur.
1629 4607 1676 4662 Is
1702 4608 1860 4677 igitur

274 4706 517 4760 decernit
544 4706 684 4771 illos,
712 4706 799 4775 qui
826 4705 893 4759 ab
922 4704 1139 4773 hujusce
1166 4702 1299 4773 legis
1323 4700 1740 4771 promulgatione
1761 4700 1861 4754 Ba-

274 4803 531 4869 ptismum
561 4801 794 4854 secundo
818 4800 1103 4854 contulisse
1130 4796 1612 4867 deprchendentur,
1637 4796 1861 4855 fortunis

276 4892 388 4944 suis
415 4891 667 4946 omnibus
692 4890 939 4960 spoliari;
969 4905 1087 4960 qua:
1124 4898 1301 4943 tamen
1343 4902 1529 4942 eorum
1565 4886 1779 4949 liberis,
1814 4886 1859 4939 si

272 4981 536 5035 redierint
577 4979 646 5034 ad
691 4980 983 5036 Ecclesiam
1007 5021 1023 5047 ,
1076 4980 1480 5034 restituerentur
1510 4994 1523 5031 :
1558 4975 1772 5047 prurdia,
1806 4976 1857 5029 in

274 5073 470 5142 quibus
489 5073 854 5137 convenerint,
870 5074 915 5127 si
930 5071 1125 5127 factum
1142 5071 1210 5126 sit
1224 5071 1450 5127 consciis
1466 5070 1713 5133 dominis,
1732 5067 1861 5126 ﬁsco

275 5163 484 5228 addici;
511 5162 557 5217 si
579 5177 754 5229 secus,
778 5177 870 5217 eos
904 5178 935 5216 a
965 5163 1156 5231 quibus
1181 5160 1476 5215 istiusmodi
1500 5169 1670 5215 ccetus
1692 5159 1856 5212 habe.

277 5262 483 5314 rentur,
520 5252 805 5320 plumbatis
828 5251 1104 5322 ﬂagellari,
1124 5266 1186 5305 ac
1204 5260 1515 5322 perpetuum
1544 5250 1594 5303 in
1612 5249 1858 5303 exsilium

275 5344 551 5397 amandari
581 5360 595 5396 :
630 5359 812 5397 eorum
842 5344 1092 5406 clientes,
1134 5342 1217 5396 vel
1261 5355 1475 5406 servos,
1516 5354 1651 5409 quos
1684 5338 1860 5393 denuo

278 5436 552 5505 baptizare
580 5436 863 5502 voluerint,
893 5436 946 5489 in
976 5434 1231 5490 ecclesias
1259 5433 1648 5488 Catholicorum
1669 5430 1858 5485 confu-

276 5540 401 5595 gere
437 5542 617 5597 posse,
646 5537 810 5597 atque
846 5527 913 5582 ab
950 5526 1072 5581 hinc
1109 5525 1365 5580 libertatis
1399 5523 1519 5593 jura
1571 5523 1809 5576 obtinere
1841 5539 1855 5576 :

277 5618 552 5688 repetendi
583 5618 836 5688 Baptismi
866 5624 1110 5673 auctores
1145 5615 1487 5679 consciosve,
1539 5628 1645 5667 non
1687 5613 1859 5667 solum

280 5711 536 5776 testandi,
560 5726 750 5769 verum
788 5712 949 5768 etiam
976 5708 1302 5783 adipiscendi
1327 5705 1524 5779 aliquid
1554 5706 1652 5789 sub
1678 5706 1857 5776 specie

1982 600 2071 695 lati
2098 602 2311 672 fuerint,
2345 608 2517 663 eidem
2548 627 2718 681 pinna:
2745 616 2970 685 subjici:
3002 622 3385 688 provinciarum
3415 600 3549 695 prie-

1979 691 2173 761 fectos,
2216 698 2305 767 qui
2335 715 2652 757 consensum
2682 721 2941 777 opemque
2974 711 3053 764 eis
3099 714 3334 782 tulerint,
3365 691 3548 787 viginti

1977 787 2090 841 auri
2118 790 2293 858 pondo
2318 794 2551 861 solvere;
2575 812 2865 869 eorumque
2892 801 3075 859 Ofllcia
3094 846 3108 869 ,
3136 804 3237 860 hoc
3259 818 3342 862 est
3364 807 3544 864 foren-

1976 891 2071 933 ses»
2088 879 2449 951 administros,
2484 885 2699 941 totidem
2732 905 2745 942 :
2779 889 2986 945 urbium
3008 893 3233 964 denique
3266 898 3545 966 magistra-

1975 977 2061 1024 tus
2081 984 2143 1026 ac
2161 971 2485 1041 defensores,
2519 978 2562 1030 si
2590 978 2671 1032 vel
2701 994 2763 1034 ea
2793 982 3039 1037 mandata
3065 999 3276 1040 servare
3299 988 3548 1056 neglexe-

1973 1060 2098 1127 rint,
2125 1061 2210 1116 vel
2233 1062 2495 1119 Ecclesias
2526 1066 2654 1135 ipsis
2681 1070 3029 1137 praesentibus
3053 1075 3227 1127 vexari
3259 1076 3400 1144 passi
3426 1076 3543 1133 fue-

1974 1148 2098 1217 rint,
2128 1151 2313 1206 eadem
2351 1155 2542 1210 mulcta
2584 1156 2840 1213 damnari.
2875 1160 3026 1226 Quod
3053 1163 3291 1218 ultimum
3330 1166 3396 1220 ad
3423 1181 3541 1221 eam

1972 1254 2101 1296 sane
2139 1244 2365 1311 pertinet
2400 1246 2827 1318 Carthaginiensis
2864 1254 3073 1307 concilii
3113 1256 3539 1323 postulationem,

1972 1345 2074 1399 qua
2120 1332 2359 1387 civitates
2402 1335 2467 1388 ad
2512 1338 2899 1407 suscipiendam
2930 1341 3284 1397 Eeclesiarum
3327 1344 3541 1399 tutelam

1971 1421 2190 1491 obligari
2214 1425 2449 1492 petierat.
2467 1426 2539 1480 Ea
2558 1428 2642 1483 lex
2664 1431 2856 1484 nullam
2876 1432 3132 1488 universa:
3151 1434 3538 1489 Donatistarum

1970 1520 2127 1567 secta:
2154 1528 2361 1582 ptenam
2389 1517 2600 1586 irrogat,
2626 1535 2722 1574 nec
2743 1536 2929 1578 omnes
2956 1538 3139 1578 eorum
3161 1524 3381 1579 clericos
3396 1526 3540 1579 exsi-

1969 1601 2059 1669 lio,
2091 1606 2533 1673 quemadmodum
2559 1610 2625 1664 ab
2660 1612 2893 1669 Honorio
2918 1624 3170 1671 statutum
3203 1617 3362 1671 fuisse
3382 1617 3538 1673 docet

1968 1692 2309 1762 Augustinus,
2336 1696 2516 1751 afficit.
2550 1697 2737 1754 Utrum
2776 1702 2890 1757 hinc
2917 1704 2969 1758 in
2996 1704 3170 1760 edicto
3198 1706 3301 1761 alio
3342 1708 3535 1777 praeci-

1971 1798 2092 1852 pere
2122 1794 2202 1838 sat
2231 1785 2493 1856 habuerit,
2526 1806 2593 1847 an
2622 1808 2751 1848 vero
2776 1810 2893 1865 qua:
2920 1805 3090 1850 exstat
3115 1798 3439 1865 constitutio,
3467 1798 3535 1852 ad

1968 1886 2199 1931 nostram
2241 1888 2455 1937 aetatem
2494 1899 2600 1939 non
2642 1885 2842 1955 integra
2886 1888 3206 1955 pervenerit,
3248 1889 3399 1944 nobis
3428 1906 3536 1945 non

1966 1976 2186 2021 constat.
2216 1970 2417 2027 Praeter
2440 1974 2585 2044 leges
2610 1977 2778 2045 pridie
2803 1976 2922 2032 idus
2947 1977 3195 2032 februarii
3231 1994 3370 2033 anno
3402 1995 3536 2049 qua-

1965 2059 2375 2129 dringentesimo
2399 2068 2581 2135 quinto
2609 2068 2777 2133 datas,
2802 2085 2934 2139 quas
2965 2086 3068 2123 non
3091 2072 3313 2127 obscure
3339 2071 3539 2125 indica-

1967 2150 2052 2203 bat
2075 2151 2357 2217 Honorius,
2380 2170 2498 2209 cum
2521 2158 2753 2212 secundo
2777 2170 2893 2226 post
2911 2175 3050 2213 anno
3071 2161 3197 2229 quid
3219 2161 3286 2217 de
3308 2160 3536 2216 factione

1967 2241 2151 2295 Donati
2165 2246 2400 2306 sentiret,
2417 2262 2475 2300 se
2496 2264 2660 2317 nuper
2674 2250 2967 2304 ostendisse
2989 2253 3329 2319 proﬁtebatur
3348 2252 3533 2325 (lbid.,

1963 2332 2025 2385 de
2039 2332 2253 2401 Ha'ret.,
2272 2336 2505 2407 legem);
2526 2339 2679 2392 aliam
2711 2355 2919 2409 quoque
2949 2342 3101 2395 tertio
3129 2357 3293 2397 nonas
3321 2345 3535 2398 martias

1962 2422 2200 2491 ejusdem
2245 2427 2369 2479 anni
2408 2428 2909 2498 quadringentesimi
2939 2432 3104 2500 quinti
3134 2432 3198 2484 ad
3232 2432 3530 2486 Diotimium

1963 2513 2156 2569 Africa:
2184 2518 2554 2585 proconsulem
2591 2520 2753 2582 misit,
2785 2536 2885 2590 qua
2913 2522 2961 2575 ei
2991 2521 3294 2588 mandabat,
3317 2532 3373 2575 ut
3402 2522 3531 2576 mis-

1963 2618 2079 2658 sum
2109 2621 2139 2659 a
2169 2622 2226 2660 se
2251 2607 2303 2661 in
2333 2608 2563 2662 Africam
2592 2609 2820 2664 Unitatis
2845 2611 3104 2676 edictum,
3144 2628 3248 2680 quo
3284 2613 3531 2666 omnibus

1964 2698 2334 2761 innotesceret,
2348 2701 2508 2755 variis
2529 2702 2657 2755 locis
2677 2702 2818 2771 afﬁgi
2840 2711 3050 2757 curaret
3071 2702 3254 2773 (lbid.,
3269 2704 3329 2756 de
3344 2704 3531 2773 Ilelig.,

1964 2789 2067 2859 lege
2094 2789 2129 2841 2
2158 2789 2198 2857 ).
2248 2789 2495 2860 Idemque
2550 2792 2838 2860 imperator
2878 2801 3027 2846 sexto
3080 2792 3193 2846 idus
3240 2792 3535 2846 decembris

1966 2881 2201 2949 proxime
2228 2882 2498 2949 sequentis
2529 2882 2772 2935 Diotimio
2801 2882 3028 2945 nuntiat,
3061 2881 3128 2935 ab
3157 2881 3419 2944 omnibus,
3442 2880 3534 2949 qui

1965 2971 2014 3021 in
2061 2969 2246 3023 haeresi
2280 2970 2669 3024 Donatistarum
2698 2970 3009 3040 deprehensi
3042 2968 3252 3035 iuerint,
3283 2970 3533 3023 niulctam

1965 3059 2079 3129 lege
2120 3060 2460 3113 constitutam
2504 3062 2620 3114 sine
2662 3062 2770 3115 ulla
2815 3060 3369 3129 comperendinatione
3416 3076 3539 3116 esse

1964 3150 2272 3220 exigendam
2301 3149 2482 3219 (Ibid.,
2510 3152 2571 3204 de
2598 3150 2811 3215 Παῖτοι,
2840 3153 2949 3222 lege
2972 3152 3083 3221 59).

2034 3244 2089 3298 5.
2116 3242 2325 3297 Theasii
2351 3252 2507 3312 atque
2532 3242 2737 3309 Evodii,
2766 3259 2899 3313 quos
2928 3253 3114 3297 contra
3142 3243 3535 3299 Donatistarum

1964 3331 2244 3387 factionem
2269 3348 2411 3387 anno
2440 3334 2711 3401 superiore
2736 3334 2801 3387 ad
2832 3334 3123 3388 Honorium
3160 3333 3377 3388 miserat
3399 3333 3533 3388 Car-

1964 3425 2274 3494 thaginense
2286 3424 2591 3489 concilium,
2611 3424 2810 3479 reditus
2826 3425 2878 3478 in
2899 3424 3125 3479 Africam
3137 3424 3245 3494 jam
3268 3424 3540 3494 proximus

1964 3518 2266 3587 putabatur,
2296 3532 2417 3571 cum
2460 3516 2678 3570 Paulino
2717 3532 2811 3585 per
2850 3516 3062 3570 Celsum
3088 3516 3364 3585 epistolam
3393 3516 3545 3571 misit

1965 3607 2286 3677 Augustinus
2311 3606 2496 3679 (Epist.
2521 3607 2634 3676 80).
2668 3607 2717 3660 ls
2738 3607 2801 3661 ad
2822 3606 3065 3661 eumdem
3099 3616 3337 3660 sanctum
3367 3620 3547 3674 tmper-

1964 3699 2241 3766 epistolam
2267 3699 2421 3750 aliam
2445 3697 2510 3752 de
2530 3697 2756 3768 quadam
2791 3697 3081 3767 qumstione
3108 3696 3359 3762 dederat,
3376 3711 3546 3765 quam.

1964 3789 2053 3843 ille
2070 3787 2279 3857 quidem
2294 3788 2451 3842 nimis
2469 3788 2665 3842 cursim
2681 3796 2735 3842 et
2749 3787 2997 3853 breviter,
3013 3787 3104 3842 sed
3123 3787 3276 3856 plane
3292 3787 3539 3842 christia-

1965 3895 2030 3933 na
2058 3888 2234 3934 mente
2250 3895 2311 3933 ac
2326 3879 2517 3948 pietate
2532 3880 2865 3944 dissolverat,
2882 3878 3196 3933 aflirmando
3214 3879 3283 3932 ita
3299 3892 3357 3932 se
3367 3877 3543 3940 Nolae,

1965 3972 2051 4025 ubi
2072 3971 2312 4039 degebat,
2332 3986 2543 4025 manere
2558 3975 2826 4035 statuisse,
2842 3978 2900 4024 ut
2913 3970 2956 4023 si
2972 3969 3097 4039 quid
3117 3968 3257 4023 aliud
3272 3983 3301 4021 a
3318 3983 3378 4023 se
3398 3968 3547 4022 Deus

1964 4070 2257 4131 expeteret,
2301 4060 2415 4129 ejus
2458 4061 2780 4115 voluntatem
2822 4074 2933 4113 sua:
2971 4069 3291 4128 anteponere
3324 4065 3547 4127 paratus

1964 4163 2125 4207 esset.
2150 4150 2466 4206 Perbrevem
2509 4150 2707 4204 hancce
2744 4149 3146 4219 responsionem
3170 4147 3383 4203 videtur
3405 4148 3544 4201 Pau-

1962 4244 2102 4299 linus
2122 4244 2277 4299 Celso
2297 4244 2504 4299 cuidam
2536 4241 2845 4306 tradidisse;
2889 4256 2991 4312 qua
3031 4239 3254 4295 necdum
3295 4248 3540 4307 accepta,

1964 4336 2032 4389 ad
2083 4336 2326 4391 eumdem
2370 4350 2554 4389 rursus
2598 4332 2920 4402 Augustinus
2959 4347 3056 4401 per
3102 4331 3540 4386 Fortunatianum

1965 4428 2356 4497 llipponensem
2384 4426 2748 4496 presbyterum
2770 4424 2988 4478 Romam
3012 4423 3061 4476 id
3083 4422 3333 4490 temporis
3355 4429 3538 4490 peten-

1966 4526 2073 4574 tem
2103 4518 2404 4587 scripserat.
2435 4516 2684 4584 Epistolze
2711 4523 2889 4568 autem
2913 4513 3015 4566 illa:
3038 4521 3164 4576 tres,
3202 4512 3404 4565 scilicet
3430 4526 3537 4566 una

1965 4610 2188 4675 Paulini,
2202 4618 2256 4663 et
2273 4607 2551 4677 Augustini
2572 4606 2711 4671 duae,
2728 4605 3054 4659 exciderunt.
3079 4601 3263 4658 Celsus
3279 4618 3341 4657 ea
3360 4609 3537 4657 mente

1966 4699 2261 4768 Hipponem
2293 4706 2528 4763 venerat,
2561 4705 2616 4749 ut
2643 4696 2695 4749 in
2726 4694 3001 4764 Augustini
3044 4692 3398 4747 familiaritate
3422 4692 3538 4746 dies

1965 4792 2164 4860 aliquot
2189 4789 2507 4845 traduceret.
2543 4786 2738 4841 Verum
2757 4785 3089 4840 occasionem
3113 4783 3301 4853 navigii
3329 4791 3533 4845 nactus,

1966 4893 2205 4936 sanctum
2238 4878 2519 4934 Prazsnlem
2547 4892 2669 4931 sero
2697 4875 2983 4930 admodum
3012 4873 3234 4939 monuit,
3260 4887 3318 4926 se
3341 4871 3537 4943 postriv

1967 4973 2052 5027 die
2080 4972 2458 5033 discessurum,
2488 4980 2682 5036 rogans
2711 4975 2769 5020 ut
2795 4966 2893 5019 sibi
2924 4963 2988 5017 ad
3016 4963 3287 5015 Paulinum
3317 4974 3537 5029 respon-

1966 5063 2169 5116 sionem
2204 5060 2372 5113 daret.
2405 5056 2695 5127 Epistulam
2737 5070 2863 5124 ergo
2905 5067 3128 5123 propere
3171 5049 3384 5104 dictavit
3427 5050 3539 5103 Au-

1965 5152 2207 5223 gustinus
2237 5168 2251 5205 :
2274 5150 2324 5203 in
2351 5165 2453 5219 qua
2480 5147 2762 5201 Paulinum
2783 5152 2920 5207 orat,
2948 5152 3022 5205 ut,
3042 5156 3143 5210 qua
3172 5139 3375 5193 ratione
3399 5138 3535 5193 divi-

1967 5259 2087 5298 nam
2113 5242 2436 5296 voluntatem
2461 5238 2821 5294 internoscere
2843 5233 3106 5304 possimus
3136 5232 3188 5285 in
3218 5231 3306 5285 illa
3326 5230 3538 5286 actione

1968 5337 2106 5391 inter
2124 5335 2302 5405 plures
2322 5333 2490 5388 bonas
2506 5328 2795 5399 seligenda,
2814 5340 2968 5396 quam
2985 5340 3015 5378 a
3036 5324 3188 5379 nobis
3201 5324 3340 5378 Deus
3359 5332 3538 5392 postu-
3557 5375 3563 5394 ,

1968 5428 2059 5491 let,
2073 5434 2230 5494 atque
2244 5424 2376 5478 adeo
2392 5437 2547 5491 quam
2568 5436 2662 5474 nos
2683 5418 2798 5486 ejus
2811 5415 3063 5469 voluntati
3079 5415 3535 5482 obtemperaturos
3556 5478 3562 5493 θ

1967 5517 2174 5571 caeteris
2201 5514 2449 5583 praeferre
2476 5517 2736 5580 oporteat,
2760 5507 2857 5561 sibi
2884 5504 3142 5575 significet
3168 5522 3182 5559 :
3202 5505 3257 5558 in
3272 5502 3374 5558 hoc
3391 5501 3565 5580 enim

1968 5622 2072 5662 non
2099 5605 2230 5672 falli,
2253 5613 2410 5674 atque
2438 5602 2492 5657 in
2520 5607 2758 5671 peccata,
2783 5612 2899 5668 qua:
2924 5597 3246 5666 ignoremus,
3269 5608 3374 5648 non
3401 5592 3531 5660 labi,

1969 5703 2160 5760 fatetur
2182 5695 2416 5753 difﬁcile.
2448 5694 2512 5750 Ei
2537 5709 2595 5751 se
2624 5691 2840 5749 uberius
2870 5689 3189 5761 scripturum
3215 5686 3497 5759 pollicetur
3512 5722 3534 5753 ,
