3990 6360
378 317 480 385 361

380 440 471 496 ubi
502 438 733 510 primum
769 434 1029 492 Timasius
1064 447 1127 488 ac
1156 430 1422 496 Evodius,
1466 444 1689 500 quorum
1740 429 1791 483 in
1843 426 1957 482 dies

380 533 621 603 singulos
648 530 1054 601 exspectabatur
1079 526 1357 591 adventus,
1388 522 1673 577 rediisscnt
1692 563 1706 586 ,
1741 520 1957 591 ipseque

380 640 503 680 eum
533 624 587 677 in
619 624 840 677 istorum
871 622 1237 690 episc0porum
1260 615 1522 670 mentibus
1544 629 1606 667 ac
1622 612 1799 667 verbis
1825 625 1956 665 con-

379 716 659 785 spexisset.
691 712 908 768 Reversi
938 719 1079 776 sunt,
1108 719 1165 764 ut
1191 707 1408 762 credere
1438 705 1580 765 licet,
1604 716 1787 757 mense
1812 713 1956 754 mar-

379 808 484 872 tio,
536 804 618 859 vel
656 805 843 857 saltem
887 800 1062 870 aprili,
1106 798 1316 869 quando
1372 797 1513 865 leges
1558 794 1612 847 in
1657 791 1956 846 Donatislas

379 895 548 965 pridie
591 893 709 948 idus
743 890 991 947 lebruarii
1021 890 1131 958 jam
1167 899 1434 942 concessa:
1473 894 1629 953 atque
1667 881 1956 951 obsignata:

377 996 550 1042 erant.

448 1079 501 1132 4.
540 1076 814 1141 Jamvero,
864 1080 1043 1127 narrat
1089 1069 1443 1140 Augustinus,
1500 1083 1616 1119 cum
1652 1065 1775 1136 ipsa:
1827 1065 1957 1135 lcges

377 1169 617 1221 venissent
633 1168 682 1220 in
701 1166 943 1235 Africam,
968 1162 1219 1233 praecipue
1233 1160 1307 1212 illi
1328 1159 1411 1229 qui
1431 1156 1714 1228 quaâ€™rebant
1734 1157 1957 1209 occasio-

381 1277 527 1323 nem,
559 1268 645 1311 aut
669 1257 911 1313 stevitiam
937 1253 1208 1324 furentium
1233 1250 1534 1314 metuebant,
1560 1257 1648 1300 aut
1680 1264 1795 1300 suos
1821 1262 1957 1300 vere-

376 1351 723 1404 cundabantur
756 1347 1008 1413 offendere
1030 1386 1043 1409 ,
1084 1344 1152 1397 ad
1204 1342 1486 1395 Ecclesium
1522 1339 1757 1393 continuo
1787 1349 1955 1392 trans-

375 1444 557 1494 ierunt.
595 1440 746 1493 Multi
774 1440 923 1492 etiam
945 1479 959 1497 ,
998 1437 1083 1502 qui
1115 1434 1225 1488 sola
1250 1432 1356 1485 illic
1388 1449 1419 1484 a
1463 1430 1748 1498 parentibus
1772 1428 1957 1481 tradita

377 1531 734 1585 consuetudine
756 1529 1064 1590 tenebantur,
1104 1524 1301 1595 qualem
1330 1538 1446 1575 vero
1476 1537 1679 1573 causam
1708 1520 1820 1588 ipsa
1848 1520 1957 1572 lia!-

375 1624 497 1675 resis
517 1623 741 1683 haberet,
789 1634 1046 1688 nunquam
1094 1627 1240 1669 antea
1283 1614 1652 1684 cogitaverant,
1704 1628 1955 1681 nunquam

377 1729 598 1780 quaarere
641 1722 687 1766 et
725 1711 1043 1765 considerare
1076 1709 1371 1770 voluerant;
1415 1722 1532 1759 mox
1574 1703 1658 1757 ubi
1704 1713 1958 1773 coeperunt

375 1804 632 1857 advertere
656 1846 670 1867 ,
700 1812 744 1856 et
771 1803 897 1856 nihil
920 1803 970 1853 in
1011 1818 1067 1854 ea
1094 1801 1301 1869 dignum
1330 1800 1567 1860 invenire,
1599 1806 1800 1865 prapter
1824 1794 1959 1863 quod

379 1906 519 1950 tanta
544 1897 729 1948 damna
763 1902 1069 1963 paterentur,
1099 1892 1206 1944 sine
1248 1888 1355 1943 ulla
1400 1888 1690 1957 difficultate
1727 1884 1959 1937 catholici

378 1989 499 2059 facti
524 1997 639 2040 sunt
664 2004 681 2041 .'
710 1986 876 2038 docuit
902 1986 1031 2038 enim
1057 2000 1139 2037 eos
1165 1980 1448 2035 sollicitudo
1471 2022 1483 2042 ,
1507 1994 1632 2048 quos
1655 1978 1958 2046 negligentes

377 2078 619 2131 securitas
644 2078 845 2143 fecerat.
881 2074 1104 2128 Istorum
1130 2082 1292 2125 autem
1319 2071 1540 2123 omnium
1572 2068 1956 2137 prwcedentium

379 2171 725 2223 auctoritatem
751 2178 796 2222 et
826 2168 1198 2238 persuasionem
1223 2165 1379 2219 secuti
1402 2175 1515 2216 sunt
1545 2163 1708 2226 multi,
1749 2162 1835 2231 qui
1864 2161 1959 2213 mi-

382 2275 477 2313 nus
518 2260 683 2311 idonei
712 2266 853 2311 erant
896 2273 983 2325 per
1027 2274 1080 2311 se
1122 2258 1257 2325 ipsos
1287 2254 1576 2322 intelligere,
1605 2253 1725 2320 quid
1751 2254 1957 2306 distaret

379 2349 513 2403 inter
560 2348 939 2402 Donatistarum
988 2364 1227 2411 errorem,
1267 2357 1310 2399 et
1339 2346 1639 2399 catholicam
1681 2346 1955 2397 veritatem.

381 2437 467 2494 Ita
491 2456 606 2492 cum
628 2456 812 2510 magna
830 2440 1033 2510 agmina
1062 2438 1363 2508 populorum
1393 2454 1505 2489 vera
1537 2446 1693 2488 mater
1712 2436 1764 2487 in
1793 2435 1958 2488 sinum

374 2530 601 2601 gaudens
646 2530 905 2599 reciperet,
936 2538 1282 2582 remanserunt
1330 2526 1488 2580 turba:
1514 2526 1675 2592 durae,
1705 2534 1751 2579 et
1786 2527 1837 2579 in
1867 2525 1960 2579 illa

377 2631 515 2691 peste
549 2620 740 2691 infelici
763 2621 1078 2673 animositate
1120 2620 1368 2672 sistentes.
1402 2617 1482 2671 Ea:
1509 2618 1586 2670 his
1605 2633 1803 2687 quoque
1841 2618 1958 2684 plu-

376 2712 495 2765 rimi
536 2711 822 2765 simulando
852 2711 1370 2776 communicaverunt,
1407 2708 1495 2761 alii
1523 2709 1771 2779 paucitate
1796 2709 1959 2761 latue-

377 2812 515 2856 runt.
546 2802 649 2857 Sed
669 2802 748 2856 illi
768 2804 852 2872 qui
876 2802 1200 2868 simulabant,
1236 2801 1483 2872 paulatim
1532 2802 1880 2865 assuescendo,
1916 2810 1960 2854 et

384 2894 792 2963 prcedicationem
839 2895 1058 2947 veritatis
1097 2894 1368 2958 audiendo,
1398 2894 1615 2947 maxime
1650 2902 1759 2963 post
1797 2894 1959 2946 colla-

383 2983 570 3035 tionem
614 2993 659 3036 et
705 2984 1095 3053 disputationem
1135 2999 1247 3051 qua:
1288 2984 1418 3035 inter
1468 3000 1560 3036 nos
1608 2993 1654 3035 et
1700 2984 1960 3052 episcopos

381 3088 553 3125 eorum
577 3071 715 3142 apud
740 3072 1094 3142 Carthaginem
1125 3074 1242 3143 fuit,
1274 3089 1336 3126 ea;
1361 3089 1544 3142 magna
1573 3083 1713 3141 parte
1753 3073 1961 3125 correcti

382 3170 515 3214 sunt.
547 3159 613 3213 In
640 3161 934 3231 quibusdam
960 3179 1076 3215 vero
1101 3162 1243 3225 locis,
1272 3162 1357 3214 ubi
1392 3163 1692 3230 pertinacior
1721 3173 1766 3215 et
1791 3164 1959 3231 impa-

382 3251 542 3303 ratior
569 3252 828 3321 praevaluit
872 3251 1166 3317 multitudo,
1205 3252 1287 3304 cui
1319 3255 1548 3305 resistere
1585 3268 1686 3305 non
1736 3261 1962 3320 poterant

384 3344 665 3411 pauciores,
692 3360 902 3415 quorum
923 3354 1026 3396 erat
1043 3343 1220 3396 melior
1243 3344 1305 3396 de
1328 3344 1672 3396 communione
1696 3345 1958 3406 sententia,

381 3442 469 3484 aut
496 3433 653 3486 turba:
671 3434 957 3487 auctoritati
984 3450 1259 3504 paucorum
1300 3434 1633 3501 potentiorum
1673 3432 1886 3485 subdita:
1910 3433 1963 3485 in

386 3525 570 3577 malum
598 3534 789 3593 portent
809 3524 1229 3594 obtemperarunt,
1257 3524 1513 3593 aliquanto
1540 3523 1727 3575 diutius
1766 3523 1963 3575 labora-

388 3623 496 3666 tum
524 3624 596 3667 est
626 3613 815 3685 (Epist.
848 3615 971 3678 185,
999 3631 1086 3667 nn.
1114 3614 1206 3677 29,
1237 3614 1348 3684 50).
1395 3612 1450 3666 In
1494 3613 1714 3681 epistula
1752 3627 1964 3681 quoque

383 3705 449 3758 ad
480 3704 813 3760 Vincentium
851 3715 974 3761 ante
993 3705 1343 3785 Collationem
1362 3744 1375 3767 ,
1408 3712 1463 3757 ut
1493 3703 1703 3772 quidem
1731 3702 1957 3766 videtur,

384 3796 621 3864 scripta,
672 3805 887 3850 sanctus
942 3796 1177 3849 Antistes
1220 3794 1393 3849 adhuc
1437 3795 1650 3848 uberius
1700 3794 1959 3861 explicat,

383 3899 639 3955 quantum
684 3888 925 3942 utilitatis
968 3888 1221 3942 Ecclesia:
1266 3888 1526 3941 severitas
1572 3901 1756 3940 earum
1789 3884 1961 3954 legum

386 3980 617 4033 attulerit
665 3995 679 4034 :
732 3980 975 4049 qua'dam
1022 3980 1143 4034 inde
1185 3980 1346 4033 verba
1396 3978 1686 4048 subjecisse
1713 3981 1960 4034 sulliciet.

386 4066 465 4120 De
490 4069 764 4122 multorum
783 4110 797 4134 ,
831 4071 937 4133 ait,
970 4070 1072 4133 iam
1101 4070 1405 4123 correctione
1432 4069 1726 4139 gaudemus,
1749 4072 1835 4140 qui
1862 4081 1964 4124 tam

389 4159 629 4213 veraciter
649 4160 889 4213 unitatem
912 4161 1207 4217 catholicam
1233 4170 1397 4215 tenent
1422 4170 1567 4231 atque
1595 4162 1895 4231 defendunt,
1916 4173 1964 4217 et

388 4266 421 4301 a
446 4250 658 4321 pristino
689 4266 855 4304 errore
879 4268 933 4305 se
959 4252 1191 4306 liberatos
1228 4267 1332 4305 esse
1356 4252 1621 4317 laetantur,
1658 4262 1711 4305 ut
1737 4270 1818 4306 eos
1851 4271 1964 4307 cum

388 4357 573 4412 magna
600 4342 935 4412 gratulatione
959 4344 1214 4396 miremur.
1238 4344 1305 4396 Et
1332 4343 1489 4411 paulo
1512 4343 1645 4396 infra
1671 4361 1682 4395 :
1717 4343 1761 4396 0
1782 4345 1826 4397 si
1845 4361 1965 4414 pos-

387 4448 492 4484 sent
541 4432 629 4484 tibi
667 4431 944 4498 ostendere,
997 4448 1060 4486 ca:
1102 4433 1227 4501 ipsis
1283 4432 1776 4487 Circumcellionibus
1814 4452 1963 4503 quam

389 4524 574 4574 multos
588 4523 701 4591 jam
726 4522 996 4577 catholicos
1016 4523 1304 4593 manifestos
1344 4523 1611 4576 habeamus
1629 4564 1642 4587 ,
1669 4522 1964 4577 damnantes

388 4626 534 4664 suam
578 4611 841 4679 pristinam
882 4612 1035 4665 vitam
1075 4620 1120 4666 et
1148 4613 1479 4666 miserabilem
1520 4627 1756 4677 errorem,
1788 4629 1886 4681 quo
1913 4629 1966 4666 se

387 4699 761 4754 arbitrabantur
790 4718 880 4769 pro
907 4701 1136 4755 Ecclesia
1164 4702 1259 4755 Dei
1278 4707 1458 4773 facere,
1482 4702 1721 4772 quidquid
1748 4704 1966 4773 inquieta

392 4792 670 4844 temeritate
698 4792 989 4861 faciebant!
1016 4792 1203 4865 (Epist.
1236 4794 1323 4857 93,
1358 4810 1446 4845 nn.
1481 4794 1531 4854 l,
1560 4792 1633 4862 2)
1664 4803 1768 4847 etc.
1814 4793 1966 4847 Multi

396 4900 590 4949 eorum,
612 4900 826 4952 quorum
842 4886 954 4954 jam
980 4886 1031 4938 in
1058 4887 1245 4939 unitate
1272 4884 1472 4949 Christi,
1505 4887 1641 4955 pium
1665 4886 1784 4954 ï¬dei
1812 4889 1963 4957 fervo-

390 4991 496 5029 rem
519 4976 911 5045 charitatemque
938 4978 1198 5041 miramur,
1243 4994 1356 5029 cum
1400 4994 1584 5045 magna
1634 4978 1807 5030 ltetitia
1854 4976 1963 5031 Deo

388 5066 583 5135 gratias
603 5076 779 5137 agunt,
812 5066 944 5136 quod
967 5066 1057 5118 illo
1082 5083 1248 5119 errore
1284 5077 1573 5131 caruerunt,
1602 5066 1687 5119 ubi
1713 5067 1846 5120 mala
1869 5068 1965 5121 ista

390 5156 519 5210 bona
542 5166 838 5225 putaverunt
861 5173 879 5210 :
902 5173 1023 5226 quas
1049 5158 1237 5226 gratias
1260 5157 1407 5210 modo
1433 5159 1652 5211 volentes
1699 5174 1797 5210 non
1842 5175 1962 5228 age-

386 5255 515 5307 rent,
557 5247 654 5299 nisi
683 5248 821 5316 prius
863 5248 1012 5299 etiam
1042 5247 1264 5300 nolentes
1301 5246 1360 5299 ab
1390 5247 1480 5300 illa
1513 5249 1706 5319 nefaria
1730 5250 1965 5303 societate

384 5337 713 5391 discederent.
747 5338 881 5403 Quid
923 5339 985 5393 de
1022 5339 1123 5392 illis
1170 5340 1425 5401 dicamus,
1455 5338 1540 5408 qui
1578 5338 1719 5392 nobis
1746 5342 1966 5409 quotidie

386 5429 704 5497 confitentur,
733 5428 868 5499 quod
888 5430 1000 5499 jam
1031 5430 1150 5482 olim
1198 5429 1424 5482 volebant
1452 5444 1556 5481 esse
1580 5430 1851 5494 catholici;
1874 5431 1963 5484 sed

385 5520 516 5573 inter
535 5535 616 5572 eos
645 5518 956 5583 habitabant,
987 5521 1113 5570 inter
1156 5536 1278 5588 quos
1312 5519 1367 5571 id
1408 5521 1543 5589 quod
1584 5517 1813 5572 volebant
1856 5537 1965 5574 esse

388 5626 491 5665 non
511 5618 740 5682 poterant
762 5626 849 5679 per
878 5610 1221 5678 infirmitatem
1250 5612 1465 5676 timoris,
1491 5611 1577 5665 ubi
1601 5613 1645 5665 si
1672 5629 1827 5665 unum
1850 5630 1961 5667 ver-

384 5698 502 5756 bum
540 5716 633 5770 pro
677 5700 938 5756 Catholica
966 5698 1205 5771 dicerent,
1238 5711 1282 5755 et
1333 5702 1431 5772 ipsi
1472 5710 1519 5755 et
1567 5700 1747 5756 domus
1791 5717 1962 5756 eorum

1472 312 1629 371 VlTA
1669 312 1725 371 S.
1769 309 2134 371 AUGUSTINI
2173 312 2498 372 EPISCOPI.

3537 321 3653 382 852

2064 428 2292 499 funditus
2334 431 2705 486 everterenlur.â€™
2743 429 2930 503 (Epist.
2958 434 3081 502 185,
3107 452 3158 490 Î·.
3186 434 3295 508 l3).
3326 433 3383 491 In
3416 437 3649 494 Cresco-

2063 518 2205 572 nium
2232 520 2393 574 etiam
2429 521 2667 576 scribens
2695 521 2821 577 dicit
2847 523 3139 579 Ecclesiam
3168 525 3482 582 catholicam
3512 543 3648 598 qua-

2062 624 2376 679 quaversum
2403 610 2623 665 diffundi
2645 627 2707 666 ac
2729 613 2958 677 dilatari,
2983 630 3101 668 cum
3125 616 3174 669 in
3200 617 3309 686 ipsa
3324 616 3499 672 Africa
3522 632 3649 688 pars

2063 701 2249 756 Donati
2277 703 2327 756 in
2356 703 2469 758 dies
2495 704 2661 773 magis
2687 705 2959 775 magisque
3003 707 3266 762 minuatur
3288 707 3494 780 (Contra
3519 709 3646 765 Cre-

2061 794 2310 857 sconium,
2342 794 2427 847 lib.
2459 795 2513 860 3,
2547 812 2601 848 Î·.
2633 796 2741 865 71).
2781 796 2917 849 Nam
2944 798 2988 851 si
3030 815 3200 867 posses
3228 800 3411 863 videre,
3442 800 3651 868 inquit,

2061 898 2212 952 quam
2261 884 2409 955 longe
2449 885 2643 955 lateque
2679 886 2912 957 Africam
2954 904 3095 941 error
3139 888 3236 942 iste
3273 899 3575 957 pervaserat,
3602 898 3652 943 et

2061 990 2211 1043 quam
2250 991 2411 1043 pauca
2454 976 2562 1045 ejus
2604 979 2965 1043 remanserint,
2993 995 3105 1049 qua:
3146 979 3368 1033 nondum
3392 981 3444 1033 in
3471 997 3650 1050 pacem

2061 1065 2362 1118 catholicam
2395 1076 2613 1120 correcta
2639 1068 2975 1132 transierunt;
3000 1070 3141 1123 nullo
3166 1071 3313 1123 modo
3337 1082 3649 1126 assertoruns

2062 1157 2349 1211 christiana:
2377 1160 2516 1229 pacis
2540 1168 2585 1213 et
2613 1160 2825 1214 unitatis
2853 1161 3216 1232 infructuosam
3242 1170 3287 1214 et
3328 1162 3530 1215 inanem
3553 1179 3647 1214 ar-

2062 1248 2316 1302 bitrareris
2342 1250 2629 1303 instantiam
2655 1249 2841 1319 (Ibid.,
2862 1253 2951 1306 lib.
2977 1252 3029 1319 i,
3054 1270 3108 1307 Î·.
3143 1254 3218 1324 7).
3244 1254 3325 1307 Ad
3362 1255 3487 1308 anni
3509 1269 3647 1324 qna-

2061 1338 2458 1409 dringentesimi
2504 1342 2675 1395 octavi
2732 1341 2888 1395 linem
2936 1343 2988 1396 in
3033 1343 3147 1398 inec
3176 1343 3331 1398 verba
3376 1343 3645 1413 loquitur:

2063 1428 2119 1481 Îœ
2124 1430 2282 1482 ultum
2302 1446 2421 1483 sane
2440 1430 2501 1482 de
2516 1432 2873 1501 quorumdam,
2898 1450 3055 1504 neque
3071 1450 3365 1502 paucorum,
3381 1435 3482 1504 ï¬de
3496 1436 3649 1504 ï¬rma

2062 1530 2108 1574 et
2147 1520 2312 1573 stabili
2341 1524 2675 1591 gratulamur,
2704 1524 2789 1594 qui
2827 1542 2889 1578 ea:
2915 1528 3176 1580 occasione
3204 1527 3370 1599 legum
3418 1528 3649 1597 ipsarum

2060 1611 2129 1663 ad
2150 1610 2485 1665 Christianam
2506 1614 2796 1684 religionem
2820 1615 2895 1668 vel
2911 1614 3210 1669 catholicam
3229 1633 3399 1687 pacem
3421 1621 3650 1672 conversi

2061 1711 2214 1765 sunt;
2257 1720 2347 1772 pro
2374 1720 2587 1771 quorum
2621 1705 2785 1758 salute
2823 1707 3128 1777 sempiterna
3167 1724 3258 1762 nos
3299 1708 3353 1762 in
3396 1708 3490 1762 hac
3517 1720 3650 1762 temâ€”

2064 1793 2227 1863 porali
2252 1794 2397 1846 etiam
2425 1795 2700 1865 periclitari
2728 1796 2958 1850 delectat.
2984 1797 3261 1869 Pr0pterea
3282 1801 3410 1851 cnim
3430 1800 3652 1854 maxime

2062 1888 2123 1940 ab
2151 1887 2432 1941 hominibus
2462 1890 2672 1942 nimium
2701 1891 2921 1960 dareque
2950 1892 3211 1961 perversis,
3255 1909 3387 1945 nunc
3425 1892 3649 1945 inimici-

2064 1982 2247 2033 tiarum
2293 1982 2547 2052 graviores
2590 1983 2805 2053 impetus
2851 1985 3194 2051 sustinemus,
3245 2002 3368 2053 quos
3415 1989 3653 2040 nonnulli

2063 2090 2234 2126 eorum
2256 2074 2509 2127 nobiscum
2536 2076 2896 2141 patientissime
2915 2079 3160 2131 sustinent
3178 2077 3367 2149 (Epist.
3387 2080 3474 2145 97,
3495 2098 3547 2133 n.
3564 2082 3646 2150 Î±á¼±).

2065 2164 2387 2219 Fatebantur
2415 2183 2570 2236 quam
2599 2168 2828 2235 plurimi,
2855 2168 2955 2223 hoc
2981 2169 3470 2239 sibivgratissimum
3500 2173 3648 2225 acci-

2064 2254 2227 2318 disse,
2249 2265 2305 2309 ut
2322 2255 2386 2309 ad
2410 2256 2734 2310 redeundum
2762 2258 2812 2310 in
2838 2258 3011 2311 sinum
3040 2258 3293 2313 Ecclesia:
3309 2270 3648 2330 cogerentur,

2064 2361 2127 2399 ac
2157 2346 2233 2400 sic
2254 2346 2426 2399 reditu
2454 2361 2549 2400 suo
2588 2347 3081 2403 Circumcellionum
3114 2349 3481 2403 vexationibus
3516 2364 3649 2403 cau-

2065 2452 2177 2491 sam
2209 2438 2403 2491 nullam
2434 2438 2735 2509 praeberent
2758 2438 2947 2511 (Epist.
2981 2440 3101 2504 105,
3129 2458 3181 2495 n.
3213 2440 3289 2508 5).
3310 2441 3446 2509 Quin
3484 2443 3647 2496 etiam

2065 2544 2249 2583 earum
2268 2531 2355 2599 qui
2380 2545 2481 2583 non
2506 2546 2569 2584 ex
2597 2532 2793 2596 animo,
2824 2532 2917 2587 sed
2948 2547 3012 2586 ex
3042 2549 3189 2588 mero
3218 2534 3407 2589 timore
3436 2544 3648 2603 partem

2068 2621 2256 2674 Donati
2285 2621 2531 2676 abdicare
2561 2621 2894 2687 videbantur,
2921 2639 3025 2676 non
3050 2624 3200 2693 pauci
3227 2624 3279 2677 in
3310 2624 3650 2694 sequentium

2069 2724 2364 2784 temporum
2413 2713 2720 2768 difï¬cultate
2772 2714 3026 2783 majorem
3072 2716 3420 2769 constantiam
3454 2731 3559 2785 prae
3589 2730 3651 2769 se

2069 2805 2322 2869 tulerunt,
2353 2820 2510 2873 quam
2550 2804 2639 2874 qui
2667 2820 2932 2872 nunquam
2964 2820 2992 2856 a
3022 2803 3277 2858 catholica
3306 2804 3525 2858 veritate
3548 2803 3653 2857 de-

2067 2893 2327 2947 sciverant
2354 2892 2543 2964 (Epist.
2576 2893 2645 2948 89
2665 2936 2679 2956 ,
2710 2912 2763 2947 n.
2793 2892 2869 2965 7).
2895 2894 2983 2948 Sic
3020 2894 3196 2959 multi,
3248 2893 3419 2962 inquit
3462 2893 3649 2963 Augu-

2068 2985 2266 3049 stinus,
2290 3001 2377 3055 per
2402 2985 2517 3039 illas
2538 2986 2670 3055 leges
2694 2986 2902 3039 correcti
2929 2997 3065 3051 sunt,
3089 2997 3135 3039 et
3155 2986 3375 3055 quotidie
3389 2986 3655 3054 corrigunâ€”

2069 3083 2185 3137 tur;
2212 3083 2259 3126 et
2284 3090 2337 3127 se
2360 3091 2465 3127 esse
2491 3084 2755 3140 correctos,
2784 3085 2934 3144 atque
2976 3074 3038 3127 ab
3071 3074 3161 3128 illa
3188 3058 3382 3144 furiosa
3428 3075 3657 3145 pernicie

2068 3164 2318 3227 liberatos,
2348 3165 2537 3233 gratias
2562 3173 2738 3234 agunt.
2762 3162 2831 3216 Et
2858 3164 2943 3232 qui
2962 3163 3188 3228 oderant,
3219 3164 3459 3232 diligunt,
3488 3163 3656 3215 mole-

2067 3265 2266 3324 stasque
2287 3256 2381 3308 sibi
2399 3256 2552 3325 fuisse
2571 3256 2927 3309 saluberrimas
2949 3256 3097 3326 leges,
3123 3265 3364 3325 quantum
3379 3255 3431 3307 in
3453 3255 3657 3307 insania

2069 3346 2458 3412 detestabantur,
2505 3355 2697 3398 tantum
2742 3356 2940 3415 recepta
2990 3347 3202 3399 sanitate
3227 3346 3578 3415 gratulantur;
3605 3353 3661 3397 et

2069 3435 2119 3486 in
2150 3434 2394 3497 residuos,
2422 3451 2539 3486 cum
2565 3433 2741 3504 quibus
2767 3440 2967 3505 fuerant
2993 3436 3220 3503 perituri,
3242 3436 3353 3503 jam
3382 3433 3535 3487 simili
3565 3432 3656 3485 di-

2070 3525 2277 3578 lectione
2324 3522 2615 3591 nobiscum,
2648 3536 2701 3577 ut
2729 3526 2916 3594 pariter
2943 3526 3181 3578 instemus
3212 3542 3273 3578 ne
3299 3525 3376 3577 illi
3403 3534 3609 3595 pereant
3636 3564 3651 3587 ,

2069 3617 2347 3669 excitantur
2375 3616 2562 3688 (Epist.
2591 3617 2712 3679 185,
2734 3634 2785 3668 n.
2811 3617 2887 3685 7).
2916 3616 3093 3670 Multis
3110 3618 3257 3669 etiam
3279 3616 3466 3686 profuit
3486 3614 3656 3685 (quod

2070 3706 2448 3773 experimentis
2468 3705 2803 3775 probavimus
2819 3715 2870 3760 et
2889 3704 3213 3777 probamus),
3232 3706 3371 3776 prius
3388 3705 3563 3757 timore
3578 3705 3659 3758 vel

2073 3795 2246 3848 dolore
2270 3797 2401 3866 cogi,
2424 3806 2479 3849 ut
2502 3806 2671 3865 postea
2701 3805 2900 3864 possent
2926 3796 3114 3859 doceri,
3136 3804 3224 3848 aut
3246 3794 3380 3864 quod
3408 3795 3521 3864 jam
3541 3810 3659 3847 ver-

2071 3884 2145 3938 bis
2173 3885 2471 3951 didicerant,
2498 3901 2647 3955 opere
2688 3886 2871 3939 sectari
2908 3884 3093 3957 (lbid.,
3123 3902 3174 3938 n.
3218 3884 3332 3954 il).
3362 3888 3532 3954 Atque
3576 3884 3655 3937 illi

2072 3983 2195 4027 sunt
2220 3975 2423 4028 fructus
2442 4017 2456 4041 ,
2486 3991 2618 4044 quos
2648 3975 2851 4044 peperit
2889 3986 3102 4045 paterna
3143 3976 3229 4029 illa
3246 3976 3506 4029 severitas
3526 3990 3655 4029 cum

2070 4080 2133 4119 ea
2182 4065 2512 4119 institutione
2559 4065 2844 4135 conjuncta
2868 4106 2883 4130 ,
2930 4080 3031 4135 qua
3063 4065 3300 4119 Ecclesia
3330 4064 3620 4119 redeuntes
3640 4104 3659 4127 ,

2070 4157 2366 4227 prmsertim
2411 4157 2685 4225 Augustini
2728 4157 2906 4226 lingua
2938 4166 2992 4211 et
3030 4157 3233 4210 calamo
3271 4156 3556 4210 imbuebat.
3588 4154 3663 4208 Si

2070 4248 2200 4301 enim
2222 4287 2235 4312 ,
2266 4248 2341 4300 ait
2365 4246 2504 4301 idem
2527 4258 2761 4312 sanctus,
2786 4256 3105 4311 terrerentur,
3131 4256 3176 4300 et
3200 4263 3300 4300 non
3324 4248 3621 4299 docerentur
3638 4261 3665 4310 ;

2071 4339 2297 4409 improba
2320 4338 2465 4408 quasi
2492 4338 2768 4392 dominatio
2813 4339 3083 4392 videretur.
3117 4337 3315 4391 Rursus
3348 4337 3392 4391 si
3416 4338 3662 4390 doceren-

2072 4438 2171 4493 tur,
2203 4438 2248 4482 et
2292 4446 2392 4482 non
2420 4438 2757 4491 terrerentur;
2802 4439 3042 4483 vetustate
3086 4428 3465 4483 consuetudinis
3497 4428 3662 4482 obdu-
3690 4430 3699 4435 â€™

2070 4521 2170 4572 rati
2196 4520 2263 4572 ad
2308 4521 2671 4590 capessendam
2718 4522 2852 4574 viam
2896 4522 3072 4575 salutis
3116 4522 3308 4592 pigrius
3345 4530 3665 4575 moverentur

2074 4610 2262 4681 (Epist.
2287 4610 2376 4674 93,
2400 4628 2453 4663 n.
2486 4611 2562 4680 â¸5).

2142 4702 2195 4754 5.
2235 4700 2351 4754 Non
2380 4700 2537 4770 igitur
2563 4702 2678 4755 sine
2705 4717 2859 4755 causa
2884 4702 3042 4756 ldacii
3068 4700 3191 4756 fasti
3230 4701 3489 4756 unitatem
3519 4701 3668 4755 inter

2072 4791 2375 4845 Catholicos
2398 4807 2460 4844 ac
2492 4792 2791 4845 Donatistas
2823 4792 2923 4845 boc
2945 4807 3087 4846 anno
3114 4793 3301 4846 factam
3333 4800 3659 4846 memorant.

2072 4883 2253 4951 Coepta
2276 4891 2359 4936 est
2380 4881 2606 4950 primum
2628 4880 2944 4953 Carthagine
2968 4890 3091 4937 ante
3119 4883 3381 4937 decimum
3404 4880 3664 4936 kalendas

2072 4974 2393 5043 septembris-
2412 4973 2615 5043 (Codice
2632 4972 2896 5031 Canonum
2924 4975 3107 5043 Afric.,
3130 4991 3244 5028 can.
3268 4973 3383 5046 9i),
3408 4989 3511 5027 non
3532 4974 3663 5043 qui-

2072 5065 2193 5117 dem
2233 5065 2471 5118 Omnium
2504 5064 2930 5131 Donatistarum,
2982 5080 3101 5118 cum
3131 5080 3343 5133 semper
3384 5063 3665 5131 Carthagi-

2072 5153 2253 5207 ncnsis
2274 5153 2506 5221 episc0pi
2531 5154 2736 5206 titulum
2776 5154 2876 5207 sibi
2905 5154 3201 5207 Primianus
3225 5155 3572 5223 arrogaverit.
3603 5164 3662 5207 at

2072 5252 2217 5297 certe
2245 5257 2350 5296 non
2376 5243 2552 5312 exigui
2578 5258 2761 5297 eorum
2790 5244 2994 5298 numeri
3028 5246 3381 5299 conversione
3414 5261 3429 5297 :
3461 5246 3666 5312 ereptis

2073 5343 2322 5403 prieterea
2347 5373 2363 5400 ,
2406 5349 2537 5403 quas
2574 5335 2904 5398 obtinebant,
2934 5336 3099 5389 sacris
3146 5336 3369 5403 aedibus,
3409 5352 3529 5406 quae
3572 5337 3661 5389 vel

2070 5423 2353 5478 Catholicis
2386 5424 2739 5487 traderentur,
2769 5426 2853 5479 vel
2872 5427 3055 5479 saltem
3074 5427 3496 5492 occluderentur,
3515 5428 3663 5497 quod

2067 5518 2176 5589 jam
2221 5527 2343 5571 ante
2372 5518 2422 5570 in
2466 5518 2791 5587 llipponensi
2817 5518 3031 5574 dioecesi
3081 5518 3274 5574 factum
3305 5518 3471 5574 fuisse
3514 5536 3665 5588 repe-

2072 5612 2238 5667 rimus
2265 5610 2460 5683 (Epist.
2493 5610 2612 5675 1â€˜59,
2649 5627 2701 5662 n.
2733 5609 2811 5680 '2).
2857 5611 2982 5665 Post
3030 5611 3219 5665 factam
3266 5611 3381 5665 sive
3426 5620 3657 5680 emptam

2071 5703 2327 5758 unitatem
2358 5700 2594 5757 habitum
2625 5700 2723 5757 fuit
2746 5700 2953 5758 decimo
2977 5700 3575 5777 kalendasgscpteinbris
3600 5701 3660 5757 in
