3990 6360
166 372 177 387 ς
212 299 349 360 353
1619 300 1817 356 uoca
1855 298 2138 357 SEXTUS.

152 426 171 481 ,’
224 419 494 474 basilica
522 418 769 490 Regionis
810 414 1055 471 secundas
1081 415 1497 485 Carthagiuense
1527 416 1847 475 concilium;

148 494 160 506 ’
220 511 398 580 quod
430 511 626 565 Africa:
646 511 803 563 totius
822 508 983 563 fuisse
1008 507 1089 561 vel
1109 524 1170 561 ex
1203 506 1288 559 (lic
1312 507 1425 561 solo
1443 508 1571 560 satis
1588 521 1851 575 superque

224 601 575 655 declaratur
604 618 615 653 :
647 616 802 670 quam
835 615 947 653 rem
993 598 1151 653 etiam
1198 596 1385 666 probat
1425 598 1743 665 legationum
1786 612 1851 651 ex

226 694 521 747 clunibus
550 692 827 761 provinciis
867 690 933 744 ad
980 689 1237 761 synodum
1292 688 1667 742 mittendorum
1714 686 1849 742 facta

228 786 495 837 mentio.
527 782 729 836 Placuit
750 797 845 850 per
872 781 1073 834 litteras
1098 794 1281 848 rogare
1310 779 1694 847 provinciarum
1718 795 1852 848 prte-

230 873 465 938 I’ectos,
490 885 545 929 ut
583 875 643 929 ad
673 873 1091 943 componendam
1124 887 1219 941 per
1250 880 1413 925 totam
1442 872 1704 938 Africam,
1734 887 1851 941 qua:

234 966 483 1018 nonnisi
522 964 835 1033 Carthagine
877 970 999 1016 tunc
1045 962 1295 1029 temporis
1324 961 1676 1031 redintegrata
1701 971 1847 1025 erat,

232 1056 611 1109 cont-ordinm
628 1056 926 1107 laborarent
948 1069 961 1117 ;
987 1054 1113 1106 item
1133 1050 1198 1105 ad
1218 1051 1559 1115 Comitatum,
1586 1050 1635 1103 id
1660 1060 1757 1114 est,
1783 1050 1849 1103 ad

240 1146 655 1214 Imperatorem
683 1144 906 1213 ejusque
933 1142 1222 1208 ministros,
1263 1141 1496 1196 scribere
1517 1184 1532 1207 ,
1566 1150 1624 1195 ut
1649 1141 1698 1195 ei
1728 1156 1849 1210 gra-

237 1239 365 1301 tiae,
399 1238 480 1291 ob
499 1238 746 1306 expulsos
767 1234 1087 1299 Donatistas,
1110 1235 1266 1288 totius
1288 1233 1477 1288 Africa:
1500 1233 1710 1287 nomine
1730 1247 1853 1302 age-

246 1339 461 1383 rentur
488 1326 690 1399 (Codice
717 1324 976 1379 Canonum
999 1325 1181 1394 Afric.,
1206 1342 1318 1377 can.
1349 1322 1460 1395 94).
1492 1324 1592 1390 Qui
1620 1338 1748 1377 vero
1770 1323 1853 1375 lit-

245 1428 415 1471 seras
462 1419 583 1471 illas
623 1417 925 1480 deferrent,
970 1416 1125 1469 electi
1168 1425 1292 1469 sunt
1338 1414 1463 1478 duo,
1493 1430 1595 1467 non
1638 1413 1849 1483 quidem

241 1509 528 1578 episcopi,
559 1508 650 1563 sed
679 1516 879 1561 tantum
905 1507 1083 1560 clerici
1115 1522 1128 1558 :
1157 1520 1223 1560 eo
1265 1505 1402 1574 quod
1433 1503 1654 1573 cpistola
1690 1501 1850 1555 Inuo-

237 1601 420 1654 centii
460 1615 627 1668 papze,
654 1613 811 1668 quam
856 1596 1036 1666 procul
1066 1596 1225 1649 dubio
1269 1610 1297 1648 a
1342 1594 1525 1661 legatis
1561 1593 1852 1662 superioris

238 1692 475 1745 concilii
506 1691 719 1743 allatam
751 1689 802 1741 in
826 1688 928 1741 hoc
957 1688 1262 1751 recitarunt,
1312 1684 1545 1739 Africani
1590 1684 1851 1738 antistites

242 1780 641 1843 nionebautur,
676 1793 740 1831 ne
768 1777 920 1831 facile
950 1777 1229 1845 episcopos
1266 1775 1317 1829 iu
1350 1775 1550 1829 Italiam
1582 1774 1849 1845 proﬁcisci

240 1881 593 1940 paterentur.
630 1870 740 1936 Qua
785 1869 852 1922 de
896 1884 950 1921 re
980 1868 1236 1937 pra‘sules
1260 1866 1468 1921 concilii
1497 1866 1610 1920 sive
1654 1865 1846 1935 legati,

242 1962 396 2014 idem
440 1960 599 2028 plane
635 1973 755 2011 cum
796 1957 1099 2011 Innocentio
1136 1964 1437 2011 senserunt.
1476 1956 1558 2009 Ex
1589 1970 1695 2025 quo
1729 1954 1852 2009 licet

242 2054 538 2121 conjicere
559 2093 573 2118 ,
597 2052 964 2120 episcoporum
997 2048 1402 2103 transmarinam
1435 2047 1812 2117 profectionem
1831 2088 1848 2114 ,

241 2144 475 2198 tametsi
508 2142 584 2196 illi
630 2142 1019 2195 Donatistarum
1050 2140 1418 2194 vexationibus
1443 2138 1610 2193 coacti
1638 2138 1703 2192 ad
1744 2138 1851 2191 lm-

240 2243 566 2303 peratorem
591 2231 961 2301 perfugissent,
990 2230 1401 2300 reprehensione
1428 2239 1601 2283 tamen
1633 2243 1736 2282 non
1758 2243 1851 2282 ca-

242 2326 453 2377 nnisse.
490 2322 679 2377 Nullus
705 2333 882 2376 autem
923 2329 1005 2375 est
1044 2321 1342 2390 ambigendi
1374 2320 1542 2383 locus,
1571 2320 1698 2389 quin
1728 2319 1851 2373 huic

239 2415 494 2485 generali
526 2413 754 2467 concilio
799 2412 1143 2482 Augustinus,
1174 2428 1278 2467 non
1307 2426 1459 2467 secus
1488 2426 1549 2466 ac
1578 2410 1842 2481 prioribus

239 2505 397 2570 aliis,
428 2502 754 2557 interfuerit.

3436 316 3540 377 85b

1961 412 2204 482 sequenti
2230 415 2367 484 apud
2392 416 2673 475 Prituatem
2706 423 3093 481 Donatistarum
3117 431 3538 497 expostularuut.

1966 502 2149 556 Virunt
2179 514 2231 557 ut
2263 505 2499 576 latrones,
2527 511 2674 567 aiunt
2702 515 2773 569 illi
2795 556 2810 581 ,
2844 518 3124 573 moriuntur
3151 530 3203 573 ut
3230 518 3532 579 Circumcel-

1958 595 2145 656 liones,
2198 596 2509 652 honorantur
2541 613 2594 654 ut
2631 616 2894 674 martyres,
2934 616 2981 661 et
3014 618 3176 663 tamen
3200 627 3289 664 nec
3323 610 3540 668 latrones

1956 687 2229 755 aliquando
2252 690 2556 759 audivimus,
2585 711 2667 748 eos
2690 713 2813 765 quos
2841 699 3117 769 depra'dati
3143 712 3276 766 sunt,
3304 721 3543 759 exca'cas-

1957 793 2027 829 se.
2052 776 2253 832 Occisos
2273 786 2508 851 auferunt
2530 784 2651 850 luci,
2667 804 2766 841 non
2783 790 2901 843 vivis
2918 792 3149 860 auferunt
3164 792 3325 847 lucem
3347 795 3536 866 (Epist.

1958 864 2048 931 88,
2068 884 2119 919 n.
2146 866 2221 940 8).
2244 869 2353 924 Illis
2386 872 2436 924 in
2463 872 2755 930 Collalione
2781 878 3104 947 exprobrata
3132 892 3215 936 est
3240 898 3301 938 ea
3338 864 3537 947 diritas,

1959 962 2207 1025 tanquam
2237 975 2354 1027 qua:
2380 963 2605 1030 quodam
2638 966 2797 1021 modo
2843 969 3006 1037 ipsius
3049 970 3306 1027 dmmonis
3345 973 3398 1027 in
3439 976 3541 1031 Job

1958 1046 2323 1102 crudelitatem
2366 1064 2638 1119 superaret
2685 1054 2910 1123 (Brevis.
2948 1059 3129 1115 Collat.
3180 1064 3232 1127 3,
3267 1080 3319 1117 n.
3361 1063 3452 1132 22,
3495 1075 3541 1118 et

1958 1133 2142 1189 Collat.
2191 1136 2429 1210 Carthag.
2464 1144 2517 1207 5,
2549 1161 2663 1211 cap.
2705 1147 2853 1216 298).
2902 1149 3129 1204 Membra
3172 1155 3320 1207 etiam
3360 1165 3540 1209 castera

1959 1228 2121 1297 plagis
2143 1229 2405 1283 horrendis
2432 1235 2810 1307 vulneribusque
2835 1242 3142 1295 sauciarunt.
3174 1243 3540 1315 Deprtedantur

1958 1320 2107 1371 etiam
2137 1319 2311 1374 domos
2339 1323 2551 1391 aliquas,
2581 1336 2625 1379 et
2654 1328 2924 1383 incendunt
2956 1346 2975 1384 :
3000 1334 3192 1397 fructus
3219 1334 3388 1389 aridos
3410 1338 3538 1389 diri-

1959 1411 2122 1479 piunt,
2168 1412 2399 1467 humidos
2442 1415 2660 1482 fundunt
2689 1417 2877 1489 (Epist.
2908 1423 3029 1488 111,
3061 1440 3112 1475 n.
3157 1424 3231 1493 1).
3264 1426 3418 1479 Arma
3442 1427 3538 1482 sibi

1957 1502 2179 1572 ingentia
2209 1513 2254 1557 et
2285 1506 2523 1561 terribilia
2562 1509 2889 1579 fabricarum,
2921 1516 3097 1583 quibus
3126 1519 3308 1571 armati
3344 1536 3431 1589 per
3459 1520 3540 1574 di-

1958 1609 2096 1647 versa
2130 1595 2450 1665 discurrunt,
2478 1602 2833 1656 comminantes
2862 1614 3005 1674 atque
3039 1609 3329 1663 anhelantes
3352 1609 3532 1675 aedes,

1955 1685 2183 1753 rapinas,
2216 1686 2465 1755 incendia,
2490 1691 2732 1745 ctecitates
2758 1692 2945 1763 (Epist.
2976 1696 3063 1757 88,
3091 1715 3142 1751 n.
3166 1698 3240 1767 8).
3273 1701 3387 1765 Quo
3424 1708 3537 1755 ter-

1956 1790 2078 1830 rore
2126 1777 2178 1830 in
2225 1778 2433 1834 animos
2480 1780 2752 1836 hominum
2798 1785 3022 1854 injecto,
3062 1790 3361 1858 complures
3402 1790 3537 1845 adeo

1957 1869 2349 1937 percellebant,
2381 1880 2436 1924 ut
2462 1887 2520 1927 se
2552 1885 2857 1943 paterentur
2889 1878 3075 1932 iterato
3112 1880 3427 1948 Baptismate
3454 1881 3537 1937 fu-

1957 1960 2152 2013 nestari
2172 1960 2360 2031 (Epist.
2384 1965 2504 2031 111,
2537 1983 2589 2019 n.
2622 1964 2698 2038 8).
2730 1967 2801 2021 Ita
2835 1970 3012 2037 fiebat,
3046 1980 3103 2025 ut
3128 1972 3266 2027 inter
3293 1976 3537 2043 gravissi-

1956 2050 2118 2103 simas
2144 2051 2323 2120 leges,
2356 2070 2472 2123 qua:
2505 2055 2712 2111 fuerant
2757 2060 2806 2112 in
2850 2076 2944 2114 eos
2984 2063 3346 2133 promulgatae,
3379 2081 3441 2119 ac
3469 2067 3536 2122 de

1955 2142 2146 2211 quibus
2165 2146 2380 2211 perinde
2395 2162 2456 2201 ac
2476 2148 2541 2203 de
2562 2152 2838 2206 vexatione
2856 2152 3117 2207 (Ιὶτίεςὶηιη
3143 2158 3497 2224 querebantur
3514 2200 3530 2223 ,

1956 2249 2062 2288 non
2103 2235 2261 2289 modo
2298 2236 2350 2291 in
2382 2240 2807 2307 possessionibus
2832 2252 2884 2296 et
2910 2245 3020 2297 suis
3049 2254 3100 2298 et
3141 2246 3327 2300 alienis
3364 2249 3538 2303 securi

1956 2324 2224 2389 sederent,
2248 2341 2428 2381 verum
2452 2338 2504 2382 et
2523 2330 2869 2398 orthodoxos,
2895 2347 3050 2401 supra
3072 2351 3226 2403 quam
3250 2338 3391 2391 credi
3417 2354 3539 2407 pos-

1956 2418 2059 2484 sit,
2087 2434 2116 2472 a
2144 2419 2443 2475 mictarent.
2473 2420 2687 2493 Insuper
2716 2424 2897 2489 etiam,
2931 2437 3144 2479 narrant
3174 2427 3537 2497 llipponenses

1956 2510 2155 2577 clerici,
2188 2513 2231 2565 si
2257 2530 2381 2584 quas
2412 2524 2597 2567 mortes
2626 2514 2721 2569 sibi
2748 2517 2878 2569 ultro
2902 2518 3149 2587 ingerunt,
3192 2520 3329 2573 nobis
3368 2521 3537 2575 volunt

1957 2619 2062 2655 esse
2085 2603 2375 2667 invidiosus,
2409 2605 2547 2658 vobis
2575 2606 2841 2675 gloriosas.
2874 2607 3021 2671 Quod
3047 2609 3186 2662 nobis
3212 2610 3424 2677 faciunt,
3443 2612 3538 2665 sibi

1958 2712 2058 2749 non
2105 2697 2387 2766 imputant;
2436 2708 2481 2751 et
2527 2699 2660 2769 quod
2710 2698 2805 2752 sibi
2852 2701 3073 2768 faciunt,
3111 2703 3249 2754 nobis
3292 2703 3538 2773 imputant

1960 2784 2149 2855 (Epist.
2197 2787 2286 2852 88,
2334 2805 2385 2841 η.
2435 2789 2515 2859 8).
2550 2789 2731 2843 Tantm
2774 2800 2985 2860 tamque
3016 2793 3261 2847 inaudita:
3294 2794 3536 2863 feritatis,

1958 2892 2062 2946 qua
2090 2878 2171 2931 vel
2196 2879 2331 2946 apud
2364 2879 2506 2949 ipsos
2527 2880 2751 2949 partium
2779 2897 2991 2935 suarum
3022 2892 3310 2938 sectatores
3331 2884 3383 2939 in
3409 2886 3541 2940 invi-

1959 2966 2098 3022 diam
2129 2970 2471 3038 vocabantur,
2514 2972 2683 3041 legum
2723 2974 2878 3027 timor
2921 2990 3024 3028 non
3071 2986 3175 3029 tant
3206 2992 3361 3031 causa
3389 2988 3538 3045 erat,

1960 3076 2115 3130 quam
2165 3062 2316 3116 dolor
2359 3079 2423 3117 ex
2469 3064 2707 3133 proiectu
2752 3066 3025 3119 catholicae
3074 3067 3343 3136 Ecelesim,
3382 3085 3538 3139 quam

1961 3151 2233 3219 Augustini
2257 3154 2552 3221 prtesertim
2579 3154 2863 3208 conciones
2891 3155 3114 3209 assidam
3142 3157 3334 3211 mirum
3360 3158 3413 3212 in
3434 3173 3539 3213 mo-

1961 3242 2086 3296 dum
2146 3245 2555 3311 amplificabant.
2610 3244 2745 3297 Dum
2781 3246 2951 3312 enim,
2997 3248 3179 3301 scribit
3232 3248 3540 3317 Possidius,

1962 3337 2160 3390 verbum
2199 3337 2295 3390 Dei
2332 3338 2504 3391 sedqu
2543 3338 2931 3406 praedicaretur,
2954 3322 3023 3391 ἐι
3045 3356 3157 3391 cum
3194 3341 3271 3392 his
3305 3341 3392 3409 qui
3417 3342 3540 3395 ode-

1962 3440 2073 3481 rant
2100 3445 2301 3497 pacem,
2331 3428 2467 3496 pacis
2493 3429 2619 3480 ratio
2649 3427 2943 3493 haberetur;
2970 3428 3044 3481 illi
3071 3430 3344 3498 loquentem
3371 3430 3540 3485 debel-

1964 3521 2132 3573 labant
2170 3525 2343 3590 gratis.
2391 3519 2454 3571 Et
2493 3536 2606 3571 cum
2656 3520 2890 3572 adversus
2928 3536 3099 3573 eorum
3140 3521 3322 3589 dogma
3364 3523 3543 3574 veritas

1963 3613 2305 3676 innotesceret,
2330 3612 2415 3681 qui
2436 3610 2679 3677 volebant,
2715 3622 2759 3663 et
2790 3620 3039 3680 poterant,
3069 3628 3173 3664 sese
3202 3611 3317 3663 inde
3340 3612 3415 3664 vel
3441 3612 3543 3664 eri-

1966 3703 2181 3773 piebant,
2205 3703 2279 3756 vel
2305 3701 2661 3765 subducebant,
2685 3712 2731 3755 et
2761 3702 2871 3771 paci
2895 3713 3042 3770 atque
3072 3702 3249 3754 unitati
3277 3702 3539 3766 Ecclesite,

1965 3810 2075 3845 cum
2106 3794 2209 3847 suis
2229 3794 2405 3864 quibus
2437 3802 2682 3863 poterant,
2712 3792 3043 3845 cohaerebant.
3077 3791 3221 3845 Unde
3262 3793 3335 3845 illi
3360 3792 3439 3846 sui
3459 3810 3541 3845 er-

1965 3885 2094 3937 roris
2113 3884 2518 3955 congregationes
2538 3884 2694 3935 minui
2715 3882 2953 3947 videntes,
2977 3893 3123 3951 atque
3141 3884 3416 3952 augmentis
3444 3882 3547 3936 Ec-

1966 3975 2128 4028 clesia:
2155 3975 2447 4041 invidentes,
2478 3975 2671 4028 accensi
2698 3974 3078 4027 exardescebant
3116 3975 3193 4026 ira
3229 3975 3544 4043 gravissima,

1968 4074 2012 4118 et
2052 4066 2386 4119 intolerabiles
2427 4066 2787 4135 persecutiones
2825 4065 3002 4117 unitati
3028 4063 3270 4117 Ecclesiae
3297 4065 3544 4134 compacti

1969 4155 2217 4225 faciebant
2241 4155 2549 4226 (Possidius,
2570 4156 2623 4208 in
2644 4154 2757 4208 Vita
2777 4155 2988 4224 August.
3007 4171 3052 4207 c.
3080 4154 3189 4224 10).

2039 4245 2092 4298 2.
2134 4245 2282 4299 Tunc
2321 4247 2571 4314 temporis
2614 4260 2733 4298 cum
2772 4260 2865 4314 per
2901 4260 3054 4315 agros
3092 4244 3317 4312 ltipponi
3344 4244 3546 4298 vicinos

1972 4339 2230 4393 acerrima
2255 4339 2448 4392 fureret
2482 4337 2845 4391 hzrrcticorum
2872 4337 3108 4403 audacia,
3135 4337 3269 4390 data:
3296 4347 3419 4390 sunt
3439 4336 3544 4389 illae

1971 4428 2035 4481 ad
2067 4426 2402 4481 Czrcilianum
2450 4428 2638 4480 littera!
2671 4426 2857 4497 (Epist.
2889 4427 3001 4494 86),
3034 4427 3221 4493 qtnbus
3247 4441 3368 4480 eum
3398 4437 3548 4495 rogat

890 2591 1114 2649 CAPUT
1155 2592 1217 2647 ll.

242 2693 267 2746 1
302 2690 729 2761 Hipponensium
768 2689 1150 2744 Donatistarum
1193 2691 1478 2745 immanitas
1515 2692 1549 2744 2
1595 2691 1854 2745 Ca'ciliani

315 2783 628 2852 presidium
657 2782 893 2851 implorat
916 2781 1244 2851 Augustinus.
1272 2782 1305 2835 3
1331 2782 1774 2837 Schismaticorum
1799 2784 1852 2835 in

315 2877 528 2944 reliqua
564 2875 736 2943 Africa
776 2880 936 2945 furor.
986 2876 1019 2929 4
1067 2876 1327 2946 Sanguine
1366 2878 1567 2931 illorum
1617 2880 1849 2932 manibus

322 2972 455 3039 [uso
477 2968 630 3037 ﬂoret
656 2965 905 3020 Ecclesia.
933 2967 968 3022 5
996 2966 1209 3036 Legatos
1246 2968 1313 3020 ad
1341 2967 1703 3038 Imperatorem
1735 2970 1852 3022 mit-

332 3065 456 3109 tunt
484 3055 789 3110 Donatista.
831 3057 864 3111 6
909 3056 983 3110 De
1018 3056 1221 3110 illorum
1246 3059 1443 3127 injuriis
1480 3062 1616 3130 apud
1651 3059 1854 3113 Janua-

317 3150 463 3203 ristm
487 3157 764 3219 queruntur
792 3147 1141 3218 Ilipponenses
1166 3150 1352 3203 clerici.

336 3242 403 3296 1.
441 3239 500 3296 Si
528 3240 653 3309 quid
672 3240 875 3294 fiducia:
903 3241 953 3293 in
983 3256 1138 3293 eausa
1166 3257 1258 3294 sua
1282 3243 1643 3310 reposuisseut
1668 3242 1853 3296 Donati

252 3341 596 3397 secutores;
643 3347 763 3385 cum
804 3347 861 3385 se
888 3338 1160 3401 tantopere
1186 3334 1235 3386 vi
1284 3332 1456 3403 legum
1505 3334 1853 3402 imperialium

246 3424 440 3496 urgeri
485 3424 769 3485 viderunt,
829 3425 1252 3493 amplectcndum
1302 3426 1403 3479 illis
1455 3426 1855 3480 Catholicorum

244 3516 566 3585 exemplum
601 3514 773 3569 fuerat
807 3534 820 3570 :
850 3515 918 3568 ita
960 3528 1016 3569 ut
1066 3516 1209 3583 ipsos
1238 3515 1301 3568 ad
1328 3516 1670 3585 colloquium,
1718 3519 1857 3571 γει-ἰ-

250 3608 386 3661 tatis
411 3605 745 3660 illustrandae
771 3607 956 3674 gratia,
991 3615 1337 3674 provocarent
1364 3608 1551 3678 (Epist.
1576 3609 1665 3671 88,
1694 3627 1746 3661 η.
1780 3608 1855 3675 7).

250 3697 461 3753 Verum
496 3697 597 3750 hac
629 3698 831 3751 ratione
860 3697 1045 3765 agendi
1077 3697 1349 3766 neglecta,
1382 3699 1518 3750 viam
1549 3700 1700 3767 plane
1727 3715 1857 3753 cou-

252 3789 483 3843 trariam
516 3788 768 3853 inierunt,
801 3798 1201 3857 Statueruntque
1224 3788 1461 3858 pluribus
1484 3791 1674 3855 adhuc,
1702 3806 1857 3860 quam

255 3891 440 3948 antea,
468 3879 797 3934 facinoribus
822 3878 1137 3933 debacehari
1155 3920 1168 3941 ,
1199 3888 1251 3932 et
1280 3879 1424 3949 leges
1450 3880 1635 3933 eodem
1664 3881 1751 3934 illo
1781 3880 1861 3934 fu-

256 3988 384 4028 rore
414 3971 766 4034 conculcare,
797 3986 903 4041 quo
931 3970 995 4023 iis
1020 3968 1251 4023 ferendis
1279 3984 1489 4023 oausam
1531 3971 1862 4039 prmbuerant

259 4064 460 4134 (Epist.
496 4064 621 4127 108,
652 4080 705 4115 n.
740 4061 847 4133 l8).
880 4061 1112 4126 Quotidie
1148 4071 1454 4127 vestrorum,
1500 4060 1668 4130 inquit
1693 4063 1863 4131 Augu-

261 4157 455 4221 stinus,
488 4154 803 4208 incredibilia
830 4155 1049 4223 patimur
1078 4152 1215 4221 facta
1244 4152 1540 4205 clericorum
1565 4163 1610 4205 et
1637 4152 1863 4207 Circum-

261 4246 537 4300 cellionum
555 4286 571 4312 ,
601 4246 755 4298 multo
785 4244 958 4313 pejora
987 4259 1135 4312 quam
1159 4241 1488 4312 quorumlibet
1514 4243 1761 4295 latronum
1787 4253 1865 4296 at-

264 4357 360 4411 que
383 4339 710 4411 pradonum.
743 4335 980 4407 Namque
1006 4336 1272 4390 horrendis
1307 4336 1490 4389 armati
1515 4336 1756 4407 cujusque
1774 4354 1863 4407 ge.

266 4431 402 4485 neris
430 4430 568 4494 telis,
604 4430 886 4483 terribiliter
911 4428 1160 4498 vagando,
1192 4444 1292 4482 non
1319 4427 1429 4481 dico
1456 4429 1861 4493 ecclesiasticam,

264 4521 355 4576 sed
377 4523 549 4591 ipsam
576 4519 850 4572 humanam
884 4519 1095 4589 quietem
1116 4533 1384 4588 pacemque
1408 4518 1717 4587 perturbant.
1750 4516 1800 4570 Ν
1804 4534 1862 4569 o-

268 4614 461 4667 cturnis
506 4610 909 4682 aggressionibus
943 4610 1238 4663 clericorum
1270 4611 1627 4663 catholicorum
1666 4612 1865 4664 invasas

266 4703 445 4757 domos
497 4702 659 4754 nudas
703 4710 850 4771 atque
898 4701 1073 4754 inanes
1120 4700 1486 4770 derelinquunt.
1528 4700 1678 4770 Ipsos
1717 4702 1865 4755 etiam

264 4804 466 4864 raptos,
501 4801 547 4846 et
576 4791 791 4862 fustibus
830 4801 1033 4857 tunsos,
1062 4794 1293 4861 ferroque
1330 4792 1577 4857 concisos,
1609 4792 1866 4846 semirivos

267 4885 543 4956 objiciunt.
576 4880 799 4953 Insuper
825 4896 951 4936 novo
979 4889 1026 4935 et
1052 4881 1262 4935 antehac
1300 4881 1526 4935 inaudito
1552 4880 1751 4935 sceleris
1776 4897 1865 4952 ge-

269 4993 405 5043 nere,
441 4974 606 5029 oculis
629 4989 801 5027 eorum
828 4973 1017 5026 calcem
1045 4981 1184 5025 aceto
1212 4972 1455 5041 permixto
1484 4972 1800 5040 infundentes
1820 4980 1867 5024 et

268 5066 615 5138 infercicntcs,
632 5080 755 5132 quos
775 5062 1291 5133 evellerecompendio
1311 5070 1557 5131 poterant,
1582 5062 1868 5115 excruciare

271 5157 495 5227 amplius
522 5155 735 5227 eligunt,
759 5170 910 5224 quam
934 5153 1081 5207 citius
1101 5168 1370 5207 exerceare.
1403 5152 1540 5206 Nam
1572 5154 1731 5222 primo
1756 5164 1869 5207 tan-

272 5262 378 5305 tum
423 5249 568 5303 calce
603 5247 671 5301 ad
710 5247 804 5300 hoc
837 5246 1035 5319 facinus
1075 5245 1370 5311 utebantur;
1420 5247 1507 5299 sed
1544 5256 1867 5317 posteaquam

273 5343 387 5396 illos
419 5341 603 5412 quibus
632 5340 726 5394 hoc
760 5340 1002 5411 fecerant,
1031 5339 1127 5391 cito
1153 5339 1362 5391 salutem
1392 5354 1652 5407 reparasse
1679 5338 1869 5392 didice-

272 5442 412 5500 rant,
440 5442 638 5486 acetum
657 5431 963 5485 addiderunt
980 5428 1193 5500 (Contra
1212 5428 1469 5492 Crescon.,
1494 5428 1581 5482 lib.
1604 5430 1658 5496 3,
1678 5447 1729 5483 η.
1752 5430 1863 5500 46).

276 5526 553 5597 Pracipue
579 5541 704 5581 vero
730 5526 783 5580 in
814 5524 1140 5595 llipponeusi
1178 5523 1396 5579 dimcesi
1423 5523 1685 5579 feritatem
1724 5524 1867 5579 illam

275 5627 652 5684 exercuerunt,
697 5618 940 5674 barbaris
984 5616 1112 5686 ipsis
1152 5616 1473 5687 incognitam
1513 5614 1703 5689 (Epist.
1742 5617 1865 5685 111,

277 5722 335 5767 ιι.
364 5710 449 5781 1).
474 5708 811 5782 Quam-apter
847 5706 1213 5777 Hipponenscs
1242 5706 1418 5764 clerici
1447 5720 1510 5764 ea
1538 5705 1606 5763 de
1630 5719 1693 5764 re
1728 5719 1869 5763 anno

1972 4520 2319 4589 Augustinus,
2349 4528 2401 4572 ιιι
2430 4534 2567 4580 eam,
2592 4534 2690 4587 qua
2721 4518 2771 4570 in
2797 4516 2966 4571 Africa
2993 4517 3236 4586 pollebat,
3262 4519 3548 4571 auctorita-

1973 4622 2109 4678 tem,
2140 4628 2245 4666 non
2274 4611 2483 4682 quidem
2514 4610 2579 4663 ad
2608 4610 2936 4663 ulciscendas
2969 4610 3108 4679 justa
3144 4611 3426 4664 severitate
3463 4610 3548 4663 iu-

1968 4703 2163 4773 jurias,
2193 4717 2373 4755 verum
2411 4700 2476 4755 ad
2513 4701 2776 4754 sanandos
2814 4716 2993 4754 earum
3032 4711 3274 4754 auctores
3312 4701 3551 4755 adhibito

1974 4805 2177 4848 terrore
2205 4794 2489 4847 conferret.
2528 4793 2622 4845 llic
2655 4792 2741 4846 ille
2769 4792 3080 4846 (Imciliauus
3118 4807 3255 4846 anno
3294 4790 3546 4861 quadrin-

1973 4888 2266 4958 gentesimo
2297 4902 2438 4940 nono
2465 4885 2715 4955 praetorio
2743 4883 3023 4953 praefectus
3049 4884 3162 4937 fuit.
3191 4882 3268 4936 Ad
3299 4882 3544 4938 eumdem

1974 4978 2296 5047 Augustinus
2323 4978 2419 5031 sub
2450 4976 2605 5031 finem
2648 4977 2771 5029 anni
2812 4974 3313 5045 quadringentesimi
3353 4972 3545 5026 decimi

1976 5070 2112 5123 tertii
2151 5069 2393 5138 scripsit,
2427 5077 2675 5137 tanquam
2706 5066 2771 5120 ad
2811 5067 2978 5119 virum
3009 5064 3145 5133 apud
3182 5078 3240 5117 se
3275 5077 3465 5132 magno
3495 5062 3549 5118 in

1975 5162 2177 5217 honore
2195 5161 2452 5226 habitum,
2472 5161 2674 5229 sibique
2694 5157 3059 5212 benevolentia
3080 5155 3376 5209 devinctum
3395 5154 3551 5223 plano

1973 5252 2229 5322 singulari
2260 5250 2450 5322 (Epist.
2486 5248 2629 5322 151).
2663 5248 3017 5303 Christianam
3064 5245 3370 5315 religionem
3413 5246 3551 5300 inter

1974 5342 2386 5398 catechumenos
2430 5341 2804 5410 profitebatur,
2843 5353 2904 5391 ac
2950 5336 3051 5391 sibi
3086 5336 3456 5391 demandatum
3496 5337 3551 5391 in

1976 5432 2155 5488 Africa
2184 5446 2375 5486 munus
2402 5447 2522 5485 cum
2550 5446 2652 5484 non
2678 5428 2929 5484 mediocri
2949 5427 3234 5498 diligentiae
3258 5442 3319 5482 ac
3342 5428 3553 5497 pietatis

1976 5522 2112 5576 fama
2133 5522 2367 5593 gerebat.
2392 5520 2633 5575 Edictum
2653 5519 2760 5589 jam
2785 5519 2974 5571 tulerat
2993 5533 3238 5572 severum
3265 5517 3553 5573 admodum

1976 5616 2028 5669 in
2054 5614 2355 5670 Donatistas
2373 5653 2387 5677 ,
2410 5628 2517 5682 quo
2540 5613 2698 5666 variis
2727 5612 2777 5665 in
2806 5610 2996 5666 Africa:
3024 5612 3153 5665 locis
3180 5611 3549 5667 schismattco-

1975 5722 2092 5763 rum
2123 5721 2243 5763 cum
2268 5704 2501 5761 Ecclesia
2531 5704 3013 5765 reconciliationem
3040 5704 3247 5777 egregie
3268 5704 3553 5778 promovit.
