3990 6360
444 441 514 495 At
549 437 768 510 hujusce
810 434 968 490 edicti
1009 433 1213 499 fructus
1247 431 1479 488 nondum
1506 431 1800 500 Hipponem
1831 442 1930 481 nec
1965 425 2018 479 in

441 532 545 587 alia
572 531 684 585 loca
705 528 963 583 Numidiae
990 527 1218 597 Hipponi
1238 524 1464 581 conﬁnia
1486 528 1819 593 pervenerat.
1843 520 2023 589 Itaque

442 632 656 676 sanctus
684 619 885 674 Prtesul
912 619 1099 673 nolens
1129 619 1179 671 in
1220 633 1277 671 re
1308 617 1434 669 tanti
1468 613 1719 669 momenti
1748 612 2019 681 negligen-

444 712 531 767 tize
560 708 874 774 insimulari,
903 708 1053 777 petiit
1079 723 1173 776 per
1204 707 1403 760 litteras
1432 720 1461 757 a
1491 703 1789 765 Caeciliano,
1823 711 1877 754 ut
1902 715 2018 754 eam

445 815 656 871 quoque
685 801 953 869 regionem
979 798 1190 867 juvaret
1215 814 1226 848 :
1255 794 1727 865 presbyterumque
1755 791 1926 855 misit,
1955 804 2020 843 cx

445 908 551 964 quo
572 901 901 962 quantopere
926 899 1136 960 urgeret
1158 887 1465 949 necessitas,
1491 885 1683 938 certior
1703 882 1868 936 ﬁeret.
1888 882 2019 935 Eum

442 993 618 1039 autem
648 984 952 1053 alloquitur,
980 979 1127 1049 quasi
1154 978 1243 1049 qui
1272 976 1502 1032 nondum
1536 976 1586 1029 in
1617 974 1732 1043 ejus
1760 972 2019 1041 cognitio-

444 1090 564 1127 nem
596 1074 915 1127 devenisset.
943 1070 1193 1125 Dubitare
1221 1082 1379 1123 nemo
1405 1066 1607 1137 possit,
1637 1064 1761 1133 quin
1789 1078 1852 1117 ea
1870 1071 2019 1116 tem-

441 1178 649 1236 pestate
695 1166 746 1219 in
783 1164 957 1219 Africa
985 1169 1305 1224 versaretur,
1337 1169 1492 1229 atque
1524 1158 1663 1211 illam
1696 1154 2018 1224 provinciam

442 1256 836 1311 administraret
861 1253 1209 1309 Caecilianus:
1235 1249 1375 1305 unde
1402 1248 1620 1318 colligas
1650 1245 1703 1299 id
1742 1260 1841 1299 nec
1881 1256 2020 1297 anno

441 1345 961 1417 quadringentesimo
987 1357 1128 1396 nono
1156 1339 1512 1404 tribuendum,
1536 1352 1640 1406 quo
1665 1335 1802 1390 idem
1829 1334 1940 1403 ipse
1967 1334 2018 1388 in

444 1438 591 1492 italia
624 1437 869 1507 praetorio
897 1433 1179 1504 pnefectus
1205 1440 1348 1495 erat,
1379 1444 1477 1483 nec
1506 1442 1645 1481 anno
1670 1426 2023 1496 quadringen-

444 1532 633 1584 tesimu
660 1527 866 1582 decimo
894 1525 1072 1589 tertio,
1103 1538 1208 1593 quo
1234 1536 1423 1575 munus
1448 1517 1657 1588 aliquod
1685 1518 1755 1571 ibi
1779 1532 1900 1572 eum
1926 1517 2021 1571 ob-

439 1620 659 1673 tinuisse
701 1616 919 1671 minime
957 1614 1330 1683 comperimus.
1374 1610 1581 1664 Etenim
1612 1608 1903 1663 verisimile
1932 1605 2019 1663 vix

436 1709 682 1777 cuiquam
714 1705 971 1767 videatur,
996 1704 1166 1773 ipsum
1195 1710 1315 1770 post
1345 1701 1588 1769 adeptam
1613 1696 1851 1768 priefecti
1881 1713 2019 1766 pra:-

440 1799 578 1855 torio
606 1794 915 1868 dignitatem
943 1794 1225 1866 provincia:
1255 1794 1345 1848 ulli
1368 1792 1656 1862 praefuisse.
1680 1792 1749 1844 At
1772 1789 2019 1845 eumdem

438 1907 579 1946 anno
599 1890 1116 1961 quadringentesimo
1138 1897 1326 1956 quarto
1347 1886 1575 1956 gessisse
1601 1884 1856 1939 honorem
1878 1884 2021 1938 vica-

438 1980 506 2035 rii
526 1979 948 2034 animadvertunt
970 1977 1226 2049 (Gothofr.
1251 1976 1377 2030 Cod.
1403 1975 1592 2028 Theod.
1618 1975 1694 2028 tit.
1718 1974 1771 2042 6,
1795 1991 1847 2044 p.
1870 1972 2015 2046 554).

436 2070 589 2126 Unde
619 2085 758 2123 anno
780 2068 1297 2140 quadringentesimo
1321 2067 1506 2136 quinto
1531 2081 1635 2119 non
1667 2065 1895 2119 absurde
1922 2081 2016 2119 eo-

438 2162 561 2217 dem
594 2160 772 2215 officio
809 2161 861 2214 in
893 2159 1063 2213 Africa
1106 2158 1314 2211 functus
1351 2156 1639 2211 existimari
1678 2165 1869 2225 potest.
1900 2155 2019 2211 Non

436 2252 579 2306 enim
606 2252 879 2321 epistolam
910 2250 1053 2303 illam
1082 2264 1224 2302 anno
1250 2247 1771 2319 quadringentesimo
1794 2257 2014 2319 quarto,

435 2352 560 2397 ante
588 2341 802 2397 Honorii
829 2342 971 2410 leges
1001 2355 1198 2410 ponere
1230 2340 1367 2393 licet.

508 2436 561 2488 5.
589 2434 979 2487 Donatistarum
1012 2433 1298 2487 effrenatus
1325 2431 1472 2485 furor
1498 2431 1637 2486 haud
1663 2432 2018 2503 Hipponensis

432 2525 664 2595 regionis
694 2524 888 2580 finibus
917 2524 1453 2579 circumscribebatur
1486 2543 1499 2579 :
1532 2524 1648 2594 ejus
1674 2540 1884 2595 quoque
1919 2541 2017 2579 ne-

433 2615 564 2670 faria
594 2616 813 2685 vestigia
846 2632 938 2684 per
965 2616 1100 2670 alios
1130 2614 1324 2669 Africa:
1365 2622 1566 2668 tractus
1603 2616 1899 2670 exstabant.
1930 2616 2015 2671 Si-

435 2707 647 2775 quidem
678 2706 817 2775 apud
847 2706 1127 2776 Bagaium,
1155 2706 1305 2774 cujus
1331 2706 1504 2769 urbis,
1538 2714 1593 2759 ut
1624 2706 1775 2760 nobis
1803 2706 2016 2776 quidem

434 2799 664 2863 videtur,
684 2797 1029 2851 Maximianus
1050 2798 1138 2851 ille
1159 2797 1225 2851 ab
1247 2796 1373 2866 ipsis
1397 2797 1530 2851 adeo
1550 2797 1687 2852 male
1712 2798 2013 2864 mulctatus,

438 2889 717 2958 cpiscopus
747 2897 880 2955 erat,
910 2889 1050 2943 dictu
1084 2888 1346 2943 horrenda
1376 2897 1747 2958 perpetrarunt
1773 2889 1791 2959 (
1822 2888 2012 2943 Brevic.

431 2978 881 3050 Collat.5,n.25).
906 2978 1016 3033 lllic
1041 2979 1255 3033 basilica
1286 2979 1351 3033 ab
1375 2980 1501 3049 ipsis
1529 2980 1741 3034 incensa
1770 2989 1869 3045 est,
1887 2996 2016 3036 nec-

432 3087 541 3125 non
571 3070 625 3125 in
660 3070 834 3141 ignem
874 3070 1103 3139 conjecti
1131 3070 1268 3125 sacri
1295 3071 1540 3137 codices,
1571 3087 1708 3142 quos
1744 3082 2017 3143 grassante

434 3161 744 3216 Diocletiani
766 3161 1131 3229 persecutione
1158 3161 1223 3214 ab
1248 3176 1306 3215 se
1334 3171 1573 3216 servatos
1598 3172 1882 3232 tantOpere
1906 3163 2017 3233 glo-

432 3253 705 3307 riabantur
725 3270 738 3307 :
757 3253 917 3322 judex
944 3254 1078 3323 ipse,
1102 3252 1227 3306 dum
1258 3268 1440 3307 eorum
1469 3255 1574 3307 vim
1606 3264 1767 3323 atque
1790 3256 2017 3325 impetus

432 3358 774 3412 compescere
795 3343 1071 3409 niteretur,
1091 3343 1142 3396 in
1160 3344 1393 3413 propria:
1412 3344 1597 3398 salutis
1619 3343 1902 3398 discrimen
1925 3344 2017 3399 ad-

432 3435 623 3488 ductus
650 3442 765 3498 est;
796 3433 865 3486 ita
895 3440 971 3498 ut,
1003 3448 1123 3487 cum
1154 3434 1240 3487 ille
1270 3443 1488 3487 coactus
1514 3443 1655 3487 esset
1683 3433 1879 3487 illatam
1908 3434 2014 3488 vim

431 3525 482 3577 vi
505 3532 663 3594 atque
681 3524 844 3578 armis
864 3524 1146 3593 repellere,
1170 3525 1408 3577 nonnulli
1432 3540 1496 3578 ex
1520 3525 1582 3579 iis
1606 3524 1867 3579 interfecti
1890 3526 2013 3580 sint.

438 3617 587 3684 Quod
603 3632 721 3669 cum
738 3615 788 3668 in
803 3614 1096 3669 Collatione
1109 3624 1492 3684 exaggerarent
1505 3605 2015 3687 (Collat.(.‘ar'thag.5,

434 3704 1034 3777 cap.258),dictitantes,
1055 3703 1363 3758 Catltolicos
1375 3719 1588 3757 causam
1602 3706 1909 3772 praebuisse,
1924 3720 2021 3760 cur

437 3796 726 3850 multorum
763 3793 1187 3848 Christianorum
1219 3794 1430 3863 sanguis
1462 3794 1768 3848 funderetur
1794 3792 2018 3868 (Brevia.

435 3886 620 3940 Collat.
639 3886 693 3952 5,
708 3901 760 3937 η.
779 3885 890 3956 15),
909 3885 1150 3954 quamvis
1167 3884 1311 3939 leves
1330 3892 1510 3938 essent
1535 3884 1831 3940 istiusmodi
1849 3900 2021 3956 preme

442 3993 554 4049 pra:
578 3976 816 4041 damnis,
844 3992 962 4046 qua:
990 3976 1089 4046 ipsi
1115 3977 1320 4046 priores
1350 3976 1639 4030 intulerant
1667 3995 1680 4031 :
1707 3992 2020 4047 responsum

434 4078 518 4123 est
537 4084 568 4123 a
588 4067 893 4132 Catholicis,
922 4081 1017 4122 eos
1041 4066 1142 4121 hoc
1170 4081 1356 4135 passos
1384 4081 1524 4130 esse,
1555 4065 1679 4119 dum
1707 4082 1892 4121 eorum
1918 4069 2024 4122 vio-

435 4160 617 4215 lentize
640 4158 995 4220 resisteretur,
1020 4171 1179 4226 quam
1205 4164 1259 4210 et
1275 4156 1438 4226 judici
1468 4155 1663 4211 inferre
1682 4157 1854 4211 conati
1872 4168 2023 4212 erant

436 4251 491 4322 (Ι
501 4251 629 4316 bid.,
644 4268 697 4304 η.
711 4249 825 4322 25).
843 4249 924 4304 Ad
941 4249 1254 4319 Bagaianam
1271 4248 1469 4303 hancce
1486 4248 1780 4303 vastitatem
1803 4258 2023 4318 possunt

442 4352 688 4413 spectare
713 4342 802 4397 illa
831 4340 1110 4412 Augustini
1137 4341 1297 4395 verba
1328 4359 1342 4395 :
1371 4339 1511 4393 Nam
1545 4351 1733 4409 quanta
1767 4342 1901 4396 mala
1930 4360 2023 4396 no-

436 4437 553 4490 stris
578 4436 783 4507 fecerint
804 4433 1130 4504 furiosissimi
1153 4433 1323 4487 clerici
1348 4443 1393 4487 et
1418 4434 1850 4489 Circumcelliones
1864 4436 2022 4506 partis

437 4523 659 4591 Donati,
692 4524 851 4578 nostis
892 4533 939 4577 et
980 4539 1084 4577 vos.
1114 4522 1346 4578 Incenste
1380 4532 1495 4577 sunt
1521 4524 1771 4590 ecclesia,
1803 4526 1941 4579 missi
1968 4526 2021 4579 in

437 4618 671 4686 flammas
704 4614 897 4668 codices
930 4614 1121 4679 sancti,
1152 4614 1365 4667 incensa:
1393 4614 1541 4667 etiam
1573 4614 1781 4681 privata:
1812 4615 2017 4683 domus,

432 4706 570 4776 rapti
597 4704 824 4760 homines
856 4705 919 4758 de
950 4705 1149 4759 sedibus
1180 4706 1316 4770 suis,
1346 4713 1394 4758 et
1424 4705 1651 4759 omnibus
1681 4722 1794 4775 qua:
1824 4707 2021 4761 inerant

434 4795 641 4860 ablatis,
674 4804 761 4848 aut
788 4795 1014 4864 perditis,
1044 4794 1141 4865 ipsi
1165 4794 1300 4857 cwsi,
1328 4795 1524 4861 laniati,
1556 4796 1790 4849 excecati
1813 4811 1831 4850 :
1851 4813 1939 4849 nec
1958 4796 2019 4849 ab

436 4888 705 4943 homicidio
731 4888 892 4959 potuit
918 4887 1221 4958 temperari;
1242 4887 1467 4955 quamvis
1499 4887 1564 4941 sit
1590 4888 1756 4940 mitius
1778 4888 1893 4940 huic
1920 4889 2020 4943 luci

435 4982 729 5034 morientem
748 5022 763 5046 ,
789 4997 939 5051 quam
965 4981 1115 5034 istam
1156 4979 1316 5033 lucem
1343 4980 1543 5048 auferre
1574 4980 1770 5033 viventi.
1806 4978 2019 5035 Ventum

434 5080 509 5123 est
554 5070 622 5123 ad
663 5070 923 5136 homines,
955 5085 1055 5123 non
1088 5078 1141 5122 ut
1179 5068 1355 5122 retenti
1394 5068 1564 5137 aliquo
1590 5069 1904 5136 ducerentur,
1931 5073 2019 5125 sed

434 5167 631 5212 tantum
660 5172 715 5213 ut
740 5161 837 5214 ista
863 5171 1169 5232 paterentur.
1194 5157 1306 5213 Nec
1334 5168 1499 5213 tamen
1523 5169 1716 5214 nostros
1734 5161 1845 5214 ideo
1861 5162 2018 5231 justi-

438 5251 670 5321 ﬁcamus,
693 5252 811 5322 quia
830 5253 927 5305 ista
953 5244 1175 5322 perpessi
1195 5259 1345 5315 sunt;
1370 5249 1458 5304 sed
1476 5251 1593 5319 quia
1620 5267 1710 5319 pro
1746 5251 2018 5307 christiana

436 5341 670 5407 veritate,
703 5359 792 5411 pro
820 5341 1003 5397 Christi
1034 5358 1183 5413 pace,
1208 5357 1299 5411 pro
1326 5340 1566 5394 Ecclesia
1593 5341 1779 5394 unitate
1800 5344 2018 5413 perpessi

440 5443 557 5487 sunt
582 5432 686 5507 (Ad
708 5433 922 5501 Donat.,
946 5446 1053 5504 post
1071 5433 1281 5500 Collat.,
1305 5450 1356 5486 n.
1384 5431 1456 5486 22
1537 5432 1831 5503 Gorgonius
1851 5436 2017 5503 plebis

444 5522 824 5579 Liberalicnsis
851 5526 1128 5594 episcopus
1157 5525 1208 5578 in
1230 5523 1525 5580 Collatioue
1554 5534 1770 5595 questus
1796 5536 1896 5595 est,
1924 5542 2015 5582 cc-

442 5614 659 5687 clesiam
682 5629 830 5668 suam
853 5614 919 5667 ab
938 5614 1199 5669 htcreticis
1217 5615 1329 5669 solo
1352 5625 1610 5687 aequatam
1630 5615 1787 5671 fuisse
1806 5616 2012 5688 (Collat.

439 5704 664 5779 Carthag
706 5708 758 5774 1,
783 5724 897 5777 cap.
927 5705 1068 5777 155).
1098 5708 1327 5775 Questus
1353 5718 1435 5764 est
1457 5724 1666 5780 quoque
1694 5708 2014 5768 Fortunatus

1563 304 1720 370 \‘iTA
1756 311 1813 369 S.
1855 294 2221 367 AUGUSTINI
2259 306 2576 369 EPISCOPI.

3600 314 3711 381 35.0

2126 424 2386 482 Cirtensis
2407 470 2422 494 ,
2451 428 2632 482 altaria
2668 427 2844 482 omnia
2882 428 2934 483 in
2974 428 3185 485 civitate
3216 431 3284 486 ab
3322 430 3510 488 iisdem
3540 434 3709 493 fuisse

2127 520 2392 575 confracta
2424 519 2607 589 (lbid.,
2638 537 2754 593 cap.
2785 520 2930 595 159).
2974 523 3219 578 Aurelius
3263 523 3710 585 Macomadiensis

2130 611 2361 666 occisum
2394 612 2758 667 Rotariensem
2797 614 3135 683 episcopum,
3166 615 3387 685 ejusque
3419 617 3709 673 ecclesiam

2125 703 2193 756 ab
2240 703 2369 772 ipsis
2410 719 2505 775 per
2536 704 2643 758 vim
2688 714 2995 773 occupatam
3037 720 3157 761 esse
3195 706 3489 775 deploravit
3514 706 3711 778 (Ibid.,

2126 810 2239 863 cap.
2274 794 2419 865 187).
2449 794 2585 848 Cum
2626 794 2806 864 pepuli
2834 794 3145 849 Caesariana:
3188 810 3311 865 pars
3351 798 3593 867 quazdam
3637 803 3711 857 ab

2127 883 2390 937 haereticis
2417 882 2718 949 defecisset,
2740 883 3062 939 Cresconius
3092 885 3162 939 ibi
3181 887 3569 943 Donatistarum
3594 892 3714 960 epi-

2125 990 2321 1043 scopus
2361 976 2724 1047 presbyterum
2764 975 3084 1031 catholicum
3105 1019 3119 1043 ,
3146 993 3175 1032 a
3205 994 3311 1048 quo
3339 979 3523 1036 fideles
3549 997 3711 1051 rege-

2125 1064 2338 1130 bantur,
2366 1066 2525 1120 variis
2553 1066 2824 1135 suppliciis
2858 1065 3065 1131 affecit,
3100 1084 3445 1139 quaecumque
3486 1071 3567 1124 vel
3614 1070 3712 1125 ille

2125 1156 2209 1211 vel
2238 1157 2376 1211 illius
2401 1156 2624 1211 ecclesia
2656 1156 2979 1226 possidebat,
3002 1157 3237 1226 diripuit,
3267 1160 3540 1228 pecuniam
3567 1173 3709 1231 quo-

2128 1264 2232 1319 que
2260 1264 2323 1303 ac
2351 1248 2672 1303 frumentum
2703 1250 2955 1304 Ecclesia:
2982 1250 3231 1318 abstulit,
3263 1260 3317 1306 et
3356 1251 3588 1321 plaustra
3620 1253 3710 1306 his

2126 1342 2539 1411 praedationibus
2558 1351 2746 1396 onusta
2764 1341 2976 1397 deduxit
2999 1341 3050 1412 (1
3055 1343 3179 1405 bid.,
3197 1359 3310 1414 cap.
3327 1344 3473 1415 188).
3494 1345 3713 1400 Puden-

2125 1432 2282 1487 tiame
2298 1447 2475 1487 sacras
2487 1432 2878 1487 Catholicorum
2901 1433 3044 1489 aedes
3065 1442 3390 1497 everterunt,
3414 1448 3709 1505 earumque

2124 1534 2433 1579 ornamenta
2464 1527 2641 1579 omnia
2670 1525 3002 1580 abstulerunt
3029 1544 3043 1581 :
3074 1535 3127 1581 et
3151 1523 3470 1581 Cresconius
3503 1527 3708 1584 ibidem

2124 1617 2334 1671 illorum
2355 1618 2654 1686 episcopus,
2678 1632 2784 1672 uno
2809 1627 2967 1687 atque
2994 1618 3180 1673 eodem
3210 1619 3327 1674 loco
3352 1629 3582 1690 quatuor
3604 1620 3707 1675 ba-

2106 1708 2297 1779 silicas
2321 1708 2503 1763 diruit.
2532 1707 2662 1762 Cum
2688 1717 2866 1762 autem
2896 1708 3155 1780 compulsi
3189 1709 3403 1763 illorum
3434 1710 3609 1765 lurore
3639 1725 3709 1766 ac

2118 1794 2369 1851 violentia
2383 1798 2638 1853 Catholici
2654 1798 2960 1870 praesidium
2978 1800 3376 1869 magistratuum
3394 1797 3706 1869 frangendis

2122 1903 2307 1944 eorum
2341 1889 2615 1943 conatibus
2649 1890 3057 1959 implorassent;
3090 1888 3211 1943 inde
3238 1887 3479 1958 quaedam
3508 1904 3706 1944 neces—

2122 1980 2263 2033 sario
2280 1980 2550 2049 contigere
2571 1980 2790 2035 molesta
2812 1989 2866 2035 et
2889 1980 3094 2045 odiosa,
3113 1981 3181 2035 ob
3196 1996 3312 2050 qua:
3338 1980 3389 2034 in
3408 1980 3705 2035 Collatione

2121 2070 2351 2138 graviter
2393 2071 2668 2140 conquesti
2710 2077 2834 2124 sunt
2873 2071 3159 2125 Donatista:
3196 2069 3380 2139 (lbid.,
3409 2087 3523 2139 cap.
3550 2070 3704 2141 201).

2122 2160 2247 2215 Haec
2294 2161 2528 2229 profecto
2575 2160 2892 2215 eveniebant
2931 2168 3126 2231 praeter
3162 2160 3486 2215 voluntatem
3528 2163 3709 2214 cousi-

2121 2250 2356 2320 liumque
2406 2252 2664 2306 bonorum
2709 2266 2773 2306 ac
2821 2251 3209 2321 praecipuorum
3260 2265 3292 2305 e
3341 2248 3625 2305 Catholicis
3688 2269 3704 2305 :

2120 2343 2314 2413 quippe
2340 2344 2428 2412 qui
2459 2344 2623 2413 leges,
2653 2343 2844 2411 quibus
2868 2350 3038 2397 semet
3063 2351 3356 2408 tuerentur,
3384 2357 3489 2394 non
3511 2340 3707 2411 quibus

2120 2433 2455 2488 adversarios
2486 2415 2954 2503 persequerentur,
2981 2434 3394 2501 postulaverant.
3422 2431 3534 2485 Nos
3569 2432 3707 2485 inte-

2119 2528 2243 2591 rim,
2282 2527 2429 2580 aiunt
2470 2525 2864 2596 llippouenses,
2908 2526 2951 2579 si
2978 2524 3179 2596 quando
3220 2535 3407 2578 vestros
3442 2533 3705 2589 tenemus,

2118 2635 2231 2671 cum
2258 2634 2442 2688 magna
2470 2617 2735 2670 dilectione
2754 2632 3007 2670 servamus
3032 2615 3218 2669 illtcsos
3246 2629 3265 2668 :
3288 2614 3542 2682 loquimur
3566 2614 3705 2677 illis,

2119 2719 2167 2763 et
2193 2710 2404 2779 legimus
2433 2708 2623 2774 omnia,
2647 2708 2823 2778 quibus
2849 2723 2991 2760 error
3009 2707 3118 2777 ipse
3135 2705 3465 2771 convincitur,
3485 2706 3573 2775 qui
3594 2706 3705 2774 fra-

2120 2810 2218 2855 tres
2246 2818 2277 2853 a
2301 2799 2539 2873 fratribus
2563 2807 2783 2870 separat.
2810 2797 2883 2851 Ac
2918 2797 2990 2851 sic
3028 2797 3223 2865 aliquos
3250 2812 3442 2859 eorum,
3469 2794 3707 2848 conside-

2117 2904 2284 2947 rantes
2309 2893 2605 2948 evidentiam
2629 2891 2851 2944 veritatis
2879 2900 2925 2944 et
2950 2888 3379 2961 pulchritudinem
3400 2887 3569 2958 pacis,
3599 2901 3705 2939 non

2118 2985 2398 3056 Baptismo,
2421 3001 2566 3055 quem
2582 2984 2692 3054 jam
2717 2984 2843 3037 sicut
2863 2982 3080 3053 regalem
3099 2983 3438 3035 characterem
3461 2991 3705 3048 tanquam

2119 3075 2390 3130 desertores
2419 3085 2733 3145 acceperant,
2761 3074 2848 3127 sed
2876 3074 2996 3143 ﬁdei
3024 3089 3136 3144 qua:
3160 3074 3262 3127 illis
3286 3059 3472 3143 defuit,
3502 3082 3547 3124 et
3573 3069 3703 3140 Spi-

2118 3168 2245 3221 ritus
2270 3167 2431 3221 sancti
2450 3166 2685 3220 charitati
2713 3177 2756 3221 et
2779 3166 2963 3221 Christi
2992 3166 3191 3235 corpori
3218 3166 3485 3219 sociemus.
3511 3164 3570 3219 Si
3598 3180 3704 3215 au-

2120 3265 2217 3310 tem
2250 3257 2327 3311 vel
2364 3258 2519 3309 nimia
2548 3256 2735 3310 duritia
2755 3297 2771 3323 ,
2805 3256 2883 3310 vel
2912 3256 3129 3326 pudore,
3157 3272 3257 3309 non
3290 3259 3502 3326 ferentes
3529 3268 3706 3306 eorum

2114 3348 2494 3402 insultationem
2512 3389 2527 3415 ,
2555 3365 2669 3401 cum
2696 3348 2875 3419 quibus
2902 3357 3077 3401 contra
3106 3363 3195 3400 nos
3233 3357 3335 3399 tam
3372 3346 3530 3398 multa
3568 3343 3707 3415 falsa

2110 3440 2390 3511 jactabant,
2413 3450 2459 3495 et
2483 3451 2586 3493 tam
2610 3441 2769 3493 multa
2797 3441 2932 3493 mala
2960 3439 3327 3510 excogitabant,
3354 3437 3432 3491 vel
3460 3436 3616 3506 magis
3646 3435 3707 3487 ti-

2121 3550 2278 3597 more,
2299 3550 2361 3587 ne
2378 3534 2549 3603 qualia
2565 3534 2704 3586 nobis
2720 3540 2865 3585 antea
2887 3532 3156 3603 faciebant,
3176 3520 3296 3583 talia
3319 3529 3572 3582 nobiscum
3585 3529 3708 3596 jam

2122 3627 2400 3695 patiantur,
2431 3624 2613 3677 unitati
2642 3621 2826 3677 Christi
2857 3622 3131 3676 consentire
3166 3621 3454 3683 noluerint;
3479 3620 3604 3672 sicut
3632 3619 3707 3673 il-

2123 3716 2229 3769 [tesi
2264 3716 2441 3768 retenti
2474 3725 2621 3782 sunt,
2651 3715 2724 3769 sic
2752 3729 2783 3765 a
2814 3714 2957 3767 nobis
2987 3713 3309 3766 dimittuntur
3342 3712 3508 3765 illwsi.
3550 3709 3668 3763 Hoc
3688 3750 3705 3773 ,

2122 3814 2364 3876 quantum
2391 3821 2685 3875 possumus,
2712 3820 2971 3857 monemus
3007 3804 3157 3857 etiam
3196 3803 3350 3856 laicos
3388 3813 3615 3866 nostros,
3648 3812 3707 3854 ut

2126 3912 2212 3949 eos
2237 3895 2423 3949 illaesos
2450 3903 2665 3957 teneant,
2689 3904 2736 3947 et
2759 3894 2902 3949 nobis
2922 3894 3263 3964 corripiendos
3292 3892 3708 3955 instruendosque

2126 3986 2418 4055 perducant.
2446 3986 2551 4040 Sed
2570 3986 2727 4055 aliqui
2754 4002 2843 4040 nos
2865 3984 3099 4050 audiunt,
3122 3994 3168 4037 et
3192 3984 3237 4039 si
3259 3993 3463 4053 possunt
3484 3984 3703 4054 faciunt.

2126 4078 2228 4130 Alii
2252 4094 2365 4129 cum
2391 4077 2494 4130 illis
2513 4076 2931 4147 quemadmodum
2954 4092 3068 4128 cum
3091 4074 3364 4128 latronibus
3388 4084 3561 4145 agunt,
3583 4074 3706 4143 quia

2124 4184 2207 4220 eos
2229 4183 2397 4220 revera
2423 4167 2545 4220 tales
2567 4167 2846 4236 patiuntur.
2866 4164 3033 4235 Aliqui
3056 4165 3179 4219 ictus
3199 4181 3371 4218 eorum
3390 4166 3495 4218 suis
3517 4180 3707 4233 corpo-

2126 4256 2264 4310 ribus
2294 4256 2603 4309 imminentes
2629 4254 2853 4326 feriendo
2882 4255 3157 4325 repellunt,
3193 4271 3256 4307 ne
3282 4254 3344 4307 ab
3376 4253 3447 4307 eis
3483 4263 3596 4307 ante
3621 4254 3704 4322 fe-

2127 4348 2326 4399 riantur
2345 4346 2531 4416 :aliqui
2554 4345 2893 4417 apprehensos
2908 4345 3167 4417 judicibus
3190 4344 3426 4413 offerunt,
3453 4362 3541 4397 nec
3561 4343 3707 4398 nobis

2126 4434 2542 4489 intercedentibus
2571 4436 2639 4488 eis
2672 4443 2922 4504 parcunt,
2962 4434 3083 4487 dum
3116 4434 3178 4487 ab
3216 4434 3285 4487 eis
3311 4434 3418 4504 pati
3443 4433 3578 4486 mala
3603 4434 3706 4486 im-

2127 4527 2298 4579 mania
2322 4526 2690 4597 pertimescunt.
2708 4524 2776 4578 In
2795 4524 2973 4595 quibus
2992 4523 3219 4579 omnibus
3238 4524 3313 4579 illi
3331 4542 3431 4579 non
3447 4525 3707 4597 deponunt

2123 4620 2257 4688 facta
2308 4618 2590 4683 latronum,
2640 4627 2690 4672 et
2739 4617 2977 4672 honorem
3025 4616 3120 4671 sibi
3168 4618 3371 4688 exigunt
3420 4628 3705 4688 martyrum

2124 4710 2312 4781 (Epist.
2338 4711 2425 4777 88,
2453 4728 2505 4764 n.
2526 4709 2604 4781 9).
3385 4692 3407 4707 ﬂ

2194 4801 2247 4853 4.
2270 4799 2532 4855 Caeterum
2563 4801 2703 4854 Deus
2727 4800 2884 4854 etiam
2916 4808 3025 4854 tum
3049 4800 3112 4855 iis
3140 4799 3367 4866 damnis,
3387 4816 3506 4870 qua:
3532 4799 3725 4855 Doua-I

2124 4893 2366 4946 tistarum
2393 4893 2538 4947 furor
2564 4891 2849 4947 Catholicis
2870 4890 3158 4962 indigebat,
3188 4907 3373 4948 vocem
3408 4893 3547 4946 illam
3575 4893 3701 4961 plu-

2124 4983 2271 5038 ribus
2297 4993 2419 5038 ante
2454 4982 2607 5037 annis
2648 4982 3035 5052 pronuntiatam
3067 4983 3447 5052 comprobavit.
3477 4984 3702 5053 sangui-

2121 5088 2243 5127 nem
2272 5072 2520 5127 videlicet
2568 5082 2854 5143 martyrum
2885 5088 3066 5126 semen
3105 5088 3224 5129 esse
3253 5071 3701 5128 Christianorum.

2120 5161 2271 5230 Quod
2301 5173 2354 5217 et
2380 5162 2700 5231 Augustinus
2735 5170 2955 5216 testatur
2986 5160 3068 5217 his
3112 5162 3286 5217 verbis
3316 5180 3328 5217 :
3362 5161 3472 5215 Nos
3512 5162 3698 5232 hujus-

2120 5254 2257 5307 modi
2293 5253 2496 5323 afflictos
2518 5252 2663 5305 malis
2700 5268 2997 5322 consequens
3043 5252 3329 5306 consolatus
3372 5261 3444 5306 est
3481 5254 3699 5323 fructus.

2121 5334 2259 5397 Nam
2297 5342 2638 5414 ubicumquea
2665 5343 2869 5411 perditis
2908 5342 3004 5395 ista
3037 5344 3301 5396 commissa
3344 5352 3477 5405 sunt,
3500 5343 3567 5395 ibi
3587 5345 3700 5412 fer-

2118 5438 2309 5489 ventius
2352 5445 2501 5505 atque
2530 5436 2796 5505 perfectius
2837 5435 3006 5489 unitas
3049 5435 3326 5488 christiana
3372 5435 3619 5505 profecit;
3644 5444 3701 5489 α

2118 5527 2317 5581 uberius
2354 5526 2591 5580 laudatur
2622 5526 2887 5593 Dominus,
2928 5526 3012 5595 qui
3034 5528 3225 5579 donare
3248 5527 3481 5597 dignatus
3524 5535 3616 5592 est,
3641 5535 3702 5579 ut

2117 5619 2246 5673 servi
2267 5618 2373 5687 ejus
2418 5617 2729 5688 passionibus
2762 5618 2867 5671 suis
2895 5616 3208 5670 lucrarentur
3239 5620 3419 5689 fratres
3462 5633 3602 5681 suos,
3648 5624 3701 5670 et

2120 5727 2231 5765 oves
2252 5711 2358 5778 ejus
2403 5710 2658 5778 mortifero
2694 5710 2861 5763 errare
2911 5708 3165 5777 dispersas
3201 5706 3253 5760 in
3298 5723 3467 5777 pacem
3509 5704 3697 5761 salutis
