3990 6360
2704 288 2777 297 .,....
2801 288 2859 297 -ιι-ι.

212 345 351 400 ὗεςἺ

212 480 463 519 σιενηῶ
483 484 574 522 tuo
588 469 829 539 sanguine
854 476 1213 538 congregarent
1233 467 1251 535 (
1274 465 1435 533 Epist.
1480 465 1601 530 I85,
1630 482 1681 518 η.
1717 466 1775 519 51
1806 463 1845 533 ).

214 556 288 607 ιιι
324 568 496 611 certe
526 559 817 628 prmsertim
840 558 1108 613 laboribus
1134 556 1432 626 AuguStini,
1466 555 1688 609 membri
1716 554 1852 607 inter

224 647 356 699 alia
414 650 615 711 omnia,
649 650 839 718 quibus
869 649 1149 720 mysticum
1189 648 1396 702 Domini
1418 661 1609 717 corpus
1635 655 1849 699 consta-

1582 342 1779 399 ueen
1818 336 2100 403 SEXTUS.
2573 338 2581 345 ”
2736 336 2755 368 ·“
2802 342 2809 349 ’
2864 344 2891 361 ³
3431 350 3535 422 35⁵5

1962 481 2170 519 moncm
2193 467 2476 533 conferret,
2509 480 2678 539 neque
2702 484 2729 523 a
2753 470 3079 543 coepiscopis
3107 476 3217 532 suis
3246 478 3407 534 ultum
3437 482 3535 539 hac

1959 556 2026 610 de
2054 573 2111 610 re
2143 557 2445 612 mandatum
2472 570 2749 629 acceperat
2780 581 2791 616 :
2818 564 3036 635 ipseque
3063 567 3201 623 adeo
3230 571 3531 637 prmfectus,

1963 662 2068 714 quo
2086 647 2262 716 judice
2301 650 2412 703 lia-c
2438 650 2746 720 agebantur,
2775 655 2915 708 nulla
2938 659 3249 714 auctoritate
3272 660 3337 714 ad
3366 663 3533 716 collo-

233 738 364 797 bat,
407 739 656 806 praecipui
682 739 921 808 contigit.
955 738 1001 793 Is
1033 737 1299 793 indefessa
1325 753 1452 791 cura
1480 736 1850 805 promovendis

238 828 521 884 [iet-lesia:
550 831 707 885 rebus
745 831 1067 901 invigilabat,
1120 846 1345 898 eamque
1392 829 1625 883 I:rtitiam
1668 828 1847 881 divina

237 922 591 991 benignitate
632 922 854 991 adeptus
881 930 1060 988 est,ut
1082 930 1350 990 superstes
1378 920 1551 973 adhuc
1596 919 1846 972 sudorum

238 1027 484 1065 suorum
525 1013 722 1067 fructus
753 1013 1068 1082 perciperet,
1109 1027 1172 1065 ac
1207 1026 1392 1080 pacem
1430 1019 1587 1077 atque
1620 1024 1845 1063 concor-

237 1104 407 1157 diam
447 1105 676 1175 primum
722 1105 983 1174 Hippone,
1016 1104 1167 1174 cujus
1214 1103 1359 1156 urbis
1387 1117 1448 1155 ac
1476 1102 1768 1155 dimceseos
1799 1101 1845 1154 ei

241 1195 532 1263 praecipue
555 1194 868 1249 demandata
896 1202 1009 1248 erat
1037 1210 1183 1258 cura,
1205 1193 1541 1247 constitutam
1563 1201 1843 1255 cerneret;

238 1284 457 1340 deinde
478 1302 572 1354 per
593 1294 753 1339 totam
778 1286 1034 1351 Africam,
1061 1285 1145 1338 ubi
1170 1300 1288 1338 cum
1320 1300 1411 1352 per
1434 1298 1491 1337 se
1513 1284 1703 1352 ipsum,
1738 1293 1844 1336 tum

241 1395 347 1446 per
400 1378 702 1446 episcopos,
742 1393 877 1447 quos
901 1394 966 1432 ex
992 1394 1085 1432 sua
1119 1377 1445 1431 institutione
1480 1391 1542 1429 ac
1570 1375 1844 1442 disciplina

238 1470 291 1520 ei
336 1468 593 1533 dederat,
651 1468 901 1523 Ecclesiae
951 1484 1197 1537 magumn
1245 1468 1629 1521 incrementum
1665 1466 1844 1518 attulit

240 1560 259 1625 (
284 1557 535 1623 Possid.,
559 1561 609 1611 in
635 1557 751 1612 Vita
768 1559 1003 1629 August.,
1021 1576 1064 1611 ε.
1091 1557 1314 1629 IS).Iloc
1333 1568 1509 1611 tamen
1528 1572 1660 1625 opus
1680 1556 1729 1608 in
1750 1571 1843 1609 sua

234 1648 476 1702 dicet-esi
511 1664 614 1702 non
642 1648 741 1701 nisi
789 1648 967 1701 multis
1023 1658 1139 1716 post
1192 1648 1345 1700 annis
1392 1647 1621 1699 absolvit
1651 1663 1663 1697 :
1690 1661 1752 1698 ac
1776 1645 1843 1699 de

238 1741 509 1806 pra-senti
554 1739 603 1792 id
648 1738 1010 1791 tantummodo
1051 1751 1373 1805 cognoscere
1414 1746 1515 1801 est,
1571 1735 1843 1789 basilicam

234 1847 369 1898 quze
397 1830 506 1883 illic
538 1830 927 1883 Donatistarum
959 1828 1150 1889 fuerat,
1176 1828 1279 1882 illis
1303 1836 1426 1881 tunc
1451 1836 1538 1879 aut
1569 1834 1687 1894 post
1718 1842 1846 1893 pau-

239 1920 360 1971 lum
392 1928 630 1988 ereptam
656 1935 774 1973 esse
801 1920 817 1989 (
840 1918 1058 1972 Retract.
1084 1920 1210 1972 libro
1251 1918 1308 1983 2,
1336 1934 1448 1985 cap.
1478 1917 1546 1970 27
1573 1917 1611 1985 ).
1639 1917 1845 1971 Cirten-

234 2009 318 2063 sis
352 2009 623 2075 Ecclesia,
653 2020 757 2063 tam
784 2010 957 2064 dirum
986 2009 1037 2063 in
1063 2010 1276 2063 modum
1298 2010 1364 2063 ab
1392 2008 1653 2062 hrereticis
1679 2023 1841 2062 vexa-

238 2109 319 2161 ta,
374 2101 577 2168 pariter
622 2109 935 2169 argumento
961 2100 1056 2153 fuit
1098 2100 1379 2169 plurimum
1406 2099 1544 2167 apud
1568 2099 1731 2151 Demu
1756 2113 1844 2151 va-

238 2192 416 2243 luisse
458 2205 735 2244 servorum
767 2205 981 2244 suorum
1008 2206 1215 2260 pmnas,
1263 2205 1483 2259 quarum
1516 2189 1653 2242 haud
1683 2189 1842 2243 dubie

238 2280 449 2334 intuitu
491 2294 555 2333 ac
582 2281 772 2334 merito
814 2280 1113 2334 Donatistas
1140 2280 1281 2333 illius
1308 2279 1408 2333 loci
1434 2278 1497 2332 ad
1528 2278 1840 2333 catholicam

242 2371 515 2424 unitatem
548 2370 758 2423 demum
786 2370 1214 2439 reduxit(Epist.
1250 2366 1410 2439 Ml).
1446 2371 1513 2421 At
1543 2368 1670 2421 illud
1716 2378 1841 2423 ante

240 2476 452 2514 annum
507 2461 1085 2530 quadringentesimum
1138 2460 1509 2513 duodecimum
1557 2460 1841 2528 contigisse

248 2568 366 2606 non
395 2553 626 2607 videtur.
651 2554 726 2607 Ex
759 2554 1051 2607 Collatione
1076 2568 1284 2621 quoque
1308 2549 1578 2615 discimus,
1612 2550 1840 2605 Liberti-

241 2663 330 2701 na:
385 2647 758 2701 schismatieos
802 2661 1011 2712 omnes,
1039 2646 1253 2700 nemine
1291 2656 1535 2715 excepto,
1561 2645 1624 2698 ad
1657 2645 1839 2699 Eccle-

240 2739 384 2791 siam
406 2737 633 2791 rediisse
655 2736 673 2809 (
692 2737 873 2790 Collat.
896 2735 1134 2807 Carthag.
1162 2738 1211 2802 I,
1237 2752 1347 2807 cap.
1380 2733 1538 2807 116).
1564 2734 1705 2789 Idem
1729 2733 1841 2789 fue-

242 2836 327 2881 rat
355 2843 384 2880 a
418 2828 572 2895 plebe
600 2827 909 2881 Bazaritana
939 2826 1137 2881 factmn
1166 2843 1180 2890 ;
1236 2827 1309 2879 ita
1347 2837 1403 2879 ut
1432 2825 1723 2895 Calipotius
1750 2841 1839 2879 eo-

244 2934 369 2971 rum
401 2934 685 2988 epscopus
711 2934 829 2972 cum
850 2933 1036 2972 omnes
1064 2933 1093 2971 a
1120 2932 1176 2972 se
1195 2918 1456 2972 defecisse
1477 2918 1834 2985 conspiceret,

243 3012 354 3063 alio
373 3008 731 3080 commigrare
760 3009 917 3063 fuerit
945 3009 1373 3079 coactus(1bid.,
1396 3026 1506 3078 cap.
1534 3009 1635 3063 129
1656 3012 1695 3078 ).

319 3101 375 3155 5.
389 3101 507 3155 Non
522 3103 623 3155 alia
647 3116 774 3153 sane
790 3100 855 3154 de
868 3114 1025 3155 causa
1052 3115 1196 3153 mare
1215 3098 1555 3168 trajeceruut,
1576 3108 1629 3153 et
1646 3113 1829 3153 coram

248 3191 506 3261 praefecto
526 3191 760 3262 prmtorii
783 3192 1033 3246 sisterunt
1049 3206 1167 3246 sese
1189 3190 1424 3244 nonnulli
1446 3206 1511 3244 ex
1545 3190 1839 3244 Donatista-

248 3300 368 3336 rum
387 3282 678 3351 episcopis,
703 3298 857 3351 quam
872 3290 929 3336 ut
946 3282 1118 3351 legum
1139 3282 1361 3334 latarum
1387 3282 1437 3335 in
1457 3282 1598 3349 ipsos
1613 3280 1838 3349 mitigari

247 3375 591 3428 severitatem
620 3380 866 3443 rogarent
886 3369 906 3445 (
930 3370 1092 3441 Epist.
1121 3371 1209 3433 88,
1230 3372 1365 3425 u.IO
1452 3370 1649 3424 Horum
1681 3386 1710 3424 e
1736 3386 1837 3423 uu-

249 3481 403 3519 mero
431 3463 773 3517 Maximinum
794 3463 1114 3517 Siuiteusem
1142 3460 1304 3515 fuisse
1339 3461 1637 3530 opinamur.
1668 3461 1836 3514 Ante-

249 3569 406 3624 quam
430 3563 614 3607 autem
641 3553 688 3607 is
710 3569 777 3607 ex
802 3551 1152 3606 transmarina
1180 3550 1602 3620 peregrinatione
1638 3550 1830 3603 rediis-

249 3660 352 3710 set,
374 3646 705 3715 Augustinus
729 3644 1094 3715 presbyterum
1121 3642 1346 3697 Sinitum
1374 3641 1537 3707 misit,
1564 3650 1620 3695 ut
1643 3641 1839 3695 Catho-

248 3734 479 3791 licorum
525 3735 641 3804 ejus
678 3732 780 3787 loci
822 3748 1002 3787 curam
1051 3739 1281 3801 gereret,
1308 3740 1465 3801 atque
1507 3732 1615 3785 illic
1654 3732 1704 3784 in
1755 3732 1835 3784 sui

246 3825 383 3893 juris
410 3826 574 3880 domo
593 3825 797 3895 positus
812 3823 999 3894 injuria
1017 3822 1213 3877 nemini
1233 3821 1372 3875 illata
1396 3822 1710 3876 catholicam
1742 3838 1835 3890 pa-

251 3931 368 3971 cem
398 3913 744 3970 ann‘untiaret
770 3916 853 3981 iis,
891 3929 1024 3983 quos
1053 3929 1169 3968 eam
1198 3913 1380 3967 audire
1401 3914 1686 3969 delectaret
1711 3932 1723 3967 :
1747 3930 1837 3969 ve-

250 4023 368 4061 rum
416 4006 656 4060 haeretici
690 4007 1063 4077 presbyterum
1095 4004 1381 4059 crudeliter
1428 4005 1662 4059 habitum
1715 4005 1838 4060 hinc

250 4098 467 4152 tandem
509 4095 1002 4169 ejecerunt(Epist.
1033 4096 1156 4160 105,
1180 4113 1232 4149 n.
1262 4096 1296 4150 4
1317 4095 1360 4168 ).
1391 4096 1636 4165 Episcopi
1664 4097 1839 4150 Dona-

251 4187 411 4254 tistar,
442 4187 534 4258 qui
564 4186 627 4239 ad
662 4186 979 4241 Comitatum
1010 4195 1281 4250 venerant,
1310 4186 1375 4240 ad
1399 4186 1622 4241 tribunal
1648 4198 1836 4257 praeto-

249 4282 325 4335 ris
347 4280 621 4343 adierunt,
640 4288 802 4349 utque
826 4279 1153 4343 audirentur,
1172 4287 1225 4333 et
1252 4278 1462 4348 quidem
1490 4279 1541 4333 in
1573 4281 1835 4351 colloquio

250 4388 369 4429 cum
422 4374 709 4428 Valentino
760 4373 1019 4430 catholico
1053 4375 1305 4444 episc0po
1335 4374 1405 4429 ibi
1435 4383 1561 4429 tunc
1601 4385 1831 4443 reperto,

255 4481 579 4536 magnopere
618 4466 939 4535 tlagitaruut,
972 4482 1030 4521 se
1058 4482 1162 4522 non
1188 4468 1347 4522 aliam
1373 4467 1443 4521 ob
1471 4482 1584 4521 rem
1627 4468 1834 4523 venisse

251 4557 583 4612 afﬁrmantes
605 4557 824 4629 (Collat.
873 4557 1116 4629 Cari/mg.
1169 4560 1221 4623 5,
1250 4574 1364 4627 cap.
1395 4558 1496 4612 124
1515 4556 1556 4631 ).
1585 4557 1740 4614 Gesta
1768 4559 1835 4614 de

252 4648 349 4703 hoc
378 4649 599 4718 negotio
627 4649 865 4703 confecta
904 4657 1027 4704 sunt
1068 4650 1332 4704 Ravenna:
1380 4650 1534 4703 tertio
1582 4648 1835 4704 kalendas

248 4737 545 4792 februarias
588 4754 728 4792 anno
761 4739 1280 4809 quadringentesimo
1321 4750 1470 4793 sexto
1496 4737 1516 4812 (
1542 4738 1829 4811 Ibid.,cap.

246 4828 339 4882 Nl
372 4827 417 4899 ).
445 4827 645 4882 Eorum
666 4829 964 4897 exemplum
1012 4844 1079 4883 ex
1121 4828 1351 4884 archivis
1380 4828 1833 4884 transcribendum

243 4927 501 4973 curarum
523 4917 808 4984 Catholici,
835 4918 975 4988 quod
1005 4919 1056 4972 in
1088 4917 1494 4988 Carthaginensi
1522 4919 1829 4983 collatione,

244 5018 300 5063 ut
326 5009 473 5063 hanc
500 5008 768 5077 utrimque
796 5008 1014 5078 petitam
1044 5006 1206 5062 fuisse
1231 5007 1594 5076 ostenderent,
1622 5009 1832 5063 recitari

245 5101 604 5169 postularunt.
656 5100 988 5169 Quapropter
1039 5100 1161 5154 huic
1211 5100 1435 5170 tempori
1486 5100 1831 5156 adscribenda

243 5198 366 5244 sunt
391 5189 484 5243 illa
505 5188 788 5260 Augustini
808 5189 947 5259 apud
980 5189 1329 5245 Collationem
1360 5190 1521 5245 verba
1545 5208 1558 5243 :
1580 5190 1703 5244 Cum
1732 5208 1831 5244 nu-

246 5297 333 5351 per
353 5281 412 5334 in
436 5279 745 5336 Comitatum
787 5281 1033 5335 venissent
1062 5282 1269 5352 quidam
1307 5283 1532 5348 illorum,
1558 5285 1697 5353 apud
1721 5294 1834 5337 acta

244 5373 399 5427 «iam
424 5373 745 5444 prcefectoria
769 5371 1029 5439 dixerunt,
1052 5373 1223 5427 audiri
1249 5389 1301 5427 se
1339 5374 1483 5438 uelle,
1513 5374 1691 5427 discuti
1712 5376 1836 5430 velle

249 5464 450 5535 (ibit,
482 5483 601 5536 cap.
631 5464 797 5538 110).
824 5465 974 5520 Tunc
990 5466 1147 5536 igitur
1172 5466 1438 5521 instabant
1457 5466 1551 5530 illi,
1571 5478 1629 5520 ut
1647 5466 1833 5521 Valen-

250 5559 391 5613 tinus
432 5558 727 5614 catholicus
754 5559 997 5624 antistes,
1025 5559 1113 5629 qui
1152 5568 1262 5612 tum
1292 5558 1429 5629 apud
1460 5557 1831 5627 Imperatorem

251 5648 449 5715 aderat,
477 5664 665 5705 secum
688 5650 1016 5721 disceptaret
1038 5649 1244 5723 (Epist.
1296 5652 1383 5717 88,
1415 5668 1469 5704 η.
1494 5652 1614 5723 10).
1639 5653 1835 5722 Atepi-

254 5751 446 5810 scopus
470 5740 565 5798 ille
583 5755 692 5798 non
703 5755 770 5798 eo
784 5742 1009 5798 consilio
1030 5740 1133 5799 huc
1156 5751 1395 5811 venerat,
1411 5750 1466 5798 ut
1491 5757 1609 5798 cum
1636 5743 1700 5798 iis
1716 5757 1832 5799 scr-

1956 738 2134 804 quium
2162 738 2287 792 illud
2315 742 2707 796 concedendum
2742 744 3008 811 pollebat;
3036 748 3203 819 eique,
3232 761 3286 805 ut
3315 767 3378 807 ex
3407 753 3534 824 legi-

1957 830 2054 884 bus
2092 831 2347 886 adversus
2382 834 2679 889 Donatistas
2729 837 2844 891 latis
2901 844 3281 908 pronuntiaret,
3314 860 3532 902 necesse

1954 932 2087 976 erat.
2136 923 2340 977 Interea
2374 940 2624 979 assensus
2654 928 2744 982 ille
2771 928 3026 985 habenda:
3056 934 3320 989 collationi
3366 938 3440 993 sic
3464 939 3532 993 ab

1955 1012 2080 1078 ipsis
2124 1014 2393 1081 praebitus,
2440 1016 2490 1069 in
2522 1032 2631 1070 rem
2663 1019 3052 1076 Catholicorum
3078 1027 3274 1091 cessit;
3305 1030 3391 1098 qui
3426 1029 3526 1085 hoc

1955 1106 2105 1157 titulo
2129 1106 2192 1159 ad
2222 1107 2359 1160 illam
2393 1109 2459 1161 ab
2484 1108 2804 1178 lmpcratore
2834 1114 3192 1179 obtinendam,
3240 1118 3361 1174 licet
3388 1135 3525 1176 non-

1953 1195 2050 1247 nisi
2074 1206 2297 1263 quatuor
2316 1198 2508 1252 abhinc
2534 1200 2707 1265 annis,
2740 1212 3038 1271 Opportune
3060 1207 3138 1259 usi
3169 1207 3525 1277 sunt(Collat.

1952 1276 2189 1349 Cartlmg.
2216 1281 2268 1345 5,
2316 1297 2430 1350 cap.
2484 1284 2607 1350 110,
2661 1294 2705 1337 et
2729 1285 2921 1339 Brevic.
2946 1287 3155 1355 Collut.,
3186 1309 3335 1361 capp.
3360 1294 3411 1355 4,
3439 1295 3524 1365 5).

1950 1368 2079 1422 Nam
2102 1377 2155 1423 et
2178 1370 2514 1426 Marcellinus
2544 1374 2593 1426 in
2626 1374 2821 1440 edicto,
2841 1378 2981 1445 quod
3004 1378 3216 1435 ineunte
3237 1397 3375 1437 anno
3395 1400 3524 1453 qua-

1949 1458 2363 1527 dringeutesimo
2390 1462 2668 1517 undecimo
2694 1467 3047 1521 convocanda:
3075 1468 3383 1527 Collationis
3406 1489 3523 1528 cau-

1949 1564 2005 1602 sa
2058 1552 2428 1621 promulgavit,
2486 1554 2782 1609 Douatistas
2823 1571 2939 1611 eam
2987 1570 3109 1613 ante
3156 1561 3525 1617 brevissimum

1949 1647 2159 1709 tempus
2187 1642 2323 1711 apud
2354 1642 2727 1697 Prmfectorum
2757 1646 2982 1701 tribunal
3009 1651 3219 1716 petiisse
3250 1660 3473 1705 testatur
3504 1671 3517 1706 :

1948 1739 2003 1783 et
2033 1742 2215 1785 narrat
2242 1734 2585 1802 Augustinus,
2618 1735 2737 1789 illos
2762 1751 2935 1791 causa:
2964 1743 3187 1809 propria:
3215 1743 3352 1811 apud
3377 1752 3525 1813 gesta

1949 1822 2278 1892 prmfectoria
2310 1827 2618 1881 inconsultis
2647 1842 2708 1881 ac
2759 1831 3050 1884 temerariis
3099 1834 3412 1901 quibusdam
3436 1851 3523 1891 re-

1950 1914 2159 1980 sponsis
2185 1916 2448 1980 nocuisse,
2480 1932 2703 1986 eamque
2731 1918 2801 1971 ob
2821 1933 2935 1972 rem
2976 1935 3180 1974 summa
3208 1938 3351 1987 cura,
3378 1941 3444 1979 ne
3469 1926 3525 1980 in

1945 2004 2239 2059 Collatione
2267 2007 2638 2070 recitarentur,
2663 2010 2900 2080 cavisse(
2924 2011 3115 2065 Brevia.
3148 2012 3332 2069 Collat.
3380 2017 3434 2078 5,
3467 2034 3521 2071 n.

1946 2097 2031 2165 5).
2058 2098 2111 2150 In
2140 2097 2325 2151 iisdem
2351 2100 2516 2169 gestis
2568 2101 2955 2158 Donatistarum
3001 2107 3335 2173 vocabulum,
3385 2111 3524 2177 quod

1946 2186 2019 2239 illi
2062 2198 2239 2255 postea
2272 2190 2635 2257 repudiarunt,
2686 2193 2897 2247 sibimet
2937 2195 3511 2269 imponebaut(Coltat.

1945 2275 2184 2347 Carthag.
2215 2278 2265 2342 5,
2288 2296 2401 2347 cap.
2426 2281 2483 2333 51

2016 2370 2066 2423 6.
2116 2370 2281 2423 Porro
2313 2371 2625 2425 Maximinus
2653 2372 2935 2428 Siuitensis
2979 2384 3099 2443 post
3127 2377 3228 2432 hoc
3258 2378 3357 2434 iter
3401 2382 3520 2436 uni-

1946 2470 2103 2514 tatem
2134 2462 2443 2515 catholicam
2471 2465 2742 2529 amplcxus
2770 2474 2871 2527 est,
2895 2466 3033 2534 quod
3063 2481 3218 2536 supra
3260 2470 3515 2525 observa-

1944 2553 2115 2605 vimus
2150 2553 2300 2622 (Lib.
2332 2555 2381 2615 5,
2412 2570 2526 2624 cup.
2569 2555 2622 2619 9,
2668 2573 2719 2608 η.
2744 2556 2833 2625 6).
2866 2558 2989 2611 Post
3017 2559 3156 2612 illam
3183 2576 3393 2630 quoque
3420 2564 3522 2619 Do-

1946 2644 2256 2697 natistarum
2285 2644 2600 2714 legationem
2626 2646 2817 2700 factmn
2849 2658 2953 2709 est,
2980 2657 3037 2702 ut
3065 2649 3131 2704 de
3158 2654 3524 2708 vexatiooibus

1944 2733 2440 2788 Circumcellionum
2471 2748 2819 2804 quererentur
2867 2738 3004 2807 apud
3054 2738 3352 2795 Douatistas
3383 2744 3525 2811 ipsos

1944 2824 2120 2877 clerici
2151 2820 2536 2893 Ilipponenses,
2565 2827 2788 2894 epistola
2821 2828 2956 2880 hanc
2984 2829 3033 2881 in
3064 2845 3192 2883 rem
3224 2830 3289 2884 ad
3325 2832 3527 2885 Janua-

1944 2917 2079 2969 rium
2108 2918 2315 2971 illorum
2343 2919 2393 2971 in
2422 2918 2663 2971 Numidia
2696 2920 2983 2987 primatem
3011 2920 3130 2974 data
3158 2922 3174 2992 (
3201 2922 3364 2992 Epist.
3388 2924 3484 2994 88)
3509 2942 3523 2977 :

1943 3008 2094 3077 cujus
2113 3020 2382 3063 auctorem
2413 3010 2763 3079 Augustimun
2789 3012 2943 3066 stilus
2969 3014 3182 3067 indicat.
3210 3014 3264 3067 In
3295 3013 3390 3069 hac
3417 3017 3525 3084 pri-

1943 3115 2032 3153 mo
2061 3101 2355 3154 ostenditur
2383 3117 2445 3154 ex
2499 3101 2717 3154 historia
2768 3102 3034 3157 Cmciliani
3076 3104 3126 3157 in
3153 3107 3525 3176 compendium

1944 3192 2175 3253 redacta,
2208 3193 2624 3246 controversiam
2654 3193 2796 3247 illam
2827 3194 2892 3247 ad
2925 3195 3273 3264 imperatores
3322 3200 3466 3266 prius
3494 3214 3523 3253 a

1945 3283 2253 3349 Donatistis,
2285 3301 2441 3354 quam
2472 3300 2501 3337 a
2530 3284 2820 3339 Catholicis
2847 3287 3074 3340 delatam
3100 3305 3113 3352 ;
3141 3299 3299 3358 atque
3321 3291 3519 3347 idcirco

1943 3372 2075 3426 nihil
2100 3387 2218 3427 esse
2248 3389 2345 3427 cur
2370 3373 2556 3427 iisdem
2603 3375 2910 3438 Catholicis,
2942 3376 3080 3444 quod
3114 3377 3330 3432 IIonorii
3368 3394 3525 3449 opem

1944 3463 2290 3532 implorarint,
2323 3464 2449 3518 vitio
2499 3473 2744 3519 vertant:
2773 3466 3023 3530 secundo,
3068 3465 3299 3522 ferendis
3327 3470 3520 3525 adver—

1942 3566 2034 3606 sus
2075 3568 2169 3608 eos
2222 3554 2429 3623 legibus
2470 3570 2681 3608 causam
2710 3555 2998 3625 praebuisse
3024 3556 3521 3615 Circumcellionum

1940 3645 2332 3700 immanitates:
2362 3648 2538 3711 tertio,
2571 3648 2664 3702 has
2711 3649 2924 3705 easdem
2966 3650 3109 3720 leges
3142 3652 3523 3721 impedimento

1942 3750 2045 3788 non
2073 3751 2211 3799 esse,
2244 3738 2525 3805 quominus
2557 3738 2844 3793 Donatista:
2867 3739 3263 3809 perhumaniter
3283 3741 3519 3797 habean-

1942 3824 2403 3893 turaCathoIicis,
2454 3842 2573 3880 eum
2606 3827 2703 3880 hos
2729 3839 2911 3882 contra
2937 3830 3011 3883 illi
3055 3831 3370 3899 quibuslibet
3424 3832 3522 3887 da-

1942 3916 2081 3969 mnis
2106 3915 2353 3978 afticiant,
2382 3918 2577 3970 malum
2606 3932 2699 3985 pro
2727 3919 2866 3974 bono
2888 3920 3255 3990 rependentes.
3285 3922 3355 3975 lbi
3385 3938 3516 3992 quo-

1940 4021 2046 4074 que
2092 4006 2251 4060 calcis
2295 4015 2454 4076 atque
2493 4008 2648 4073 aceti,
2686 4020 3106 4080 cceterarumque
3144 4011 3517 4067 crudelitatum

1943 4096 2140 4149 mentio
2168 4096 2242 4149 fit.
2275 4096 2475 4163 Quibus
2504 4098 2847 4168 subjungunt,
2900 4100 3001 4156 hoc
3039 4101 3137 4156 sibi
3168 4102 3221 4156 in
3251 4103 3517 4158 desiderio

1941 4202 2080 4253 esse,
2121 4196 2182 4241 ut
2221 4203 2339 4242 cum
2373 4189 2636 4259 episcopis
2682 4192 2955 4247 catholicis
3001 4194 3216 4263 pacifice
3243 4196 3518 4251 conferant

1943 4279 2247 4345 Donatistrc,
2287 4295 2392 4350 quo
2416 4281 2695 4336 discidium
2724 4282 2953 4345 tollatur,
2982 4300 3083 4337 non
3115 4284 3388 4353 homines;
3418 4301 3515 4342 seu

1940 4391 2045 4445 quo
2092 4376 2332 4431 homines
2376 4392 2478 4431 non
2527 4376 2823 4445 puniintur,
2876 4378 2968 4432 sed
2994 4380 3360 4449 corrigantur:
3387 4380 3511 4436 illos

1939 4468 2152 4538 quidem
2196 4485 2345 4523 suam
2380 4469 2446 4523 de
2471 4469 2737 4538 colloquio
2762 4470 3081 4524 voluntatem
3126 4472 3264 4541 apud
3317 4472 3516 4542 praefe-

1941 4572 2054 4618 ctos
2082 4561 2432 4631 nequidquam
2466 4562 2733 4631 professos
2758 4576 2895 4623 esse,
2925 4562 3043 4632 quia
3072 4564 3171 4618 hoc
3187 4564 3264 4619 eis
3305 4574 3522 4635 propter

1940 4651 2081 4721 leges
2098 4651 2205 4719 jam
2227 4650 2358 4705 latas
2378 4650 2537 4720 judex
2560 4651 2852 4706 concedere
2873 4668 2976 4704 non
2998 4662 3233 4721 poterat;
3263 4654 3355 4709 sed
3377 4655 3517 4724 apud

1940 4740 2312 4808 Imperatorem
2342 4757 2446 4794 non
2475 4739 2666 4795 frustra
2697 4740 2748 4794 id
2775 4749 3087 4807 tentaturos,
3117 4744 3203 4814 qui
3253 4759 3359 4798 non
3420 4744 3519 4799 ob-

1941 4831 2157 4886 strictus
2184 4830 2388 4885 eisdem
2417 4831 2637 4901 legibus,
2657 4830 2787 4885 alias
2815 4831 2957 4887 ferre
2977 4834 3027 4886 in
3060 4842 3323 4902 potestate
3353 4834 3518 4888 habe-

1941 4930 2021 4974 ret
2053 4937 2066 4974 :
2096 4930 2345 4975 caeterum
2372 4921 2708 4976 collationem
2729 4921 2864 4976 hanc
2881 4937 2939 4977 se
2962 4931 3235 4991 tantopere
3254 4922 3513 4991 flagitare,

1939 5026 2044 5065 non
2076 5020 2132 5066 ut
2157 5027 2313 5066 causa
2338 5012 2447 5081 jam
2476 5013 2600 5066 olim
2644 5013 2919 5067 terminata
2947 5014 3133 5066 iterum
3168 5013 3393 5078 finiatur,
3420 5013 3518 5068 sed

1942 5113 1998 5157 ut
2020 5105 2096 5159 eis
2124 5105 2213 5174 qui
2244 5106 2506 5169 nesciunt,
2544 5105 2651 5173 jam
2680 5104 2824 5157 [inita
2853 5112 3190 5157 monstretur.
3223 5102 3315 5157 Sin
3354 5104 3518 5158 talem

1940 5196 2264 5265 disceptandi
2287 5196 2543 5250 rationem
2568 5195 2742 5248 minus
2765 5194 3014 5265 probent,
3038 5201 3223 5262 rogant
3250 5202 3306 5247 ut
3324 5193 3517 5249 saltem

1940 5285 2306 5357 Ilipponenses
2355 5285 2577 5340 clericos
2604 5299 2783 5338 coram
2812 5299 2869 5337 se
2905 5298 3024 5337 cum
3060 5283 3346 5337 Donatistis
3369 5288 3517 5353 ejuss

1938 5377 2058 5430 dem
2092 5378 2189 5430 loci
2233 5376 2562 5445 disputantes
2590 5375 2822 5437 audiant,
2856 5388 2940 5440 ac,
2984 5373 3027 5427 si
3067 5373 3192 5444 quid
3232 5389 3261 5427 a
3292 5375 3516 5433 veritate

1939 5471 2230 5524 abhorrere
2258 5470 2554 5534 videantur,
2608 5483 2700 5522 eos
2726 5466 2990 5532 doceant;
3017 5475 3107 5520 aut
3148 5467 3377 5537 denique
3401 5469 3517 5525 sive

1941 5577 2037 5632 per
2061 5576 2119 5615 se
2142 5561 2307 5631 ipsos,
2340 5561 2453 5614 sive
2475 5575 2571 5628 per
2594 5560 2726 5614 alios
2756 5560 2808 5612 in
2831 5558 3025 5613 nefaria
3057 5558 3309 5625 facinora,
3341 5574 3460 5629 qua:
3486 5575 3519 5616 ι

1940 5669 2158 5709 suorum
2202 5652 2695 5708 Circumcellionum
2742 5652 2976 5707 exercitu
3003 5659 3391 5721 perpetrantur,
3434 5652 3520 5707 in-

1941 5744 2153 5815 quirant
2182 5761 2195 5800 :
2228 5757 2291 5799 ac
2318 5743 2460 5814 ipsos
2483 5743 2551 5800 ab
2572 5743 2827 5812 czedibus,
2855 5744 2923 5800 ab
2946 5742 3166 5813 rapinis,
3194 5742 3263 5798 ab
3286 5756 3522 5800 excava-
