3990 6360
408 417 577 483 tione,
604 411 650 468 si
677 409 889 484 quidem
918 408 985 464 ab
1022 405 1232 463 illorum
1258 399 1595 459 damnatione
1639 396 1740 452 sibi
1777 404 1982 464 tempe-

408 508 635 566 randum
660 512 864 576 putent,
895 503 1082 558 saltem
1112 498 1449 571 prohibeant.
1480 493 1574 548 llis
1621 504 1784 563 porro
1811 487 1984 542 verbis

409 602 689 675 epistolam
707 598 995 655 claudunt:
1025 595 1086 650 Si
1108 603 1272 647 autent
1293 587 1521 660 querelas
1542 595 1738 639 nostras
1763 590 1988 635 contem-

411 694 630 765 puti-itis,
657 708 748 746 nos
774 690 976 743 minime
995 684 1244 756 paenitebit
1282 679 1457 735 ordine
1496 676 1706 748 paciﬁca
1736 687 1882 741 agere
1899 686 1987 723 vo-

411 764 583 840 luisse.
619 782 790 836 Aderit
814 779 1061 833 Dominus
1084 774 1323 830 Ecclesia:
1349 785 1472 832 sum,
1505 777 1559 821 ut
1585 784 1669 821 vos
1696 766 1860 836 potius
1887 764 1983 815 Im-

410 879 670 933 militatem
690 884 912 930 nostram
931 869 1280 939 contempsisse
1308 863 1560 932 paeniteat.
1576 858 1733 932 (Ibid.
1746 899 1762 924 ,
1792 874 1845 909 u.
1870 853 1980 925 12).

1040 957 1263 1014 CAPUT
1300 954 1388 1009 ΙΙΙ.

412 1063 440 1116 1
493 1060 559 1115 In
586 1056 905 1113 Cresconium
926 1050 1091 1108 scribit
1122 1047 1448 1119 Augustinus.
1496 1042 1533 1096 2
1577 1039 1799 1094 Paulum
1830 1036 1984 1093 Cata-

484 1165 717 1221 quensem
737 1146 804 1198 ad
830 1142 1021 1199 vivendi
1050 1140 1299 1193 rationem
1319 1136 1552 1205 episcopo
1586 1133 1792 1199 dignam
1832 1128 1983 1181 redu-

484 1218 595 1296 cere
616 1244 806 1311 frustra
830 1235 1030 1304 satagit.
1078 1232 1112 1286 5
1148 1227 1333 1283 Scribit
1362 1227 1428 1279 ad
1462 1222 1761 1284 Emeritam,
1812 1218 1985 1271 dolens

486 1349 597 1387 eum
617 1310 881 1384 schismate
904 1322 1220 1394 implicitum.
1249 1319 1282 1372 4
1306 1313 1560 1385 Opuscula
1580 1323 1694 1365 tunc
1714 1312 1841 1379 forte
1855 1310 1987 1364 edita

483 1432 658 1477 contra
681 1418 967 1472 Donatistas
1006 1414 1121 1466 tria.
1157 1411 1191 1465 5
1236 1408 1384 1462 Liber
1424 1405 1487 1458 de
1537 1401 1852 1456 Divinatione
1878 1400 1981 1453 dte-

488 1527 709 1566 monum.
736 1509 768 1562 6
815 1507 921 1562 Sea:
947 1503 1242 1575 questiones
1268 1499 1504 1567 exposita:
1527 1504 1698 1548 contra
1726 1491 1983 1561 Paganos,

492 1602 560 1657 ad
590 1601 931 1672 presbyth
953 1592 1271 1663 Deogratias.
1291 1590 1321 1642 7
1346 1586 1608 1656 Expositio
1635 1582 1873 1651 Epistola:
1893 1579 1987 1633 Ja-

485 1692 593 1747 cobi
615 1691 681 1743 ad
699 1687 961 1743 duodecim
985 1684 1158 1737 tribus.
1181 1681 1213 1735 8
1260 1677 1407 1732 Liber
1431 1677 1493 1729 de
1522 1674 1681 1751 uico
1704 1672 1983 1739 Baptismo,

482 1785 549 1838 ad
569 1779 967 1838 Constantinum.

482 1879 535 1932 1.
567 1875 812 1930 Testatur
849 1882 1057 1939 quoque
1099 1862 1423 1932 Augustinus
1482 1857 1533 1912 in
1575 1855 1687 1909 suis
1731 1853 1986 1908 adversus

408 1965 750 2024 Cresconium
795 1960 944 2016 libris
984 1949 1606 2018 Catholicosexpctiisse,
1636 1945 1772 1998 utin
1816 1943 1986 1997 collo-

411 2060 592 2127 quium
616 2054 1048 2109 venirentsecum
1072 2044 1353 2098 Donatistze
1377 2038 1600 2111 (Contra
1617 2033 1877 2095 Crescon.,
1898 2029 1983 2084 lib.

411 2123 469 2215 ί,
496 2167 548 2202 n.
578 2147 646 2202 83
667 2132 707 2217 δ,
739 2141 928 2212 quibus
950 2138 1059 2207 jam
1105 2134 1301 2188 linimtn
1348 2145 1464 2183 esse
1510 2140 1722 2180 causam
1769 2123 1987 2217 demon-

410 2211 643 2296 strarent
716 2211 844 2286 Ibid.
870 2231 957 2283 lib.
1001 2229 1052 2291 1,
1078 2243 1130 2279 n.
1156 2224 1245 2292 6).
1295 2221 1463 2289 Leges
1492 2217 1747 2270 adversus
1774 2211 1987 2305 lucreti-

413 2345 507 2387 eos
532 2329 648 2382 illos
666 2302 732 2379 ob
759 2319 989 2377 llonorio
1007 2317 1115 2386 jam
1141 2313 1353 2384 quidem
1378 2308 1763 2377 latrc(Retract.
1801 2304 1888 2357 lib.
1928 2302 1982 2366 s,

413 2438 529 2490 cap.
559 2418 688 2487 26),
734 2420 1099 2468 verumtamen
1154 2405 1328 2459 adhuc
1374 2409 1614 2456 recentes
1671 2407 1840 2457 erant,
1867 2411 1985 2450 cum

416 2487 552 2582 opus
581 2512 679 2564 hoc
703 2502 1027 2563 elucubravit
1048 2499 1067 2574 (
1088 2498 1272 2554 Contra
1298 2495 1552 2557 Crescon.,
1581 2492 1667 2544 lib.
1768 2507 1818 2541 η.
1839 2487 1949 2582 51-)
1972 2505 1985 2552 ;

409 2578 622 2675 jamque
651 2601 724 2654 illi
751 2595 1054 2653 Catholicus
1083 2590 1152 2645 ob
1186 2603 1278 2644 eas
1308 2587 1452 2655 leges
1484 2598 1589 2636 non
1638 2580 1812 2675 minus
1844 2578 1988 2675 calce

414 2666 470 2751 et
497 2666 669 2758 aceto,
688 2705 847 2760 quam
874 2686 1015 2741 ferro
1042 2691 1094 2737 et
1114 2683 1231 2751 igne
1248 2670 1771 2741 divexabant(lbid.,
1796 2686 1827 2722 n
1862 2666 1990 2739 46).

410 2784 726 2843 Cresconius
756 2781 845 2834 ille
872 2778 938 2831 de
965 2783 1107 2831 secta
1141 2770 1527 2826 Deitatis-uirum
1567 2772 1701 2830 erat,
1732 2778 1801 2818 ex
1830 2761 1992 2815 laico-

411 2895 530 2934 rum
556 2876 740 2932 ordine
762 2874 779 2943 (
802 2870 962 2933 Ibid.,
990 2868 1079 2922 lib.
1112 2868 1163 2929 1,
1192 2882 1247 2918 n.
1272 2865 1293 2916 1
1317 2864 1354 2924 ).
1388 2859 1712 2931 professione
1732 2869 1991 2925 gramma-

415 2970 553 3024 ticus
580 2967 599 3040 (
623 2966 838 3021 Retract.
864 2961 951 3015 lib.
997 2960 1053 3024 2,
1085 2974 1197 3027 cap.
1240 2954 1309 3007 26
1334 2954 1372 3024 ).
1398 2952 1445 3005 ls
1468 2966 1586 3003 cum
1619 2946 1894 3015 Augustini
1922 2944 1989 2997 li-

412 3061 569 3117 brum
598 3062 647 3111 in
680 3055 918 3112 Petilian't
964 3051 1165 3103 litteras
1193 3046 1421 3117 primum
1461 3040 1773 3101 evolvisset,
1802 3052 1863 3090 ea
1889 3050 1990 3105 qua

418 3147 754 3205 mediocriter
783 3145 1069 3196 instructus
1089 3143 1221 3201 erat,
1246 3130 1506 3187 scribendi
1532 3127 1775 3183 facultate
1797 3125 1988 3190 frctus,

417 3251 595 3314 partes
623 3254 746 3293 suas
780 3236 1032 3290 adversus
1058 3229 1402 3299 Augustinum
1443 3219 1804 3277 defendendas
1832 3216 1991 3288 (Con-

420 3309 497 3388 tra
517 3332 773 3392 Crescon.,
793 3326 909 3381 lib.l
923 3366 938 3391 ,
959 3324 1048 3377 n2
1062 3322 1102 3394 ),
1119 3334 1322 3374 necnon
1343 3312 1768 3386 prepngnandant
1784 3309 1993 3364 Petilia-

425 3426 480 3480 ni
524 3422 802 3493 epistolam
853 3414 1123 3483 suscepit(
1148 3410 1305 3472 lbid.,
1337 3408 1421 3460 lib.
1461 3408 1513 3471 4,
1546 3423 1597 3458 n.
1625 3404 1648 3457 l
1676 3403 1713 3473 ).
1743 3399 1991 3493 Quamvis

417 3491 595 3570 autem
614 3509 929 3567 Cresconius
947 3503 1263 3580 opusculum
1303 3514 1454 3552 suum
1482 3494 1773 3564 Augustino
1806 3491 1993 3544 inscri-

414 3606 624 3677 psisset,
654 3600 724 3654 ad
752 3601 921 3668 ipsum
948 3578 1121 3648 tamen
1148 3588 1353 3645 nonnisi
1384 3587 1546 3640 utnlto
1573 3593 1847 3653 postquam
1883 3578 1995 3632 fue-

416 3668 499 3751 rat
545 3694 810 3763 vulgatum
870 3684 1109 3756 pervenit
1156 3679 1351 3751 (lbirl.,
1392 3678 1476 3730 lib.
1524 3677 1572 3738 l,
1630 3690 1682 3726 η.
1734 3668 1827 3743 1).
1857 3670 1991 3763 Tum

419 3758 661 3858 putavitv
694 3778 1013 3849 Augustinus
1089 3789 1209 3829 esse
1279 3778 1331 3823 et
1400 3763 1735 3858 urbani-tatis,
1791 3758 1992 3814 auctori

418 3853 709 3931 rescribere
736 3888 751 3936 ;
780 3880 834 3924 et
858 3866 1017 3921 officii
1047 3879 1109 3918 ac
1126 3859 1361 3915 muneris
1379 3858 1480 3921 sui,
1510 3853 1872 3908 defensionem
1899 3865 1993 3904 ve-

417 3966 589 4021 ritatis
606 3980 711 4017 non
739 3962 1057 4015 detrectare.
1085 3955 1223 4023 Ergo
1244 3948 1587 4004 Cresconinm
1606 3954 1830 4014 quatuor
1846 3941 1992 3996 libris

417 4054 701 4111 confutavit
733 4069 746 4104 :
774 4063 997 4120 quorum
1019 4047 1072 4099 in
1097 4044 1265 4114 primo
1296 4041 1510 4093 minimc
1533 4034 1853 4105 probandam
1874 4046 1993 4086 esse

417 4147 575 4203 docet
601 4144 898 4199 simulatam
927 4138 1069 4192 illam
1098 4133 1483 4189 Donatistarum
1528 4125 1860 4185 modestiam,
1891 4136 1992 4190 qua

416 4253 536 4292 cum
565 4232 853 4290 Catholicis
877 4230 1172 4296 disceptare
1209 4224 1276 4278 de
1290 4220 1492 4276 discidii
1523 4232 1681 4272 causa
1710 4214 1990 4277 nolebant;

421 4338 534 4383 tum
581 4326 791 4387 deinde,
847 4320 1037 4376 nullius
1082 4317 1163 4371 vel
1193 4312 1477 4369 adversarii
1525 4306 1877 4378 eloquentiam
1909 4303 1993 4358 vel

418 4418 751 4475 dialecticam
801 4412 1153 4468 assertoribus
1199 4407 1437 4461 veritatis
1490 4418 1606 4457 esse
1636 4398 1988 4455 metuendam.

420 4511 665 4567 Ostendit
709 4515 982 4578 pra-terea,
1028 4501 1236 4557 tametsi
1292 4498 1682 4553 Donatistarmu
1725 4492 1991 4561 Baptisma

418 4618 601 4657 verum
635 4615 758 4655 esse
785 4595 1045 4653 Catholici
1087 4591 1399 4652 concedant,
1463 4587 1589 4641 hinc
1618 4595 1792 4639 tamen
1818 4578 1993 4649 colligi

420 4710 529 4749 non
559 4707 735 4762 posse,
765 4689 892 4744 illud
918 4696 1061 4743 recte
1097 4683 1264 4753 accipi
1297 4682 1363 4736 ab
1390 4678 1575 4734 iisdem
1621 4672 1989 4731 schismaticis.

417 4783 479 4841 In
507 4782 740 4840 secundo
764 4781 1110 4842 demonstrat,
1135 4773 1264 4829 nihil
1284 4788 1312 4825 a
1332 4767 1618 4827 Cresconio
1643 4766 1861 4829 dictum,
1887 4777 1993 4833 quo

417 4892 546 4933 suus
587 4875 845 4930 adversus
886 4869 1197 4925 Petilianum
1233 4864 1366 4917 liber
1409 4858 1712 4921 refellatur,
1753 4853 1993 4925 quamvis

417 4970 555 5025 forte
583 4969 650 5022 ab
678 4966 770 5021 illo
795 4962 1037 5019 didicerit
1058 4974 1163 5015 non
1192 4954 1487 5011 Donatistas
1513 4966 1579 5006 ex
1601 4950 1804 5003 Donato
1848 4953 1995 5001 recte

417 5063 543 5129 dici,
575 5060 668 5116 sed
691 5057 1040 5120 Donatianos;
1067 5061 1121 5107 et.
1146 5052 1276 5105 alias
1299 5045 1552 5117 quasdam
1574 5039 1994 5114 grammaticales

417 5169 607 5224 nugas,
637 5152 826 5221 quibus
869 5149 957 5203 ille
998 5142 1379 5200 immorabatur
1400 5136 1461 5211 (1
1471 5136 1597 5202 bid.,
1622 5134 1709 5188 lib.
1737 5132 1793 5198 2,
1816 5150 1868 5185 η.
1895 5129 1991 5224 ἓ).

420 5222 523 5302 Ubi
546 5243 611 5297 iis
634 5240 905 5297 Cresconii
948 5236 1124 5303 dictis,
1156 5248 1274 5304 qua:
1311 5229 1528 5300 majoris
1565 5224 1817 5281 momenti
1848 5222 1995 5277 vide—

420 5334 633 5395 bantur,
664 5330 951 5394 satisfecit;
980 5343 1048 5382 ne
1078 5323 1434 5394 imperitiores
1458 5318 1656 5389 aliquid
1701 5317 1767 5370 ab
1792 5330 1857 5371 eo
1880 5315 1997 5370 sine

422 5423 770 5495 responsione
796 5420 1211 5493 praetermissum
1242 5422 1525 5486 putarent;
1559 5410 1771 5466 tertium
1807 5406 1999 5477 adjecit

421 5516 614 5573 librum
642 5514 697 5569 in
736 5513 936 5583 reliqua
976 5512 1149 5581 capita
1187 5506 1426 5579 opusculi
1467 5505 1535 5560 ab
1577 5503 1667 5557 illo
1692 5500 1995 5569 conscripti.

420 5608 481 5665 In
504 5613 692 5677 quarto
715 5605 929 5660 demum
953 5603 1092 5658 libro
1117 5601 1245 5656 illud
1270 5600 1338 5655 de
1368 5600 1576 5667 integro
1602 5612 1667 5650 ex
1697 5594 1808 5649 sola
1837 5593 1995 5648 Maxi-

418 5701 785 5760 mianistarum
813 5696 1029 5756 historia
1044 5711 1075 5753 a
1094 5695 1267 5767 capite
1291 5693 1357 5750 ad
1380 5691 1579 5751 calcem
1590 5687 1860 5769 dissolvit.

1567 280 1727 337 VITA
1766 277 1825 335 S.
1862 273 2228 335 AUGUSTINI
2264 275 2581 336 EPISCOPI.

2163 392 2218 447 2.
2248 393 2540 463 Epistolam
2590 391 2657 447 ad
2699 389 2920 448 Paulum
2946 392 3251 465 episcopum
3281 407 3389 450 non
3415 402 3539 453 ante
3565 396 3678 453 hoc

2092 492 2302 556 tempus
2328 486 2578 557 scriptam
2604 480 2765 541 fuisse
2806 484 2891 541 vel
2919 486 3041 541 inde
3061 485 3297 556 colligas,
3325 487 3470 557 quod
3509 489 3554 543 is
3580 488 3679 545 cui

2093 576 2417 642 inscribitur,
2452 578 2645 632 multos
2674 577 2740 631 ad
2766 577 3057 632 Ecclesiam
3084 578 3396 632 catholicam
3422 578 3675 634 reduxis-

2090 683 2148 723 se
2169 667 2411 722 laudatur
2434 667 2453 737 (
2472 667 2635 738 Epist.
2656 668 2744 732 85,
2766 686 2818 721 η.
2845 669 2865 722 1
2889 670 2928 739 ).
2952 667 3083 734 Quia
3100 683 3257 737 porro
3280 668 3500 722 Paulum
3518 668 3678 723 Chri-

2089 765 2172 812 sto
2193 768 2447 828 genuerat
2494 758 2838 828 Augustinus,
2873 758 3068 812 idcirco
3104 758 3246 813 illius
3293 757 3481 828 agendi
3532 758 3679 813 ratio

2089 849 2355 917 praecipuo
2375 848 2598 918 quodam
2618 850 2736 917 jure
2756 849 2820 901 ad
2843 864 2991 901 suam
3017 848 3476 919 Hipponensisque
3492 848 3681 904 Eccle-

2092 941 2185 993 sia:
2224 956 2405 994 curam
2454 952 2695 1009 spectare
2747 942 2984 1009 putabat.
3032 941 3080 995 ls
3124 942 3188 1007 si,
3222 942 3677 1012 quemadmodum

2089 1039 2273 1085 censet
2321 1031 2639 1093 llolstenius,
2691 1046 2753 1084 ac
2796 1046 2883 1085 res
2925 1031 3037 1099 ipsa
3074 1030 3281 1085 videtur
3327 1032 3676 1101 persuadere,

2098 1122 2235 1176 idem
2290 1122 2380 1187 sit,
2411 1130 2569 1191 atque
2605 1122 2693 1176 ille
2719 1122 2915 1176 Paulus
2945 1122 3010 1176 de
3041 1137 3147 1192 quo
3176 1121 3501 1177 mentionem
3543 1122 3682 1177 facit

2092 1213 2142 1266 in
2187 1212 2409 1282 epistola
2443 1213 2507 1266 ad
2534 1212 2830 1283 Olympium
2853 1212 3058 1282 (Epist.
3094 1211 3181 1275 96,
3212 1229 3264 1265 n.
3287 1211 3377 1283 2),
3419 1212 3681 1283 Cataqutc

2092 1304 2142 1356 in
2195 1303 2435 1357 Numidia
2491 1304 2844 1372 episcopalem
2899 1303 3209 1373 dignitatem
3260 1301 3659 1377 gessit(Epist.

2093 1394 2181 1456 97,
2205 1412 2257 1447 η.
2288 1396 2383 1464 5).
2442 1393 2587 1448 llanc
2612 1404 2791 1448 autem
2822 1404 3098 1464 postquam
3124 1404 3205 1450 est
3227 1395 3470 1465 adeptus,
3494 1396 3681 1466 Auguc

2091 1487 2230 1540 stiuo
2256 1488 2420 1540 multo
2440 1486 2559 1555 plus
2583 1486 2781 1561 doloris
2806 1488 3000 1552 attulit,
3030 1504 3186 1557 quam
3214 1488 3408 1542 solatii.
3456 1488 3676 1543 Etenim

2090 1578 2132 1630 si
2165 1594 2267 1630 non
2291 1593 2489 1648 paucos
2514 1593 2543 1632 e
2573 1578 2859 1632 Donatistis
2880 1578 2930 1633 in
2963 1578 3217 1633 Ecclesia:
3244 1579 3417 1634 sinum
3434 1579 3673 1649 collegit,

2089 1667 2262 1721 adhuc
2310 1669 2464 1737 longe
2500 1670 2678 1737 plures
2707 1669 2828 1724 inde
2856 1672 3196 1738 corruptione
3224 1685 3431 1723 morum
3457 1669 3677 1738 disper-

2089 1760 2176 1814 sit.
2226 1760 2302 1813 lta
2342 1760 2549 1814 vivebat
2578 1760 2858 1816 mundanis
2881 1762 3104 1831 negotiis
3134 1760 3453 1830 implicatus,
3487 1770 3545 1814 ut
3591 1760 3669 1814 ab

2091 1853 2181 1906 illo
2209 1852 2573 1922 episcopatum
2602 1862 2917 1921 quaestuosa:
2942 1853 3074 1906 artis
3094 1852 3212 1906 loco
3238 1851 3419 1906 haberi
3441 1850 3677 1905 dixisses

2096 1944 2299 2016 (Epist.
2338 1945 2427 2011 85,
2472 1962 2560 1998 nn.
2608 1946 2658 2010 1,
2688 1946 2723 1998 2
2744 1944 2782 2014 ).
2813 1943 2891 1999 Ac
2923 1945 3061 1999 Deus
3088 1944 3302 2015 quidem
3332 1955 3390 1998 ut
3416 1944 3599 2009 Paulo,
3624 1942 3677 1997 si

2090 2047 2265 2091 tamen
2288 2038 2392 2091 ulla
2420 2037 2471 2091 in
2505 2052 2569 2091 eo
2596 2037 2939 2106 intelligentia
2970 2036 3177 2103 fuisset,
3207 2044 3674 2098 commonstraret,

2091 2138 2283 2197 praeter
2306 2129 2465 2182 animi
2492 2127 2715 2191 divitias,
2740 2143 2965 2197 quarum
2992 2143 3151 2183 causa
3180 2127 3351 2182 fuerat
3370 2127 3437 2181 ad
3464 2126 3681 2197 episco-

2094 2229 2268 2287 patum
2312 2219 2611 2288 adoptatus,
2644 2220 2815 2273 nullas
2847 2220 2980 2273 alias
3022 2219 3334 2289 quzercndas
3378 2235 3516 2284 esse,
3545 2218 3678 2273 fecit

2092 2318 2149 2362 ut
2191 2324 2259 2362 ne
2288 2324 2447 2378 quem
2494 2324 2525 2362 e
2553 2308 2842 2378 quaestibus
2888 2308 3087 2363 odiosis
3134 2308 3362 2362 fructum
3409 2316 3673 2377 caperet:

2093 2398 2229 2453 adeo
2255 2406 2311 2452 ut
2340 2398 2659 2461 nominibus,
2693 2414 2811 2468 qua:
2840 2397 2968 2453 fisco
2991 2397 3236 2460 debebat,
3274 2397 3540 2453 solvendis
3569 2396 3678 2451 im-

2093 2507 2210 2561 par,
2243 2491 2402 2545 rebus
2426 2492 2671 2545 omnibus
2692 2493 2801 2545 suis
2830 2490 3021 2545 cedere
3036 2500 3251 2545 coactus
3269 2491 3338 2545 sit
3358 2489 3556 2561 (Epist.
3576 2488 3676 2553 96,

2092 2600 2145 2637 η.
2172 2584 2259 2654 2).
2310 2583 2467 2652 Atqui
2510 2583 2676 2637 nihilo
2709 2582 2881 2638 secius
2908 2581 3200 2637 institutum
3230 2591 3383 2635 antea
3410 2595 3682 2636 commer-

2091 2676 2253 2741 cium,
2293 2682 2477 2727 contra
2531 2673 2877 2743 ipsarummet
2928 2673 3278 2727 humanarum
3325 2671 3499 2741 legum
3524 2669 3678 2725 ordi-

2097 2780 2238 2827 nem,
2294 2762 2526 2832 repetiit,
2566 2761 2705 2815 haud
2736 2761 2895 2817 dubie
2923 2760 3201 2831 cujusdam
3243 2769 3371 2815 tunc
3414 2760 3678 2830 temporis

2096 2854 2468 2923 potentissimi,
2515 2852 2694 2906 forsan
2734 2852 3059 2919 Bathanarii,
3088 2851 3335 2921 praesidio
3366 2850 3546 2906 fretus.
3574 2851 3677 2906 At-

2094 2963 2194 3017 que
2224 2948 2293 3001 ita
2321 2948 2488 3015 magis
2512 2945 2782 3015 magisque
2817 2945 3042 3015 negotiis
3069 2959 3189 2999 sese
3217 2944 3495 3010 immersit,
3520 2958 3676 2999 eam-

2095 3056 2198 3110 que
2221 3039 2443 3106 arripuit
2462 3037 2580 3091 vitae
2605 3038 2886 3103 rationem,
2911 3052 3067 3106 quam
3093 3035 3342 3090 Ecclesia:
3365 3051 3477 3091 suae
3498 3036 3679 3090 tenui-

2097 3138 2178 3183 tas
2208 3129 2467 3182 snstinere
2497 3128 2643 3182 nullo
2672 3127 2829 3181 modo
2872 3134 3096 3197 poterat.
3128 3127 3428 3181 Arbitratus
3453 3136 3536 3181 est
3559 3127 3681 3181 Au-

2093 3219 2330 3289 gustinus
2359 3234 2476 3272 sese
2504 3218 2575 3283 ei,
2628 3233 2783 3287 quem
2833 3217 2884 3271 in
2930 3215 3139 3271 Christo
3186 3233 3281 3286 per
3328 3217 3681 3286 Evangelium

2098 3322 2394 3381 pepererat,
2427 3312 2594 3381 magis
2632 3326 2790 3380 quam
2825 3310 2913 3364 alii
2942 3309 3138 3364 debere
3166 3310 3431 3365 salubrem
3461 3310 3681 3363 morda-

2096 3405 2308 3458 citatem
2340 3401 2627 3464 charitatis,
2680 3400 2939 3454 veraciter
2983 3399 3313 3470 objurganda
3338 3400 3356 3470 (
3384 3399 3549 3470 Epist.
3573 3399 3674 3467 85,

2095 3513 2147 3549 η.
2172 3497 2194 3549 1
2220 3496 2259 3565 ).
2308 3495 2563 3561 Quocirca
2614 3508 2734 3547 eum
2763 3493 2977 3546 monitis
3006 3492 3272 3555 omnibus,
3300 3508 3417 3561 qua:
3443 3506 3508 3546 eo
3539 3507 3681 3555 cons-

2095 3587 2287 3642 ducere
2305 3586 2523 3653 putavit,
2544 3599 2732 3637 sanare
2748 3592 2967 3637 conatus
2983 3593 3084 3637 est.
3121 3583 3315 3636 Verum
3338 3582 3529 3636 frustra
3551 3581 3677 3636 fuit.

2095 3676 2274 3746 itaque
2299 3676 2366 3729 ab
2391 3676 2527 3745 ejus,
2574 3675 2695 3728 licet
2723 3690 2750 3727 a
2779 3674 2926 3727 nullo
2975 3673 3336 3748 ecclesiastico
3386 3672 3565 3742 judice
3581 3673 3684 3728 da-

2097 3767 2280 3831 mnati,
2301 3765 2675 3819 communione
2687 3772 2855 3819 semet
2871 3772 3086 3818 sanctus
3104 3763 3517 3834 Virsegrcgavit,
3540 3773 3684 3819 tam-

2094 3858 2193 3913 etsi
2232 3858 2279 3911 ei
2315 3855 2511 3918 fratris,
2542 3855 2780 3925 collegzc,
2834 3864 2992 3923 atque
3037 3855 3270 3924 episcopi
3317 3854 3522 3908 titulum
3575 3855 3687 3910 mi-

2095 3949 2236 4002 nime
2285 3947 2502 4001 ademit.
2531 3946 2808 4015 Augustini
2855 3947 3281 4000 communionem
3332 3962 3426 4016 per
3474 3946 3683 4001 litteras

2097 4039 2336 4110 poposcit
2358 4038 2569 4098 Paulus,
2590 4047 2747 4106 atque
2762 4036 2916 4097 simul
2937 4043 3157 4106 questus
3177 4044 3280 4101 est,
3305 4036 3495 4104 ipsum,
3516 4050 3684 4104 quem

2097 4132 2255 4185 etiam
2280 4130 2658 4185 inexorabilem
2690 4138 2862 4191 vocat,
2896 4128 2959 4180 iis
2990 4127 3107 4196 plus
3135 4142 3286 4195 mquo
3313 4126 3553 4188 credere,
3584 4126 3684 4195 qui

2096 4236 2276 4276 secum
2307 4229 2517 4289 apertas
2543 4218 2845 4273 inimicitias
2870 4232 3082 4286 semper
3104 4226 3397 4286 gesserant.
3425 4216 3534 4270 [lac
3565 4216 3685 4284 ipsa

2095 4312 2161 4366 dc
2186 4327 2342 4366 causa
2370 4310 2667 4379 epistolam,
2690 4324 2790 4378 qua
2820 4307 2884 4361 de
2913 4292 3103 4376 agitur,
3135 4306 3431 4361 severitatis
3452 4306 3599 4374 juxta
3623 4315 3683 4365 et

2095 4400 2368 4455 charitatis
2396 4401 2603 4469 plenam
2625 4398 2689 4451 ad
2715 4412 2835 4451 eum
2856 4396 3177 4465 Augustinus
3197 4395 3427 4464 scripsit.
3456 4394 3586 4448 Cum
3610 4410 3683 4450 eo

2097 4508 2156 4548 se
2184 4492 2397 4569 idcirco
2441 4491 2835 4545 communicare
2864 4489 3005 4542 nolle
3053 4488 3344 4556 profitetur,
3372 4487 3491 4556 quia
3524 4496 3582 4540 ut
3625 4486 3683 4542 ei

2097 4585 2361 4647 aduletur,
2391 4583 2577 4637 adduci
2608 4598 2712 4635 non
2744 4588 2953 4649 potest:
2982 4595 3101 4633 cum
3133 4594 3352 4633 necesse
3380 4580 3448 4631 sit
3471 4580 3675 4647 ipsum,

2096 4679 2138 4731 si
2165 4676 2377 4744 quidem
2408 4674 2730 4734 vulneribus,
2753 4687 2871 4741 qua:
2892 4670 3216 4741 Hipponiensi
3246 4670 3498 4725 Ecclesiae
3532 4668 3683 4724 inlli-

2094 4769 2188 4831 xit,
2220 4765 2417 4821 mederi
2449 4765 2595 4829 velit,
2625 4780 2652 4816 a
2684 4764 2905 4818 Domino
2932 4763 3072 4816 curis
3100 4772 3153 4816 et
3182 4762 3402 4816 sarcinis
3443 4762 3679 4816 saecula-

2095 4860 2242 4914 ribus
2268 4856 2525 4927 expediri,
2579 4864 2735 4924 atque
2784 4854 2850 4908 ad
2879 4854 3037 4907 vitam
3088 4853 3393 4922 victumque
3434 4851 3677 4909 revocari

2096 4950 2381 5023 episcopali
2426 4948 2600 5003 ordini
2650 4947 3070 5001 convenientem.
3122 4945 3310 4999 Procul
3356 4944 3516 5001 dubio
3563 4960 3675 5000 non

2096 5042 2317 5098 multum
2345 5039 2546 5095 fructus
2574 5037 2740 5094 edidit
2766 5037 2881 5092 hazc
2909 5036 3161 5107 epistola;
3187 5035 3397 5105 quando
3416 5035 3671 5105 Augusti-

2098 5148 2199 5189 nus
2229 5132 2296 5187 de
2344 5131 2445 5184 hoc
2469 5128 2711 5198 przcsule,
2742 5127 2901 5182 etiam
2932 5126 3039 5179 vita
3068 5124 3269 5190 functo,
3299 5140 3482 5195 parum
3506 5124 3680 5180 hono-

2098 5225 2248 5280 rifice
2274 5221 2525 5292 loquitur.
2556 5218 2747 5274 Narrat
2773 5233 2915 5281 eum,
2967 5233 3071 5287 quo
3097 5224 3337 5286 tempore
3359 5216 3553 5272 cedere
3583 5215 3684 5272 bo-

2099 5318 2183 5372 nis
2205 5323 2421 5373 coactus
2441 5322 2541 5379 est,
2569 5313 2833 5382 aliquanta
2860 5311 3100 5381 pecunia,
3124 5326 3243 5381 quae
3262 5311 3335 5364 illi
3361 5310 3684 5377 debebatur,

2100 5418 2338 5480 recepta,
2373 5423 2440 5463 ex
2467 5406 2653 5476 agellis
2678 5403 2942 5474 praeconis
2964 5418 3096 5458 voce
3115 5401 3369 5472 subjectis
3395 5402 3686 5458 nonnullos

2103 5510 2355 5571 tanquam
2382 5497 2639 5553 Ecclesia:
2673 5511 2786 5551 sua:
2814 5494 2914 5549 sub
2940 5494 3131 5550 domus
3160 5502 3270 5548 tum
3298 5492 3687 5565 potentissimae

2102 5594 2317 5650 neruine
2344 5604 2713 5661 comparasse;
2745 5588 2982 5644 utetiam
3006 5604 3071 5643 ex
3096 5588 3244 5658 ipsis,
3273 5602 3395 5642 cum
3408 5600 3559 5641 more
3583 5600 3688 5641 suo

2104 5685 2179 5742 nil
2209 5682 2337 5741 ﬁsco
2360 5682 2610 5751 solveret,
2633 5679 2803 5738 nullas
2828 5687 3133 5737 exactorem
3172 5677 3443 5736 molestias
3466 5683 3692 5748 patere-
