3990 6360
217 240 335 298 361

218 902 333 958 dos
368 907 593 975 pecunia
620 908 811 961 aerario
837 906 1011 962 debita
1045 917 1252 978 emptos
1299 908 1483 964 fuisse.
1530 909 1833 965 Bonifacius

216 1004 423 1050 autem
446 997 557 1064 jam
588 996 708 1051 inde
742 1013 769 1050 a
803 1013 986 1053 mense
1012 1008 1234 1069 augusto
1283 1000 1407 1053 anni
1433 999 1834 1070 quadringenteo

217 1086 359 1141 simi
415 1090 593 1143 octavi
642 1089 709 1143 ad
765 1090 1146 1160 episcopatum,
1179 1100 1234 1145 ιιι
1275 1106 1373 1146 suo
1412 1092 1528 1146 loco
1572 1091 1831 1160 dicemus,

216 1179 449 1233 ascitus
470 1179 497 1233 Γ
497 1189 661 1235 uerat.

295 1271 361 1324 '5.
400 1270 538 1324 Nihil
567 1280 649 1327 est
677 1271 840 1335 dubii,
871 1273 995 1343 quin
1044 1273 1338 1328 severiores
1394 1273 1507 1328 illas
1549 1274 1670 1327 anni
1701 1288 1831 1344 qua-

217 1359 645 1433 dringcntesimi
671 1364 837 1433 quinti
860 1364 1003 1434 leges
1049 1365 1104 1419 in
1142 1365 1443 1419 Donatistas
1463 1365 1571 1434 jam
1598 1358 1704 1419 lum
1735 1365 1830 1419 llo-

216 1454 425 1507 norius
457 1454 683 1521 tulisset,
721 1472 839 1510 cum
869 1455 1197 1527 Augustinus
1226 1457 1504 1526 epistolam
1530 1457 1594 1510 ad
1627 1458 1829 1512 Emeri-

218 1554 343 1597 tum
404 1543 803 1600 Donatistarum
848 1546 1256 1601 Caesareensem
1282 1546 1587 1616 episc0pum
1617 1546 1830 1616 scripsit

219 1632 453 1702 (Epist.
484 1634 574 1701 87,
608 1652 660 1689 η.
687 1634 785 1707 8).
830 1636 1013 1707 Neque
1051 1637 1225 1690 minus
1266 1645 1474 1691 constat
1517 1652 1633 1692 eam
1682 1637 1826 1706 prius

220 1725 497 1793 scriptam
522 1740 664 1791 esse,
689 1742 852 1797 quam
884 1726 1140 1782 habeatur
1166 1726 1410 1793 Collatia,
1445 1727 1531 1781 ubi
1565 1728 1826 1781 Emeritus

220 1814 315 1869 ille
350 1817 523 1885 partis
564 1832 675 1873 suae
721 1832 932 1873 Causam
963 1827 1068 1874 tam
1098 1820 1310 1884 acriter,
1360 1834 1516 1889 quam
1547 1819 1824 1889 quisquam

221 1910 391 1974 alius,
424 1909 702 1977 defendit;
741 1912 1167 1982 quandoquidem
1207 1912 1667 1982 enmAngustinus
1693 1926 1826 1966 non-

222 2002 332 2055 nisi
366 2018 432 2057 ex
472 2003 610 2057 fama
657 2004 922 2074 cognitum
966 2004 1065 2059 sibi
1094 2018 1233 2071 esse,
1267 2004 1317 2059 in
1352 2004 1597 2073 prmdicta
1628 2004 1826 2073 episto-

231 2093 280 2145 la
314 2093 766 2163 testatur(Ibid.,
799 2111 852 2149 η.
885 2094 909 2148 1
939 2094 978 2164 ).
1027 2094 1220 2150 Fuerat
1270 2094 1409 2163 apud
1452 2094 1823 2149 schismatieos

221 2183 512 2255 Baptismo
536 2186 790 2252 initiatus,
808 2201 905 2241 nec
935 2202 1165 2257 unquam
1186 2186 1235 2240 in
1263 2185 1515 2241 Ecclesiae
1552 2185 1823 2241 catholica:

222 2276 439 2345 gremio
460 2275 1075 2351 constitutus(Sermone
1112 2277 1182 2331 ad
1197 2277 1385 2333 Casar.
1427 2276 1673 2331 Ecclesia
1711 2277 1820 2347 ple—

225 2368 363 2435 bem,
406 2386 462 2423 η.
498 2367 586 2437 2).
637 2369 709 2423 Ea
743 2379 858 2424 erat
887 2370 1027 2425 illius
1070 2370 1210 2439 apud
1241 2383 1365 2425 suos
1395 2370 1702 2435 auctoritas,
1757 2377 1817 2424 ut

222 2460 391 2512 etiam
439 2459 707 2515 celebrem
754 2460 895 2515 illam
925 2461 1227 2532 Bagaiensis
1270 2463 1478 2517 concilii
1506 2464 1820 2518 sententiam

226 2557 417 2602 contra
461 2548 874 2605 Maximianistas
920 2566 1061 2606 anno
1090 2567 1245 2622 supra
1273 2553 1697 2607 trecentesimum
1723 2568 1821 2607 no-

226 2639 511 2708 nagesimo
548 2650 737 2709 quarto
776 2642 1137 2713 composuisse
1168 2642 1399 2697 creditus
1418 2642 1525 2717 sit(
1555 2643 1631 2698 De
1658 2643 1822 2698 Gestis

225 2746 345 2782 cuni
370 2729 620 2796 Emerita,
676 2749 727 2784 η.
786 2730 913 2805 10).
956 2733 1267 2788 llabebatur
1292 2733 1431 2790 felici
1463 2736 1714 2805 praeditus
1744 2736 1826 2790 in—

226 2820 409 2888 genio,
439 2819 679 2875 honestis
704 2821 995 2892 disciplinis
1026 2824 1285 2889 excultus,
1314 2824 1603 2880 liberaliter
1629 2825 1826 2881 educa-

230 2921 318 2964 tus
350 2910 557 2983 (Epist.
590 2913 677 2978 85,
704 2931 791 2968 nn.
824 2915 873 2978 l,
920 2914 985 2969 10
1009 2912 1051 2989 ).
1072 2914 1331 2969 Violentis
1356 2931 1571 2971 suorum
1618 2917 1825 2971 conati-

231 3002 334 3055 bus
364 3002 604 3057 infensus
623 3014 756 3069 erat,
782 3020 845 3059 ac
875 3014 1031 3060 tantte
1057 3005 1283 3077 denique
1330 3007 1626 3075 probitatis,
1657 3022 1826 3077 quan-

231 3102 284 3145 ta
313 3094 366 3146 in
397 3092 741 3149 sehismatico
770 3095 945 3150 inesse
993 3103 1196 3165 posset.
1228 3097 1551 3166 Augustinus
1578 3097 1663 3161 iis,
1707 3113 1825 3167 quae

231 3184 301 3238 de
352 3185 447 3239 illo
477 3200 596 3239 cum
640 3186 793 3241 laude
822 3188 1223 3259 spargebantur,
1258 3188 1415 3243 tidem
1467 3205 1573 3244 non
1619 3188 1817 3243 invitus

232 3274 458 3342 habuit;
484 3277 722 3346 quinimo
748 3286 803 3333 ut
846 3294 908 3334 ea
947 3279 1154 3334 veritati
1177 3288 1550 3349 congruerent,
1602 3280 1821 3349 optavit.

234 3367 450 3422 Etenim
478 3370 744 3440 praecipuo
759 3371 987 3441 quodam
1019 3371 1194 3427 studio
1236 3372 1290 3426 in
1318 3387 1412 3427 eos
1440 3373 1817 3442 propendcbat,

234 3462 327 3530 qui
357 3462 494 3515 tales
520 3472 720 3527 essent,
752 3463 920 3533 qualis
955 3463 1093 3533 apud
1121 3478 1179 3518 se
1208 3463 1588 3533 depingebatur
1622 3465 1824 3519 Emeri—

239 3560 323 3609 tus
353 3568 624 3623 :cttmque
650 3555 767 3609 illos
794 3570 977 3611 crasso
1006 3557 1253 3626 quopiam
1295 3572 1477 3611 errore
1507 3557 1825 3612 constrictos

237 3646 517 3714 cernebat,
546 3662 650 3717 quo
678 3648 967 3703 mirabatur
991 3649 1178 3719 magis,
1212 3648 1312 3704 hoc
1340 3649 1507 3718 magis
1528 3650 1579 3704 in
1617 3649 1825 3703 illorum

239 3739 598 3808 cognitionem
619 3749 777 3809 atque
801 3741 1121 3811 colloquium
1152 3742 1334 3796 venire
1358 3743 1624 3812 cupiebat,
1656 3750 1713 3796 ut
1732 3757 1825 3797 eos

240 3828 308 3881 ab
334 3830 502 3883 hocce
523 3830 648 3883 vitio
669 3829 940 3886 liberaret.
968 3830 1117 3898 Quod
1134 3832 1303 3901 ipsum
1328 3832 1379 3885 in
1401 3846 1559 3886 causa
1588 3831 1703 3899 fuit,
1729 3847 1827 3887 cur

241 3922 409 3976 semel
457 3937 521 3977 ac
574 3922 763 3977 iterum
791 3924 857 3978 ad
907 3924 1152 3979 eumdem
1204 3924 1493 3979 Emeritam
1548 3924 1824 3993 scriberet,

240 4012 487 4082 quamvis
510 4028 703 4083 magno
736 4014 978 4070 locorum
995 4015 1278 4070 intervallo
1294 4014 1617 4084 disiunctum
1663 4034 1676 4071 :
1704 4031 1825 4071 cum

238 4117 270 4156 ε
298 4104 431 4158 viris
462 4102 565 4158 lide
578 4103 751 4174 dignis
776 4105 1086 4175 accepisset,
1114 4104 1227 4160 fore
1249 4114 1305 4160 ut
1334 4106 1425 4161 ille
1446 4106 1543 4161 sibi
1567 4106 1828 4162 rescribe-

241 4192 541 4264 ret(Ibid.,
568 4210 621 4247 η.
645 4193 677 4248 6
706 4198 744 4264 ).
775 4194 1046 4250 Possidius
1065 4210 1275 4265 quoque
1300 4195 1449 4248 binas
1464 4194 1527 4248 ad
1552 4195 1695 4249 hunc
1716 4197 1822 4265 epi-

240 4299 460 4351 scopum
480 4286 681 4340 litteras
697 4294 845 4339 notat
864 4286 883 4359 (
901 4284 1126 4351 Poma,
1157 4286 1209 4339 in
1230 4285 1422 4349 India,
1438 4303 1552 4355 cap.
1572 4285 1636 4358 5)
1663 4306 1674 4341 :
1695 4302 1827 4357 qua-

240 4391 355 4431 rum
382 4377 601 4448 quidem
645 4378 829 4448 primm
872 4377 1203 4433 exciderunt.
1232 4377 1367 4433 Cum
1400 4379 1597 4434 nullam
1636 4380 1702 4435 ad
1731 4380 1827 4435 has

241 4470 646 4540 responsionem
666 4470 965 4540 accepisset
993 4470 1340 4540 Augustinus,
1364 4470 1701 4541 incertusque
1738 4486 1825 4527 cs-

241 4570 339 4624 set,
363 4575 536 4615 suane
555 4561 795 4629 epistola,
811 4576 877 4615 an
907 4560 1124 4616 Emeriti
1141 4561 1418 4630 responsio
1438 4562 1708 4631 periisset;
1738 4576 1827 4616 se-

241 4649 470 4705 cundam
519 4650 685 4714 illam,
715 4666 833 4721 qua:
876 4651 1049 4706 adhuc
1103 4661 1366 4723 superest,
1393 4651 1605 4721 adjecit.
1641 4652 1695 4706 ln
1727 4652 1827 4708 hac

242 4740 500 4804 ostendit,
520 4755 678 4809 quam
699 4740 892 4794 nullius
916 4740 1122 4795 roboris
1161 4750 1363 4808 essent,
1391 4756 1509 4811 qua:
1530 4742 1580 4795 in
1602 4742 1831 4811 gratiam,

241 4831 565 4886 secessionis
605 4831 782 4887 ali‘erri
832 4840 1116 4901 poterant:
1147 4842 1201 4888 et
1247 4842 1589 4903 posteaquam
1642 4834 1820 4902 Optati

240 4922 545 4977 Gildoniani
578 4923 822 4992 exemplo
848 4923 1057 4992 planum
1090 4923 1230 4987 fecit,
1262 4926 1344 4979 vel
1373 4925 1821 4991 manifestissima,

240 5030 357 5084 qua:
385 5014 440 5067 in
467 5014 643 5084 aliqua
664 5014 1039 5070 communione
1059 5024 1433 5086 perpetrantur
1453 5018 1675 5080 scelera,
1701 5032 1823 5072 cum

241 5108 495 5177 legitimis
518 5107 585 5162 de
604 5108 776 5161 causis
797 5108 1108 5173 tolerantur,
1128 5122 1232 5162 non
1254 5108 1395 5174 aliis,
1419 5125 1573 5179 quam
1595 5110 1823 5180 propriis

238 5196 566 5261 auctoribus,
592 5196 853 5250 maculam
882 5197 1093 5252 inurere
1116 5214 1131 5263 ;
1165 5213 1285 5253 eum
1308 5207 1364 5253 ut
1386 5199 1485 5254 sibi
1508 5199 1825 5268 respondeat

240 5293 558 5347 obtestatur.
579 5291 768 5347 Utrum
800 5293 897 5347 hac
924 5293 975 5347 in
1014 5310 1071 5348 re
1098 5302 1284 5350 sancto
1309 5293 1525 5347 Prmsnli
1553 5292 1822 5347 satisfece-

241 5383 327 5445 rit,
380 5396 643 5451 nusquam
674 5382 897 5453 legimus
932 5402 944 5437 :
990 5400 1171 5440 verum
1205 5393 1385 5453 postea
1415 5384 1672 5451 insignem
1702 5398 1823 5451 pere

245 5473 496 5526 vicaciam
524 5481 577 5527 et
601 5472 931 5528 obhrmatam
952 5476 1007 5529 in
1032 5491 1212 5531 errore
1251 5482 1484 5529 mentem
1524 5490 1631 5545 pra:
1659 5482 1820 5527 caete-

242 5562 313 5616 ris
336 5562 627 5617 Donatistis
652 5563 913 5618 exhibuit.

312 5650 369 5708 4.
400 5652 573 5706 Libris
594 5653 646 5705 in
668 5652 1012 5709 Cresconium
1044 5656 1144 5710 alia
1163 5655 1411 5711 nonnulla
1433 5655 1685 5709 adversus
1718 5655 1819 5709 Do-

487 5745 710 5808 Sanc'r.
758 5750 1032 5808 AUGUST.
1081 5750 1122 5808 l.

1660 241 1855 300 LIBER
1893 242 2176 303 SEXTUS.

222 355 364 428 tur(
397 354 564 425 Epist.
613 355 703 422 96,
734 373 785 409 η.
814 354 903 426 2).
933 354 1056 413 [huc
1100 354 1290 411 deinde
1320 356 1514 425 prtetlia
1543 358 1838 412 successori

221 446 394 502 illius
424 448 695 503 Bonifacio
726 450 925 502 relicta.
955 449 1082 516 Qua:
1108 448 1319 518 quidem
1351 449 1438 503 ille
1467 451 1580 503 sine
1611 450 1714 502 ulla
1742 449 1841 502 for-

225 539 392 591 sitan
426 540 783 593 controversia
835 540 1067 594 retinere
1109 548 1321 610 poterat
1354 558 1365 592 :
1395 540 1486 594 sed
1514 551 1572 594 ut
1598 549 1711 593 erat
1739 541 1839 594 sin-

218 632 474 685 cerinris
503 630 661 685 homo
695 632 833 693 fidei,
890 633 1059 686 tituuit
1088 648 1155 687 ne
1187 648 1365 686 coram
1398 630 1504 687 Deo
1557 632 1758 687 fraudis
1784 641 1837 687 et

220 720 527 789 injustitim
556 724 817 795 particeps
844 724 1147 779 haberetur.
1193 724 1525 795 Quapropter
1555 724 1741 778 maluit
1766 724 1836 778 in-

217 825 423 879 genae
450 825 505 881 et
533 823 713 882 aperte
736 814 909 881 fateri,
945 815 1155 870 relictos
1181 815 1280 869 sibi
1312 831 1341 869 a
1371 832 1693 885 prmeessore
1719 816 1836 870 fune

3409 254 3517 317 569

1946 361 2166 413 natistas
2209 374 2389 430 opera,
2432 378 2548 434 quas
2578 371 2753 418 nostra
2793 374 2945 421 actate
2973 366 3360 440 desiderantur,
3391 372 3521 430 s‘ub-

1939 448 2111 518 jungit
2148 450 2483 520 Augustinus.
2539 453 2771 509 Primum
2834 457 3042 526 quidem
3091 458 3156 513 ad
3219 461 3516 519 Donatistas

1943 539 2174 594 libellum
2196 542 2404 607 direxit,
2428 560 2530 613 quo
2547 545 2795 615 quidqttid
2817 545 2883 601 ad
2900 546 3244 607 decidendam
3265 553 3533 617 secessio-_

1942 630 2024 684 nis
2052 645 2264 686 causam
2284 634 2497 700 faceret,
2520 643 2633 688 acta
2658 636 2859 691 scilicet
2892 640 3088 705 omnia,
3118 649 3226 694 tum
3265 644 3519 697 ecclesia-

1942 720 2092 783 stica,
2136 730 2245 776 tum
2272 723 2465 788 civilia,
2488 740 2693 780 necnon
2718 742 2903 782 omnes
2954 744 3224 785 sacrorum
3272 733 3514 788 codicum

1940 808 2085 863 locos
2132 812 2210 864 eis
2258 827 2317 866 se
2348 814 2660 867 traditurum
2703 817 3075 885 pollicebatur;
3110 830 3165 873 ut
3197 837 3287 875 eos
3312 822 3376 875 ad
3423 824 3510 878 Illa

1938 903 2269 973 exposcenda
2296 904 2603 975 impelleret.
2652 908 2727 961 Ex
2750 908 2829 974 iis,
2856 925 3075 979 quorum
3106 913 3155 966 iu
3180 929 3367 967 manus
3390 930 3515 984 pro-

1937 993 2155 1046 missum
2186 994 2310 1047 illud
2343 995 2520 1050 incidit
2547 995 2805 1067 (Retract.
2840 999 2965 1054 libro
2993 1000 3046 1066 2,
3085 1020 3199 1072 cap.
3231 1003 3299 1059 27
3322 1005 3363 1076 ),
3396 1007 3516 1075 qui-

1935 1081 2058 1136 dam
2083 1086 2402 1139 contrarium
2430 1087 2704 1155 scriptum,
2735 1089 2785 1142 in
2815 1106 2917 1159 quo
2965 1101 3163 1147 tantum
3200 1109 3258 1149 se
3302 1095 3514 1150 Donati-
3584 1124 3587 1127 -

1935 1182 2071 1227 stam
2108 1176 2459 1246 nuncupabat,
2494 1177 2675 1233 edidit.
2720 1179 2974 1245 Quocirca
2994 1200 3149 1239 suum
3188 1186 3511 1255 Augustinus

1932 1262 2145 1331 librum,
2174 1282 2277 1335 quo
2304 1266 2474 1322 eidem
2512 1272 2806 1339 reSpundit,
2835 1273 3023 1326 Contra
3044 1276 3206 1329 nescio
3236 1294 3382 1347 quem
3404 1278 3513 1331 Do-

1932 1355 2185 1429 natistant,
2214 1355 2480 1426 inscripsit
2500 1358 2517 1430 (
2535 1357 2696 1428 IbitL,
2731 1378 2843 1431 cap.
2866 1360 2936 1417 28
2962 1362 3002 1436 ).
3031 1362 3157 1432 Qua:
3183 1376 3356 1422 autem
3384 1384 3511 1436 pro-

1933 1444 2166 1512 miserat,
2196 1463 2297 1502 una
2342 1465 2460 1503 cum
2508 1451 2703 1517 libello,
2764 1469 2867 1522 quo
2895 1456 3117 1524 primum
3158 1474 3231 1515 ea.
3251 1460 3510 1528 promissa

1932 1536 2161 1605 fuerant,
2191 1540 2461 1610 evulgans,
2511 1550 2675 1595 totum
2704 1543 2805 1599 hoc
2828 1560 2961 1613 opus
2991 1545 3349 1603 Probationum
3377 1562 3421 1606 et
3439 1562 3512 1606 te-

1931 1628 2281 1683 stimoniorunt
2315 1642 2489 1685 contra
2528 1631 2820 1689 Donatista:
2860 1636 3009 1690 titulo
3048 1637 3263 1693 d0navit
3286 1641 3302 1710 (
3325 1640 3461 1705 Ibid.
3484 1684 3501 1709 ,

1930 1719 2117 1789 cap.27
2133 1720 2181 1789 );
2206 1730 2366 1791 utque
2398 1724 2563 1792 magis
2574 1725 2728 1794 vulgo
2746 1726 3116 1787 iunotesceret.
3134 1731 3258 1785 illud
3278 1732 3507 1789 basilicae

1928 1807 2216 1865 Donatistis
2244 1828 2347 1866 non
2379 1812 2580 1882 pridem
2620 1815 2807 1870 ablatae
2834 1818 3119 1887 parietibus
3147 1818 3329 1875 afluit.
3372 1820 3507 1877 Cum

1928 1915 2055 1954 vero
2080 1902 2468 1959 lucubrationes
2495 1906 2648 1975 paulo
2679 1905 2903 1964 fusiores
2928 1924 2958 1963 a
2995 1910 3259 1982 plerisque
3285 1928 3383 1969 nec
3403 1915 3504 1985 legi

1927 1992 2140 2061 quidem
2194 1994 2542 2050 intellexisset
2574 2015 2587 2052 :
2621 2014 2779 2053 unam
2806 2000 3091 2058 admodum
3139 2004 3375 2070 brevem,
3409 2023 3506 2078 pro

1926 2080 2105 2151 inuata
2131 2084 2229 2138 sibi
2255 2084 2532 2151 charitate,
2566 2088 2619 2141 in
2648 2087 2820 2143 lucem
2866 2091 3063 2159 emisit,
3096 2108 3201 2163 quo
3248 2094 3387 2150 illius
3416 2111 3509 2153 ex-

1926 2174 2222 2230 scribenda:
2279 2176 2500 2233 facilitas
2549 2195 2663 2234 eam
2722 2198 2820 2252 per
2866 2184 3091 2254 plurium
3157 2203 3345 2243 manus
3393 2199 3503 2244 tra-

1927 2265 2185 2335 duceret,
2244 2268 2581 2340 efficeretque
2648 2280 2706 2326 ut
2754 2275 3024 2329 memorim
3094 2278 3239 2331 nullo
3293 2281 3503 2349 negotio

1927 2359 2289 2415 mandaretur.
2337 2360 2506 2431 Hujus
2550 2366 2783 2433 opusculi
2828 2366 3011 2422 titulus
3050 2378 3182 2433 erat,
3218 2369 3508 2425 Admonitio

1926 2448 2305 2504 Donatistarum
2356 2452 2420 2506 de
2449 2452 2841 2509 yaximianistis
2866 2457 3045 2525 :quod
3072 2459 3272 2513 scilicet
3300 2476 3362 2514 ex
3391 2461 3505 2516 sola

1926 2539 2425 2595 Maximianistarum
2478 2541 2698 2597 historia
2727 2544 3146 2613 demonstrabat,
3194 2548 3380 2602 Donati
3422 2550 3503 2603 fa-

1926 2634 2152 2687 ctionem
2202 2634 2347 2689 nullo
2376 2634 2735 2702 fundamento,
2759 2638 2902 2692 nulla
2926 2640 3144 2696 veritate
3187 2641 3279 2694 niti
3301 2638 3323 2714 (
3346 2640 3505 2707 Ibid.,

1926 2742 2039 2795 cap.
2063 2724 2187 2795 29).

1999 2818 2051 2871 5.
2085 2815 2281 2871 Eadem
2314 2825 2627 2887 tempestate
2653 2817 2848 2875 librum
2874 2836 3027 2876 suum
3057 2822 3123 2877 de
3170 2823 3505 2880 Divinatione

1928 2921 2021 2962 seu
2053 2907 2389 2975 prmdictiottc
2415 2908 2715 2964 dmmonum
2754 2912 2965 2983 scripsit
2992 2912 3189 2983 (Ibid.,
3219 2932 3335 2985 cap.
3359 2915 3463 2988 50)
3491 2934 3504 2969 :

1928 2999 2012 3053 cui
2041 2999 2373 3054 occasionem
2394 3000 2667 3071 deditejus
2694 3018 2814 3058 cum
2851 3005 3000 3061 laicis
3027 3008 3341 3076 quibusdam
3361 3009 3508 3064 chri-

1932 3092 2138 3156 stiauis,
2170 3093 2259 3162 qui
2280 3093 2417 3163 apud
2451 3080 2579 3149 eum.
2605 3110 2795 3165 magno
2825 3112 3047 3153 numero
3075 3098 3295 3155 aderant
3316 3100 3369 3154 in
3398 3100 3511 3156 die-

1930 3186 2027 3242 bus
2064 3191 2262 3244 sanctis
2289 3199 2613 3257 octavarum,
2644 3193 2872 3263 quodam
2903 3194 2991 3249 die
3034 3210 3190 3250 mane
3215 3210 3278 3251 ac
3326 3197 3506 3266 prius-

1931 3295 2085 3349 quam
2108 3281 2282 3353 divina
2312 3285 2559 3355 mysteria
2579 3286 2993 3353 celebrarentur,
3016 3287 3193 3341 habita
3219 3290 3504 3345 collocutio

1932 3369 1951 3439 (
1975 3369 2052 3422 De
2071 3370 2384 3427 Divinatione
2404 3373 2707 3441 dwmonum,
2741 3392 2829 3429 nn.
2859 3377 2912 3443 l,
2945 3377 3033 3446 6).
3082 3376 3269 3431 Natum
3298 3388 3383 3434 est
3410 3396 3501 3433 aro

1931 3473 2236 3529 gumentum
2267 3480 2332 3518 ex
2362 3480 2601 3529 rumore,
2630 3481 2735 3535 quo
2759 3466 3049 3522 destructio
3077 3467 3347 3538 Serapidis
3373 3480 3510 3526 tem-

1933 3553 2023 3620 pli,
2045 3553 2183 3622 quod
2210 3569 2350 3609 anno
2369 3555 2581 3610 circiter
2610 3558 2982 3611 trecentesimo
3015 3560 3337 3628 octogesimo
3366 3577 3507 3616 nono

1934 3644 2231 3699 Theodosio
2262 3647 2575 3715 imperante,
2610 3647 2943 3702 Alexandriae
2964 3664 3209 3703 eversum
3238 3660 3337 3715 est,
3368 3668 3503 3720 pra:-

1932 3735 2071 3789 dicta
2097 3751 2125 3788 a
2155 3752 2307 3806 mago
2329 3737 2554 3806 quodam
2585 3735 2872 3792 ferebatur.
2902 3738 3013 3793 Hoc
3047 3748 3222 3793 autem
3252 3741 3301 3794 in
3333 3742 3519 3815 collo-5

1932 3824 2057 3895 quio
2113 3826 2438 3896 Augustinus
2480 3827 2745 3897 praedicta:
2792 3827 3133 3883 divinationis
3178 3830 3507 3900 aliarumque

1933 3917 2201 3982 similium,
2231 3934 2348 3987 qua:
2374 3919 2709 3988 pncnunliari
2740 3934 2769 3971 a
2801 3918 3130 3975 daemonibus
3147 3930 3385 3990 possunt,
3418 3938 3507 3977 ra-

1936 4008 2132 4063 tionem
2158 4008 2346 4064 aﬂ'erre
2374 4010 2521 4064 nisus
2550 4020 2649 4065 est.
2675 4011 2806 4065 Cum
2826 4012 3054 4082 primum
3073 4028 3201 4067 vero
3230 4029 3322 4083 per
3342 4014 3508 4069 otium

1934 4101 2097 4169 licuit,
2132 4118 2248 4171 qua:
2276 4111 2399 4157 tunc
2426 4105 2677 4173 temporis
2706 4103 2845 4158 dicta
2867 4102 3098 4172 fuerant,
3127 4105 3327 4161 chartis
3357 4122 3509 4162 man-

1932 4192 2095 4247 davit.
2134 4193 2190 4247 In
2244 4204 2485 4249 extremo
2539 4194 2724 4249 eodem
2776 4195 2911 4249 libro
2961 4196 3239 4266 promittit,
3286 4197 3329 4251 si
3384 4198 3511 4267 quid

1934 4284 2146 4339 Ethnici
2176 4286 2260 4352 iis,
2291 4301 2408 4357 qua:
2432 4285 2624 4340 ibidem
2652 4285 2956 4355 disputavit,
2980 4288 3177 4342 vellent
3214 4303 3507 4359 opponere,

1931 4391 1990 4439 se
2062 4393 2155 4447 pro
2207 4393 2303 4433 sua
2378 4378 2510 4431 virili
2581 4392 2979 4447 responsurum.
3038 4378 3191 4433 Prius
3238 4380 3508 4448 observat,

1932 4468 2189 4523 idolorum
2225 4468 2423 4523 cultum
2468 4469 2519 4521 in
2558 4468 2671 4523 dies
2720 4469 2957 4537 singulos
3026 4469 3286 4535 imminui,
3335 4486 3509 4541 neque

1931 4560 2097 4613 ullum
2142 4574 2261 4613 esse
2308 4574 2528 4624 annum,
2576 4558 2627 4611 iu
2683 4575 2787 4626 quo
2850 4574 2954 4611 non
3003 4560 3176 4613 minor
3216 4560 3507 4615 infidelium

1931 4666 2203 4715 numerus,
2244 4666 2400 4721 quam
2452 4650 2503 4703 in
2548 4650 2821 4719 superiore
2865 4651 3291 4720 deprehendatur
3317 4652 3504 4724 (Ibid.,

1931 4760 1983 4795 η.
2021 4742 2129 4810 ιιι).

2001 4830 2052 4885 6.
2081 4831 2328 4885 Pro‘ximo
2351 4839 2528 4899 postea
2566 4830 2682 4884 loco
2721 4829 2771 4883 in
2811 4831 3066 4885 librorum
3113 4847 3328 4886 suorum
3368 4832 3506 4887 serie

1929 4926 2077 4994 ponit
2105 4925 2424 4992 Augustinus
2456 4939 2545 4977 sex
2569 4922 2896 4989 Quzestiones
2933 4933 3117 4977 contra
3145 4924 3380 4995 Paganos
3408 4939 3508 4977 exc.

1928 5017 2127 5087 positas
2155 5019 2171 5084 (
2196 5016 2416 5070 Retract.
2446 5014 2531 5069 lib.
2562 5015 2618 5082 2,
2650 5032 2762 5084 cap.
2797 5017 2855 5070 3i
2888 5015 2938 5087 );
2986 5015 3124 5084 quod
3159 5014 3502 5069 nihilominus

1929 5108 2232 5178 opusculum
2250 5106 2299 5160 in
2321 5106 2529 5161 excusis
2544 5106 2809 5160 codicibus
2832 5107 3051 5159 relatum
3081 5114 3162 5159 est
3191 5105 3325 5157 inter
3345 5105 3513 5181 ipsius

1924 5198 2176 5269 epistolas
2194 5195 2382 5271 (Epist.
2424 5194 2570 5268 102).
2600 5194 2731 5249 Illud
2762 5194 3020 5249 scribendi
3050 5193 3379 5249 occasionem
3405 5196 3507 5266 ipsi

1926 5288 2151 5358 prmbuit
2177 5302 2407 5357 paganus
2441 5286 2674 5355 quidam,
2721 5300 2875 5354 quem
2914 5299 3034 5337 cum
3061 5283 3251 5338 eximie
3283 5285 3506 5342 charum

1926 5377 2165 5444 haberet,
2182 5377 2524 5432 christianum
2542 5374 2651 5428 fieri
2669 5388 2985 5444 ntagnOpere
3001 5375 3242 5443 cupiebat
3256 5374 3271 5444 (
3282 5373 3503 5429 Retract.

1927 5471 2014 5523 lib.
2033 5471 2087 5531 9.,
2107 5486 2221 5535 cap.
2242 5466 2351 5539 51).
2375 5466 2638 5535 Quasdam
2657 5466 2814 5520 etiam
2833 5465 2896 5517 ad
2914 5480 3032 5519 cum
3047 5464 3247 5520 litteras
3264 5465 3504 5533 dederat,

1927 5576 2024 5615 nec
2045 5570 2219 5613 tamen
2245 5559 2311 5612 ab
2335 5574 2398 5612 eo
2424 5556 2706 5626 quidquam
2735 5556 2797 5609 ad
2827 5556 2942 5609 illas
2970 5556 3207 5624 responsi
3229 5565 3506 5625 acceperat

1929 5652 2115 5717 (Epist.
2150 5648 2349 5720 102,1).
2383 5648 2469 5716 l);
2509 5646 2723 5716 perinde
2742 5647 2888 5716 quasi
2924 5645 3190 5701 hominem
3230 5645 3485 5718 Augustin

2856 5738 3150 5821 manu.)
3222 5771 3227 5775 -
