3990 6360
404 275 508 333 363

405 400 721 449 sectatorem
760 404 879 447 esse
918 389 1205 462 puduisset.
1246 387 1295 444 ls
1319 387 1529 444 demum
1549 384 1855 457 presbytero
1881 383 1989 438 Deo

402 486 620 558 gratiis,
669 499 761 541 sex
789 484 856 540 de
900 483 1155 555 religione
1192 482 1514 553 quarstiones
1540 476 1831 561 proposuit,
1858 490 1989 546 quas

402 577 597 648 partim
627 592 686 631 se
704 576 974 646 accepisse
999 590 1027 627 a
1058 572 1355 644 Porphyrio
1402 566 1984 641 phil050phojactabat.

404 666 755 738 Porphyrium
797 679 923 719 vero
961 663 1140 727 istum,
1180 677 1209 716 a
1251 658 1598 716 celeberrimo
1626 657 1738 724 illo,
1774 656 1988 712 natione

404 758 601 823 Siculo,
632 756 721 826 qui
758 755 857 811 sub
882 754 1041 809 finem
1083 751 1223 809 tertii
1263 749 1443 806 saeculi
1465 748 1694 816 vivebat,
1718 746 1985 802 diversum

401 856 553 919 putat
598 846 923 918 Augustinus
952 844 1195 915 (Retract.
1223 842 1309 896 lib.
1335 842 1390 908 2,
1418 857 1530 912 cap.
1555 839 1669 910 51).
1733 834 1985 908 Proposi-

401 948 483 993 tas
512 939 829 1007 quaestiones
856 934 1129 1007 presbyter
1162 932 1336 987 statim
1364 947 1393 986 a
1422 929 1737 999 Carthagine
1770 927 1835 983 ad
1870 928 1983 982 Au-

399 1028 665 1099 gustinum
694 1025 854 1089 misit,
879 1039 943 1079 ex
969 1024 1116 1094 cujus
1144 1036 1234 1077 ore
1256 1020 1571 1076 solutionem
1608 1019 1816 1074 illarum
1845 1016 1985 1098 acci-

402 1134 549 1190 pere,
581 1134 739 1190 quam
766 1119 989 1189 ipsemet
1012 1130 1130 1171 eam
1155 1113 1361 1169 tradere
1385 1113 1633 1167 malebat.
1652 1110 1747 1166 Cui
1768 1110 1979 1181 quidem

400 1211 501 1267 hac
528 1212 580 1266 in
608 1226 667 1266 re
692 1220 904 1267 sanctus
931 1208 1123 1263 Doctor
1162 1220 1367 1259 morem
1404 1202 1590 1275 gessit,
1631 1202 1751 1257 licet
1790 1217 1887 1271 per
1930 1200 1981 1255 id

400 1304 658 1375 temporis
677 1300 1142 1372 occupatissimus:
1162 1297 1255 1353 sed
1275 1311 1396 1352 eum
1416 1305 1591 1350 tamen
1610 1293 1828 1363 epistola
1850 1309 1983 1364 opu-

397 1396 545 1451 sculo
568 1410 665 1451 suo
683 1393 895 1464 praefixa
910 1398 1079 1461 rogat,
1094 1397 1152 1443 ut
1167 1386 1501 1459 ipseethnico
1520 1385 1593 1439 illi
1618 1384 1683 1439 ad
1705 1385 1878 1439 omnia
1898 1399 1984 1441 rc-

396 1487 660 1559 spondere
696 1501 764 1541 ne
803 1493 1081 1555 gravetur;
1130 1480 1441 1551 opusculum
1483 1487 1658 1534 autem
1701 1476 1839 1547 quod
1880 1475 1980 1546 ipsi

396 1579 580 1645 mittit,
610 1576 819 1633 nonnisi
843 1576 906 1629 iis
929 1572 1120 1645 quibus
1136 1585 1427 1641 congruum
1449 1567 1780 1638 judicavcrit,
1803 1575 1980 1619 osten-

395 1670 503 1724 dat.
531 1670 586 1724 ln
609 1675 845 1724 extrema
872 1674 1041 1736 parte,
1068 1678 1187 1719 cum
1226 1662 1557 1732 prmsenliret
1602 1659 1812 1724 animo‘,
1856 1672 1978 1713 eum

394 1761 483 1830 qui
513 1759 832 1830 quaestiones
853 1756 972 1811 illas
999 1751 1379 1825 pr0posu'tsset,
1408 1752 1517 1821 jam
1541 1749 1752 1821 quidem
1780 1749 1848 1803 de
1866 1763 1980 1801 am-

370 1848 670 1920 ,plcctenda
688 1846 882 1903 Christi
914 1846 1016 1901 fide
1036 1845 1289 1914 cogitare,
1316 1842 1408 1898 sed
1435 1841 1579 1912 prius
1607 1856 1726 1909 quas
1756 1839 1806 1893 in
1834 1837 1980 1893 Scri-

396 1940 564 2009 pturis
588 1938 813 1993 obscura
841 1943 964 1990 sunt
986 1935 1123 1989 velle
1150 1933 1249 1988 sibi
1276 1931 1555 2002 explicari;
1602 1930 1746 1983 illum
1794 1927 1977 1982 sedulo

397 2030 717 2086 monendum
747 2028 913 2094 duxit,
936 2034 997 2082 ut
1016 2027 1233 2097 jamjam
1258 2023 1576 2080 christianus
1608 2021 1717 2087 fiat,
1744 2034 1841 2074 nec
1864 2019 1979 2073 diu—

395 2124 500 2177 tius
520 2122 719 2176 hmreat
738 2119 789 2174 in
807 2103 1204 2190 qtttestionibus,
1222 2114 1402 2185 quales
1417 2111 1667 2183 quasdam
1688 2124 1977 2181 proposue-

395 2223 504 2270 rat:
523 2213 575 2269 Ν
578 2231 604 2269 e
615 2213 761 2285 forte,
781 2210 969 2282 inquit,
985 2226 1095 2264 cum
1107 2214 1355 2278 exspectat
1371 2213 1485 2258 ante
1501 2203 1764 2257 Librorum
1779 2210 1978 2255 sancto-

393 2324 502 2362 rum
523 2306 670 2378 ﬁnire
691 2304 1006 2376 quteslt'oncs,
1032 2315 1189 2372 quam
1215 2296 1640 2360 silChristianus,
1669 2296 1807 2365 prius
1833 2293 1979 2362 ﬁniat

395 2398 540 2451 vitam
558 2397 723 2462 istam,
741 2411 889 2464 quam
905 2400 1123 2446 transeat
1137 2407 1167 2443 a
1180 2399 1335 2443 morte
1349 2388 1414 2441 ad
1430 2388 1598 2441 vitam.
1615 2385 1748 2441 Sunt
1760 2385 1886 2439 enim
1900 2384 1979 2437 in—

396 2486 746 2554 numerabiles,
774 2501 887 2556 qua:
898 2500 995 2538 non
1008 2492 1123 2537 sunt
1136 2480 1371 2552 ﬁnienda:
1380 2488 1493 2533 ante
1505 2479 1674 2549 ﬁdem,
1700 2493 1760 2530 ne
1772 2476 1979 2546 ﬁniatur

397 2580 495 2633 vita
512 2579 622 2634 sine
647 2577 765 2643 ﬁde.
787 2576 888 2632 Sea
912 2574 1062 2647 plane
1081 2582 1269 2628 retenta
1287 2572 1397 2643 jam
1423 2570 1544 2639 ﬁde,
1568 2566 1635 2622 ad
1652 2567 1975 2622 exercendam

397 2671 537 2740 piam
563 2668 939 2723 delectationem
982 2664 1223 2719 mentium
1249 2662 1476 2732 ﬁdeliam
1507 2660 1864 2715 studiosissime
1899 2675 1979 2713 re-

397 2760 671 2831 quirenda,
702 2767 747 2813 et
771 2757 905 2829 quod
923 2757 977 2811 in
1004 2757 1076 2812 eis
1106 2755 1336 2818 cinxerit,
1364 2754 1470 2808 sine
1496 2752 1650 2823 typho
1678 2750 1979 2821 arrogantiae

400 2849 903 2913 communicandum;
929 2845 1062 2917 quod
1088 2854 1254 2899 autent
1284 2843 1503 2910 latuerit,
1532 2844 1639 2896 sine
1665 2842 1841 2896 salutis
1867 2842 1976 2894 dis-

396 2939 578 3012 pendio
623 2938 936 2994 tolerandum
988 2935 1200 3009 (Epist.
1253 2934 1383 3001 102,
1434 2951 1487 2989 η.
1538 2933 1667 3004 58).
1722 2933 1979 3003 Scriptio-

397 3046 518 3087 nem
551 3030 694 3085 illam
722 3028 1057 3101 proferebant
1096 3026 1382 3097 Pelagiani,
1430 3025 1532 3081 hoc
1572 3025 1623 3080 in
1661 3040 1777 3079 rem
1826 3039 1973 3078 suam

397 3120 632 3176 converti
656 3134 811 3190 posse
836 3119 1131 3189 opinantes,
1172 3115 1313 3186 quod
1355 3115 1549 3170 ibidem
1588 3114 1797 3184 legitur,
1824 3112 1978 3168 Chri-

397 3222 536 3267 stum
557 3219 684 3266 tunc
708 3210 937 3265 voluisse
966 3208 1271 3265 hominibus
1297 3222 1571 3277 apparere,
1604 3217 1657 3261 et
1705 3206 1845 3277 apud
1884 3221 1979 3261 eos

398 3303 673 3376 praedicari
708 3302 1001 3358 doctrinam
1032 3316 1201 3366 suam,
1220 3299 1429 3371 quando
1450 3300 1715 3355 sciehatet
1734 3299 1823 3355 ubi
1839 3299 1976 3353 scie-

398 3395 646 3463 hatessc,
674 3396 763 3466 qui
804 3395 853 3449 in
895 3409 1017 3451 cum
1062 3392 1268 3448 fuerant
1295 3392 1564 3448 credituri.
1602 3392 1796 3446 Verum
1823 3391 1979 3447 docet

400 3486 743 3558 Augustinus,
768 3485 819 3540 id
840 3500 899 3541 se
925 3492 1128 3539 tantum
1145 3484 1211 3539 de
1236 3483 1563 3554 przescieutia
1587 3482 1780 3537 Christi
1802 3483 1977 3538 dicere

402 3577 654 3642 voluisse,
696 3575 837 3647 quod
880 3574 1253 3630 convincenda:
1290 3574 1621 3643 Paganorum
1664 3572 1975 3639 infidelitati,

397 3668 485 3738 qui
513 3668 647 3723 bane
670 3668 974 3737 olijecerant
1012 3667 1379 3736 qumstionem,
1409 3663 1655 3720 sufficere
1681 3666 1974 3733 videretur;

395 3774 516 3815 cum
546 3758 775 3823 aliunde,
811 3758 1060 3829 quidquid
1088 3758 1138 3811 in
1168 3771 1283 3811 eam
1312 3771 1424 3811 rem
1450 3756 1626 3813 facere
1646 3769 1978 3828 posset,enn-

397 3849 678 3905 cleandum
714 3850 984 3916 suscilere
1009 3847 1171 3902 nollet
1199 3864 1213 3902 :
1241 3855 1492 3905 creterum
1538 3851 1771 3905 ostendit
1817 3851 1979 3905 haud-

395 3954 657 4008 quaquam
707 3938 832 3992 illud
872 3938 937 3992 ad
983 3937 1386 4009 Pelagianorum
1433 3955 1645 3995 causam
1694 3943 1975 4011 pertinere.

396 4029 659 4086 Prmterea
699 4030 980 4086 nonnullas
1005 4029 1243 4100 ejusdem
1280 4031 1382 4086 loci
1423 4032 1699 4097 dictiones,
1742 4034 1978 4103 quamvis

395 4133 487 4175 eas
524 4119 787 4190 Pelagiani
815 4136 919 4173 non
959 4120 1297 4190 objecisscnt,
1322 4122 1567 4191 explanat
1602 4121 1705 4191 (De
1731 4122 1976 4178 Prwdest.

398 4220 709 4277 sanctorum,
728 4228 780 4265 η.
815 4210 1019 4281 17-20).

470 4302 523 4355 7.
553 4301 668 4357 Jam
686 4317 813 4358 vero
834 4304 884 4356 in
904 4304 1013 4357 suis
1042 4303 1518 4357 Retractationibus
1546 4304 1799 4374 Opusculo
1824 4320 1980 4376 supe-

397 4392 525 4447 riori
542 4393 717 4448 subdit
750 4395 1145 4463 Expositioncm
1187 4395 1434 4464 Epistulae
1474 4395 1653 4451 Jacobi
1688 4397 1753 4451 ad
1789 4397 1981 4454 duode-

398 4486 500 4540 cim
524 4486 690 4540 tribus
717 4485 961 4556 (Retract.
989 4486 1075 4539 lib.
1100 4484 1157 4553 2,
1176 4503 1288 4557 cap.
1312 4486 1401 4557 52)
1428 4503 1572 4557 :quzn
1597 4488 1808 4559 quidem
1848 4489 1977 4545 nihil

396 4587 512 4633 crat
536 4577 698 4644 aliud,
731 4593 886 4647 quam
925 4576 1322 4633 adnotationum
1364 4579 1429 4633 ad
1470 4581 1757 4650 marginem
1806 4589 1977 4635 textus

396 4669 466 4724 ah
494 4669 585 4724 illo
606 4668 1011 4739 adscriptarum,
1053 4668 1321 4741 diligentia
1364 4674 1580 4727 fratrum
1616 4689 1829 4729 suorum
1858 4690 1977 4729 con-

394 4764 607 4818 cinnata
634 4762 906 4830 collectio;
937 4772 992 4819 et
1029 4766 1348 4821 [tinctamcn
1387 4766 1452 4820 ad
1495 4767 1773 4821 verborum
1821 4766 1977 4838 hujus

396 4855 634 4924 epistolae
659 4855 1081 4926 intelligentiam,
1101 4856 1384 4926 adjnmenti
1410 4857 1642 4911 nonnihil
1667 4858 1973 4913 accedebat.

396 4944 597 5004 Verum
637 4946 776 5004 istud
816 4964 948 5019 Opus
986 4958 1163 5003 nostra
1193 4947 1443 5001 memoria
1471 4964 1572 5000 non
1608 4958 1799 5002 exstat.
1845 4947 1976 5011 Huic

396 5035 590 5091 deinde
616 5046 723 5092 tres
747 5039 865 5092 libri
882 5037 950 5091 de
977 5037 1316 5091 Peccatorum
1345 5038 1546 5091 meritis
1559 5052 1622 5093 ac
1642 5038 1973 5107 remissione,

397 5125 589 5196 quibus
634 5125 829 5181 Christi
873 5126 1093 5196 gratiam
1137 5133 1319 5180 contra
1363 5126 1695 5197 Pelagianam
1731 5126 1974 5183 hatresim

397 5230 730 5288 propugnare
759 5224 868 5270 tum
897 5214 1119 5284 primum
1142 5230 1422 5284 aggressus
1447 5226 1547 5281 est,
1566 5216 1630 5271 ab
1648 5232 1714 5271 eo
1741 5219 1977 5287 proxime

404 5305 759 5375 subjiciuntur
776 5302 824 5376 (1
833 5304 1087 5373 bid.,cap.
1105 5303 1195 5375 '53)
1227 5322 1239 5356 :
1263 5320 1381 5358 cum
1405 5312 1577 5359 tamen
1594 5306 1862 5360 hoslibros
1878 5307 1977 5362 nisi

399 5401 523 5464 post
548 5392 851 5447 damnatum
878 5391 1207 5458 Coelestium,
1221 5393 1321 5448 hoc
1332 5404 1433 5461 est,
1448 5396 1886 5465 quemadmodum
1900 5398 1979 5451 in-

396 5484 471 5540 fra
489 5484 950 5549 demonstrabitur,
966 5500 1104 5540 anno
1116 5486 1631 5556 quadringentesimo
1643 5488 1975 5558 duodecimo,

399 5590 507 5630 non
537 5575 827 5643 scripserit.
872 5574 1023 5641 Quod
1052 5592 1171 5631 cum
1203 5580 1271 5631 ita
1296 5579 1383 5645 sit,
1416 5595 1536 5634 eum
1563 5580 1659 5635 hac
1685 5581 1734 5634 in
1763 5596 1821 5637 rc
1855 5593 1981 5640 tem.

398 5680 586 5735 parum
612 5664 779 5718 ordini
802 5666 974 5719 minus
1001 5667 1252 5722 institisse
1277 5678 1514 5736 constat;
1554 5672 1975 5742 quandoquidem

1492 270 1651 328 VITA
1685 276 1743 329 S.
1784 270 2142 327 AUGUSTI?"
2179 267 2504 327 EPISCOPI.

3572 275 3676 333 564

2090 382 2307 438 eosdem
2330 384 2491 440 libros
2515 382 2822 439 Collationis
2867 388 3075 458 quoque
3107 387 3399 456 breviculo,
3426 390 3518 462 qui
3543 406 3679 448 sane

2090 474 2223 530 liber
2249 475 2349 530 sub
2372 476 2495 529 anni
2525 475 3029 547 quadringentesimi
3058 478 3321 533 undecimi
3360 478 3540 547 finem,
3581 491 3677 538 aut

2090 582 2195 621 non
2225 568 2294 622 ita
2324 568 2490 623 multo
2520 577 2655 638 post,
2686 569 2860 624 editus
2888 577 2989 635 est,
3014 570 3168 641 longe
3196 573 3485 641 praemittit.

2158 661 2212 715 8.
2261 660 2411 729 Quod
2458 676 2584 717 vero
2637 660 2703 716 ad
2748 677 2879 732 opus
2917 661 2984 718 de
3031 664 3187 719 unico
3249 665 3548 735 Baptismo,
3605 668 3680 723 de

2088 764 2193 821 quo
2268 766 2389 806 mox
2453 752 2560 823 agit
2608 754 2625 824 (
2664 751 2827 818 lbid.,
2882 770 2996 825 cap.
3041 754 3189 827 54),
3234 756 3286 811 id
3327 757 3678 814 Collationem

2087 845 2444 914 prmcessisse,
2490 846 2573 900 vel
2620 845 2745 901 hinc
2771 846 3109 903 manifestum
3157 861 3316 915 esset,
3350 853 3487 922 quod
3524 853 3575 907 in
3607 869 3679 909 eo

2085 930 2227 984 nulla
2260 930 2455 984 mentio
2476 930 2714 999 ejusdem
2743 930 3050 987 Collationis
3082 942 3278 991 exstat.
3304 935 3499 991 Verum
3521 953 3679 992 eam-

2086 1019 2207 1074 dem
2239 1035 2351 1074 rem
2383 1020 2433 1075 id
2468 1030 2720 1090 prmterea
2756 1022 3009 1090 declarat,
3043 1024 3183 1094 quod
3220 1026 3515 1081 Donatistas
3546 1044 3675 1098 pro-

2086 1112 2203 1175 bra,
2229 1127 2347 1181 qua:
2371 1113 2674 1168 Marcellino
2697 1122 2750 1168 ct
2772 1116 2974 1186 aliquot
2993 1116 3109 1171 aliis
3129 1116 3382 1173 Romanis
3406 1121 3679 1192 episcopis

2085 1203 2414 1273 ingerebant,
2439 1205 2524 1260 hic
2549 1214 2707 1276 negat
2733 1208 2851 1262 ullis
2874 1222 2965 1263 eos
2994 1210 3311 1266 testimoniis
3336 1212 3561 1281 probare
3578 1230 3680 1268 co-

2084 1306 2267 1362 natos;
2323 1297 2412 1367 qui
2462 1306 2637 1353 tamen
2682 1300 2734 1353 in
2778 1299 3074 1357 Collatione
3122 1302 3403 1361 nonnulla.
3458 1306 3677 1359 tametsi

2082 1388 2441 1443 commcntitia
2463 1430 2478 1456 ,
2505 1390 2793 1446 attulerunt
2819 1389 2920 1465 (De
2950 1391 3110 1447 Unico
3138 1392 3415 1463 Baptismo,
3452 1412 3505 1448 η,
3541 1395 3675 1466 27).

2083 1477 2279 1535 ibidem
2306 1496 2519 1552 quoque
2546 1483 2597 1536 in
2630 1498 2812 1539 errore
2837 1484 3111 1554 cujusdam
3138 1486 3255 1541 facti
3287 1486 3455 1542 h:cret
3479 1486 3675 1557 (Ibid,

2081 1589 2133 1625 n.
2162 1571 2276 1644 28),
2309 1573 2459 1644 cujus
2478 1590 2614 1645 pene
2639 1574 2691 1629 in
2719 1576 2952 1631 omnium
2968 1586 3148 1632 contra
3179 1578 3474 1634 Donatistas
3499 1580 3672 1635 libro-

2081 1679 2197 1718 rum
2225 1666 2594 1720 retractatione
2615 1681 2671 1721 se
2693 1666 2806 1736 ipse
2832 1654 3170 1737 reprehendit
3195 1669 3459 1741 (Retract.
3486 1671 3571 1726 lib.
3599 1671 3673 1739 2,

2080 1771 2193 1824 cap.
2212 1753 2300 1827 54)
2322 1774 2336 1811 :
2355 1756 2599 1810 nimirum
2613 1757 2751 1826 quod
2763 1758 2953 1814 Felicis
2969 1760 3577 1831 Aptungensisjudicium
3591 1763 3673 1829 ei,

2080 1846 2219 1914 quod
2248 1847 2297 1900 in
2323 1848 2544 1916 gratiam
2565 1848 2831 1903 Czeeiliani
2861 1850 3237 1906 Constantinus
3270 1852 3409 1919 tulit,
3444 1863 3673 1924 postpo-

2079 1944 2189 1989 nat.
2215 1935 2291 1990 De
2315 1952 2420 2007 quo
2445 1937 2655 2007 quidem
2687 1938 2739 1993 in
2762 1937 3052 1995 Collatione
3076 1942 3300 1997 necdum
3320 1943 3517 1997 certior
3546 1952 3669 1998 erat

2079 2022 2248 2080 factus
2278 2045 2292 2081 :
2321 2036 2376 2081 at
2398 2028 2541 2081 illum
2569 2043 2722 2083 suum
2754 2045 2989 2085 errorem
3018 2031 3126 2100 j'am
3154 2040 3262 2086 tum
3284 2047 3401 2087 cum
3423 2031 3671 2088 eamdem

2078 2112 2423 2171 Co'llationcm
2444 2117 2495 2172 in
2512 2120 2879 2189 compendium
2901 2121 3122 2193 redegit,
3145 2133 3427 2193 agnoverat
3445 2123 3667 2195 (Brevic.

2080 2206 2261 2261 Collat.
2284 2208 2337 2275 3,
2362 2226 2415 2264 n.
2436 2209 2550 2279 42),
2574 2218 2629 2265 et
2649 2227 2777 2267 sane
2797 2219 2919 2267 ante
2942 2212 3205 2269 decimum
3223 2224 3463 2270 octavum
3484 2215 3674 2272 kalen-

2079 2297 2173 2353 das
2192 2298 2352 2369 julias
2375 2300 2497 2355 anni
2527 2301 3335 2372 quadringentesimiduodecimi
3368 2305 3580 2361 Librum
3597 2306 3673 2363 de

2080 2390 2250 2447 Unico
2277 2392 2567 2463 Baptismo,
2592 2395 2703 2450 sive
2739 2394 2806 2450 de
2835 2394 3047 2452 Unitatc
3085 2396 3357 2467 Baptismi,
3399 2413 3465 2454 eo
3489 2400 3677 2455 animo

2079 2486 2396 2555 composuit,
2424 2494 2481 2540 ut
2502 2487 2651 2542 alteri
2682 2488 2920 2559 ejusdem
2946 2490 3303 2561 inscriptionis
3323 2492 3677 2563 responderet

2081 2574 2324 2650 (Retract.
2354 2577 2440 2631 lib.
2471 2577 2526 2645 2,
2548 2596 2659 2649 cap.
2699 2580 2791 2650 54)
2821 2597 2834 2633 :
2864 2581 3014 2650 cujus
3040 2591 3224 2637 auctor
3251 2598 3406 2652 quem
3434 2584 3677 2640 ferebant

2082 2683 2201 2723 esse
2220 2668 2532 2724 Pctilianum
2549 2668 2865 2737 Cirtensem,
2888 2689 2993 2728 non
3015 2689 3170 2744 posse
3183 2674 3470 2744 Baptisma,
3486 2676 3586 2731 nisi
3615 2678 3674 2732 in

2080 2771 2222 2816 secta
2242 2762 2652 2831 Donatistarum,
2676 2764 2907 2833 legitime
2925 2766 3280 2821 administrari
3298 2768 3672 2823 contendebat.

2080 2852 2192 2907 lloc
2204 2853 2338 2907 libro
2354 2856 2838 2925 praeterampullata
2855 2857 3033 2924 verba,
3051 2866 3103 2912 et
3120 2858 3455 2915 incredibiles
3471 2860 3671 2915 calum-

2080 2943 2349 3009 nias,uihil
2362 2945 2748 3013 continebatur,
2762 2947 2899 3016 quod
2913 2957 3053 3003 esset
3065 2949 3484 3006 consideratione
3494 2951 3672 3022 aliqua

2079 3033 2294 3104 dignum
2342 3032 2442 3109 (De
2484 3034 2645 3091 Unico
2690 3036 2986 3109 Baptismo,
3029 3056 3082 3092 n.
3131 3038 3217 3107 1).
3280 3041 3354 3095 Ea
3408 3040 3676 3112 siquidem

2079 3134 2262 3180 auctor
2288 3124 2580 3181 adducebat
2608 3137 2915 3197 argumenta
2960 3142 3023 3183 ac
3071 3131 3393 3197 testimonia,
3417 3146 3532 3201 quae
3569 3130 3679 3186 Ca-

2080 3214 2290 3271 tholicis
2308 3217 2479 3286 potius
2496 3217 2747 3283 faverent,
2771 3233 2927 3288 quam
2945 3218 3254 3289 suis(1bid.,
3273 3237 3326 3273 n.
3353 3221 3459 3292 10).
3483 3221 3677 3277 Plures

2080 3321 2111 3360 c
2133 3305 2384 3360 Romanis
2416 3306 2677 3375 episcopis
2722 3307 3050 3374 idololatrim,
3070 3308 3162 3363 scd
3194 3310 3307 3365 sine
3342 3311 3445 3364 ulla
3476 3312 3679 3381 proba-

2082 3396 2245 3461 tione,
2275 3397 2576 3451 arcessebat
2602 3396 2650 3469 (Ι
2662 3397 2786 3462 bid.,
2806 3415 2858 3451 τι.
2882 3398 2991 3471 27).
3012 3399 3159 3466 Quod
3179 3408 3352 3453 autem
3377 3401 3677 3457 catholicos
3712 3462 3717 3465 _

2080 3485 2336 3541 Cirtensis
2378 3486 2631 3541 Ecclesia:
2674 3488 2946 3557 praesules,
2991 3490 3156 3560 probe
3198 3492 3457 3560 cognitos,
3502 3491 3673 3548 Mani-

2080 3578 2348 3631 chaeorum
2379 3576 2621 3631 haeresim
2647 3580 2795 3648 sequi
2820 3580 3158 3634 asseverabat
3189 3580 3373 3650 (lbid.,
3392 3599 3443 3636 η.
3472 3582 3679 3652 29),εο

2082 3668 2197 3739 ipso
2223 3668 2536 3724 ostendebat
2561 3669 2885 3738 planissime,
2904 3681 3156 3740 quantum
3177 3671 3297 3727 fidei
3315 3673 3453 3738 aliis,
3476 3673 3677 3744 quibus

2082 3761 2134 3814 in
2162 3761 2366 3830 ignotos
2385 3761 2646 3827 utebatur,
2666 3761 3121 3816 criminationibus
3139 3761 3474 3818 tribuendum
3495 3773 3671 3820 esset:

2081 3851 2293 3921 quando
2319 3849 2660 3906 Profuturum
2705 3853 3003 3907 Cirtensem
3034 3862 3157 3908 ante
3192 3855 3539 3923 paucissimos
3581 3872 3679 3912 an-
3746 3912 3755 3916 -

2082 3958 2178 3997 nos
2189 3944 2512 4009 defunctum,
2532 3945 2750 4014 ejusque
2762 3959 3126 4000 successorem
3140 3945 3482 4000 Fortunatum
3496 3946 3676 4004 adhuc

2082 4018 2444 4107 superstitem,
2474 4038 2714 4092 homines
2741 4046 2845 4091 tam
2876 4039 3160 4107 explorata:
3186 4046 3395 4109 tamque
3412 4048 3674 4109 spectata:

2082 4128 2423 4195 innocentiae,
2454 4137 2557 4183 tam
2603 4128 2853 4183 atrociter
2883 4129 3259 4185 insectabatur.
3303 4130 3676 4186 llunclibrum

2083 4219 2361 4288 presbyter
2380 4219 2588 4289 quidam
2616 4219 2883 4274 Donatista
2907 4220 2998 4274 uni
3031 4234 3096 4275 ex
3139 4221 3322 4276 amicis
3365 4222 3673 4291 Augustini,

2082 4310 2298 4365 nomine
2323 4311 2695 4376 Constantino,
2735 4310 2913 4376 dedit;
2961 4326 2989 4365 a
3025 4326 3129 4381 quo
3157 4312 3301 4366 illum
3327 4321 3539 4366 sanctus
3566 4312 3677 4367 Do-

2082 4409 2199 4453 ctor
2218 4401 2431 4454 allatum
2462 4400 2527 4453 ad
2550 4416 2626 4463 se,
2652 4400 2775 4453 dum
2803 4402 2910 4455 ruri
2938 4410 3101 4465 esset,
3130 4402 3349 4471 accepit,
3383 4401 3673 4471 simulque,

2081 4498 2137 4544 ut
2158 4491 2270 4559 ejus
2287 4490 2694 4545 confutationem
2721 4490 2995 4557 scriberet,
3015 4493 3219 4547 obnixis
3239 4493 3481 4562 precibus
3507 4508 3673 4562 roga-

2082 4589 2164 4635 tus
2189 4591 2287 4635 est.
2313 4581 2365 4635 Id
2391 4582 2561 4636 amico
2584 4582 2900 4651 negandum,
2934 4583 3141 4637 tametsi
3164 4583 3273 4652 jam
3304 4584 3497 4654 saepius
3556 4599 3678 4638 ma-

2082 4674 2263 4725 teriam
2292 4672 2429 4725 illam
2459 4680 2752 4739 tractasset,
2780 4671 2916 4726 liaud
2938 4673 3291 4739 existimavit;
3323 4683 3471 4729 ratus
3500 4674 3675 4729 bono-

2080 4778 2193 4815 rum
2221 4761 2475 4816 librorum
2501 4762 2706 4831 copiam
2733 4761 2913 4832 augeri
2940 4777 3041 4817 non
3087 4763 3202 4817 sine
3244 4762 3447 4829 fructu,
3480 4772 3589 4818 tum
3615 4772 3678 4849 ut

2077 4854 2283 4917 facilius
2306 4854 2355 4906 in
2378 4853 2611 4907 omnium
2638 4868 2824 4907 manus
2844 4854 3170 4923 perveniant,
3196 4862 3305 4907 tum
3320 4855 3404 4909 vel
3438 4856 3677 4910 maxime

2079 4954 2136 4999 ut
2155 4946 2256 4999 illis
2273 4944 2617 5008 satisfaciant,
2637 4944 2726 5012 qui
2749 4955 2898 4998 vetus
2914 4954 3281 5015 argumentum
3310 4960 3442 4998 nova
3466 4946 3677 5002 ratione

2078 5034 2406 5105 propositum
2432 5049 2527 5104 pro
2558 5048 2694 5088 novo
2737 5033 2951 5088 ducunt.
3002 5034 3113 5089 lloc
3157 5043 3335 5088 autem
3377 5048 3511 5102 opus
3563 5034 3669 5102 ipsi

2078 5125 2424 5182 Constantino
2449 5126 2713 5196 inscripsit
2742 5125 2932 5197 (Ibid.,
2956 5143 3008 5179 η.
3040 5126 3063 5179 1
3090 5126 3129 5195 ).
3178 5126 3366 5181 Libelli
3395 5126 3671 5195 cujusdam

2080 5233 2238 5287 supra
2286 5216 2643 5280 meminimus,
2693 5231 2849 5286 quem
2887 5230 2950 5270 ea
2994 5224 3171 5270 mente
3197 5216 3521 5285 Augustinus
3550 5215 3673 5269 edi-

2080 5310 2249 5376 derat,
2281 5317 2338 5364 ut
2372 5308 2439 5363 ad
2468 5308 2809 5363 cvertendum
2858 5307 3091 5362 funditus
3150 5307 3539 5385 Donatistarum
3568 5308 3673 5361 ad-

2081 5416 2266 5456 versus
2311 5401 2602 5456 Ecclesiam
2655 5399 2966 5454 catholicam
3008 5398 3226 5468 impium
3265 5412 3326 5451 ac
3355 5397 3676 5467 superbissi-

2082 5508 2225 5546 mum
2247 5506 2504 5555 crrorem,
2531 5490 2695 5543 solam
2719 5489 3220 5543 Maximianistarum
3252 5488 3524 5543 historiam
3549 5487 3671 5541 suf-

2085 5582 2242 5637 ficere
2263 5582 2471 5651 planum
2502 5580 2717 5633 faceret.
2749 5578 2881 5632 lluic
2900 5586 3075 5631 autem
3107 5586 3160 5633 et
3183 5578 3472 5633 secundum
3519 5577 3671 5649 ejusu

2082 5676 2200 5730 dem
2218 5675 2511 5745 argmuenti
2531 5674 2719 5728 librum
2742 5681 2858 5743 post
2884 5672 3081 5743 aliquot
3102 5688 3267 5729 annos
3293 5672 3673 5746 adjuuxit,tted
