3990 6360
219 284 352 342 πε

226 401 440 471 priore
460 397 625 456 multo
640 395 977 468 prolixiorem
995 402 1047 451 et
1064 390 1440 450 accuratiorem
1465 390 1707 461 (Retraa.
1738 392 1825 445 lib.

221 492 283 556 2,
304 509 437 562 cap.
456 489 546 562 55)
563 507 575 544 :
590 489 677 559 qui
699 487 817 542 libri
835 487 1027 556 pariter
1046 484 1442 541 interciderunt.
1463 482 1601 537 Nihil
1620 483 1831 552 quidem

221 582 510 653 suppetit,
535 580 674 636 unde
701 587 860 648 queat
884 576 1189 632 memoratis
1213 573 1462 645 operibus
1478 588 1629 628 suum
1646 573 1833 643 cuique

216 683 462 741 tempus
496 670 751 741 assignari
783 687 797 722 :
827 678 882 723 at
906 684 971 722 ex
999 666 1214 730 ordine,
1250 678 1355 735 quo
1393 664 1445 718 in
1486 662 1835 718 Retractatio—

223 763 409 818 uibus
436 762 803 831 disponuntur,
835 758 988 814 nobis
1009 757 1265 812 duntaxat
1290 753 1543 824 suspicari
1571 754 1713 819 licet,
1740 768 1832 807 ea-

225 853 378 908 dem
404 853 473 908 ab
498 867 637 907 anno
661 847 1178 921 quadringentesimo
1206 854 1355 900 sexto
1380 845 1445 900 ad
1473 845 1675 900 initium
1702 860 1831 913 qua-

224 945 663 1016 dringentesimi
689 941 957 998 undecimi
998 940 1159 995 fuisse
1203 937 1525 994 elucubrata.
1570 936 1683 991 Hoc
1722 936 1835 1004 ipso

227 1051 399 1091 anno
424 1032 940 1106 quadringentesimo
976 1037 1148 1095 sexto,
1178 1036 1237 1083 ut
1281 1036 1456 1082 nostra
1495 1026 1707 1096 quidem
1737 1024 1836 1079 fert

226 1128 453 1195 opinio,
508 1124 705 1179 bellum
755 1119 1071 1193 Rhadagaisi
1122 1119 1413 1175 Gothorum
1447 1117 1591 1188 regis
1615 1116 1832 1171 exarsit.

228 1217 388 1272 Tum
412 1230 540 1269 vero
568 1212 909 1284 Augustinus,
939 1225 1060 1265 cum
1089 1208 1403 1279 Carthagine
1417 1215 1577 1273 esset,
1596 1221 1701 1260 non
1722 1206 1837 1260 sine

228 1321 463 1362 summa
482 1305 668 1359 dolore
693 1302 915 1366 audivit,
947 1315 1107 1371 quam
1136 1299 1257 1354 inde
1275 1313 1489 1353 causam
1509 1295 1836 1363 obtrectandi

226 1396 554 1451 christiana:
583 1392 821 1463 religioni
850 1398 1123 1461 captarent
1151 1389 1331 1443 Roma:
1348 1386 1603 1442 inﬁdeles.
1633 1386 1699 1439 At
1732 1385 1837 1439 cito

226 1489 405 1543 citius
423 1486 643 1543 eosdem
672 1484 955 1556 ignominia
983 1482 1209 1555 perfudit
1248 1480 1392 1552 impii
1432 1479 1587 1549 hujus
1614 1476 1837 1534 convicii

227 1577 499 1633 festinata
519 1575 838 1648 protligatio.

884 1705 1121 1762 CAPUT
1159 1703 1248 1760 Ν.

237 1820 267 1875 1
314 1818 728 1891 Carthaginensis
752 1817 955 1872 concilii
979 1816 1102 1869 armi
1143 1813 1618 1885 quadringentesimi
1642 1813 1837 1883 septimi

315 1911 566 1980 placitum
592 1910 652 1964 de
674 1910 905 1979 episcopo
920 1908 1141 1978 plebibus
1157 1923 1217 1961 ea:
1241 1907 1506 1960 schismate
1526 1903 1713 1957 Donati
1728 1921 1838 1958 can-

311 2001 476 2054 eem's
501 1997 841 2069 prceﬁciendo.
862 1997 898 2050 2
922 1995 1163 2068 Ejusdem
1205 1994 1272 2047 ad
1310 1996 1661 2062 imperatorem
1703 1993 1840 2062 lega-

310 2093 445 2144 tioni
462 2092 592 2161 leges
604 2090 830 2143 indultae.
846 2090 880 2145 '5
899 2089 1273 2159 Rogatistarum
1290 2088 1503 2142 scltisuta
1514 2084 1838 2141 Cartennensi

308 2184 512 2253 oppida
564 2192 610 2235 et
650 2181 970 2235 vicinioribus
1008 2180 1129 2235 locis
1174 2188 1477 2233 contentum.
1515 2179 1549 2233 4
1592 2174 1839 2230 Vincentii

312 2278 464 2347 apud
494 2277 781 2346 Rogatistizs
800 2274 1016 2346 episcapi
1044 2273 1286 2345 pra'cipui
1310 2272 1569 2353 epistolam
1595 2270 1836 2342 Augusti-

316 2388 417 2423 nus
447 2368 651 2423 refellit.

319 2485 372 2537 Ι.
405 2482 715 2536 Africanum
744 2480 1047 2544 concilium.
1077 2477 1217 2549 quod
1250 2491 1388 2531 anno
1435 2474 1837 2546 quadringente-

235 2575 389 2629 simo
419 2574 649 2643 septimo
677 2572 999 2627 celebratum
1026 2579 1108 2624 est
1134 2568 1468 2638 Carthagine,
1495 2567 1737 2637 quaedam
1771 2565 1837 2620 ad

242 2663 535 2733 Augustini
588 2662 1043 2716 Donatistarumve
1086 2659 1357 2713 historiam
1404 2658 1717 2728 pertinentia
1770 2656 1836 2711 ad

242 2768 348 2806 nos
378 2751 692 2806 transmisit.
721 2750 957 2806 Fuerata
976 2748 1338 2818 superioribus
1366 2748 1582 2819 synodis
1607 2746 1837 2817 prohibi-

242 2851 384 2908 tum,
414 2858 485 2897 ne
509 2842 630 2895 novi
652 2841 1002 2910 episcopatus,
1022 2853 1085 2894 eo
1103 2839 1350 2907 cpisc0po
1370 2844 1626 2891 renuente
1643 2852 1670 2890 e
1687 2836 1837 2903 cujus

240 2931 469 2986 dioecesi
495 2930 837 2986 distrahenda
862 2939 975 2983 erat
1000 2944 1131 2983 nova
1168 2927 1341 2990 sedes,
1370 2928 1831 2981 constituerentur.

245 3024 321 3076 At
361 3032 621 3091 praeterea
665 3020 830 3074 voluit
856 3020 1130 3090 praesentis
1162 3018 1284 3071 anni
1306 3018 1602 3081 concilium,
1636 3027 1691 3071 ut
1715 3032 1836 3072 cum

246 3113 515 3183 primatis,
567 3120 675 3166 tum
706 3110 1040 3181 provincialis
1068 3108 1254 3180 synodi
1292 3123 1580 3163 consensus
1621 3107 1840 3162 accedo-

248 3213 332 3258 ret
359 3202 573 3274 (Codice
594 3201 854 3255 Canonum
877 3201 1058 3271 Afric.,
1089 3216 1200 3252 can.
1227 3196 1339 3271 98).
1372 3200 1413 3252 A
1436 3214 1537 3269 qua
1568 3208 1739 3252 tamen
1759 3198 1835 3253 le-

250 3310 319 3365 ge
333 3311 424 3349 eas
445 3294 710 3349 Ecclesias
730 3293 933 3359 eximit,
953 3309 1067 3363 qua:
1082 3307 1201 3346 cum
1217 3293 1266 3346 in
1286 3292 1671 3345 Donatistarum
1692 3299 1838 3359 parte

251 3386 527 3455 preprium
573 3384 881 3439 habuissent
925 3385 1251 3453 episcOpum,
1298 3381 1540 3437 eumdem
1571 3380 1670 3436 sibi
1712 3383 1838 3452 ipsis

251 3475 321 3529 ad
362 3477 621 3529 unitatem
666 3474 893 3529 reversis
936 3474 1236 3528 conservari
1286 3473 1626 3544 postulabunt
1658 3473 1836 3543 :quod

251 3566 335 3620 eis
362 3567 481 3621 sine
508 3566 610 3620 ulla
635 3565 960 3630 difﬁcultate,
998 3580 1097 3619 nec
1125 3572 1425 3634 exspectata
1451 3564 1654 3636 synodo
1684 3565 1838 3620 tribui

252 3657 402 3725 jubet
421 3655 604 3728 (Ibid.,
626 3673 740 3711 can.
767 3655 877 3724 99).
901 3656 991 3712 Sin
1012 3666 1185 3711 autem
1206 3666 1410 3710 mortuo
1429 3656 1667 3725 praesule,
1692 3656 1839 3726 plebs

252 3751 372 3818 ejus
413 3750 607 3803 vicina:
648 3749 863 3803 dioecesi
902 3748 1196 3819 aggregari,
1218 3762 1373 3817 quam
1401 3747 1448 3801 ei
1480 3761 1836 3801 successorem

255 3850 464 3913 petere,
494 3840 661 3894 satius
681 3847 863 3910 putet;
896 3854 1066 3908 neque
1096 3838 1196 3892 hoc
1222 3838 1270 3893 ei
1302 3837 1593 3907 negandum
1616 3852 1732 3892 CSse
1747 3836 1840 3891 dc-

258 3931 449 3983 cernit.
480 3929 607 3982 Dein
634 3930 790 3983 etiam
818 3928 1014 3991 statuit,
1048 3938 1103 3981 ut
1137 3942 1268 3998 quas
1302 3928 1585 3997 episcopus
1621 3928 1839 3998 quisque

260 4021 446 4088 plebes
471 4021 538 4074 ad
581 4021 833 4076 Ecclesia:
884 4022 1189 4075 societatem
1234 4030 1353 4074 autc
1401 4021 1568 4091 legem
1624 4021 1839 4075 Honorii

259 4114 383 4166 anni
413 4113 914 4183 quadringentesimi
938 4113 1101 4181 quinti
1132 4112 1442 4173 reduxisset,
1472 4127 1562 4166 eas
1589 4112 1699 4181 ipse
1723 4124 1839 4166 tau-

257 4218 420 4271 quam
458 4203 809 4273 jurisdictioui
858 4218 966 4257 sua:
1009 4204 1244 4257 subditas
1278 4202 1559 4271 episcopali
1599 4202 1718 4273 jure
1747 4218 1841 4271 gu-

262 4292 453 4347 bernet
485 4311 498 4344 :
532 4292 783 4347 Ecclesize
813 4308 937 4347 vero
965 4308 1168 4357 eorum,
1205 4295 1290 4364 qui
1322 4301 1438 4362 post
1482 4293 1646 4362 legem
1700 4294 1838 4346 illaut

258 4382 326 4438 de
352 4384 560 4447 unitate
589 4384 746 4439 latam
786 4385 897 4438 sive
942 4385 1221 4438 rediissem
1260 4383 1326 4437 ad
1354 4382 1700 4449 Catholicam,
1729 4382 1840 4437 sive

264 4474 314 4527 in
359 4475 555 4530 haeresi
602 4477 1034 4545 pernmnsisscnt,
1078 4489 1197 4529 cum
1224 4476 1333 4529 suis
1361 4475 1603 4527 omnibus
1648 4475 1838 4527 instru-

261 4567 458 4619 mentis
482 4581 550 4620 ac
575 4566 779 4634 juribus
805 4567 911 4621 sint
936 4570 985 4621 in
1019 4574 1277 4637 potestate
1305 4560 1547 4621 catholici
1574 4566 1709 4621 illius
1732 4568 1841 4635 epi-

263 4657 430 4725 scopi,
461 4656 613 4725 cujus
641 4657 690 4710 in
716 4658 929 4712 dioecesi
983 4658 1166 4727 positae
1207 4666 1373 4711 erant.
1422 4656 1640 4711 Planum
1687 4657 1842 4728 igitur

262 4748 339 4813 ﬁt,
356 4748 747 4802 Donatistarum
765 4749 1018 4803 ecclesias
1043 4750 1331 4803 constituto
1358 4765 1451 4818 per
1482 4748 1703 4803 Uuitatis
1730 4748 1841 4804 edi-

260 4849 403 4892 cuun
434 4840 560 4907 jure
586 4837 652 4892 ad
674 4838 973 4893 Catholicos
1018 4839 1350 4908 pertinuisse.
1400 4838 1547 4892 Tunc
1592 4840 1842 4907 temporis

261 4930 415 4999 plebs
461 4928 951 4983 Germani:e-Nov:e
989 4945 1107 4983 cum
1158 4928 1446 4983 Maureutio
1480 4930 1725 4998 episeopo
1753 4929 1842 4983 lite

260 5020 617 5075 contendebat
638 5019 818 5091 (lbid.,
839 5037 955 5073 can.
985 5020 1127 5089 100).
1154 5020 1389 5075 Concilio
1409 5021 1577 5073 visum
1607 5028 1706 5083 est,
1734 5021 1843 5089 epi-

261 5126 455 5181 scOpos
492 5111 756 5181 utrimque
793 5110 1098 5179 deligendos
1136 5124 1272 5175 esse,
1324 5110 1412 5180 qui
1460 5110 1842 5165 Thubursicam

264 5202 661 5270 proﬁciscentes
684 5241 699 5265 ,
740 5212 1002 5255 maturum
1044 5216 1107 5256 ea
1149 5201 1215 5255 de
1243 5216 1299 5254 re
1329 5200 1584 5270 judicium
1623 5200 1839 5257 ferrent.

266 5290 438 5361 Elegit
485 5306 517 5344 e
553 5293 774 5359 vestigio
824 5290 1143 5345 Maurcntius
1192 5290 1545 5361 Xantippum,
1597 5292 1844 5362 Augusti-

265 5398 425 5449 num,
478 5384 833 5446 Florentium,
874 5383 1190 5449 Thcasium,
1232 5382 1595 5450 Samsucium,
1641 5383 1844 5439 Secun-

267 5472 388 5527 dum
435 5483 494 5528 et
540 5473 832 5527 l’ossidium
866 5490 879 5526 :
913 5488 1045 5541 quos
1098 5482 1150 5528 et
1193 5472 1474 5527 concilium
1523 5476 1840 5542 comproba-

266 5579 356 5627 νη,
379 5576 435 5619 et
464 5565 786 5634 provinciam
812 5563 1077 5633 Xantippo
1104 5562 1266 5628 dedit,
1291 5572 1348 5617 ut
1368 5564 1499 5617 alios
1512 5563 1578 5617 ad
1596 5566 1843 5635 supplen—

265 5652 390 5709 dum
437 5672 714 5712 numerum
768 5655 1144 5711 necessariosa
1171 5654 1635 5711 Gcrmaniensibus
1675 5657 1843 5711 nanti-

1634 273 1834 330 LIBER
1871 270 2139 330 SEXTUS

3401 281 3508 342 366

1938 388 2139 442 nandos
2165 396 2393 444 curaret.
2412 388 2732 446 Maurentius
2747 390 2951 448 delectu
2981 409 3077 449 suo
3100 396 3226 451 satis
3246 398 3510 459 iudicabat

1936 477 2337 548 haudquaquam
2363 479 2467 548 juri
2490 495 2585 534 suo
2613 496 2670 535 se
2690 482 2944 537 difﬁdere.
2970 484 3250 555 Reperitur
3270 488 3321 543 in
3343 490 3511 548 Colla-

1938 570 2079 623 tione
2107 570 2425 624 Maurentius
2453 571 2663 640 quidam
2686 573 3126 632 Thubursiccnsis
3155 577 3361 647 (Callet.
3390 580 3509 637 Car-

1937 660 2075 729 thag.
2103 661 2149 724 l,
2179 676 2294 731 cap.
2330 658 2471 726 145),
2490 676 2646 730 quem
2674 678 2775 716 non
2799 678 2916 719 esse
2928 665 3509 728 aliumaCcrmanicnsi

1935 759 2115 804 censet
2147 749 2466 804 llolstenius.
2500 752 2577 806 Ac
2604 751 2713 807 ﬁcri
2748 753 2960 822 quidem
3000 757 3186 825 potuit,
3210 768 3266 812 ut
3289 759 3508 817 Germa-

1938 839 2198 893 nia-Nova
2212 840 2476 910 quondam
2500 840 2549 894 in
2566 840 2679 910 ejus
2695 842 2911 899 dioecesi
2933 846 3311 915 comprehensa
3328 848 3507 916 fuerit,

1937 931 2175 999 quamvis
2227 931 2606 1001 posterioribus
2654 934 2980 1005 temporibus
3014 953 3121 993 una
3159 938 3403 999 ditecesis
3439 959 3508 999 ex

1938 1020 2050 1090 ipsa
2078 1021 2187 1075 sola
2209 1022 2489 1078 constituta
2505 1023 2591 1077 sit.

2006 1113 2061 1166 2.
2104 1112 2243 1167 Idem
2285 1114 2563 1168 concilium
2605 1115 2807 1185 legatos
2846 1117 2911 1172 ad
2952 1117 3327 1189 Imperatorem
3365 1126 3511 1181 misit

1938 1201 2271 1257 Vincentium
2296 1219 2357 1257 ac
2388 1204 2819 1261 Fortunatiauum
2850 1210 3154 1281 espiscopos
3192 1212 3339 1283 (Cod.
3377 1214 3505 1271 Cen.

1938 1293 2124 1362 Afric.,
2156 1310 2270 1347 can.
2297 1295 2407 1365 97),
2439 1294 2579 1351 hunc
2604 1295 2740 1353 forte
2767 1297 3090 1367 Siccensem,
3118 1301 3507 1362 Culusitcnsem

1940 1382 2107 1448 illum,
2130 1384 2319 1454 quibus
2356 1401 2457 1439 una
2494 1402 2614 1441 cum
2643 1388 2760 1442 aliis
2786 1390 2969 1459 legatis
2998 1392 3249 1449 Ecclesia:
3272 1411 3430 1452 causa
3456 1398 3513 1454 in

1934 1473 2229 1530 Collationc
2258 1474 2584 1530 defendenda
2613 1477 2813 1534 credita
2848 1490 2927 1534 est
2946 1480 3157 1552 (Callet.
3189 1483 3427 1557 Carthag.
3454 1489 3510 1556 l,

1938 1582 2087 1636 capp.
2107 1566 2231 1632 138,
2252 1565 2395 1637 159).
2410 1566 2618 1637 Legatis
2633 1567 2735 1623 illis
2748 1570 3068 1639 mandatum,
3088 1574 3516 1646 utablmpcrato-

1938 1656 2103 1721 ribus,
2127 1656 2285 1710 totius
2310 1658 2593 1726 provincia:
2612 1660 2843 1725 nomine,
2876 1670 3112 1730 peterent
3134 1664 3436 1724 facultatem
3454 1671 3510 1726 in

1939 1745 2189 1800 Ecclesia:
2230 1744 2538 1804 defensores
2585 1749 2891 1821 instituendi
2942 1753 3248 1823 advocatos,
3281 1761 3504 1830 quibus,

1938 1837 2145 1905 quoties
2172 1837 2222 1891 in
2252 1853 2362 1892 rem
2392 1838 2640 1894 Ecclesiae
2664 1840 2981 1910 judicareut,
3023 1846 3089 1900 ad
3131 1847 3509 1908 Prmfectorunt

1939 1926 2241 1993 tribunalia,
2289 1944 2407 1997 qua:
2441 1926 2676 1996 judicum
2710 1934 2991 1988 secretaria
3026 1945 3177 1992 vocat
3207 1942 3507 2008 concilium,

1938 2016 2111 2071 aditus
2141 2017 2251 2072 sive
2277 2019 2342 2072 ad
2370 2021 2792 2090 supplicandum,
2840 2026 2952 2081 sive
2978 2026 3045 2082 ad
3074 2027 3506 2091 intercedendum

1940 2124 2205 2178 nunquam
2234 2110 2709 2168 intercluderetur:
2738 2116 2875 2184 quod
2896 2116 2985 2186 jus
3017 2119 3144 2174 olim
3178 2124 3513 2191 provinciali-
3566 2184 3569 2185 ,

1939 2197 2040 2254 bus
2060 2199 2402 2255 Ethnicorum
2424 2203 2786 2260 sacerdotibus
2809 2208 3161 2277 competebat.
3193 2211 3268 2267 De
3291 2224 3509 2282 caetero,

1940 2299 2089 2361 puta,
2116 2300 2173 2345 ut
2197 2292 2453 2347 adversus
2480 2294 2798 2363 Donatistas,
2833 2297 3088 2367 Paganos,
3118 2316 3180 2355 ac
3197 2302 3510 2363 idololatria:

1938 2382 2344 2451 superstitiones
2371 2392 2607 2454 agerent,
2638 2386 2799 2441 libera
2844 2396 3103 2457 potestate
3140 2391 3317 2449 donati
3362 2408 3507 2452 sunt.

1940 2470 2109 2541 Vulgo
2129 2472 2430 2541 opinantur,
2448 2475 2659 2530 concilii
2676 2475 2831 2546 hujus
2848 2478 3091 2547 precibus
3101 2479 3334 2540 indultus
3350 2486 3511 2546 fuisse

1939 2560 2071 2616 duas
2107 2562 2223 2617 illas
2250 2562 2411 2634 leges,
2455 2581 2572 2635 qua:
2612 2565 2819 2621 decimo
2860 2568 3085 2637 septimo
3127 2569 3379 2630 kalendas
3418 2593 3509 2633 se-

1940 2654 2195 2724 ptentbris
2222 2655 2379 2720 datin,
2410 2656 2464 2711 in
2494 2672 2652 2711 unam
2679 2658 2987 2712 coaluerunt
3024 2659 3170 2728 (Cod.
3216 2662 3256 2715 Τ
3258 2665 3405 2719 head.
3446 2668 3509 2722 de

1939 2744 2106 2816 Epist.
2133 2756 2179 2799 et
2203 2745 2370 2815 Eccl.,
2395 2748 2501 2818 lege
2527 2748 2637 2818 58).
2662 2747 2893 2819 Utraque
2914 2757 3090 2804 autem
3114 2752 3293 2809 Roma:
3312 2756 3410 2811 lata
3428 2768 3511 2814 est

1938 2851 2079 2891 anno
2095 2838 2614 2908 quadringentesimo
2634 2842 2878 2911 septimo,
2900 2851 3057 2911 atque
3076 2845 3139 2898 ad
3159 2845 3509 2922 Porphyrium

1938 2928 2130 2983 Africa:
2172 2930 2543 2999 proconsulem
2585 2933 2762 2987 missa.
2809 2934 3003 2991 Harum
3057 2939 3202 3007 prior
3243 2942 3511 3015 privilegia

1939 3021 2190 3090 quaelibet
2215 3022 2328 3077 sive
2368 3022 2617 3079 Ecclesia:
2654 3025 2765 3081 sive
2799 3028 3005 3086 clericis
3032 3047 3283 3089 concessa
3313 3035 3507 3105 ﬁrmat,

1938 3126 2001 3165 ac
2031 3121 2286 3182 przeterea
2330 3130 2519 3169 novam
2550 3118 2831 3186 quamdam
2876 3120 3179 3181 facultatem
3207 3126 3374 3195 addit,
3404 3128 3511 3183 Ec-

1939 3204 2218 3260 clesiarum
2261 3205 2464 3261 scilicet
2501 3217 2556 3261 et
2596 3210 3073 3269 ecclesiasticarum
3116 3218 3508 3289 privilegiorum

1939 3292 2246 3349 defensores
2271 3296 2572 3351 assumendi
2592 3312 2656 3352 ex
2674 3298 3046 3358 advocatorum
3063 3320 3306 3374 numero,
3324 3323 3511 3381 quem-

1938 3383 2223 3439 admodum
2260 3400 2291 3439 a
2326 3387 2549 3441 concilio
2589 3389 2806 3456 petitum
2843 3390 3033 3447 fuerat.
3073 3394 3239 3451 Porro
3280 3400 3511 3453 secunda

1942 3488 2063 3543 pars
2090 3489 2180 3529 cas
2209 3475 2375 3545 leges,
2404 3491 2521 3546 qum
2551 3487 2733 3533 contra
2760 3480 3064 3539 Donatistas
3092 3500 3154 3539 ac
3193 3486 3511 3545 Maniehmos

1940 3565 2092 3621 factm
2120 3568 2349 3633 fuerunt,
2372 3578 2514 3623 ratas
2536 3570 2737 3635 haberi,
2760 3575 2982 3643 atquein
3001 3591 3152 3631 usum
3172 3577 3337 3648 redigi
3366 3595 3515 3633 mau-

1938 3658 2031 3713 dat
2054 3656 2215 3727 (Ibid.
2243 3659 2306 3712 de
2324 3658 2535 3728 Hieran,
2562 3662 2666 3732 lege
2682 3662 2793 3735 41).
2817 3664 3037 3735 insuper
3055 3677 3238 3722 octavo
3263 3668 3512 3724 kalendas

1941 3749 2241 3805 decembris
2265 3750 2500 3820 ejusdem
2521 3753 2643 3807 anni
2661 3754 3157 3826 quadringentesimi
3178 3761 3385 3829 septimi
3405 3760 3514 3814 llo-

1941 3840 2124 3894 norius
2150 3841 2315 3912 legem
2343 3840 2406 3895 ad
2438 3842 2671 3897 Curtium
2694 3844 2995 3913 prmfectum
3015 3851 3259 3917 praetorio
3277 3850 3511 3919 scripsit,

1942 3929 2224 3996 mandatis,
2250 3945 2369 4000 qua:
2402 3930 2706 3987 Vincentius
2732 3948 2793 3988 ac
2816 3928 3224 3992 Fortunatianus
3250 3954 3279 3992 a
3309 3940 3515 4010 synodo

1941 4018 2338 4091 Carthaginiensi
2355 4032 2687 4091 acceperant,
2705 4025 2941 4093 apprime
2952 4028 3376 4083 convenientem.
3390 4029 3517 4085 llaec

1942 4109 2086 4163 enim
2118 4118 2226 4163 tum
2254 4109 2319 4163 ad
2352 4111 2623 4178 Ethnicos,
2661 4122 2769 4166 tum
2806 4113 2870 4167 ad
2899 4113 3201 4183 haereticos,
3240 4132 3303 4173 ac
3340 4118 3390 4172 in
3434 4119 3517 4174 his

1944 4201 2173 4255 maxime
2209 4200 2276 4255 ad
2320 4201 2634 4265 Donatistas,
2683 4203 3017 4272 Manichzeos,
3065 4207 3512 4273 Priscillianistas,

1944 4292 2325 4364 Coelicolasque
2353 4294 2666 4362 pertinebat.
2696 4294 2818 4350 Fuit
2841 4305 3018 4352 autem
3045 4313 3109 4352 ea
3131 4298 3215 4354 lex
3243 4299 3399 4354 nonis
3429 4301 3519 4369 ju-

1945 4384 2019 4438 nii
2058 4399 2198 4439 anno
2234 4384 2752 4455 quadringentesimo
2788 4395 2974 4442 octavo
3003 4388 3212 4458 publice
3250 4392 3349 4445 sub
3388 4391 3519 4445 Por-

1946 4474 2119 4543 phyrii
2166 4474 2494 4543 proconsulis
2547 4486 2935 4544 programmate
2985 4476 3143 4533 afﬁxa
3197 4478 3519 4550 Carthagine

1943 4562 2232 4636 (Sirmuud.
2250 4564 2383 4633 App.
2402 4563 2526 4617 Cod.
2542 4564 2758 4631 Thead.,
2773 4582 2886 4636 cap.
2903 4568 3012 4637 12).
3041 4569 3164 4640 Ejus
3183 4586 3287 4626 non
3303 4572 3521 4627 minima

1945 4669 2069 4723 pars
2095 4653 2301 4708 duobus
2325 4654 2521 4707 codicis
2538 4654 2888 4709 Thcodosiani
2906 4657 3033 4712 locis
3050 4659 3243 4714 inserta
3261 4669 3344 4716 est
3364 4660 3513 4733 (Cod.

1945 4743 2163 4811 Thead.,
2188 4744 2249 4798 de
2266 4742 2478 4809 [ἴαν-ει,
2519 4744 2626 4815 lege
2661 4745 2729 4799 45
2755 4754 2801 4798 et
2830 4746 2935 4817 lege
2976 4749 3063 4811 44,
3101 4758 3147 4803 et
3179 4750 3241 4803 de
3268 4748 3518 4821 Paganis.

1945 4835 2052 4905 lege
2094 4835 2205 4904 19),
2257 4842 2313 4889 et
2356 4850 2611 4903 nusquam
2662 4850 2766 4889 non
2819 4851 2958 4890 anno
3003 4837 3518 4907 quadringentesimo

1946 4936 2130 4981 octavo
2156 4934 2209 4979 ct
2238 4926 2442 4979 decimo
2467 4924 2691 5003 septimo
2718 4924 2969 4980 kalendas
2994 4927 3286 4982 decembris
3312 4936 3512 4981 notata.

1946 5019 2017 5072 At
2046 5027 2248 5073 certum
2275 5027 2358 5071 est
2386 5017 2589 5084 Roma},
2618 5016 2755 5071 unde
2786 5017 3033 5087 prwdicta
3058 5018 3139 5072 lex
3167 5018 3286 5072 data
3312 5018 3517 5087 signiﬁ-

1947 5118 2117 5174 catur,
2146 5124 2285 5162 anno
2301 5109 2828 5179 quadringentesimo
2844 5117 3032 5163 octavo
3057 5123 3237 5163 mense
3260 5112 3518 5165 novenibr

1948 5217 2052 5257 non
2082 5202 2243 5257 fuisse
2269 5202 2584 5268 Honorium,
2603 5201 2695 5257 sed
2714 5201 2997 5256 Ravennae.
3016 5200 3195 5272 Neque
3219 5203 3374 5258 etiam
3400 5204 3520 5259 Por-

1947 5290 2138 5364 phyrio
2158 5292 2473 5364 proconsule
2498 5307 2637 5345 anno
2656 5290 3171 5361 quadringentesimo
3202 5307 3341 5348 nono
3368 5293 3511 5365 afﬁgi

1947 5383 2473 5456 potuitCarthagine;
2500 5381 2920 5452 quandoquidem
2943 5382 2993 5437 ei
3012 5382 3244 5437 Donatus
3271 5384 3369 5438 sub
3394 5386 3521 5439 anui

1947 5473 2446 5545 quadringentesimi
2489 5472 2659 5527 octavi
2706 5472 2859 5527 ﬁnem
2885 5473 2991 5544 jam
3021 5484 3365 5531 successerat.
3396 5476 3514 5542 Quo

1948 5566 2111 5620 etiam
2141 5574 2368 5619 exeunte
2395 5579 2535 5617 anno
2560 5563 2869 5619 Theodorus
2899 5568 3127 5635 pnetorii
3155 5565 3518 5639 prmfecturam

1950 5655 2195 5727 gerebat:
2220 5655 2318 5710 hac
2344 5668 2467 5710 vero
2488 5654 2741 5726 dignitate
2771 5656 2981 5714 Curtius
3000 5672 3140 5715 anno
3166 5658 3518 5728 quadringen-
