3990 6360
431 283 536 357 sn
1125 272 1178 293 ί
1241 260 1245 264 ’

437 426 556 469 rum
584 407 803 467 haeresis
827 406 1083 480 principia
1110 404 1246 461 adeo
1262 405 1457 462 evertit
1478 405 1858 473 conl'regitque,
1877 411 1934 455 ut
1948 415 2010 456 se

445 507 613 578 pluris
642 505 816 562 facere
840 503 1151 576 opusculum
1182 500 1342 568 istud,
1368 515 1524 570 quam
1549 497 1690 552 aliud
1713 495 2009 567 quodcum-

438 612 537 670 que
571 595 824 652 adversus
867 596 1010 650 illam
1041 603 1245 664 pestem
1287 607 1320 647 a
1364 606 1424 647 se
1463 590 1661 647 editum
1699 587 2012 659 proﬁteatur

437 687 898 758 (Rctractationum
927 684 1015 739 lib.
1047 684 1104 748 2,
1129 699 1246 751 cap.
1270 681 1382 755 10).

507 778 561 833 6.
585 779 823 838 Asterius
845 775 1218 840 subdiaconus,
1237 772 1320 828 cui
1347 772 1550 827 litteras
1567 769 1634 824 ad
1658 768 2021 838 Augustinum

436 866 639 940 (Epist.
671 866 763 936 68)
794 880 896 920 una
933 879 1056 919 cum
1085 861 1316 918 secunda
1359 876 1453 916 sua
1479 858 1735 914 adversus
1763 856 2012 913 Ruﬁnum

435 955 690 1026 Apologia
718 952 1057 1024 perferendas
1087 953 1440 1022 Hieronymus
1474 949 1724 1016 dederat,
1749 956 2008 1012 extremo,

436 1055 493 1100 ut
519 1046 732 1117 quidem
767 1045 996 1112 videtur,
1025 1059 1166 1098 anno
1205 1041 1732 1112 quadringentesimo
1759 1039 1932 1094 tertio.
1959 1040 2012 1092 in

436 1139 664 1192 Africam
694 1136 932 1206 pervenit
962 1153 977 1188 :
1009 1149 1072 1188 ac
1106 1149 1212 1187 non
1244 1132 1411 1186 multo
1453 1139 1571 1202 post
1597 1130 1795 1184 ascitus
1836 1138 1919 1184 est
1946 1127 2015 1183 ad

435 1231 792 1300 episcopatum
821 1226 1007 1301 (Epist.
1038 1226 1126 1290 89.,
1159 1242 1212 1278 η.
1257 1222 1332 1295 1).
1362 1223 1494 1277 Tum
1526 1221 1738 1276 demum
1769 1220 2014 1289 perlectis

438 1319 740 1389 Hieronymi
779 1317 989 1381 litteris,
1012 1315 1126 1384 ejus
1165 1330 1195 1368 a
1224 1328 1282 1369 se
1310 1313 1379 1367 ob
1405 1312 1681 1380 epistolam
1711 1325 1883 1375 suam,
1915 1324 2014 1363 cu-

434 1409 516 1478 jus
544 1409 745 1463 initium
773 1415 872 1473 est,
904 1405 1077 1459 Habeo
1101 1406 1316 1476 gratiam
1342 1402 1552 1473 (Epist.
1593 1399 1708 1473 40),
1748 1401 2016 1455 abaliena-

440 1512 548 1556 tum
579 1501 810 1554 animum
831 1500 1155 1569 Augustinus
1186 1496 1462 1551 intellexit.
1490 1495 1822 1564 Quapmpter
1844 1492 2014 1561 prima

435 1592 556 1645 data
583 1591 878 1653 occasione,
910 1605 1006 1659 per
1029 1587 1284 1657 quosdam
1309 1603 1377 1640 ex
1415 1585 1621 1650 amicis,
1653 1583 1845 1653 quibus
1871 1597 2012 1636 anno

435 1682 568 1738 forte
615 1682 1133 1752 quadringentesimo
1179 1687 1367 1750 quarto
1419 1680 1472 1733 in
1518 1678 1857 1734 Palzestinam
1915 1677 2014 1731 iter

434 1782 570 1841 erat,
599 1774 802 1829 litteras
836 1774 884 1828 ei
914 1772 1252 1827 demissionis
1295 1786 1359 1824 ac
1395 1768 1778 1825 benevolentia}
1805 1767 2010 1835 plenas,

433 1865 620 1931 quibus
645 1863 884 1933 ejusdem
911 1862 1144 1916 animum
1178 1861 1525 1925 demulceret,
1555 1858 1766 1927 scripsit
1796 1858 1813 1925 (
1838 1856 2006 1923 Epist.

435 1956 542 2024 75).
575 1955 631 2010 1η
665 1956 745 2010 his
770 1956 836 2008 de
863 1956 1150 2018 simultate,
1180 1969 1280 2023 qua
1311 1953 1663 2022 Hieronymus
1692 1966 1754 2004 ac
1791 1950 2012 2004 Ruﬁnus

434 2046 571 2099 inter
616 2060 675 2100 se
705 2045 1052 2112 dissidebant,
1082 2047 1273 2098 mirum
1301 2044 1352 2098 in
1380 2043 1594 2097 modum
1624 2043 1874 2110 loquitur.
1897 2040 2012 2094 Non

434 2145 633 2188 tantum
655 2135 753 2189 sibi
774 2145 1004 2204 arrogat,
1037 2143 1092 2188 ut
1119 2135 1171 2187 in
1196 2135 1504 2189 alterutrum
1533 2133 1850 2188 sententiam
1888 2146 2013 2199 pro-

432 2226 636 2279 nuntiet
664 2244 678 2281 :
711 2234 910 2279 tantum
942 2225 992 2279 in
1027 2226 1292 2296 utriusque
1330 2225 1665 2295 praesentiam
1713 2224 2008 2291 suspirans,

433 2313 670 2368 declarat
694 2314 816 2383 quid
850 2313 1004 2380 forte,
1041 2315 1084 2368 si
1116 2313 1230 2369 haec
1258 2313 1359 2368 sibi
1384 2313 1623 2377 daretur,
1651 2324 1833 2382 ageret
1859 2313 2009 2366 dice—

433 2411 728 2472 retve,.quo
773 2418 865 2457 eos
911 2401 962 2456 in
1007 2404 1346 2458 concordiam
1389 2418 1638 2457 revocare
1673 2403 1773 2455 sibi
1808 2402 2008 2455 liceret.

429 2491 557 2554 Quae
598 2499 770 2544 tamen
811 2491 876 2544 ad
920 2507 978 2546 se
1019 2491 1069 2545 in
1111 2491 1211 2546 hoc
1252 2500 1616 2560 argumentum
1660 2491 2012 2559 Hieronymus

429 2579 815 2646 transmiserat,
861 2580 1022 2649 legit:
1067 2580 1209 2650 quod
1237 2596 1363 2635 vero
1406 2581 1472 2634 ad
1501 2581 1695 2649 scripta
1737 2579 1912 2634 Ruﬁni
1958 2579 2010 2633 in

430 2667 832 2739 Hieronymum,
863 2671 1104 2739 quamvis
1143 2672 1193 2724 in
1232 2671 1463 2724 Africam
1499 2671 1672 2724 delata
1716 2678 1918 2734 essent,
1954 2685 2014 2723 se

429 2773 696 2829 nunquam
724 2776 785 2814 ea
815 2760 1098 2827 evolvisse,
1131 2762 1237 2814 imo
1279 2776 1379 2816 nec
1433 2776 1612 2827 nosse,
1643 2761 1772 2814 satis
1812 2759 2013 2829 liquido

430 2849 708 2918 signiﬁcat.
742 2849 1051 2904 Praesidium
1095 2851 1420 2919 episcopum,
1461 2865 1618 2920 quem
1657 2851 1707 2904 ei
1747 2849 2010 2918 quondam

435 2941 784 3012 Hieronymus
807 2951 1052 3011 tanquam
1080 2943 1331 3011 singulari
1353 2943 1741 2997 necessitudine
1763 2943 1863 2996 sibi
1885 2957 2013 2995 con-

429 3030 665 3099 junctum
691 3031 1359 3105 commendarat(Hieron.,
1385 3033 1522 3102 apud
1551 3035 1681 3105 Aug.
1717 3033 1882 3100 Epist.
1917 3033 2008 3097 59,

431 3137 483 3172 ιι.
525 3120 603 3184 l),
631 3121 804 3176 verbis
832 3124 1019 3189 oravit,
1049 3131 1105 3176 ut
1143 3124 1423 3192 epistolam
1469 3139 1618 3178 suam
1663 3123 1871 3193 (Epist.
1919 3124 2011 3194 74)

429 3209 603 3263 eidem
641 3211 959 3282 Hieronymo
992 3211 1332 3267 deferendam
1361 3225 1593 3280 curaret,
1627 3215 1880 3282 illumque
1911 3212 2010 3267 ad-

429 3302 552 3354 ditis
576 3301 692 3356 aliis
725 3301 911 3356 litteris
935 3315 1264 3373 precaretur,
1293 3315 1349 3359 ut
1375 3307 1490 3375 ejus
1519 3308 1886 3362 excusationes
1919 3306 2014 3361 ad-

431 3390 682 3445 mitteret.
727 3392 804 3453 Ad
841 3393 1087 3448 eumdem
1119 3395 1425 3450 Praesidium
1473 3406 1655 3466 postea
1703 3397 2012 3467 Hieronymi

430 3481 705 3549 epistolam
735 3497 852 3536 cum
873 3499 981 3538 sua:
1003 3488 1246 3556 exemplo
1273 3489 1435 3552 misit,
1468 3498 1522 3542 ut
1545 3505 1650 3558 qua
1696 3491 1903 3543 ratione
1943 3489 2010 3543 ad

423 3581 668 3626 sanctum
699 3573 844 3628 illum
883 3577 1246 3648 presbyterum
1277 3579 1508 3632 scribere
1532 3579 1770 3642 deberet,
1808 3579 2013 3633 facilius

1564 289 1711 349 VlTA
1749 293 1786 349 S
1846 286 2210 349 AUGUSTINI
2247 289 2568 349 EPISCOPI.

3583 293 3694 355 8&8

2112 412 2289 458 nosset
2319 421 2331 456 :
2361 403 2501 459 hunc
2526 403 2870 459 etiam'simul
2899 401 3212 471 obsecravit,
3246 412 3304 461 ut
3342 405 3387 462 si
3415 408 3542 478 quid
3581 413 3686 464 mi-

2112 509 2211 549 nus
2237 495 2483 563 probaret
2507 496 2558 548 in
2584 509 2677 549 sua
2717 492 2782 548 ad
2815 493 3193 566 Hieronymum
3223 498 3442 564 epistola
3477 500 3682 572 (Epist.

2113 585 2224 653 75),
2257 585 2307 638 id
2334 585 2452 648 sibi,
2479 600 2585 654 quo
2612 593 2791 654 posset
2817 585 3122 650 emendare,
3145 586 3486 656 signiﬁcaret.

2183 675 2236 728 7.
2263 675 2540 744 Augustini
2569 675 2869 742 epistolam,
2901 676 3055 742 cujus
3080 677 3356 731 exordium
3379 689 3476 742 est,
3499 679 3696 746 Quas»

2113 766 2186 820 vis
2237 765 2555 836 existimem(
2586 751 2719 820 Ibid.
2752 763 2795 838 ),
2822 765 3050 821 necdum
3104 778 3383 836 acceperat
3431 769 3696 842 Hierony-

2115 871 2254 922 mus,
2279 871 2400 910 cum
2418 871 2449 910 e
2469 857 2580 910 suis
2609 856 2750 910 illam
2779 871 2898 925 qua:
2941 855 3144 925 incipit,
3184 857 3304 912 Tres
3324 859 3472 914 simul
3505 861 3694 929 σρὲσιο-

2117 947 2194 1001 las
2220 946 2400 1017 (Apud
2426 947 2663 1017 August.,
2686 945 2852 1017 Epist.
2881 946 2992 1017 75),
3010 947 3076 1001 ad
3101 963 3244 1010 eum,
3272 947 3382 1016 jam
3408 951 3694 1006 exturbato

2117 1053 2149 1092 e
2173 1036 2298 1092 sede
2322 1036 2790 1107 Chrysostomo,et
2806 1037 3026 1106 proinde
3055 1037 3156 1092 sub
3183 1038 3307 1091 anni
3332 1039 3692 1109 quadringen-

2117 1127 2289 1181 tesimi
2313 1127 2486 1194 quarti
2526 1125 2705 1192 ﬁnem,
2737 1125 2969 1195 scripsit.
3016 1124 3072 1180 In
3113 1141 3175 1180 ea
3220 1127 3380 1180 variis
3407 1128 3690 1197 Augustini

2115 1217 2492 1286 quaestionibus
2537 1216 2881 1286 respondere,
2926 1231 3132 1272 necnon
3163 1217 3217 1270 in
3259 1218 3442 1286 primis
3471 1218 3587 1288 ejus
3622 1219 3694 1273 de

2117 1309 2392 1364 mendacio
2415 1309 2670 1373 ofﬁcioso,
2699 1308 2872 1378 deque
2894 1308 3037 1364 Petri
3061 1324 3126 1364 ac
3160 1309 3308 1363 Pauli
3331 1312 3693 1365 controversia

2115 1401 2333 1471 objectis
2360 1399 2667 1456 satisfacere
2692 1401 2894 1454 nititur.
2935 1399 3037 1469 ipsi
3070 1410 3188 1469 post
3214 1400 3330 1455 hate
3370 1400 3575 1455 reddita
3609 1412 3696 1456 est

2116 1507 2272 1561 supra
2302 1499 2589 1546 memorata
2619 1491 2894 1560 Augustini
2925 1490 3149 1560 epistola
3177 1491 3194 1560 (
3218 1488 3385 1559 Epist.
3411 1490 3526 1558 75),
3573 1507 3695 1560 qua:

2119 1585 2297 1653 procul
2324 1583 2486 1637 dubio
2510 1591 2828 1638 commotam
2850 1582 2965 1650 ejus
2992 1590 3226 1636 mentem
3249 1581 3488 1636 sedavit:
3509 1597 3696 1651 quam-

2121 1674 2199 1728 vis
2222 1674 2321 1729 hac
2339 1673 2415 1728 illi
2436 1673 2714 1728 occasione
2736 1672 3135 1728 rescribendum
3161 1689 3266 1727 non
3287 1673 3564 1742 putaverit.
3583 1672 3692 1727 Sed

2118 1765 2476 1833 responsionis
2498 1765 2638 1830 loco,
2658 1779 2777 1818 eum
2800 1763 3010 1818 Firmus
3038 1764 3206 1818 sancti
3235 1764 3482 1818 Prtesulis
3507 1779 3696 1819 neces-

2118 1855 2287 1910 sarius
2313 1869 2377 1908 ex
2393 1853 2572 1908 Africa
2599 1855 2715 1909 sine
2736 1854 2854 1908 ullis
2881 1855 3146 1923 ejusdem,
3185 1855 3276 1924 qui
3306 1854 3512 1910 scilicet
3534 1856 3695 1910 amici

2103 1945 2493 2014 profectionem
2522 1945 2872 2025 ignoraverat,
2910 1944 3100 2000 litteris
3140 1947 3191 1998 in
3224 1945 3554 1999 Palaestinam
3597 1962 3696 2001 ve-

2119 2036 2301 2101 nisset,
2324 2035 2446 2090 huic
2475 2035 2715 2090 redeunti
2733 2035 3010 2105 epistolam
3037 2034 3228 2107 (Apud
3253 2035 3492 2106 August.,
3522 2035 3695 2104 Epist.

2118 2124 2206 2197 8|)
2237 2125 2301 2178 ad
2332 2125 2675 2195 Augustinum
2701 2124 2896 2178 artioris
2916 2124 3406 2194 benevolentiaque
3433 2125 3690 2180 suavissi-

2119 2234 2202 2272 ma
2233 2217 2529 2272 testimonia
2556 2217 2924 2286 prznferentem
2961 2216 3136 2282 dedit;
3171 2217 3223 2270 in
3264 2232 3366 2286 qua
3401 2218 3684 2286 epistolam

2117 2325 2266 2364 suam
2302 2308 2370 2362 ad
2408 2309 2577 2378 ipsum
2609 2309 2846 2363 ultimam
2895 2307 3094 2378 (Epist.
3120 2309 3214 2374 75)
3258 2308 3567 2370 excusabat,
3607 2319 3694 2360 at-

2118 2416 2220 2470 que
2249 2401 2300 2454 in
2332 2410 2598 2469 posterum
2631 2400 2698 2454 ab
2723 2399 2986 2467 ejusmodi
3013 2400 3394 2469 quaestionibus
3421 2401 3695 2456 abstinere

2119 2506 2176 2546 se
2197 2491 2332 2544 velle
2358 2490 2666 2544 testabatur.
2694 2490 2938 2560 Alypium
2957 2505 3168 2558 quoque
3189 2491 3257 2544 ibi
3283 2490 3564 2544 salutabat.
3580 2491 3694 2544 Hoc

2121 2594 2294 2638 tamen
2317 2582 2662 2650 Augustinum
2690 2595 2794 2634 non
2817 2581 3082 2649 prohibuit
3109 2579 3394 2650 quominus
3419 2596 3513 2650 per
3532 2596 3698 2650 quos-

2117 2674 2238 2727 dam
2267 2688 2298 2728 e
2329 2674 2440 2728 suis
2464 2671 2849 2735 'familiaribus,
2878 2671 3141 2739 prolixam
3184 2671 3462 2738 epistolam
3512 2681 3696 2740 postea

2121 2765 2440 2833 Hieronymo
2455 2762 2711 2816 scriberet
2732 2762 2748 2828 (
2767 2759 2935 2830 Epist.
2966 2761 3079 2829 82),
3101 2761 3153 2814 in
3176 2777 3278 2830 qua
3298 2761 3411 2816 fuse
3426 2761 3492 2816 de
3507 2763 3694 2817 eadem

2119 2853 2261 2909 Petri
2298 2862 2352 2907 et
2393 2852 2538 2906 Pauli
2567 2851 2908 2906 contentione
2943 2849 3216 2920 disputat;
3261 2867 3585 2922 magnopere
3607 2869 3698 2907 ca.

2118 2958 2267 3009 vens,
2297 2943 2438 2997 salva
2474 2951 2648 2996 tamen
2677 2956 2772 3010 pro
2797 2957 2900 3010 qua
2929 2941 3164 2996 certabat
3189 2943 3432 3005 veritate,
3469 2958 3538 2998 ne
3565 2943 3693 2998 Hie-

2117 3037 2323 3108 ronymi
2355 3037 2589 3090 animum
2617 3042 2956 3103 exasperaret
2987 3033 3283 3103 :simulque
3309 3033 3375 3086 ad
3391 3048 3517 3087 eum
3543 3049 3696 3088 suam

2118 3129 2168 3182 in
2200 3129 2446 3182 Faustum
2473 3125 2920 3181 elucubrationem
2948 3125 3109 3178 misit.
3144 3125 3315 3192 Atque
3343 3123 3480 3179 hunc
3512 3124 3698 3179 habuit

2117 3221 2273 3274 ﬁnem
2304 3219 2528 3273 celebris
2566 3218 2652 3270 illa
2680 3215 2966 3284 disputatio
2992 3214 3266 3284 Augustini
3287 3231 3408 3268 cum
3441 3215 3698 3286 Hierony-

2117 3326 2252 3364 mo:
2294 3309 2383 3379 qui
2425 3307 2639 3377 quidem
2689 3314 2745 3360 et
2789 3305 2902 3374 ipse
2949 3305 3004 3357 in
3056 3304 3330 3371 Augustini
3375 3305 3694 3359 sententiam

2117 3400 2376 3466 discessit,
2416 3412 2536 3453 cum
2559 3397 2812 3451 adversus
2837 3395 3142 3463 Pelagianos
3171 3410 3311 3448 anno
3336 3395 3694 3465 quadringen-

2119 3493 2306 3548 tesimo
2329 3491 2537 3546 decimo
2562 3489 2747 3558 quinto
2778 3487 3139 3543 dimicandum
3164 3487 3278 3541 fuit.

1462 3785 1944 3891 LIBER
2021 3777 2644 3890 SEXTUS.

434 3971 483 4017 lu
506 3978 600 4028 quo
624 3973 872 4015 narrantur
891 3979 1002 4029 quae
1023 3968 1314 4030 Augustinus
1335 3968 1488 4032 gessit
1509 3980 1536 4015 a
1552 3967 1678 4016 datis
1692 3965 2312 4032 annoquadringentcsimo
2325 3963 2495 4032 quinto
2517 3961 2655 4010 novis
2684 3958 2878 4022 legibus
2897 3959 2944 4007 in
2968 3959 3250 4016 Donatistas,
3284 3968 3439 4017 usque
3462 3952 3521 4001 ad
3543 3951 3695 3999 olla-

1409 4029 1592 4078 tiouem
1613 4041 1724 4077 eum
1746 4023 1920 4077 iisdem
1941 4023 2255 4076 schiSmaticis
2271 4023 2714 4085 Carthaginiensem.

1865 4146 2238 4203 «eam»

925 4276 1152 4331 CAPUT
1191 4277 1472 4332 PRIMUM.

439 4369 464 4424 ί
502 4367 686 4421 Seuera
714 4367 796 4420 lea:
820 4367 880 4418 ab
908 4366 1136 4421 Honorio
1163 4370 1266 4420 lata
1295 4379 1467 4420 contra
1484 4367 1793 4421 Donatistas.
1816 4367 1852 4421 2
1877 4367 2006 4421 Alia:

505 4461 558 4510 in
602 4458 799 4512 eosdem
829 4456 980 4528 leges.
1026 4460 1061 4512 5
1108 4459 1372 4528 Augustini
1407 4460 1474 4511 ad
1503 4459 1777 4513 Paulinum
1805 4461 2000 4512 littertn.

503 4548 538 4600 4
566 4544 810 4599 Fructum
837 4564 985 4616 quant
1014 4549 1287 4600 maximum
1315 4565 1376 4602 ex
1417 4547 1631 4602 Honorii
1659 4549 1846 4619 legibus
1870 4551 2005 4616 capit

505 4635 754 4692 Ecclesia.
779 4639 812 4693 5
835 4639 1113 4692 Concilium
1130 4639 1431 4710 Carthagine
1453 4647 1563 4710 post
1579 4641 1773 4694 restitui
1793 4650 2006 4710 coeptam

505 4727 576 4780 ibi
600 4727 836 4780 unitatem
866 4727 1161 4781 celebratur.

507 4819 557 4872 1.
591 4818 823 4889 Digressi
866 4835 1149 4888 parumper
1179 4834 1206 4870 a
1251 4835 1407 4874 causa
1451 4821 1866 4888 Donatistarum,
1895 4822 2004 4890 jam

436 4925 580 4964 nunc
624 4910 740 4980 ipso
777 4909 1022 4963 narrandi
1061 4911 1246 4964 ordine
1272 4910 1338 4964 ad
1367 4927 1481 4963 cam
1513 4926 1842 4964 revocamur.
1875 4912 2004 4965 Cum

440 4998 508 5053 ad
527 5000 833 5053 comitatum
873 4999 1211 5054 devertissent
1256 5000 1488 5070 episcopi
1530 5000 1714 5070 legati,
1763 5003 1952 5070 quibus
1979 5019 2006 5055 a

434 5089 834 5159 Carthaginensi
851 5091 1076 5144 concilio
1091 5073 1454 5144 co'mmendata
1472 5099 1605 5155 erat,
1624 5089 1749 5143 nihil
1776 5099 1882 5144 tum
1904 5091 2009 5146 illic

434 5193 465 5232 a
482 5195 542 5233 se
562 5180 912 5248 praestandum
939 5195 1058 5235 esse
1082 5191 1453 5250 compererunt
1481 5180 1669 5253 (Epist.
1691 5182 1808 5246 185,
1826 5200 1874 5235 n.
1893 5182 2006 5251 26).

436 5267 647 5324 Etenim
665 5270 752 5324 lex
777 5270 1029 5325 adversus
1053 5271 1233 5324 Donati
1257 5271 1659 5340 factionemjam
1681 5282 1802 5326 ante
1825 5288 2008 5326 eorum

433 5360 721 5415 adventum
765 5361 888 5426 lata,
913 5363 1347 5432 promulgataque
1374 5363 1560 5418 fuerat.
1584 5363 1698 5417 Τοιί
1721 5379 1812 5417 eos
1839 5364 2012 5416 homi-

437 5465 567 5506 num
586 5450 844 5519 querelae.
863 5452 951 5519 qui
967 5451 1103 5506 male
1122 5453 1355 5506 mulctati
1371 5452 1584 5506 domum
1604 5454 1774 5508 redire
1793 5468 1894 5506 non
1915 5469 2009 5507 au-

432 5538 650 5602 debant,
676 5555 740 5595 ac
763 5541 816 5594 in
843 5541 1026 5610 primis
1050 5542 1352 5611 Bagaiensis
1375 5545 1609 5614 episcOpi
1635 5545 1913 5600 horrendae
1946 5560 2010 5602 ac

433 5629 810 5687 recentissima:
826 5631 1097 5688 cicatrices
1109 5630 1486 5703 Imperatorem
1501 5645 1919 5693 commoverant.
1939 5637 2007 5692 Et

2108 4280 2254 4348 quia,
2284 4289 2340 4334 ut
2366 4281 2600 4350 loquitur
2628 4279 2972 4349 Augustinus,
2991 4278 3479 4332 Circumcellionum
3503 4275 3696 4331 nobilis

2111 4370 2256 4425 furor
2282 4371 2598 4425 horrendum
2625 4371 2863 4438 praebens
2901 4371 3008 4423 suis
3036 4369 3577 4432 clericissatellilimn,
3606 4384 3696 4420 us-

2109 4476 2419 4532 quequaque
2431 4462 2764 4516 odiosissima
2783 4460 3100 4524 innotuerat,
3122 4460 3303 4529 ingens
3321 4459 3371 4511 in
3394 4459 3695 4511 Donatistas

2110 4553 2519 4622 conﬁagravcrat
2552 4552 2742 4606 invidia
2771 4571 2781 4604 :
2809 4562 2969 4620 atque
2997 4551 3120 4605 inde
3150 4549 3342 4604 factum
3373 4561 3505 4611 erat,
3535 4560 3594 4603 ut
3635 4557 3693 4603 et

2112 4646 2388 4713 prmterita:
2421 4660 2606 4698 omnes
2645 4652 2827 4697 contra
2880 4658 2974 4697 eos
3018 4645 3159 4710 leges
3207 4643 3582 4703 excitarentur,
3634 4651 3691 4694 et

2110 4733 2462 4788 conderentur
2489 4751 2635 4787 novre
2655 4731 2867 4806 (Contra
2895 4733 3152 4794 Crescon.,
3174 4734 3261 4786 lib.
3279 4735 3333 4798 5,
3351 4751 3403 4786 η.
3424 4735 3533 4803 47).
3558 4733 3692 4787 Nam

2113 4824 2404 4892 Imperator
2428 4824 2701 4894 religiosus
2721 4834 2774 4877 et
2797 4824 2931 4892 pius,
2953 4824 3171 4892 perlatis
3194 4823 3247 4877 in
3268 4823 3508 4877 notitiam
3539 4839 3690 4877 suam

2115 4916 2304 4969 talibus
2333 4915 2524 4978 causis,
2559 4915 2740 4967 maluit
2771 4913 3024 4983 piissimis
3057 4913 3261 4982 legibus
3299 4913 3585 4982 impietatis
3608 4929 3694 4966 er-

2113 5019 2288 5058 rorem
2317 5004 2532 5058 omnino
2561 5004 2852 5072 corrigere,
2883 5013 2932 5057 et
2964 5018 3058 5058 eos
3084 5003 3172 5071 qui
3211 5013 3394 5057 contra
3421 5003 3691 5057 Clu-istum

2113 5096 2305 5149 Christi
2350 5095 2494 5162 signa
2539 5102 2830 5163 portarent,
2860 5093 2924 5147 ad
2961 5095 3213 5147 unitatem
3239 5093 3550 5148 catholicam
3581 5104 3692 5149 ter-

2112 5185 2276 5238 rendo
2305 5195 2357 5238 et
2383 5182 2678 5238 coercendo
2703 5183 2961 5253 redigere,
2991 5199 3146 5253 quam
3175 5183 3430 5239 saavicndi
3461 5194 3694 5238 tanturn-

2114 5273 2271 5327 modo
2297 5273 2503 5327 auferre
2527 5273 2814 5338 licentiam,
2839 5282 2893 5328 et
2921 5273 3134 5328 errandi
3158 5287 3222 5328 ac
3251 5275 3508 5346 pereundi
3536 5275 3692 5329 relin-

2113 5380 2294 5433 quere.
2325 5364 2461 5434 Ergo
2487 5364 2569 5419 lex
2600 5365 2926 5434 promulgata
2949 5365 3069 5432 fuit,
3090 5375 3146 5420 ut
3168 5374 3325 5421 tanta:
3344 5367 3690 5424 immanitatis

2114 5452 2332 5508 lucresis
2363 5455 2771 5520 Donatistarum,
2803 5456 2888 5510 cui
2919 5455 3189 5510 crudelius
3219 5460 3362 5526 parci
3387 5458 3684 5523 videbatur,

2114 5561 2268 5615 quam
2307 5545 2416 5615 ipsa
2444 5546 2714 5612 swviebat,
2754 5564 2860 5601 non
2907 5559 3108 5603 tantum
3144 5547 3374 5604 violenta
3410 5565 3551 5617 esse,
3594 5551 3689 5606 sed

2113 5636 2330 5692 Omnino
2359 5651 2478 5693 esse
2507 5651 2612 5692 non
2639 5637 2902 5694 sineretur
2930 5638 3146 5711 impune
3177 5656 3189 5695 :
3220 5655 3330 5698 non
3357 5649 3532 5698 tamen
3561 5655 3691 5714 sup-
