3990 6360
254 308 389 377 349

258 797 468 850 datum
496 810 632 850 anno
658 791 1173 863 quadringentesimo
1196 790 1380 859 quinto
1405 788 1575 858 pridie
1612 786 1730 841 idus
1777 785 1856 840 fe-

262 887 511 953 bruarii,
560 899 663 954 quo
705 883 920 953 quidem
974 881 1209 935 declarat
1255 878 1568 948 Imperator,
1616 877 1755 931 nolle
1798 892 1857 931 se

253 994 470 1033 eorum
499 976 585 1047 qui
612 975 934 1044 Baptismum
962 973 1244 1037 iterabant,
1271 985 1478 1025 errores
1504 970 1697 1023 diutius
1719 968 1855 1022 tole-

240 1086 423 1136 rare,
456 1079 544 1122 aut
564 1082 758 1121 nomen
786 1066 1177 1119 Donatistarum
1202 1063 1427 1132 amplius
1456 1061 1640 1115 audire
1664 1078 1677 1115 :
1704 1060 1854 1130 jubet

238 1176 435 1227 vero,
453 1169 708 1214 utomnes
732 1156 1047 1213 catholicam
1075 1156 1329 1210 unitatem
1354 1164 1659 1225 sequantur.
1687 1154 1739 1209 Si
1765 1154 1853 1224 qui

243 1252 467 1307 illicita
504 1259 813 1320 perpetrare
840 1256 1082 1318 pergant,
1113 1262 1176 1300 ex
1205 1257 1386 1301 tenore
1422 1246 1750 1314 superiorum
1776 1246 1855 1300 le-

240 1359 430 1413 gum,
448 1357 652 1396 necnon
671 1340 812 1394 illius
836 1355 952 1409 qua:
978 1354 1082 1393 non
1108 1337 1312 1409 pridem
1337 1336 1578 1407 (forsitan
1600 1337 1853 1391 adversus

240 1431 603 1503 Crispinum)
633 1431 915 1485 constituta
943 1429 1130 1493 fuerat,
1154 1442 1337 1498 pinnas
1363 1428 1508 1482 luant
1532 1427 1651 1497 :qui
1675 1434 1851 1481 autem

242 1524 561 1580 seditiosos
589 1531 887 1577 conventus
914 1522 1058 1575 coire
1079 1519 1535 1591 prmsumpserint,
1562 1519 1735 1572 acrius
1763 1532 1850 1572 sco

242 1619 559 1687 veriusque
591 1623 955 1671 coerceantur.
984 1613 1049 1667 Et
1085 1613 1198 1666 haec
1223 1612 1439 1665 omnino
1468 1618 1609 1678 sunt,
1641 1624 1759 1679 qua:
1784 1624 1852 1663 ex

245 1710 359 1764 illo
390 1708 569 1763 edicto
596 1706 765 1760 scisso
790 1720 930 1759 nunc
956 1706 1007 1758 in
1038 1703 1189 1768 duas,
1222 1710 1280 1755 ut
1319 1700 1595 1754 minimum
1615 1742 1629 1763 ,
1673 1708 1850 1767 partes

242 1802 513 1872 reperire
535 1808 618 1855 est
643 1800 694 1852 in
717 1798 912 1867 duplici
934 1796 1143 1852 Codicis
1168 1794 1304 1849 loco.
1320 1792 1450 1847 Nam
1470 1793 1584 1862 ejus
1601 1807 1700 1847 una
1728 1807 1850 1862 pars

244 1902 344 1946 est
376 1892 536 1955 tituli,
572 1888 656 1943 Ne
678 1898 903 1943 sanctum
947 1886 1204 1957 Baptisma
1233 1886 1456 1950 iteretur,
1498 1884 1611 1954 lege
1657 1884 1844 1947 tertia;

242 1983 460 2047 altera,
490 1981 650 2047 tituli,
672 1978 747 2033 De
774 1978 1036 2042 Itwreticis,
1054 1977 1168 2046 lege
1196 1974 1461 2045 trigesima
1491 1984 1692 2027 octava.
1724 1972 1848 2025 Exi-

242 2073 448 2126 stimat
473 2085 581 2124 non
609 2066 882 2141 nemo(ln
908 2066 1031 2119 Cod.
1064 2063 1280 2128 Theod.,
1311 2074 1429 2116 tom.
1460 2064 1513 2127 6,
1546 2079 1598 2132 p.
1627 2059 1750 2131 196)
1781 2060 1847 2115 ad

244 2162 368 2218 hoc
400 2163 575 2233 ipsum
606 2160 837 2215 edictuin
882 2156 1069 2212 referri
1111 2156 1339 2222 debere,
1373 2170 1503 2224 quas
1545 2154 1609 2208 ad
1648 2168 1845 2206 annum

245 2254 481 2308 circiter
506 2250 1083 2322 quadringentesimum
1130 2262 1326 2300 nonum
1368 2247 1496 2300 citat
1524 2245 1847 2313 Augustinus

245 2360 320 2402 ex
354 2346 589 2415 quadam
619 2344 733 2412 lege
761 2341 1144 2412 pulcherrimas
1174 2338 1291 2393 illas
1329 2351 1488 2390 voces
1518 2352 1530 2389 :
1567 2335 1700 2388 Nam
1730 2336 1773 2388 si
1794 2335 1846 2387 in

246 2440 351 2502 eis.
390 2440 481 2509 qui
522 2439 685 2509 primo
712 2436 898 2490 initiati
935 2443 1072 2497 sunt,
1103 2433 1289 2485 idcirco
1314 2431 1489 2500 religio
1519 2428 1846 2499 Baptismatis

242 2531 524 2601 iudicatur
542 2530 766 2598 inﬁrma,
793 2527 925 2595 quod
945 2527 982 2579 ii
1012 2542 1042 2577 a
1061 2524 1240 2595 quibus
1270 2522 1535 2592 accipitur,
1566 2529 1845 2591 peccatores

246 2631 523 2692 putentur,
555 2621 696 2672 toties
719 2616 949 2671 renovari
972 2629 1166 2669 necesse
1184 2614 1276 2666 erit
1297 2611 1535 2664 traditunt
1559 2625 1847 2664 sacramen-

247 2720 391 2773 tum,
417 2710 615 2782 quoties
634 2708 872 2779 indignus
897 2707 1045 2777 fuerit
1072 2705 1296 2757 inventus
1321 2702 1492 2755 collati
1518 2699 1845 2771 Baptisntatis

249 2801 644 2855 administrator
674 2815 692 2852 :
719 2807 767 2851 et
802 2798 927 2867 ﬁdes
957 2806 1126 2850 nostra
1154 2812 1254 2849 non
1284 2811 1345 2848 ea:
1369 2804 1552 2847 nostra:
1577 2793 1845 2846 voluntatis

249 2891 491 2955 arbitrio,
533 2904 693 2960 neque
718 2904 781 2941 ex
806 2887 960 2940 divini
992 2886 1210 2938 muneris
1239 2883 1423 2954 gratia,
1458 2881 1545 2936 sed
1573 2898 1634 2935 ea:
1659 2882 1846 2934 meritis

249 2982 584 3037 sacerdotum
609 2990 654 3035 et
682 2980 973 3033 clericorum
993 2976 1234 3047 qualitate
1257 2974 1504 3046 pendebit.
1538 2975 1663 3029 Post
1687 2987 1845 3042 quam

252 3071 609 3141 Imperatoris
634 3069 950 3125 sententiam
982 3069 1051 3122 ita
1080 3076 1293 3121 sanctus
1326 3067 1524 3120 Praesul
1558 3084 1572 3119 :
1609 3064 1843 3130 Faciant,

259 3165 465 3234 inquit,
498 3163 637 3216 mille
666 3160 878 3215 concilia
899 3161 1118 3230 episcopi
1144 3158 1311 3224 vestri,
1338 3158 1453 3211 huic
1478 3156 1567 3209 uni
1593 3158 1849 3210 sententia:

253 3256 637 3324 respondeant;
683 3264 730 3306 et
774 3253 841 3305 ad
865 3252 999 3321 quod
1023 3250 1296 3315 volueritis,
1342 3248 1676 3301 consentimus
1712 3248 1847 3301 vobis

255 3346 459 3419 (Epist.
484 3347 609 3412 105,
634 3363 687 3398 n.
714 3345 826 3415 12).
854 3344 1100 3398 Edictum
1128 3343 1227 3395 hoc
1250 3340 1487 3395 nonnulli
1512 3339 1731 3394 Unionis
1752 3355 1847 3393 seu

257 3440 588 3495 Heneticum
631 3437 901 3506 appellant
929 3453 942 3488 :
971 3434 1110 3504 quod
1141 3434 1279 3487 idem
1307 3448 1337 3486 a
1376 3432 1605 3486 concilio
1631 3431 1849 3485 Cartha-

254 3531 475 3601 ginensi
523 3529 648 3582 anni
691 3525 1191 3597 quadringentesimi
1233 3524 1445 3592 septimi
1495 3523 1580 3577 lex
1620 3522 1848 3577 Uuitatis

258 3621 483 3676 dicitur.
510 3622 684 3689 Atque
713 3618 846 3672 adeo
876 3617 1138 3671 Honorius
1159 3617 1269 3684 ipse
1290 3614 1517 3668 edictum
1554 3612 1621 3667 de
1650 3612 1849 3666 unitate

258 3719 494 3766 testatur
512 3726 543 3763 a
564 3725 623 3766 se
648 3710 869 3765 missum
893 3711 944 3762 in
965 3707 1219 3774 Africam,
1247 3714 1305 3760 ut
1325 3706 1570 3760 omnibus
1590 3704 1850 3773 significa-

262 3815 349 3860 ret
372 3820 536 3859 unam
563 3813 616 3859 et
637 3818 816 3858 veram
844 3801 999 3856 fidem
1024 3800 1338 3855 catholicam
1368 3812 1489 3853 esse
1516 3795 1846 3851 retinendam

263 3894 417 3969 (Cod.
452 3895 668 3961 Theod.,
700 3895 763 3948 de
787 3893 974 3963 Relig.,
1004 3892 1110 3961 lege
1131 3890 1211 3960 2).

331 3985 390 4038 2.
425 3985 627 4039 Eodem
658 3984 762 4048 die,
792 3982 1040 4036 videlicet
1060 3981 1228 4050 pridie
1257 3979 1373 4033 idus
1399 3978 1711 4043 februarias,
1742 3976 1851 4030 llo-

261 4076 451 4130 norius
480 4074 715 4128 Adriano
739 4072 968 4142 praetorii
998 4070 1249 4141 praefecto
1271 4069 1440 4138 legem
1462 4068 1625 4135 misit,
1653 4082 1755 4137 qua
1781 4066 1849 4121 de

266 4163 505 4219 tollenda
531 4163 766 4216 funditus
788 4162 1176 4215 Donatistarum
1199 4158 1392 4213 haeresi
1415 4158 1550 4225 apud
1572 4171 1629 4211 se
1653 4158 1851 4210 consti-

262 4264 437 4308 tutum
465 4268 586 4309 esse
613 4254 844 4306 affirmat
878 4268 892 4305 :
928 4251 1085 4319 idque
1124 4249 1352 4303 maxime
1379 4247 1449 4301 ob
1477 4246 1700 4301 iterandi
1744 4246 1847 4298 Ba-

263 4344 534 4413 ptismatis
560 4342 916 4410 sacrilegium,
943 4340 1008 4393 ad
1030 4337 1171 4408 quod
1196 4337 1454 4407 mancipia
1489 4336 1723 4404 aliosque
1748 4333 1847 4387 sibi

263 4436 507 4490 subditos
539 4434 585 4488 vi
613 4430 1194 4503 compellebant(lbid.,
1225 4429 1309 4484 Ne
1325 4438 1553 4483 sanctum
1578 4425 1731 4497 Bapt.
1757 4426 1851 4478 ite-

263 4539 419 4593 retur,
445 4529 554 4598 lege
580 4528 613 4581 4
633 4536 677 4580 et
699 4527 805 4596 lege
828 4526 906 4597 5).
922 4524 1071 4592 Quod
1087 4524 1294 4594 quidem
1317 4523 1381 4577 ad
1400 4521 1624 4591 Crispini
1645 4520 1848 4575 facinus

264 4622 535 4690 prtecipuo
562 4620 789 4689 quodam
820 4619 978 4673 modo
1016 4628 1256 4688 Spectare
1298 4615 1583 4686 judicatur.
1617 4613 1666 4669 ls
1691 4614 1848 4683 igitur

264 4712 505 4767 decernit
532 4713 673 4778 illos,
701 4712 789 4781 qui
815 4711 883 4765 ab
910 4711 1128 4780 hujusce
1156 4709 1288 4779 legis
1312 4706 1729 4778 promulgatione
1750 4706 1850 4760 Ba-

266 4810 520 4876 ptismum
548 4808 783 4862 secundo
807 4806 1092 4862 contulisse
1119 4803 1600 4874 deprehendentur,
1626 4802 1849 4858 fortunis

267 4899 378 4951 suis
404 4899 655 4953 omnibus
682 4896 929 4967 spoliari;
959 4912 1076 4966 qua:
1115 4906 1291 4950 tamen
1332 4908 1517 4949 eorum
1554 4892 1769 4956 liberis,
1803 4892 1848 4945 si

264 4988 524 5042 redierint
566 4986 635 5041 ad
681 4987 972 5043 Ecclesiam
997 5027 1012 5053 ,
1066 4986 1469 5040 restituerentur
1498 5000 1512 5037 :
1546 4981 1762 5052 prmdia,
1796 4982 1847 5036 in

265 5080 458 5149 quibus
477 5079 843 5143 convenerint,
859 5078 905 5132 si
920 5076 1115 5133 factum
1131 5077 1199 5132 sit
1214 5077 1440 5133 consciis
1455 5076 1702 5138 dominis,
1720 5073 1850 5132 ﬁsco

265 5169 472 5235 addici;
500 5168 546 5223 si
568 5183 744 5235 secus,
766 5184 860 5223 eos
892 5184 924 5222 a
955 5169 1145 5238 quibus
1170 5165 1465 5221 istiusmodi
1490 5176 1659 5220 coetus
1683 5164 1845 5219 habe-

267 5269 471 5323 rentur,
510 5258 795 5328 plumbatis
816 5257 1094 5328 flagellari,
1114 5272 1175 5311 ac
1193 5266 1505 5328 perpetuum
1533 5256 1584 5308 in
1602 5254 1848 5309 exsilium

267 5351 540 5404 amandari
570 5367 585 5403 :
618 5365 800 5404 eorum
831 5350 1081 5411 clientes,
1123 5348 1207 5402 vel
1250 5360 1465 5412 servos,
1506 5360 1641 5415 quos
1674 5344 1850 5399 denuo

269 5442 542 5512 baptizare
570 5443 851 5509 voluerint,
883 5442 936 5496 in
966 5440 1221 5496 ecclesias
1249 5439 1638 5493 Catholicorum
1659 5435 1847 5490 confu-

267 5547 388 5602 gere
425 5548 607 5605 posse,
636 5545 798 5605 atque
834 5534 902 5589 ab
939 5533 1062 5587 hinc
1099 5531 1355 5586 libertatis
1389 5528 1509 5599 jura
1561 5529 1799 5582 obtinere
1831 5545 1845 5582 :

268 5625 543 5695 repetendi
574 5625 824 5695 Baptismi
855 5632 1099 5680 auctores
1135 5622 1477 5686 conseiosve,
1530 5634 1635 5673 non
1678 5618 1849 5673 solum

271 5718 528 5783 testandi.
552 5733 739 5775 verum
777 5720 937 5775 etiam
965 5715 1291 5790 adipiscendi
1317 5712 1513 5785 aliquid
1544 5712 1643 5795 sub
1668 5712 1847 5782 specie

1641 302 1842 360 LIBER
1879 300 2164 363 SEXTUS.

252 433 451 504 ιιιὶόο
469 428 700 501 capitali,
724 433 939 499 propter
954 423 1263 481 servandam
1285 420 1444 477 etiam
1464 419 1602 475 circa
1620 419 1860 489 indignos

254 522 745 580 mansuetudinem
771 519 1133 583 Christianam,
1183 514 1277 571 sed
1310 513 1625 584 pecuniariis
1653 511 1860 566 damnis

258 614 599 686 propositis,
631 620 684 666 et
713 611 763 665 in
794 610 1073 679 episcopos
1093 607 1178 662 vel
1204 605 1475 661 ministros
1502 618 1687 660 eorum
1718 604 1861 658 exsi-

262 708 347 761 lio
380 706 691 762 constituto.
741 702 1008 757 Habemus
1050 699 1207 770 igitur
1242 697 1472 753 edictum
1516 698 1583 751 ab
1627 696 1859 750 Honorio

2792 342 2931 373 ‘u‘,

1967 418 2287 493 donationis,
2315 443 2519 487 necnon
2537 442 2839 493 contractus
2866 440 3052 510 agendi
3079 442 3339 510 facultate,
3363 447 3535 507 donec

1969 513 2213 609 haeresim
2238 520 2615 591 abdicaverint,
2643 530 2835 596 privari
2861 548 2874 584 :
2902 532 3216 605 quicumque
3235 537 3339 594 illis
3362 541 3534 609 opitu—

1968 606 2056 699 lati
2084 607 2297 678 fuerint,
2330 614 2501 669 eidem
2533 633 2702 686 paenae
2729 621 2954 690 subjici:
2986 627 3369 693 provincianuu
3400 606 3533 699 pm-

1964 696 2159 767 fectos,
2201 704 2290 772 qui
2319 720 2637 762 consensum
2667 726 2926 782 opemque
2958 716 3037 769 eis
3083 719 3319 787 tulerint,
3350 696 3533 791 viginti

1963 793 2076 846 auri
2102 796 2279 863 pondo
2303 800 2537 866 solvere;
2560 817 2849 874 eorumque
2876 806 3059 864 Officia
3078 852 3092 875 ,
3120 809 3221 865 hoc
3244 823 3327 867 est
3348 811 3529 869 foren-

1962 896 2055 938 ses
2074 885 2434 957 administros,
2469 891 2684 946 totidem
2717 910 2731 947 :
2763 895 2970 950 urbium
2992 898 3218 969 denique
3251 902 3530 971 magistra-

1962 982 2047 1029 tus
2067 990 2128 1031 ac
2146 977 2471 1046 defensores,
2504 983 2547 1036 si
2576 984 2656 1037 vel
2687 1000 2747 1039 ea
2778 987 3024 1042 mandata
3050 1004 3260 1045 servare
3284 993 3533 1061 neglexe-

1958 1065 2084 1131 rint,
2111 1067 2195 1120 vel
2218 1068 2481 1124 Ecclesias
2511 1072 2639 1141 ipsis
2666 1076 3014 1142 praesentibus
3038 1080 3212 1131 vexari
3244 1081 3385 1149 passi
3411 1082 3529 1138 fue-

1960 1153 2084 1222 rint,
2114 1156 2299 1211 eadem
2338 1160 2527 1215 mulcta
2569 1162 2825 1217 damnari.
2860 1165 3011 1231 Quod
3038 1168 3277 1223 ultimum
3315 1171 3381 1225 ad
3409 1187 3527 1226 eam

1958 1260 2087 1301 sane
2125 1250 2351 1317 pertinet
2386 1251 2812 1323 Carthaginensis
2850 1259 3059 1312 concilii
3098 1261 3525 1329 postulationem,

1958 1350 2059 1404 qua
2106 1337 2344 1392 civitates
2387 1340 2453 1394 ad
2497 1343 2885 1412 suscipiendam
2916 1347 3269 1403 Ecclesiarum
3312 1350 3526 1404 tutelam

1956 1426 2177 1496 obligari
2199 1431 2435 1498 petierat.
2453 1431 2524 1485 Ea
2544 1434 2627 1487 lex
2650 1435 2842 1489 nullam
2861 1437 3118 1493 universae
3136 1440 3524 1493 Donatistarum

1957 1526 2114 1571 sectae
2140 1534 2347 1588 pinnam
2376 1522 2586 1592 irrogat,
2612 1540 2709 1579 nec
2729 1541 2915 1583 omnes
2943 1544 3125 1583 eorum
3147 1530 3367 1584 clericos
3382 1531 3526 1585 exsi-

1955 1606 2045 1675 lio,
2077 1610 2520 1678 quemadmodum
2545 1615 2611 1669 ab
2647 1617 2879 1673 llonorio
2904 1630 3156 1676 statutum
3188 1622 3348 1676 fuisse
3368 1622 3525 1678 docet

1955 1697 2296 1767 Augustinus,
2323 1700 2502 1756 allicit.
2537 1702 2724 1759 Utrum
2762 1707 2876 1762 hanc
2902 1710 2956 1763 in
2983 1710 3156 1765 edicto
3184 1712 3287 1767 alio
3330 1713 3521 1782 praeci-

1957 1804 2079 1857 pere
2109 1800 2188 1843 sat
2218 1790 2479 1861 habuerit,
2512 1811 2579 1851 an
2608 1812 2737 1853 vero
2762 1815 2880 1869 qua:
2905 1810 3076 1854 exstat
3101 1803 3425 1869 constitutio,
3454 1803 3521 1857 ad

1956 1892 2186 1936 nostram
2228 1894 2442 1942 aetatem
2481 1904 2586 1944 non
2628 1890 2829 1960 integra
2874 1893 3192 1960 pervenerit,
3234 1894 3385 1948 nobis
3415 1910 3522 1949 non

1953 1982 2172 2026 constat.
2203 1974 2404 2033 Prmter
2426 1980 2572 2049 leges
2596 1981 2765 2050 pridie
2790 1981 2908 2036 idus
2934 1981 3181 2036 februarii
3217 1999 3356 2038 anno
3387 2000 3522 2053 qua-

1952 2065 2362 2133 dringentesimo
2386 2073 2567 2140 quinto
2596 2073 2763 2137 datas,
2789 2089 2921 2143 quas
2952 2090 3054 2127 non
3077 2076 3299 2131 obscure
3326 2075 3525 2130 indica-

1954 2156 2039 2209 bat
2062 2156 2344 2223 Honorius,
2367 2176 2484 2214 eum
2508 2163 2740 2217 secundo
2764 2174 2880 2230 post
2899 2179 3037 2218 anno
3058 2165 3183 2234 quid
3205 2165 3272 2221 de
3294 2165 3522 2221 factione

1954 2246 2138 2301 Donati
2152 2251 2387 2312 sentiret,
2403 2266 2462 2305 se
2483 2268 2647 2321 nuper
2662 2255 2953 2309 ostendisse
2977 2257 3315 2324 profitebatur
3334 2256 3520 2329 (lbid.,

1950 2337 2012 2391 de
2026 2337 2239 2407 Havet,
2259 2341 2493 2413 legeiO);
2513 2344 2667 2397 aliam
2698 2359 2906 2414 quoque
2937 2346 3088 2399 tertio
3116 2362 3280 2401 nonas
3308 2349 3522 2402 martias

1950 2428 2188 2495 ejusdem
2232 2432 2357 2484 anni
2395 2432 2896 2502 qttadringcntesimi
2927 2436 3091 2505 quinti
3122 2437 3185 2488 ad
3219 2436 3517 2490 Diotimium

1950 2519 2143 2574 Africa:
2171 2524 2541 2590 proconsulem
2578 2525 2740 2587 misit,
2773 2541 2873 2594 qua
2900 2526 2948 2579 ei
2978 2526 3282 2593 mandabat,
3305 2536 3361 2579 ut
3389 2526 3519 2581 mis-

1950 2624 2066 2663 sum
2097 2627 2126 2664 a
2156 2612 2290 2666 sein
2320 2612 2550 2667 Africam
2577 2614 2807 2669 Unitatis
2832 2616 3091 2681 edictum,
3132 2633 3236 2684 quo
3272 2617 3519 2670 omnibus

1952 2703 2321 2766 innotesceret.
2335 2706 2495 2760 variis
2516 2706 2645 2760 locis
2664 2706 2804 2776 afﬁgi
2827 2716 3037 2761 curaret
3058 2706 3106 2778 (I
3116 2709 3241 2773 bid.,
3256 2710 3317 2761 de
3331 2708 3518 2778 llelig.,

1951 2795 2055 2864 lege
2081 2794 2116 2847 2
2144 2794 2186 2862 ).
2235 2794 2482 2865 Idemque
2537 2796 2825 2865 imperator
2865 2806 3014 2851 sexto
3052 2797 3181 2867 idus
3227 2796 3522 2850 decembris

1953 2887 2189 2954 proxime
2216 2886 2485 2955 sequentis
2515 2887 2759 2940 Diotimio
2788 2887 3016 2950 nuntiat,
3049 2887 3116 2940 ab
3144 2886 3407 2949 omnibus,
3430 2885 3522 2954 qui

1953 2976 2001 3027 in
2049 2975 2234 3028 lncrcsi
2268 2975 2657 3029 Donatistarum
2685 2974 2996 3044 deprehensi
3029 2973 3240 3040 fuerint,
3271 2975 3519 3028 mulctam

1952 3065 2067 3134 lege
2108 3065 2447 3118 constitutam
2492 3067 2607 3119 sine
2649 3067 2758 3120 ulla
2802 3066 3357 3134 comperendinatione
3403 3081 3527 3121 esse

1951 3155 2260 3225 exigendam
2289 3154 2470 3224 (lbid.,
2498 3157 2558 3209 de
2585 3155 2799 3220 Haeret,
2828 3158 2936 3227 lege
2960 3157 3070 3227 59).

2021 3249 2077 3303 5.
2104 3248 2313 3302 Theasii
2339 3258 2494 3317 atque
2520 3247 2725 3315 Evodii,
2753 3264 2886 3317 quos
2917 3258 3102 3302 contra
3128 3248 3523 3304 Donatistarum

1952 3337 2233 3392 factionem
2257 3353 2398 3392 anno
2428 3338 2699 3407 superiore
2724 3339 2789 3392 ad
2820 3338 3111 3392 Honorium
3148 3338 3364 3393 miserat
3386 3337 3521 3392 Car-

1952 3430 2262 3500 thaginense
2274 3430 2579 3494 concilium,
2599 3429 2798 3484 reditus
2814 3429 2867 3482 in
2887 3429 3113 3483 Africam
3125 3429 3233 3498 jam
3255 3428 3527 3498 proximus

1952 3523 2254 3592 putabatur,
2285 3537 2405 3576 cum
2447 3522 2666 3575 Paulino
2705 3536 2800 3590 per
2838 3520 3050 3575 Celsum
3076 3520 3354 3589 epistolam
3381 3520 3532 3575 misit

1952 3613 2274 3682 Augustinus
2299 3610 2484 3684 (Epist.
2509 3612 2623 3682 80).
2657 3611 2706 3665 ls
2726 3612 2790 3665 ad
2810 3610 3053 3666 eumdem
3086 3620 3325 3665 sanctum
3356 3625 3535 3678 nuper-

1952 3704 2229 3772 epistolam
2255 3704 2409 3756 aliam
2433 3702 2498 3757 de
2518 3702 2743 3772 quadam
2779 3702 3069 3771 quaestione
3097 3700 3348 3766 dederat,
3364 3715 3534 3770 quam

1952 3794 2041 3848 ille
2059 3793 2268 3863 quidem
2283 3793 2439 3847 nimis
2457 3793 2653 3847 cursim
2669 3801 2723 3847 et
2737 3792 2986 3858 breviter,
3001 3791 3092 3846 sed
3111 3792 3264 3860 plane
3280 3791 3527 3847 christia-

1953 3901 2017 3938 na
2046 3893 2223 3939 mente
2238 3900 2299 3939 ac
2314 3885 2505 3954 pietate
2520 3884 2852 3949 dissolvent,
2870 3883 3184 3937 allirmando
3202 3883 3270 3936 ita
3288 3896 3345 3936 se
3356 3881 3531 3944 Nolae,

1953 3977 2039 4031 ubi
2060 3976 2300 4045 degebat,
2320 3991 2532 4029 manere
2546 3979 2814 4040 statuisse,
2830 3983 2887 4028 ut
2901 3975 2944 4029 si
2960 3973 3085 4043 quid
3105 3973 3245 4028 aliud
3261 3988 3290 4025 a
3307 3987 3366 4027 se
3386 3972 3535 4028 Deus

1952 4075 2245 4137 expeteret,
2289 4065 2404 4134 ejus
2446 4066 2768 4121 voluntatem
2810 4079 2920 4118 suae
2959 4074 3279 4133 anteponere
3313 4069 3535 4131 paratus

1952 4168 2113 4213 esset.
2138 4155 2455 4210 Perbrevem
2497 4156 2695 4209 hancce
2733 4154 3134 4223 responsionem
3158 4152 3370 4207 Videtur
3393 4152 3533 4205 Pau-

1952 4250 2091 4304 linus
2110 4250 2265 4304 Celso
2285 4249 2492 4304 cuidam
2524 4246 2834 4310 tradidisse;
2877 4261 2979 4316 qua
3020 4243 3243 4299 necdum
3283 4252 3527 4312 accepta,

1953 4341 2020 4395 ad
2072 4342 2315 4397 eumdem
2359 4355 2543 4395 rursus
2587 4338 2908 4408 Augustinus
2948 4353 3044 4405 per
3090 4336 3528 4390 Fortunatianum

1954 4434 2344 4502 Hipponensem
2373 4431 2737 4501 presbyterum
2758 4429 2977 4483 Romam
3001 4428 3049 4480 id
3072 4426 3320 4495 temporis
3344 4434 3527 4494 peten-

1955 4532 2061 4579 tem
2092 4524 2393 4592 scripserat.
2424 4521 2674 4589 Epistolze
2700 4528 2877 4573 autem
2901 4517 3004 4571 illa:
3027 4526 3153 4580 tres,
3190 4517 3393 4570 scilicet
3419 4530 3526 4569 una

1954 4615 2177 4681 Paulini,
2190 4623 2245 4668 et
2262 4612 2539 4682 Augustini
2561 4611 2700 4676 dum,
2717 4609 3043 4664 exciderunt.
3068 4605 3252 4663 Celsus
3268 4622 3330 4661 ea
3348 4614 3526 4661 mente

1955 4704 2250 4775 Hipponem
2282 4712 2518 4768 venerat,
2550 4710 2605 4755 ut
2632 4701 2684 4754 in
2715 4698 2989 4769 Augustini
3034 4696 3386 4751 familiaritate
3411 4696 3526 4750 dies

1954 4797 2153 4867 aliquot
2178 4795 2497 4851 traduceret.
2531 4791 2727 4846 Verum
2746 4790 3078 4844 occasionem
3101 4787 3289 4857 navigii
3318 4796 3522 4849 nactus,

1955 4898 2194 4942 sanctum
2226 4884 2508 4939 Prwsulem
2536 4896 2658 4936 sero
2686 4879 2972 4935 admodum
3001 4877 3223 4943 monuit,
3249 4891 3307 4930 se
3330 4876 3526 4947 postriv

1956 4979 2041 5033 die
2069 4978 2447 5038 discessurum,
2477 4985 2671 5041 rogans
2700 4980 2758 5025 ut
2784 4970 2881 5023 sibi
2913 4968 2977 5021 ad
3005 4967 3276 5020 Paulinum
3306 4979 3525 5033 respon-

1956 5068 2158 5122 sionem
2193 5065 2361 5118 daret.
2394 5061 2685 5131 Epistulam
2726 5074 2851 5129 ergo
2894 5072 3117 5128 propere
3160 5053 3374 5109 dictavit
3416 5054 3528 5107 Au-

1954 5158 2196 5229 gustinus
2226 5155 2313 5211 :in
2340 5170 2442 5224 qua
2469 5152 2750 5206 Paulinum
2772 5157 2910 5212 orat,
2937 5156 3012 5209 ut,
3031 5160 3132 5215 qua
3160 5143 3364 5198 ratione
3388 5142 3524 5197 divi-

1956 5265 2077 5305 nam
2102 5248 2426 5302 voluntatem
2450 5243 2811 5299 internoscere
2833 5238 3095 5308 possimus
3126 5236 3178 5289 in
3208 5234 3295 5289 illa
3315 5235 3527 5290 actione

1958 5343 2095 5396 inter
2114 5340 2291 5411 plures
2312 5338 2480 5393 bonas
2495 5333 2784 5404 seligenda,
2803 5345 2957 5400 quam
2975 5344 3005 5383 a
3026 5329 3177 5384 nobis
3191 5329 3329 5383 Deus
3348 5336 3527 5396 postu-
3546 5380 3553 5399 ,

1958 5433 2049 5496 let,
2063 5439 2220 5500 atque
2233 5429 2365 5484 adeo
2382 5442 2536 5496 quam
2557 5440 2652 5479 nos
2673 5422 2787 5491 ejus
2801 5419 3052 5474 voluntati
3068 5419 3525 5487 obtemperaturos
3546 5482 3552 5499 ο

1957 5522 2164 5577 czcteris
2190 5519 2438 5589 praeferre
2465 5522 2725 5585 oporteat,
2749 5511 2847 5567 sibi
2873 5509 3132 5580 significet
3157 5509 3246 5564 :in
3262 5506 3363 5562 hoc
3381 5505 3554 5585 enim

1958 5628 2061 5668 non
2089 5610 2220 5677 falli,
2243 5618 2400 5679 atque
2428 5607 2482 5662 in
2510 5612 2748 5676 peccata,
2772 5618 2889 5673 qua:
2913 5602 3236 5671 ignoremus,
3258 5613 3364 5653 non
3390 5596 3521 5664 labi,

1958 5710 2150 5767 fatetur
2171 5700 2406 5759 difﬁcile.
2438 5699 2502 5755 Ei
2526 5713 2585 5755 se
2613 5696 2830 5754 uberius
2859 5694 3179 5766 scripturum
3205 5690 3486 5764 pollicetur
3502 5726 3523 5756 ,
