3990 6360
447 306 549 373 πί

448 427 539 484 ubi
571 426 802 497 primum
838 421 1098 480 Tbcasius
1132 435 1196 476 ac
1225 418 1491 483 Evodius,
1536 432 1759 488 quorum
1808 417 1860 471 in
1912 414 2026 470 dies

449 520 690 591 singulos
716 518 1123 589 exspectabatur
1148 514 1426 578 adventus,
1457 510 1742 565 rediissent
1761 551 1775 575 ,
1810 508 2026 578 ipseque

448 628 572 668 eum
602 611 656 665 in
687 611 908 665 istorum
940 610 1306 678 episc0porum
1328 602 1591 658 mentibus
1613 616 1676 655 ac
1692 600 1868 655 verbis
1894 613 2025 653 eon-

448 704 727 772 spexisset.
760 700 977 756 Reversi
1007 708 1148 763 sunt,
1177 706 1233 752 ut
1260 695 1477 750 credere
1507 693 1649 752 licet.
1673 705 1855 745 mense
1881 701 2025 742 mar-

448 796 553 859 tio,
605 792 687 847 vel
725 792 912 845 saltem
956 788 1131 858 aprili,
1175 785 1385 857 quando
1440 784 1582 853 leges
1628 781 1681 835 in
1726 779 2026 834 Donatistas

448 882 617 953 pridie
660 881 778 936 idus
812 878 1059 934 lebruarii
1090 878 1199 946 jam
1236 887 1503 930 concessae
1542 881 1698 941 atque
1736 869 2025 938 obsignata:

447 983 619 1030 erant.

517 1066 571 1120 4.
608 1063 882 1128 Jamvero,
932 1068 1112 1115 narrat
1158 1057 1512 1128 Augustinus,
1570 1071 1685 1107 cum
1722 1053 1845 1124 ipsa:
1896 1053 2026 1124 leges

446 1156 686 1209 venissent
702 1155 750 1207 in
770 1153 1013 1222 Africam,
1037 1150 1288 1221 prazcipue
1301 1148 1376 1200 illi
1397 1148 1480 1217 qui
1500 1144 1783 1216 qua'rebant
1803 1146 2026 1197 occasio-

450 1264 561 1300 nem
582 1288 596 1311 ,
628 1255 715 1299 aut
738 1245 980 1300 stevitiam
1006 1241 1277 1311 furentiunt
1302 1238 1603 1302 metuebant,
1630 1244 1717 1288 aut
1748 1252 1864 1289 suos
1890 1250 2027 1288 vere-

445 1338 793 1391 cundabantnr
825 1335 1077 1401 offendere
1099 1375 1113 1397 ,
1153 1332 1221 1385 ad
1274 1330 1554 1383 Ecclesium
1591 1328 1825 1382 continuo
1856 1337 2023 1380 trans-

444 1431 627 1481 ierunt.
664 1427 815 1481 Multi
843 1427 992 1479 etiant
1014 1466 1027 1485 ,
1067 1425 1152 1490 qui
1184 1422 1293 1476 sola
1319 1420 1425 1473 illic
1458 1436 1488 1472 a
1532 1419 1816 1486 parentibus
1841 1417 2025 1469 tradita

446 1519 803 1572 consuetudine
824 1516 1133 1578 tenebantur,
1173 1513 1371 1583 qualent
1399 1526 1515 1563 vero
1545 1525 1749 1561 causam
1777 1508 1889 1576 ipsa
1918 1508 2026 1560 Ita:-

444 1611 567 1662 resis
586 1611 811 1671 haberet,
858 1623 1115 1677 nunquam
1162 1615 1309 1657 antea
1352 1602 1721 1672 cogitaverant,
1772 1617 2025 1669 nunquam

446 1717 668 1767 quazrere
710 1710 757 1754 et
795 1699 1112 1753 considerare
1146 1697 1440 1757 voluerant;
1484 1711 1601 1747 mox
1643 1692 1728 1746 ubi
1773 1701 2027 1761 coeperunt

444 1792 701 1844 advertere
725 1833 739 1854 ,
769 1799 813 1844 et
840 1790 967 1843 nihil
989 1790 1039 1842 in
1080 1807 1137 1842 ea
1163 1788 1369 1857 dignttnt
1400 1788 1636 1849 invenire,
1668 1795 1869 1853 prapter
1893 1782 2027 1851 quod

448 1893 588 1937 tanta
614 1884 798 1935 damna
833 1890 1138 1951 paterentur,
1168 1880 1275 1932 sine
1317 1877 1425 1930 ulla
1469 1875 1759 1946 difficultate
1796 1872 2027 1926 catholici

446 1976 568 2046 facti
594 1984 709 2027 sunt
733 1990 751 2028 :
780 1974 945 2026 docuit
971 1974 1101 2026 enim
1126 1988 1208 2025 eos
1234 1968 1518 2023 sollicitudo
1540 2010 1553 2030 ,
1576 1983 1701 2036 quos
1723 1966 2026 2035 negligentes

446 2065 689 2119 securitas
714 2065 915 2131 fecerat.
950 2062 1173 2115 Istorum
1199 2070 1362 2113 autent
1388 2060 1610 2111 omnium
1642 2056 2024 2125 prwcedentium

448 2158 795 2210 auctoritatem
820 2165 866 2209 ct
896 2155 1267 2225 persuasionem
1292 2153 1448 2206 secuti
1472 2163 1584 2204 sunt
1614 2151 1777 2214 mulli,
1818 2150 1903 2219 qui
1934 2149 2028 2201 mi-

451 2262 547 2300 nus
587 2247 753 2299 idonei
782 2254 923 2298 erant
966 2260 1053 2312 per
1096 2262 1150 2298 se
1192 2246 1327 2313 ipsos
1357 2242 1646 2309 intelligere,
1674 2241 1793 2308 quid
1819 2242 2026 2293 distaret

448 2336 582 2391 inter
629 2336 1008 2390 Donatistarum
1057 2352 1297 2399 errorem,
1336 2344 1380 2387 et
1409 2334 1709 2387 catholicam
1750 2333 2024 2385 veritatem.

450 2424 537 2481 Ita
561 2444 675 2479 cum
697 2443 881 2497 magna
899 2428 1101 2498 agmina
1131 2427 1433 2496 populorum
1462 2441 1575 2477 vera
1606 2434 1762 2476 mater
1780 2424 1832 2475 in
1861 2423 2026 2475 sinum

443 2517 671 2589 gaudens
716 2518 973 2585 reciperet,
1005 2526 1351 2570 remanserunt
1399 2514 1557 2568 turba:
1584 2513 1743 2579 dum,
1774 2522 1819 2566 et
1855 2514 1906 2567 in
1935 2513 2028 2566 illa

446 2619 583 2678 peste
618 2607 809 2678 infelici
832 2608 1147 2661 animositate
1189 2608 1437 2660 sistentes.
1470 2604 1552 2659 Ex
1578 2605 1655 2657 his
1674 2620 1871 2674 quoque
1909 2605 2026 2672 pitt-

445 2699 563 2751 rimi
604 2698 890 2752 simulando
921 2699 1439 2763 communicaverunt,
1476 2696 1565 2749 alii
1592 2696 1840 2767 paucitate
1865 2697 2027 2749 latue-

445 2800 583 2843 runt.
613 2790 717 2845 Sed
737 2789 816 2843 illi
837 2792 921 2859 qui
944 2790 1269 2855 simulabant,
1304 2789 1553 2859 paulatim
1601 2789 1949 2853 assuescendo,
1984 2798 2029 2841 et

452 2882 860 2950 pra’dicationem
907 2883 1126 2935 veritatis
1166 2881 1437 2945 audiendo,
1467 2882 1684 2934 maxime
1720 2889 1828 2951 post
1866 2881 2028 2934 colla-

452 2970 638 3023 tionem
682 2981 727 3023 et
773 2972 1164 3041 disputationem
1203 2986 1315 3039 qua:
1356 2972 1486 3023 inter
1536 2987 1629 3023 nos
1677 2980 1723 3023 et
1769 2972 2029 3040 episwpos

449 3075 622 3113 eorum
645 3059 783 3129 apud
808 3059 1162 3130 Carthaginem
1194 3061 1311 3131 fuit,
1342 3076 1405 3113 ea:
1430 3076 1614 3129 magna
1642 3070 1782 3128 parte
1822 3060 2030 3113 correcti

452 3157 584 3201 sunt.
615 3147 681 3201 In
709 3148 1003 3218 quibusdam
1029 3166 1144 3203 vero
1170 3150 1311 3211 locis,
1340 3149 1425 3202 ubi
1461 3151 1761 3217 pertinacior
1790 3161 1835 3203 et
1860 3152 2028 3219 impa-

452 3238 611 3290 catior
637 3239 897 3308 prazvaluit
940 3238 1234 3304 multitudo,
1274 3239 1355 3291 cui
1388 3244 1618 3292 resistere
1655 3256 1755 3292 non
1805 3249 2030 3308 poterant

454 3331 733 3397 pauciores,
761 3348 970 3402 quarunt
992 3342 1095 3384 erat
1112 3330 1288 3383 melior
1311 3331 1373 3383 de
1397 3331 1742 3383 communione
1765 3332 2026 3393 sententia,

450 3428 538 3471 aut
565 3420 722 3473 turba:
740 3422 1027 3474 auctoritati
1053 3437 1328 3491 paucorunt
1369 3422 1702 3488 potentiorum
1742 3420 1954 3473 subdita:
1978 3421 2031 3472 in

455 3512 639 3564 malum
667 3521 859 3580 portent
878 3512 1297 3582 obtemperarunt,
1325 3511 1582 3581 aliquanto
1609 3510 1796 3562 diutius
1835 3510 2031 3563 labora-

457 3610 565 3653 tum
593 3611 665 3654 est
694 3600 884 3672 (Epist.
917 3602 1040 3667 185,
1069 3620 1155 3655 ntt.
1182 3602 1274 3665 29,
1305 3602 1416 3672 '50).
1464 3600 1519 3653 In
1563 3600 1782 3668 epistola
1820 3614 2032 3668 quoque

452 3692 517 3745 ad
548 3692 882 3747 Vincentium
921 3702 1044 3748 ante
1062 3693 1411 3747 Collationem
1430 3732 1443 3754 ,
1477 3700 1531 3745 ut
1561 3690 1771 3759 quidem
1799 3690 2025 3753 videtur,

453 3784 690 3851 scripta,
740 3792 956 3838 sanctus
1012 3762 1245 3837 Antistes
1288 3782 1461 3836 adhuc
1506 3782 1719 3834 uberius
1769 3782 2028 3848 explicat,

452 3886 708 3943 quantum
754 3876 994 3929 utilitatis
1038 3875 1288 3929 Ecclesia}
1333 3876 1594 3928 severitas
1641 3888 1824 3927 earum
1858 3872 2029 3942 legum

454 3968 686 4021 attulerit
734 3983 749 4021 :
800 3967 1044 4037 qumdam
1091 3968 1211 4021 inde
1253 3967 1413 4020 verba
1464 3965 1755 4035 subiecisse
1782 3969 2028 4021 sufﬁciet.

454 4054 534 4109 De
560 4057 833 4111 multorum
852 4097 866 4121 ,
899 4058 1006 4121 ait,
1038 4057 1141 4119 iam
1170 4057 1473 4110 correctione
1499 4057 1795 4126 gaudemus,
1818 4059 1904 4127 qui
1930 4068 2033 4111 tant

458 4147 697 4201 veraciter
717 4147 957 4201 unitatent
980 4148 1276 4203 catholicam
1301 4158 1465 4201 tenent
1490 4157 1636 4218 atque
1664 4149 1964 4219 defendunt,
1984 4160 2033 4204 et

458 4254 490 4289 a
514 4238 726 4309 pristino
757 4254 923 4291 errore
948 4255 1002 4293 se
1028 4239 1259 4293 liberatos
1296 4255 1401 4292 esse
1424 4239 1689 4304 lwtantur,
1726 4250 1780 4292 ut
1805 4256 1887 4293 eos
1919 4258 2033 4294 cum

457 4346 641 4399 magna
669 4329 1003 4399 gratulatione
1027 4330 1283 4382 miremur.
1306 4331 1373 4383 Et
1400 4330 1557 4399 paulo
1580 4329 1714 4383 infra
1739 4348 1750 4382 :
1786 4330 1829 4384 0
1850 4332 1895 4384 si
1914 4348 2033 4401 pos-

455 4434 560 4472 sem
610 4420 697 4471 tibi
736 4419 1013 4484 ostendere,
1065 4435 1129 4473 ea:
1171 4420 1295 4489 ipsis
1351 4419 1844 4474 Circumcellionibus
1882 4439 2031 4491 quant

458 4511 642 4561 multos
656 4510 769 4579 jam
794 4509 1063 4564 catholicos
1084 4510 1373 4580 manifestos
1412 4510 1680 4563 habeamus
1698 4552 1710 4574 ,
1737 4510 2033 4564 damnantes

457 4614 603 4651 suam
646 4598 909 4666 pristinam
950 4599 1103 4652 vitam
1143 4607 1188 4653 et
1217 4600 1547 4653 miserabilem
1588 4615 1824 4663 errorem,
1857 4617 1954 4669 quo
1981 4616 2035 4653 se

456 4686 829 4741 arbitrabantur
858 4704 948 4756 pro
976 4688 1204 4742 Ecclesia
1233 4689 1327 4741 Dei
1347 4692 1528 4759 facere,
1550 4690 1789 4759 quidquid
1816 4691 2035 4760 inquieta

461 4778 739 4831 temeritate
766 4779 1057 4848 faciebant!
1084 4778 1272 4851 (Epist.
1305 4781 1392 4843 93,
1428 4798 1515 4833 nn.
1550 4782 1600 4842 i,
1629 4780 1702 4851 2)
1733 4790 1836 4835 etc.
1883 4780 2034 4835 Multi

464 4886 658 4936 eorum,
681 4887 894 4940 quorum
909 4872 1021 4941 jam
1048 4872 1099 4925 in
1126 4874 1314 4926 unitate
1341 4872 1541 4936 Christi,
1573 4874 1710 4942 pium
1732 4874 1852 4941 ﬁdei
1880 4877 2031 4945 fervo-

458 4978 564 5016 rem
587 4962 979 5032 charitatentque
1006 4964 1267 5029 mirantur,
1312 4981 1424 5017 cum
1469 4981 1654 5033 magna
1702 4965 1875 5017 ltetitia
1923 4964 2032 5018 Deo

456 5053 652 5122 gratias
672 5062 846 5123 agunt,
879 5053 1012 5123 quod
1036 5054 1126 5107 illo
1151 5070 1317 5107 errore
1352 5064 1641 5119 caruerunt,
1671 5054 1755 5106 ubi
1781 5056 1914 5107 mala
1938 5056 2033 5109 ista

458 5143 587 5196 bona
610 5153 906 5211 putaverunt
929 5159 947 5197 :
969 5160 1091 5213 quas
1117 5146 1306 5213 gratias
1329 5145 1475 5198 modo
1502 5146 1719 5198 volentes
1767 5162 1865 5198 non
1910 5162 2031 5215 age-

455 5242 585 5292 rent,
625 5233 723 5286 nisi
751 5234 888 5302 prius
931 5235 1081 5286 etiam
1111 5235 1332 5287 nolentes
1368 5233 1429 5286 ab
1458 5235 1548 5287 illa
1581 5237 1775 5306 nefaria
1799 5237 2034 5291 societate

453 5323 781 5378 discederent.
815 5324 949 5389 Quid
991 5326 1053 5380 de
1090 5326 1191 5379 illis
1238 5326 1493 5388 dicamus,
1523 5326 1608 5395 qui
1647 5326 1786 5379 nobis
1814 5329 2034 5396 quotidie

454 5416 772 5484 confitentur,
801 5414 936 5487 quod
956 5417 1068 5485 jam
1099 5416 1218 5468 olim
1266 5416 1492 5469 volebant
1521 5432 1625 5468 esse
1649 5417 1919 5481 catholici;
1942 5417 2032 5471 sed

453 5506 584 5559 inter
602 5521 684 5559 eos
713 5504 1023 5570 habitabant,
1054 5507 1182 5557 inter
1224 5522 1346 5575 quos
1380 5505 1436 5558 id
1476 5508 1611 5575 quod
1652 5504 1882 5558 volebant
1925 5523 2034 5560 esse

456 5613 559 5651 non
578 5606 807 5668 poterant
828 5613 916 5667 per
946 5596 1290 5666 inﬁrmitatem
1318 5598 1533 5662 timoris,
1560 5598 1645 5651 ubi
1670 5599 1712 5651 si
1741 5615 1895 5651 unum
1918 5616 2029 5653 ver-

452 5684 569 5742 bunt
608 5703 701 5757 pro
745 5687 1005 5744 Catholica
1034 5685 1274 5758 dicerent,
1306 5698 1351 5742 et
1402 5689 1499 5759 ipsi
1540 5697 1587 5741 et
1635 5686 1816 5742 domas
1859 5704 2030 5742 eorum

1541 300 1698 359 VITA
1738 300 1795 359 Β.
1838 297 2203 359 AUGUSTINI
2242 301 2567 360 EPISCOPI.

2133 416 2362 487 funditus
2403 419 2773 474 euerterentur?
2811 417 2999 492 (Epist.
3027 422 3149 491 185,
3175 441 3227 477 n.
3254 422 3364 496 l3).
3394 420 3452 479 [tt
3485 424 3717 482 Cresco-

2132 506 2275 560 nium
2302 509 2461 563 etiam
2498 509 2735 563 scribens
2763 510 2889 565 dicit
2916 511 3207 567 Ecclesium
3236 513 3552 570 catholicam
3580 531 3716 586 qua-

2131 612 2444 667 quaversum
2472 598 2691 654 diil‘undi
2713 616 2775 655 ac
2797 601 3025 666 dilatari,
3051 618 3169 657 cum
3193 604 3243 657 in
3268 604 3378 674 ipsa
3393 604 3568 659 Africa
3592 620 3716 676 pars

2132 688 2319 744 Donati
2346 691 2396 744 in
2425 691 2538 746 dies
2564 692 2729 761 magis
2755 694 3027 764 magisque
3071 696 3335 751 minuatur
3356 695 3563 768 (Contra
3588 696 3714 751 Cre-

2131 782 2379 845 sconium,
2411 782 2495 836 lib.
2527 784 2582 848 5,
2616 800 2669 836 n.
2702 784 2810 854 7i).
2849 784 2985 837 Nam
3012 786 3057 839 si
3099 803 3268 856 posses
3296 788 3480 850 videre,
3510 787 3717 856 inquit,

2130 886 2281 940 quam
2330 872 2477 942 longe
2518 873 2712 943 lateque
2748 874 2980 945 Africant
3022 892 3163 929 error
3208 877 3304 930 iste
3341 887 3644 946 pervaserat,
3670 886 3718 931 et

2130 978 2280 1031 quam
2320 979 2481 1031 pauca
2522 964 2631 1033 ejus
2673 968 3033 1032 remanserint,
3061 983 3173 1038 qua:
3214 968 3437 1021 nondum
3460 968 3511 1022 in
3539 985 3717 1038 pacem

2130 1052 2377 1106 catholica
2387 1070 2431 1105 tn
2464 1064 2682 1108 correcta
2708 1057 3044 1120 transierunt;
3069 1058 3209 1111 nullo
3235 1060 3381 1112 modo
3405 1070 3715 1114 assertsrum

2131 1146 2418 1199 christiana:
2446 1148 2585 1216 pacis
2609 1156 2653 1201 et
2682 1148 2894 1202 unitatis
2921 1149 3285 1219 infructuosant
3310 1159 3355 1203 et
3396 1150 3598 1204 inanem
3621 1167 3712 1203 ar-

2131 1236 2385 1289 bitrareris
2410 1238 2698 1291 instantiam
2723 1236 2910 1307 (Ibid.,
2930 1241 3019 1293 lib.
3046 1240 3097 1307 l,
3123 1257 3177 1294 n.
3212 1241 3286 1312 7).
3313 1242 3393 1295 Ad
3430 1243 3555 1297 anni
3578 1258 3713 1312 qna—

2130 1326 2527 1396 dringentesimi
2572 1330 2743 1383 octavi
2800 1329 2957 1383 linem
3005 1330 3057 1384 in
3102 1330 3216 1385 hate
3244 1331 3400 1386 verba
3444 1331 3711 1401 loquitur:

2132 1416 2351 1470 Multum
2370 1434 2489 1471 sane
2509 1418 2570 1470 de
2584 1420 2942 1489 quorumdam,
2967 1438 3124 1492 neque
3140 1438 3434 1490 paucorum,
3450 1423 3550 1491 [ide
3564 1424 3715 1492 firma

2131 1518 2177 1562 et
2216 1509 2381 1562 stabili
2409 1511 2744 1579 gratulamur,
2773 1512 2858 1581 qui
2896 1530 2958 1566 ea:
2983 1515 3245 1568 occasione
3272 1514 3439 1586 legum
3486 1516 3716 1585 ipsarum

2130 1600 2198 1651 ad
2219 1598 2553 1653 Christianam
2574 1601 2863 1672 religionem
2888 1602 2964 1656 vel
2980 1602 3279 1656 catholicam
3298 1620 3467 1674 pacem
3489 1609 3715 1660 conversi

2130 1700 2283 1754 sunt;
2326 1708 2415 1760 pro
2443 1709 2654 1760 quorum
2689 1693 2853 1746 salute
2892 1694 3196 1763 sempiterna
3235 1712 3326 1749 nos
3368 1695 3421 1749 in
3465 1696 3559 1749 hac
3586 1707 3716 1749 tem-

2132 1781 2296 1852 porali
2320 1783 2466 1833 etiant
2493 1784 2768 1853 periclitari
2796 1784 3027 1837 delectat.
3054 1784 3330 1856 Propterea
3351 1788 3479 1839 enim
3497 1788 3719 1842 maxime

2131 1876 2192 1928 ab
2219 1876 2501 1929 hominibus
2530 1878 2740 1929 nimium
2769 1879 2990 1947 duroque
3018 1880 3280 1949 perversis,
3323 1896 3455 1932 nunc
3493 1880 3715 1932 inimici-

2133 1970 2315 2021 tiarum
2361 1970 2615 2039 graviores
2658 1970 2873 2041 impetus
2920 1972 3263 2038 sustinemus,
3314 1989 3437 2041 quos
3484 1976 3718 2028 nonnulli

2131 2078 2303 2114 coruut
2325 2061 2577 2115 nobiscum
2603 2064 2964 2128 patientissime
2983 2066 3229 2118 sustinent
3247 2064 3436 2136 (Epist.
3456 2067 3543 2132 97,
3564 2085 3617 2120 η.
3633 2070 3710 2138 οι).

2134 2152 2455 2207 Fatebantur
2483 2170 2637 2223 quam
2667 2155 2897 2223 plurimi,
2924 2156 3023 2211 hoc
3050 2157 3539 2227 sibiegratissimum
3570 2161 3713 2213 acci-

2132 2242 2295 2307 disse,
2318 2253 2373 2296 ut
2390 2243 2454 2297 ad
2478 2243 2802 2298 redeundum
2830 2246 2881 2298 in
2906 2246 3080 2299 sinum
3108 2246 3362 2301 Ecclesia:
3377 2258 3713 2317 cogerentur,

2133 2348 2195 2386 ac
2225 2333 2301 2387 sic
2322 2334 2494 2387 reditu
2522 2349 2617 2388 suo
2656 2335 3149 2391 Circumcellionum
3183 2338 3550 2391 vexationibus
3585 2352 3713 2391 cau-

2134 2440 2245 2478 sam
2277 2426 2471 2479 nullam
2502 2426 2803 2497 praeberent
2826 2426 3015 2499 (Epist.
3048 2430 3169 2492 105,
3196 2446 3250 2482 η.
3281 2428 3357 2497 5),
3378 2429 3515 2497 Quin
3553 2431 3712 2485 etiam

2134 2532 2317 2570 eorum
2336 2518 2423 2587 qui
2448 2533 2549 2571 non
2573 2535 2637 2572 ex
2665 2520 2860 2583 animo,
2892 2520 2985 2575 sed
3016 2535 3079 2574 ex
3110 2537 3257 2576 mero
3286 2522 3475 2577 timore
3504 2532 3713 2591 partem

2136 2609 2324 2662 Donati
2354 2609 2600 2664 abdicare
2628 2609 2962 2675 videbantur,
2989 2627 3093 2664 non
3118 2612 3268 2681 pauci
3295 2612 3347 2665 in
3378 2612 3714 2682 sequentium

2137 2712 2432 2771 temporum
2482 2702 2788 2756 difﬁcultate
2840 2702 3094 2771 majorem
3140 2705 3487 2757 constantiam
3521 2720 3629 2773 pra:
3657 2718 3716 2757 se

2138 2792 2391 2857 tulerunt,
2421 2808 2579 2861 quam
2618 2792 2707 2862 qui
2736 2808 2999 2860 nunquam
3032 2808 3061 2844 a
3090 2790 3345 2846 catholica
3374 2792 3594 2845 veritate
3617 2791 3718 2845 de-

2136 2881 2396 2935 sciverant
2423 2880 2611 2951 (Epist.
2645 2881 2713 2936 89
2733 2924 2747 2943 ,
2778 2900 2831 2935 n.
2862 2880 2937 2953 7).
2963 2881 3051 2936 Sic
3088 2881 3264 2947 multi,
3316 2881 3486 2951 inquit
3530 2880 3715 2951 Augu-

2137 2972 2335 3036 stinus,
2359 2989 2446 3042 per
2471 2973 2585 3027 illas
2607 2974 2738 3043 leges
2762 2974 2970 3027 correcti
2998 2984 3133 3038 sunt,
3156 2984 3203 3027 et
3223 2974 3442 3049 quotidie
3457 2974 3720 3042 corrigun-

2138 3070 2254 3124 tur;
2282 3071 2328 3113 et
2353 3078 2406 3115 se
2429 3078 2534 3115 esse
2559 3072 2823 3127 correctos,
2852 3073 3002 3132 atque
3043 3061 3107 3115 ab
3139 3062 3229 3117 illa
3256 3064 3451 3133 furiosa
3496 3063 3721 3133 pernicie

2138 3151 2387 3215 liberatos,
2416 3152 2605 3221 gratias
2631 3161 2805 3221 agunt.
2830 3150 2899 3204 Et
2927 3152 3012 3220 qui
3030 3150 3257 3216 oderant,
3287 3153 3528 3220 diligunt,
3557 3152 3722 3203 mole-

2136 3253 2335 3311 stasque
2356 3243 2450 3296 sibi
2468 3244 2620 3313 fuisse
2639 3244 2994 3297 saluberrimas
3017 3244 3165 3314 leges.
3191 3253 3431 3313 quantum
3446 3243 3499 3295 in
3520 3243 3722 3296 insania

2137 3333 2526 3399 detestabantur,
2573 3343 2765 3386 tantum
2810 3344 3007 3403 recepta
3057 3334 3270 3387 sanitate
3296 3334 3647 3403 gratulantur;
3674 3342 3729 3386 et

2137 3422 2188 3474 in
2217 3421 2463 3484 residuos,
2491 3438 2608 3474 cum
2634 3421 2809 3491 quibus
2835 3427 3034 3493 fuerant
3061 3424 3289 3491 perituri,
3310 3424 3421 3491 jam
3451 3422 3604 3475 simili
3635 3420 3722 3474 di-

2139 3512 2347 3565 lectione
2394 3510 2650 3565 nobiscunt
2670 3553 2684 3578 ,
2716 3522 2769 3564 ut
2798 3514 2985 3581 pariter
3011 3514 3249 3565 instemus
3280 3530 3341 3566 ne
3368 3512 3445 3565 illi
3472 3522 3676 3583 pereant
3702 3553 3717 3575 ,

2138 3605 2416 3656 excitantur
2444 3603 2631 3674 (Epist.
2659 3603 2780 3666 185,
2803 3620 2854 3655 n.
2879 3604 2955 3672 7).
2984 3603 3161 3657 Multis
3179 3605 3325 3657 etiam
3348 3604 3533 3674 profuit
3555 3603 3721 3673 (quod

2138 3693 2516 3760 experimentis
2536 3692 2872 3763 probavimus
2888 3702 2939 3747 et
2956 3692 3281 3765 probamus).
3301 3694 3439 3763 prius
3457 3693 3633 3745 timore
3648 3694 3725 3746 vel

2141 3782 2315 3835 dolore
2338 3784 2468 3854 cogi,
2493 3793 2547 3836 ut
2570 3794 2740 3853 postea
2770 3792 2969 3852 possent
2995 3784 3183 3847 doceri,
3205 3792 3293 3836 aut
3315 3782 3449 3852 quod
3478 3784 3591 3852 jam
3610 3799 3725 3835 ver-

2139 3871 2213 3926 bis
2241 3872 2539 3938 didicerant,
2566 3889 2715 3942 opere
2757 3873 2940 3926 sectari
2977 3872 3161 3944 (Ibid.,
3191 3890 3243 3925 tt.
3286 3872 3401 3943 il).
3430 3876 3601 3942 Atque
3647 3872 3721 3925 illi

2141 3971 2263 4015 sunt
2289 3962 2491 4016 fructus
2510 4005 2525 4029 ,
2554 3979 2687 4031 quos
2718 3963 2920 4032 peperit
2958 3973 3170 4032 paterna
3211 3964 3297 4017 illa
3315 3964 3576 4017 severitas
3595 3979 3722 4017 cum

2139 4067 2201 4106 ea
2251 4052 2581 4107 institutione
2627 4053 2913 4122 conjuncta
2936 4093 2952 4118 ,
2999 4068 3099 4122 qua
3131 4052 3368 4106 Ecclesia
3400 4052 3726 4115 redeuntes,

2139 4145 2434 4214 prtesertim
2479 4145 2753 4213 Augustini
2797 4145 2975 4213 lingua
3006 4154 3061 4198 et
3098 4144 3302 4198 calamo
3340 4144 3627 4198 imbuebat.
3660 4141 3729 4196 Si

2138 4236 2269 4288 enim
2291 4275 2305 4300 ,
2335 4235 2409 4288 ait
2433 4234 2571 4288 idem
2595 4246 2830 4299 sanctus,
2854 4245 3174 4299 terrerentur,
3199 4244 3245 4287 et
3269 4251 3368 4287 non
3393 4234 3731 4298 docerentur;

2139 4326 2366 4396 improba
2388 4326 2533 4396 quasi
2560 4326 2837 4379 dominatio
2882 4327 3151 4379 videretur.
3185 4325 3384 4378 Rursus
3417 4325 3460 4378 si
3485 4326 3728 4378 doceren-

2140 4426 2241 4481 tur,
2271 4425 2317 4469 et
2360 4433 2460 4469 non
2488 4426 2825 4479 terrerentur;
2871 4427 3111 4470 vetustate
3155 4415 3534 4470 consuetudinis
3568 4416 3728 4469 obdu-
3758 4418 3765 4423 ’

2140 4508 2239 4559 rati
2264 4508 2331 4559 ad
2376 4508 2739 4577 capessendam
2786 4509 2920 4562 viam
2964 4509 3141 4562 salutis
3184 4510 3376 4580 pigrius
3414 4518 3731 4562 moverentur

2142 4597 2330 4669 (Epist.
2356 4597 2444 4661 93,
2469 4615 2521 4651 tt.
2554 4598 2629 4667 '5).

2210 4689 2264 4741 5.
2304 4687 2419 4741 Non
2448 4688 2605 4757 igitur
2631 4689 2747 4743 sine
2774 4703 2928 4743 causa
2951 4688 3111 4743 ldacii
3136 4688 3260 4743 fasti
3299 4689 3558 4744 unitatem
3588 4688 3734 4743 inter

2141 4778 2444 4833 Catholicos
2467 4794 2527 4831 ac
2560 4779 2860 4832 Donatistas
2891 4779 2991 4832 hoc
3014 4794 3155 4833 anno
3182 4780 3370 4833 factam
3401 4787 3725 4833 memorant.

2140 4870 2322 4938 Coepta
2345 4878 2428 4922 est
2449 4868 2674 4938 primum
2696 4867 3012 4939 Carthagine
3036 4877 3159 4924 ante
3187 4871 3449 4924 decimum
3473 4869 3730 4924 kalendas

2140 4961 2461 5030 septembris-
2480 4960 2683 5030 (Codice
2700 4960 2964 5015 Canonum
2992 4962 3176 5030 Afric.,
3199 4978 3312 5015 can.
3337 4960 3451 5033 9i),
3477 4976 3581 5014 non
3602 4961 3728 5030 qui-

2140 5052 2261 5104 dem
2301 5052 2539 5104 omnium
2572 5051 2998 5117 Donatistarum,
3050 5067 3171 5105 cum
3200 5066 3411 5120 semper
3453 5050 3729 5119 Carthagi-

2140 5140 2321 5194 ncnsis
2343 5140 2574 5208 episcopi
2599 5140 2804 5193 titulum
2844 5141 2945 5194 sibi
2973 5141 3269 5195 Primianus
3293 5142 3640 5210 arrogaverit,
3672 5151 3728 5194 at

2140 5239 2285 5284 certe
2314 5245 2418 5283 non
2445 5231 2620 5299 exigui
2645 5245 2829 5284 eorum
2857 5232 3062 5285 numeri
3096 5232 3449 5287 conversione
3481 5249 3497 5283 :
3528 5233 3731 5300 ereptis

2142 5330 2390 5390 praeterea
2415 5361 2431 5387 ,
2474 5337 2605 5391 quas
2642 5323 2972 5386 obtinebant,
3002 5324 3168 5377 sacris
3214 5324 3437 5390 aedibus,
3477 5339 3596 5393 quae
3640 5325 3726 5377 vel

2138 5410 2422 5465 Catholicis
2454 5411 2807 5475 traderentur,
2837 5414 2921 5468 vel
2941 5414 3123 5467 saltem
3143 5414 3564 5481 occluderentur,
3583 5416 3728 5485 quod

2134 5504 2244 5575 jam
2289 5514 2411 5559 ante
2442 5505 2490 5558 in
2534 5506 2858 5574 llipponensi
2885 5507 3100 5561 dioecesi
3148 5506 3343 5562 factum
3373 5506 3539 5562 fuisse
3582 5524 3730 5576 repe-

2141 5598 2307 5653 rimus
2333 5597 2528 5669 (Epist.
2562 5597 2681 5662 139,
2717 5614 2769 5650 η.
2801 5597 2879 5668 9.).
2926 5599 3050 5652 Post
3098 5599 3287 5653 laetam
3335 5599 3448 5652 sive
3494 5608 3723 5667 emptam

2140 5689 2395 5745 unitatem
2427 5686 2661 5744 habitum
2692 5687 2791 5744 fuit
2815 5688 3021 5746 decimo
3045 5688 3644 5763 kalendasgscptetnbris
3670 5689 3726 5745 in
