3990 6360
152 362 159 366 ,
198 291 334 352 353
1602 294 1799 349 unm
1838 292 2121 351 saxrus.

211 411 477 466 basilica
506 409 751 481 Regionis
792 406 1037 462 secunda:
1062 407 1480 477 Cartltaginense
1509 409 1830 469 concilium;

132 486 143 496 ’
205 502 384 570 quod
416 503 607 556 Africae
627 502 784 555 totius
804 500 965 555 fuisse
990 500 1071 554 vel
1091 516 1152 555 ex
1185 498 1271 552 diu
1294 499 1407 554 solo
1425 500 1553 553 satis
1570 515 1833 569 superque

210 593 597 646 declaratur:
628 608 784 661 quam
818 607 928 646 rem
975 591 1133 645 etiam
1180 590 1367 659 probat
1407 591 1725 659 legationum
1768 606 1833 644 ex

210 686 504 738 omnibus
531 684 809 753 provinciis
849 682 914 736 ad
961 681 1218 753 synodum
1274 681 1649 735 mittendarum
1695 680 1831 735 facta

214 776 475 829 mentio.
508 774 710 828 Placuit
730 789 826 842 per
852 773 1054 826 litteras
1080 787 1263 841 rogare
1292 773 1676 841 provinciarum
1700 788 1835 842 prae-

3418 312 3523 372 854

1943 407 2186 476 sequenti
2212 409 2349 478 apud
2374 411 2654 469 Printatem
2688 419 3074 477 Donatistarum
3099 426 3520 493 expostulaan

1948 496 2131 551 l'irunt
2161 509 2213 552 ut
2245 499 2480 571 latrones,
2508 506 2655 562 aiunt
2684 510 2791 576 illi,
2826 513 3106 568 moriuntur
3134 524 3184 568 ut
3212 514 3514 575 Circumcel-

1940 588 2127 651 liones,
2180 590 2491 647 honorantur
2524 608 2576 649 ut
2613 610 2876 670 martyres,
2916 611 2963 656 et
2996 612 3158 658 tamen
3182 623 3271 659 nec
3305 606 3523 664 latrones

1938 681 2211 750 aliquando
2234 684 2538 753 audivimus,
2566 706 2649 743 eos
2672 708 2795 760 quos
2822 694 3099 763 deprcedati
3124 707 3258 762 sunt,
3285 716 3525 755 exca'cas-

214 864 445 931 fectos,
471 877 527 921 ut
563 866 624 921 ad
654 866 1073 935 componendam
1106 880 1201 934 per
1231 872 1395 918 totam
1422 864 1686 931 Africam,
1716 881 1833 934 qua:

219 957 465 1009 nonnisi
503 955 817 1025 Carthagine
857 962 981 1008 tunc
1026 955 1277 1021 temporis
1305 953 1658 1024 redintegrata
1683 964 1829 1019 erat,

217 1047 591 1101 coni-ordinm
608 1047 907 1100 laborarent
929 1061 942 1109 ;
968 1046 1094 1099 item
1114 1043 1180 1097 ad
1200 1044 1541 1107 Comitatum,
1568 1044 1616 1097 id
1642 1052 1738 1108 est,
1765 1044 1831 1097 ad

223 1137 636 1205 Imperatorem
664 1136 887 1205 ejusque
914 1135 1203 1200 ministros,
1244 1134 1478 1189 scribere
1498 1177 1513 1200 ,
1547 1143 1605 1189 ut
1631 1134 1679 1189 ei
1709 1149 1831 1203 gra-

222 1231 349 1294 liae,
384 1230 460 1283 ob
479 1230 727 1297 expulsos
748 1220 1068 1291 Donatistas,
1090 1227 1248 1281 totius
1270 1226 1459 1281 Africze
1481 1226 1692 1280 nomine
1711 1240 1834 1295 age—

230 1330 441 1375 rentur
469 1318 671 1391 (Codice
698 1317 957 1371 Canonum
980 1318 1161 1386 Afric.,
1186 1334 1300 1370 can.
1330 1315 1441 1388 94).
1473 1317 1574 1383 Qui
1603 1332 1729 1371 vero
1751 1317 1834 1369 lit-

228 1420 399 1463 teras
441 1411 562 1464 illas
604 1409 904 1473 deferrent,
950 1408 1106 1462 electi
1149 1418 1273 1461 sunt
1319 1407 1443 1471 duo,
1474 1422 1576 1461 non
1618 1406 1831 1476 quidem

224 1501 509 1570 episcopi,
541 1500 632 1555 sed
660 1508 860 1553 tantum
885 1499 1064 1553 clerici
1096 1515 1109 1551 :
1138 1513 1204 1553 eo
1246 1498 1383 1567 quod
1414 1496 1635 1566 cpistola
1670 1494 1831 1548 Inuo-

222 1592 405 1645 eentii
440 1607 609 1660 papae,
635 1605 790 1659 quant
836 1588 1205 1658 proculdubio
1250 1603 1278 1641 a
1322 1588 1505 1655 legatis
1542 1586 1833 1655 superioris

221 1684 455 1737 coocilii
487 1683 699 1735 allatam
732 1681 782 1733 in
808 1680 907 1734 hoc
937 1680 1242 1744 recitarant,
1292 1677 1525 1732 Africani
1570 1678 1831 1731 antistites

223 1772 622 1835 itionebantur,
656 1785 720 1823 ne
749 1769 900 1823 facile
929 1768 1209 1837 episcopos
1245 1767 1297 1822 in
1331 1768 1530 1822 italiam
1563 1767 1830 1838 proﬁcisci

222 1872 574 1931 paterentur.
610 1861 720 1927 Qua
765 1861 831 1914 de
876 1876 929 1914 rc
960 1861 1216 1929 praesules
1240 1859 1448 1913 concilii
1477 1859 1590 1913 sive
1634 1858 1826 1928 legati,

222 1953 379 2006 idem
419 1951 578 2020 plane
616 1965 734 2003 cum
775 1949 1079 2002 Innocentio
1117 1952 1417 2003 Senserunt.
1456 1949 1537 2002 Ex
1569 1962 1675 2019 quo
1708 1947 1831 2003 licet

223 2046 552 2113 conjicere,
577 2044 943 2112 episcoporum
977 2041 1382 2096 transmarinam
1415 2040 1828 2110 profectionem,

221 2135 455 2189 tametsi
489 2134 564 2187 illi
610 2134 998 2187 Donatistarum
1030 2132 1399 2187 vexationibus
1423 2131 1590 2186 coacti
1617 2131 1683 2185 ad
1724 2131 1831 2185 lm-

222 2234 545 2295 peratoretn
570 2223 941 2293 perfugissent,
968 2223 1382 2293 reprehensione
1408 2232 1580 2276 tamen
1612 2236 1716 2275 non
1737 2237 1830 2276 ca-

224 2317 431 2370 ruisse.
469 2314 657 2369 Nullus
684 2324 862 2368 autem
902 2321 984 2367 est
1023 2313 1322 2383 ambigendi
1354 2313 1522 2377 locus,
1551 2313 1677 2382 quin
1707 2312 1831 2367 huic

220 2406 474 2477 generali
506 2405 733 2460 concilio
778 2404 1122 2475 Augustinus,
1153 2420 1258 2459 non
1287 2420 1439 2460 secus
1468 2419 1529 2459 ac
1558 2403 1821 2474 prioribus

220 2496 381 2561 aliis,
406 2494 733 2549 interfuerit.

869 2584 1093 2641 CAPUT
1134 2585 1196 2639 ll.

223 2684 250 2738 1
286 2681 708 2752 Hipponensium
749 2682 1129 2737 Donatistarum
1172 2684 1457 2738 immanitas
1494 2685 1529 2737 2
1574 2684 1833 2739 Cteciliani

300 2774 607 2844 presidium
635 2774 873 2843 implorat
894 2773 1222 2844 Augustinus.
1251 2775 1284 2828 5
1310 2775 1753 2830 Schismaticorum
1778 2778 1831 2829 in

300 2868 505 2936 reliqua
540 2867 715 2935 Africa
755 2872 915 2937 furor.
963 2868 998 2922 4
1046 2868 1306 2939 Sanguine
1344 2871 1545 2924 illorum
1596 2874 1827 2925 manibus

310 2964 434 3030 {uso
456 2960 608 3029 ﬂoret
634 2957 883 3012 Ecclesia.
911 2959 946 3014 5
972 2958 1187 3029 Legatos
1224 2960 1291 3013 ad
1320 2960 1681 3032 Imperatorem
1713 2964 1831 3015 mit-

316 3057 435 3100 tunt
463 3047 767 3102 Donatistce.
809 3049 842 3103 6
885 3049 961 3102 De
995 3049 1200 3103 illorum
1224 3052 1421 3120 injuriis
1459 3054 1594 3123 apud
1629 3052 1832 3106 Janua-

302 3141 443 3194 rium
467 3150 742 3211 queruntur
771 3139 1120 3210 Ilipponenses
1144 3142 1330 3195 clerici.

321 3233 382 3287 1.
420 3231 480 3287 Si
504 3232 631 3301 quid
650 3231 853 3285 ﬁducia:
880 3233 931 3285 in
960 3248 1117 3286 causa
1144 3248 1235 3287 sua
1260 3236 1622 3302 reposuisseut
1646 3234 1831 3289 Donati

239 3332 575 3388 sectatores;
620 3339 741 3377 cum
782 3339 840 3377 se
866 3330 1138 3393 tantopere
1164 3325 1213 3379 vi
1262 3325 1435 3395 legum
1483 3327 1831 3394 imperialium

233 3416 420 3486 urgeri
466 3415 747 3477 viderunt,
806 3416 1229 3485 amplectendum
1280 3419 1381 3472 illis
1433 3418 1833 3473 Catholicorum

230 3507 543 3577 exemplum
579 3505 751 3561 fuerat
784 3525 798 3562 :
829 3508 896 3560 ita
938 3519 993 3560 ut
1043 3508 1187 3576 ipsos
1215 3508 1279 3561 ad
1306 3509 1648 3577 colloquium,
1696 3512 1835 3564 veri-

237 3598 365 3652 tatis
390 3586 723 3652 illustrandae
748 3599 934 3667 gratia,
968 3608 1315 3666 provocarent
1341 3600 1528 3670 (Epist.
1554 3601 1642 3664 88,
1670 3619 1723 3653 η.
1758 3601 1833 3669 7).

236 3687 439 3744 Verum
476 3689 575 3742 hac
604 3689 808 3743 ratione
838 3689 1023 3758 agendi
1054 3689 1326 3759 neglecta,
1359 3692 1496 3743 viam
1526 3693 1678 3760 plane
1705 3709 1834 3746 con-

240 3780 463 3834 trariam
492 3780 745 3845 inierunt,
778 3789 1179 3849 statueruntque
1200 3781 1437 3851 pluribus
1462 3784 1652 3847 adhuc,
1679 3799 1835 3853 quam

239 3882 419 3940 antea,
448 3870 774 3925 facinoribus
799 3870 1115 3925 debacchari
1133 3912 1145 3934 ,
1176 3880 1229 3925 et
1256 3872 1401 3942 leges
1427 3873 1612 3926 eodem
1641 3874 1727 3927 illo
1758 3873 1838 3927 fu-

241 3980 362 4019 rore
392 3963 744 4027 conculcare,
775 3977 880 4032 quo
908 3962 972 4016 iis
998 3960 1228 4015 ferendis
1256 3976 1466 4016 causam
1508 3964 1839 4031 prscbueraut

242 4055 439 4126 (Epist.
473 4055 596 4119 108,
629 4072 682 4107 η.
717 4053 824 4125 18).
856 4052 1088 4118 Quotidie
1124 4062 1431 4119 vestrorum,
1477 4053 1646 4123 inquit
1670 4056 1840 4125 Augu-

204 4176 207 4177 ν
242 4148 433 4213 stinus,
466 4146 780 4200 incredibilia
807 4147 1026 4215 patimur
1055 4144 1191 4213 facta
1221 4145 1517 4198 clericorum
1542 4155 1587 4198 et
1614 4144 1840 4201 Circum-

242 4237 513 4291 cellionum
530 4277 547 4303 ,
577 4237 732 4289 multo
761 4236 935 4305 pejora
964 4251 1112 4304 quant
1136 4234 1464 4304 quorumlibet
1491 4236 1737 4289 latronum
1763 4246 1841 4290 at-

244 4348 337 4401 que
359 4330 686 4402 praetorium.
719 4326 956 4399 Namque
983 4328 1248 4383 horrendis
1284 4329 1466 4381 armati
1491 4329 1732 4399 cujusque
1750 4347 1839 4401 ge-

248 4422 379 4477 neris
408 4422 545 4487 telis,
579 4421 862 4475 terribiliter
887 4420 1136 4490 vagando,
1168 4436 1269 4474 non
1295 4419 1406 4473 dico
1432 4422 1837 4487 ecclesiasticam,

245 4512 330 4567 sed
354 4514 526 4582 ipsam
553 4510 826 4564 humanam
860 4512 1071 4582 quietem
1091 4526 1361 4581 pacemque
1385 4511 1693 4580 perturbant.
1726 4509 1838 4563 No-

247 4604 439 4658 cturnis
480 4601 885 4674 aggressionibus
920 4602 1214 4655 clericorum
1246 4603 1604 4656 catholicorum
1642 4605 1841 4657 invasos

244 4694 423 4748 domos
470 4693 636 4746 nudas
678 4701 827 4763 atque
874 4692 1049 4746 inanes
1096 4692 1463 4763 derelinquunt.
1504 4692 1654 4763 Ipsos
1694 4695 1842 4748 etiam

244 4794 443 4855 raptos,
474 4792 522 4837 et
552 4783 767 4853 fustibus
806 4792 1008 4849 tunsos,
1038 4786 1270 4853 ferroque
1306 4785 1553 4850 concisos,
1585 4784 1842 4839 semirivos

245 4877 519 4946 objiciunt.
553 4872 775 4945 Insuper
801 4889 927 4928 novo
955 4881 1003 4927 et
1027 4874 1238 4927 antehac
1275 4874 1502 4928 inaudito
1528 4874 1727 4928 sceleris
1751 4891 1841 4945 ge-

246 4984 382 5033 nere,
419 4965 581 5019 oculis
604 4981 777 5019 eorum
805 4965 993 5018 calcem
1021 4973 1160 5017 aceto
1187 4965 1431 5034 permixto
1459 4965 1776 5032 infundentes
1796 4974 1843 5018 et

245 5056 590 5128 infercientes,
608 5071 732 5123 quos
750 5054 959 5109 evellere
971 5055 1266 5126 compendio
1287 5063 1533 5124 poterant,
1557 5055 1844 5108 excruciare

248 5148 470 5218 amplius
498 5146 712 5218 eligunt,
735 5162 885 5216 quam
909 5145 1056 5199 citius
1076 5160 1345 5200 exerceare.
1378 5145 1516 5199 Nam
1547 5147 1706 5215 primo
1731 5157 1845 5201 tan-

250 5252 356 5295 tum
401 5240 544 5294 calce
578 5238 648 5292 ad
686 5238 779 5292 hoc
813 5238 1010 5311 facinus
1050 5238 1345 5303 utebantur;
1396 5240 1482 5292 sed
1519 5249 1843 5310 posteaquam

250 5333 365 5387 illos
397 5333 580 5403 quibus
609 5332 702 5386 hoc
736 5332 977 5403 fecerant,
1006 5332 1102 5383 cito
1128 5332 1337 5384 salutem
1367 5346 1627 5401 reparasse
1654 5332 1845 5385 didice-

252 5433 391 5492 runt,
419 5433 616 5477 acetum
635 5423 938 5477 addiderunt
956 5421 1168 5492 (Contra
1188 5421 1444 5486 Crescon.,
1470 5421 1557 5476 lib.
1580 5424 1633 5490 3,
1653 5440 1704 5476 η.
1726 5423 1837 5493 46).

257 5516 529 5588 Praecipue
555 5532 681 5573 vero
707 5518 760 5572 in
790 5516 1115 5587 llipponensi
1153 5516 1371 5572 ditecesi
1399 5516 1660 5572 feritatem
1699 5517 1842 5572 illam

256 5617 630 5676 exercuerunt,
675 5609 914 5665 barbaris
959 5609 1086 5679 ipsis
1127 5608 1448 5679 incognitam
1488 5608 1678 5682 (Epist.
1716 5610 1840 5678 111,

260 5712 315 5756 ts.
343 5699 426 5772 1).
450 5699 787 5773 QuaprOpter
823 5698 1187 5770 Hipponenses
1217 5699 1393 5757 clerici
1422 5714 1485 5757 ea
1514 5698 1581 5756 de
1604 5712 1668 5757 re
1703 5712 1844 5756 anno

1938 787 2009 862 se.
2034 770 2235 826 Occisos
2255 780 2490 845 auferunt
2512 779 2633 844 luci,
2648 798 2747 836 non
2765 784 2883 838 vivis
2900 786 3131 855 auferunt
3146 788 3306 843 lucem
3328 790 3518 862 (Epist.

1939 858 2029 925 88,
2050 878 2101 914 η.
2127 859 2203 934 8).
2225 863 2334 918 Illis
2368 866 2418 919 in
2445 866 2737 925 Collatione
2763 874 3085 943 exprobrata
3113 887 3196 931 est
3221 894 3283 934 ea
3319 858 3518 943 diritas.

1941 956 2188 1019 tanquam
2219 969 2335 1021 qua:
2362 957 2587 1024 quodam
2619 961 2778 1016 modo
2824 964 2987 1032 ipsius
3031 966 3287 1023 diemonis
3326 969 3380 1023 in
3420 972 3522 1027 Job

1939 1040 2304 1128 crudelitatem
2348 1060 2620 1114 superaret
2666 1049 2892 1118 (Brevic.
2929 1054 3111 1110 Collat.
3161 1059 3214 1123 ‘5,
3248 1076 3300 1113 η.
3342 1059 3433 1128 22,
3476 1071 3523 1114 et

1940 1127 2123 1183 Collat.
2172 1131 2410 1204 Carthag.
2445 1138 2498 1202 '5,
2530 1156 2644 1205 cap.
2687 1141 2834 1211 298).
2883 1144 3110 1199 Membra
3154 1151 3301 1202 etiam
3341 1127 3522 1204 cratera

1940 1222 2101 1291 plagis
2124 1223 2385 1278 horrendis
2413 1230 2791 1301 vulneribusque
2816 1237 3123 1290 sauciat-unt.
3156 1238 3521 1310 Depra’dantur

1938 1314 2087 1366 etiam
2118 1313 2292 1368 domos
2320 1317 2531 1386 aliquas,
2561 1331 2606 1374 et
2636 1322 2905 1378 incendunt
2937 1342 2956 1379 :
2981 1329 3172 1393 [ructus
3201 1330 3369 1385 aridos
3391 1333 3519 1385 diri-

1940 1405 2103 1473 piunt,
2148 1406 2380 1461 [tumidos
2423 1410 2641 1477 fundunt
2670 1412 2858 1484 (Epist.
2889 1418 3010 1483 111,
3042 1436 3093 1471 n.
3138 1420 3212 1489 1).
3245 1422 3399 1475 Arma
3423 1423 3519 1477 sibi

1937 1496 2160 1565 ingentia
2190 1507 2235 1552 et
2265 1500 2503 1555 terribilia
2543 1504 2870 1574 fabricarum,
2902 1511 3078 1577 quibus
3107 1514 3289 1566 armati
3325 1531 3412 1584 per
3440 1516 3521 1569 di-

1938 1603 2077 1641 versa
2111 1589 2430 1659 discurrunt,
2459 1597 2814 1651 comminantes
2842 1609 2986 1669 atque
3019 1604 3309 1659 anhelantes
3333 1605 3513 1671 credes,

1936 1678 2164 1747 rapinas,
2196 1680 2444 1749 incendia,
2470 1685 2713 1740 eiecitates
2738 1686 2925 1759 (Epist.
2956 1690 3043 1753 88,
3071 1710 3123 1746 n.
3147 1694 3221 1763 8).
3254 1696 3368 1761 Quo
3405 1705 3518 1751 ter-

1937 1784 2058 1824 rore
2106 1771 2159 1825 in
2205 1772 2413 1828 animos
2460 1775 2733 1831 hominum
2777 1780 3002 1849 injecto,
3042 1785 3341 1854 complures
3382 1786 3517 1841 adeo

1937 1863 2330 1930 percellebant,
2360 1874 2415 1919 ut
2442 1881 2500 1922 se
2532 1880 2837 1937 paterentur
2869 1873 3055 1928 iterato
3092 1876 3408 1943 liaptismate
3435 1878 3517 1933 fu.

1937 1954 2131 2007 nestari
2152 1954 2340 2025 (Epist.
2364 1960 2484 2026 111,
2517 1977 2569 2013 n.
2602 1959 2678 2033 8).
2710 1962 2782 2016 Ita
2816 1964 2992 2032 fiebat,
3026 1975 3083 2021 ut
3108 1968 3247 2022 inter
3272 1971 3517 2039 gravissi-

1936 2043 2098 2097 simas
2124 2045 2303 2115 leges,
2335 2065 2452 2117 qua:
2485 2050 2693 2106 fuerant
2736 2054 2786 2107 in
2830 2071 2924 2109 eos
2964 2059 3327 2128 promulgacn,
3359 2077 3421 2115 ac
3449 2062 3516 2118 de

1935 2136 2126 2205 quibus
2145 2139 2360 2206 perinde
2375 2157 2437 2196 ac
2455 2142 2520 2198 de
2542 2146 2818 2201 vexatione
2836 2147 3097 2203 dirissima
3123 2153 3477 2219 querebantur
3494 2195 3510 2219 ,

1936 2243 2041 2282 non
2083 2229 2240 2283 modo
2277 2231 2330 2285 in
2361 2235 2787 2301 possessionibus
2812 2248 2864 2291 et
2890 2240 2999 2293 suis
3029 2249 3080 2294 ct
3121 2241 3306 2296 alienis
3343 2244 3518 2299 securi

1935 2318 2204 2383 sederent,
2227 2336 2408 2375 verum
2431 2333 2483 2377 et
2503 2325 2848 2393 orthodoxos,
2875 2343 3029 2397 supra
3052 2346 3206 2399 quam
3229 2334 3370 2387 credi
3397 2350 3518 2403 pos-

1936 2412 2038 2479 sit,
2066 2428 2095 2466 a
2124 2413 2423 2470 fflictarent.
2452 2414 2667 2488 Insuper
2696 2419 2876 2484 etiam,
2909 2433 3123 2475 narrant
3153 2423 3516 2493 llipponenses

1936 2504 2134 2572 clerici,
2167 2507 2210 2560 si
2236 2524 2361 2577 quas
2391 2519 2577 2562 mortes
2606 2509 2701 2563 sibi
2727 2511 2858 2564 ultro
2880 2512 3128 2582 ingerunt,
3171 2516 3308 2569 nobis
3347 2517 3517 2571 volunt

1936 2613 2041 2649 esse
2064 2597 2354 2661 invidiosus,
2388 2599 2526 2653 vobis
2554 2600 2820 2670 gloriosas.
2853 2602 3000 2666 Quod
3026 2604 3165 2657 nobis
3192 2606 3403 2673 faciunt,
3422 2608 3517 2661 sibi

1937 2706 2036 2743 non
2083 2691 2367 2760 imputant;
2415 2702 2460 2745 et
2506 2694 2639 2763 qttod
2689 2693 2783 2747 sibi
2831 2696 3052 2763 faciant,
3090 2698 3228 2750 nobis
3270 2698 3517 2768 imputant

1939 2779 2128 2848 (Epist.
2176 2781 2265 2846 88,
2313 2799 2364 2835 η.
2413 2783 2494 2853 8).
2529 2784 2710 2839 Tantae
2753 2795 2963 2855 tamque
2995 2788 3240 2853 inaudita:
3272 2789 3514 2859 feritatis,

1937 2885 2040 2940 qua
2068 2872 2149 2925 vel
2175 2874 2310 2940 apud
2342 2874 2484 2944 ipsos
2506 2875 2730 2943 partium
2758 2891 2970 2931 suarum
3001 2887 3289 2933 sectatores
3309 2880 3362 2934 in
3387 2881 3519 2936 invi-

1937 2961 2077 3016 diam
2107 2964 2450 3032 vocabantur,
2493 2966 2662 3036 legum
2702 2969 2856 3022 timor
2899 2986 3003 3023 non
3049 2981 3153 3024 tant
3184 2987 3339 3026 causa
3368 2983 3517 3041 erat,

1938 3070 2094 3123 quam
2143 3056 2294 3111 dolor
2337 3073 2401 3111 ex
2447 3058 2685 3127 proiectu
2730 3061 3003 3115 catltoliccc
3053 3062 3321 3131 Ecclesizc,
3360 3081 3517 3135 quam

1939 3144 2212 3213 Augustini
2235 3148 2530 3216 praesertim
2557 3148 2842 3203 conciones
2869 3150 3092 3205 assiduae
3121 3153 3312 3207 mirum
3338 3154 3391 3207 in
3411 3169 3518 3209 mo-

1939 3235 2064 3290 dum
2123 3239 2533 3305 amplificabant.
2588 3239 2723 3292 Dum
2760 3241 2930 3307 enim,
2975 3242 3158 3296 scribit
3210 3244 3518 3313 Possidius,

1941 3330 2138 3384 verbum
2177 3331 2273 3384 Dei
2310 3333 2481 3385 sedulo
2521 3332 2909 3400 praedicaretur,
2933 3318 3001 3385 ἐι
3024 3351 3135 3385 cum
3173 3337 3249 3388 his
3283 3336 3370 3405 qui
3395 3338 3518 3391 ode-

1940 3433 2050 3475 rant
2078 3439 2278 3491 pacem,
2309 3422 2445 3491 pacis
2470 3423 2597 3475 ratio
2627 3422 2922 3488 haberetur;
2947 3423 3022 3475 illi
3049 3424 3321 3493 loquentem
3349 3426 3518 3481 debel-

1941 3514 2110 3567 labont
2148 3519 2321 3584 gratis.
2368 3513 2431 3566 Et
2471 3530 2583 3566 cum
2633 3514 2868 3567 adversus
2906 3532 3077 3567 eorum
3118 3516 3299 3585 dogma
3341 3519 3520 3570 veritas

1941 3606 2283 3671 innotesceret,
2308 3607 2393 3675 qui
2414 3605 2657 3671 volebant,
2693 3616 2738 3658 et
2768 3615 3016 3675 poterant,
3047 3623 3152 3659 sese
3180 3607 3295 3659 inde
3318 3607 3393 3659 vel
3419 3608 3521 3659 eri-

1943 3696 2158 3767 piebant,
2182 3697 2257 3750 vel
2282 3696 2639 3760 subducebant,
2663 3706 2709 3749 et
2739 3697 2849 3765 paci
2873 3708 3019 3765 atque
3049 3698 3227 3749 unitati
3254 3697 3517 3762 Ecclesiae,

1943 3804 2053 3839 cum
2083 3788 2187 3840 suis
2207 3788 2382 3857 quibus
2414 3796 2660 3857 poterant,
2690 3786 3020 3840 cohaerebant.
3054 3786 3198 3840 Unde
3239 3788 3313 3840 illi
3338 3788 3417 3841 sui
3436 3805 3518 3841 er-

1943 3878 2071 3930 roris
2090 3878 2496 3948 congregationes
2515 3878 2671 3929 minui
2693 3877 2930 3941 videntes,
2954 3888 3100 3947 atque
3118 3879 3394 3947 augmentis
3422 3877 3524 3931 Ec-

1943 3969 2105 4021 clesiae
2132 3969 2424 4035 invidentes,
2456 3969 2648 4022 accensi
2675 3969 3055 4022 exardescebant
3093 3970 3169 4021 ira
3206 3970 3521 4038 gravissima,

1944 4068 1989 4112 et
2029 4060 2363 4113 intolerabiles
2404 4059 2764 4128 persecutiones
2802 4060 2979 4111 unitati
3005 4058 3247 4113 Ecclesia:
3274 4060 3521 4129 compacti

1945 4149 2194 4219 faciebant
2218 4149 2526 4220 (Possidius,
2547 4150 2600 4201 in
2621 4148 2734 4202 Vita
2754 4149 2965 4219 August.
2984 4166 3029 4201 c.
3056 4149 3165 4218 10).

2015 4238 2069 4291 2.
2111 4239 2258 4292 Tune
2298 4240 2548 4308 temporis
2592 4254 2710 4291 cum
2748 4254 2842 4308 per
2878 4254 3031 4309 agros
3070 4238 3294 4307 ltipponi
3321 4239 3523 4293 vicinos

1948 4333 2207 4387 acerrima
2232 4333 2425 4386 fureret
2459 4331 2823 4385 haereticorum
2848 4332 3085 4398 audacia,
3111 4331 3246 4385 datae
3273 4342 3395 4385 sunt
3416 4333 3521 4385 illze

1947 4421 2012 4475 ad
2044 4420 2378 4475 Carcilianum
2427 4421 2616 4474 littera!
2648 4420 2834 4492 (Epist.
2866 4422 2978 4489 86),
3010 4422 3198 4487 qtnbus
3223 4436 3345 4475 eum
3374 4432 3524 4491 rogat

1949 4514 2295 4582 Augustinus,
2325 4522 2378 4566 ttt
2406 4528 2543 4574 eam,
2568 4528 2666 4581 qua
2698 4512 2747 4564 in
2773 4511 2943 4565 Africa
2970 4512 3212 4581 pollebat,
3238 4514 3525 4566 auctorita-

1948 4616 2052 4661 tem
2071 4647 2086 4672 ,
2116 4622 2221 4660 non
2250 4605 2460 4675 quidem
2490 4604 2555 4657 ad
2584 4604 2913 4657 ulciscendas
2946 4605 3085 4673 justa
3120 4606 3403 4659 severitate
3439 4606 3524 4659 itt-

1944 4696 2139 4766 jurias,
2169 4711 2350 4749 verum
2387 4695 2452 4749 ad
2489 4695 2752 4748 sanandos
2790 4710 2970 4748 earum
3009 4704 3250 4748 auctores
3288 4695 3526 4750 adhibito

1951 4798 2152 4842 terrore
2181 4788 2465 4841 conferret.
2504 4787 2598 4839 llic
2631 4787 2717 4840 ille
2745 4786 3056 4840 (Imciliattus
3094 4801 3232 4840 anno
3270 4785 3522 4855 quadrin-

1949 4881 2242 4951 gentesimo
2272 4896 2414 4934 nono
2442 4879 2691 4949 prmtorio
2718 4877 2999 4947 praefectus
3026 4878 3138 4931 fuit.
3166 4877 3244 4930 Ad
3275 4875 3520 4932 eumdem

1950 4972 2271 5041 Augustinus
2299 4972 2394 5025 sub
2425 4971 2580 5025 linem
2624 4971 2746 5023 anni
2787 4968 3289 5039 quadringentesimi
3329 4966 3522 5021 decimi

1952 5063 2087 5116 tertii
2127 5062 2368 5131 scripsit,
2403 5071 2650 5130 tanquam
2681 5060 2747 5114 ad
2786 5061 2954 5113 virum
2985 5058 3121 5127 apud
3158 5073 3217 5112 se
3252 5071 3440 5126 magno
3470 5058 3524 5113 in

1950 5156 2153 5210 honore
2170 5154 2427 5221 habitum,
2448 5154 2649 5223 sibique
2670 5150 3035 5207 benevolentia
3055 5149 3352 5204 devinctum
3371 5149 3526 5219 plane

1949 5246 2203 5316 singulari
2236 5243 2425 5315 (Epist.
2461 5241 2604 5315 151).
2638 5242 2992 5297 Christianam
3039 5240 3346 5310 religionem
3389 5240 3527 5295 inter

1949 5335 2361 5391 catechumenos
2405 5334 2779 5404 profitebatur,
2818 5347 2880 5385 ac
2926 5330 3027 5385 sibi
3062 5330 3431 5385 demandatum
3471 5333 3526 5386 in

1951 5426 2131 5481 Africa
2159 5440 2350 5480 munus
2377 5440 2497 5479 cum
2524 5439 2626 5477 non
2652 5423 2904 5478 mediocri
2924 5422 3211 5493 diligentia:
3233 5437 3294 5476 ac
3317 5423 3528 5492 pietatis

1951 5516 2088 5569 fama
2108 5515 2342 5586 gerebat.
2367 5514 2608 5568 Edictum
2627 5512 2734 5582 jam
2760 5513 2949 5566 tulerat
2968 5526 3213 5566 severum
3240 5512 3528 5568 admodum

1950 5609 2003 5662 in
2029 5608 2329 5663 Donatistas
2347 5647 2361 5671 ,
2385 5622 2492 5676 quo
2515 5606 2672 5659 variis
2702 5606 2751 5659 in
2780 5604 2971 5660 Africm
2998 5606 3127 5660 locis
3156 5606 3524 5661 schismattco-

1951 5715 2068 5757 rum
2098 5714 2217 5756 cum
2242 5698 2476 5755 Ecclesia
2505 5698 2987 5759 reconciliationem
3014 5698 3222 5771 egregie
3242 5698 3527 5771 promovit.
