4042 6360
1038 259 1072 265 η..
1102 256 1171 263 η-φ-

539 338 644 407 δῶ

542 466 612 521 At
647 462 866 535 hujusce
907 458 1066 515 edicti
1106 458 1311 523 fructus
1345 455 1577 512 nondum
1605 454 1898 523 Hipponem
1930 466 2028 505 nec
2064 448 2117 503 in

540 557 643 613 alia
670 556 783 610 loca
802 552 1060 608 Numidia:
1088 551 1316 621 Hipponi
1335 548 1561 605 conﬁnia
1584 552 1917 618 pervenerat.
1941 544 2121 613 Itaque

541 657 754 702 sanctus
782 643 983 700 Prtesul
1009 643 1196 697 nolens
1226 642 1277 695 in
1318 656 1375 695 re
1407 641 1533 693 tanti
1566 637 1817 693 momenti
1846 636 2118 704 negligen-

543 739 630 792 tia:
658 733 971 799 insimulari,
1000 732 1151 803 petiit
1176 746 1270 800 per
1301 731 1501 783 litteras
1530 744 1560 781 a
1589 727 1888 788 Caeciliano,
1921 734 1976 779 ut
2000 738 2117 777 eam

544 842 755 897 quoque
784 825 1051 895 regionem
1077 822 1287 892 juvaret
1312 838 1324 872 :
1353 818 1826 889 presbyterumque
1853 815 2025 878 misit,
2054 828 2119 866 ex

544 934 650 989 quo
671 926 999 988 quantopere
1025 924 1235 985 urgeret
1256 912 1564 973 necessitas,
1589 909 1781 963 certior
1801 906 1967 960 lieret.
1986 905 2117 958 Eum

541 1018 718 1065 autem
747 1009 1050 1078 alloquitur,
1078 1004 1226 1075 quasi
1253 1003 1342 1075 qui
1371 1001 1601 1056 nondum
1635 1000 1685 1053 in
1715 997 1830 1067 ejus
1859 996 2117 1065 cognitio-

544 1116 664 1154 nem
696 1100 1015 1154 devenisset.
1042 1096 1291 1150 Dubitare
1320 1107 1477 1147 nemo
1503 1090 1706 1161 possit,
1736 1087 1860 1157 quin
1888 1101 1951 1141 ea
1982 1092 2118 1139 tem-

541 1203 749 1262 peState
794 1192 845 1244 in
883 1190 1057 1245 Africa
1084 1194 1404 1249 versaretur,
1436 1193 1592 1253 atque
1622 1182 1763 1235 illam
1794 1177 2117 1248 provinciam

541 1282 936 1337 administraret
960 1278 1271 1335 Cmcilianus
1296 1294 1309 1329 :
1334 1274 1474 1329 unde
1501 1272 1719 1342 colligas
1749 1269 1802 1323 id
1841 1283 1940 1323 nec
1979 1279 2119 1321 anno

541 1371 1060 1442 quadringentesimo
1086 1382 1228 1421 nono
1255 1363 1611 1428 tribuendum,
1635 1376 1739 1430 quo
1764 1359 1901 1413 idem
1928 1358 2040 1427 ipse
2066 1358 2117 1411 in

544 1463 691 1517 Italia
724 1462 969 1532 prmtorio
997 1458 1278 1529 pnelectus
1304 1464 1448 1520 erat,
1478 1469 1577 1508 nec
1605 1467 1745 1506 anno
1769 1449 2122 1520 quadringen-

544 1557 733 1609 tesimo
759 1552 966 1607 decimo
994 1550 1172 1614 tertio,
1202 1562 1307 1618 quo
1333 1561 1523 1599 munus
1547 1541 1757 1612 aliquod
1785 1542 1853 1596 ibi
1878 1556 1999 1595 eum
2025 1541 2121 1595 ob-

539 1646 758 1699 tinuisse
801 1642 1019 1697 minime
1056 1639 1430 1707 comperimus.
1474 1635 1681 1689 Etenim
1712 1632 2003 1687 verisimile
2031 1629 2118 1686 vix

537 1734 782 1803 cuiquam
814 1730 1071 1793 videatur,
1096 1729 1266 1797 ipsum
1296 1734 1415 1796 post
1445 1725 1688 1793 adeptam
1713 1721 1950 1792 praefecti
1980 1737 2118 1790 prte-

540 1825 679 1881 torio
707 1819 1015 1893 dignitatem
1043 1818 1325 1891 provincia:
1356 1818 1445 1873 ulli
1468 1817 1756 1887 praefuisse.
1779 1816 1849 1869 At
1872 1813 2118 1869 eumdem

538 1933 680 1972 anno
699 1915 1216 1986 quadringentesimo
1239 1921 1426 1981 quarto
1447 1910 1675 1981 gessisse
1700 1909 1956 1963 honorem
1977 1908 2121 1962 vica-

538 2005 607 2061 rii
626 2005 1049 2059 animadvertunt
1071 2001 1327 2075 (Gothofr.
1351 2000 1477 2055 Cod.
1504 1999 1692 2053 Theod.
1718 1999 1793 2052 tit.
1817 1998 1871 2066 6,
1895 2015 1946 2069 p.
1970 1996 2115 2070 551).

537 2096 690 2151 Unde
719 2110 859 2148 anno
881 2093 1397 2165 quadringentesimo
1421 2092 1607 2161 quinto
1632 2106 1734 2143 non
1766 2089 1994 2144 absurde
2022 2105 2116 2144 eo-

539 2188 662 2242 dem
694 2186 873 2240 ol'licio
910 2186 961 2238 in
994 2183 1164 2237 Africa
1207 2183 1415 2236 functus
1452 2181 1739 2235 existimari
1778 2189 1969 2249 potest.
2001 2179 2118 2234 Non

537 2278 680 2331 enim
708 2276 981 2346 epistolam
1010 2274 1154 2328 illam
1183 2289 1325 2327 anno
1351 2272 1871 2343 quadringentesimo
1894 2281 2114 2343 quarto,

537 2377 661 2422 ante
688 2366 903 2421 Honorii
931 2366 1073 2436 leges
1102 2380 1299 2434 ponere
1331 2364 1469 2417 licet.

609 2461 662 2513 5.
690 2459 1081 2512 Donatistarum
1113 2458 1400 2511 effrenatus
1427 2455 1573 2509 l‘uror
1599 2455 1738 2510 haud
1763 2456 2119 2526 Hipponensis

534 2550 766 2619 regionis
796 2549 989 2604 ﬁnibus
1019 2548 1554 2603 circumscribebatur
1587 2566 1600 2603 :
1633 2548 1748 2618 ejus
1775 2563 1985 2618 quoque
2019 2564 2117 2603 ne-

535 2640 666 2694 faria
695 2640 915 2709 vestigia
948 2655 1040 2709 per
1066 2640 1201 2694 alios
1232 2638 1425 2693 Africa:
1466 2646 1668 2692 tractus
1705 2639 2000 2693 exstabant.
2031 2639 2116 2694 Si-

537 2732 749 2800 quidem
780 2730 919 2800 apud
949 2731 1229 2800 Bagaium,
1257 2730 1407 2798 cujus
1433 2730 1605 2793 urbis,
1639 2738 1694 2783 ut
1726 2730 1877 2783 nobis
1904 2729 2116 2800 quidem

536 2824 766 2888 videtur,
786 2821 1131 2875 Maximianus
1152 2822 1240 2876 ille
1261 2821 1327 2876 ab
1349 2821 1475 2890 ipsis
1499 2821 1631 2875 adeo
1652 2820 1788 2875 male
1813 2821 2113 2889 mulctatus,

540 2914 820 2983 episcopus
849 2921 982 2979 erat,
1012 2913 1152 2968 dictu
1186 2912 1447 2967 horrenda
1478 2920 1848 2981 perpetrarunt
1874 2912 1893 2983 (
1923 2912 2113 2967 Brevia.

533 3002 983 3075 Collat.'5,n.25).
1007 3003 1119 3057 Illic
1142 3003 1356 3057 basilica
1388 3003 1453 3057 ab
1476 3004 1602 3073 ipsis
1629 3003 1843 3058 incensa
1871 3012 1970 3069 est,
1987 3019 2117 3059 nec-

535 3112 643 3151 non
673 3095 726 3150 in
761 3095 936 3166 ignem
977 3094 1205 3164 coniecti
1233 3095 1369 3149 sacri
1397 3095 1642 3161 codices,
1673 3110 1809 3166 quos
1845 3105 2118 3167 grassante

536 3186 845 3241 Diocletiani
868 3186 1233 3255 persecutione
1260 3186 1325 3238 ab
1350 3200 1408 3239 se
1436 3196 1675 3240 servatos
1700 3196 1983 3256 tantopere
2007 3187 2118 3257 glo-

534 3278 807 3332 riabantur
828 3295 840 3332 :
859 3278 1019 3347 judex
1046 3278 1180 3348 ipse,
1204 3276 1329 3330 dum
1360 3292 1542 3331 eorum
1571 3279 1676 3331 vim
1707 3288 1869 3347 atque
1891 3280 2118 3348 impetus

534 3382 876 3437 compescere
897 3368 1173 3433 niteretur,
1193 3367 1243 3421 in
1262 3368 1495 3438 propria:
1514 3368 1700 3422 salutis
1721 3367 2003 3422 discrimen
2026 3368 2118 3423 ad-

535 3460 726 3513 ductus
752 3467 868 3523 est;
898 3458 967 3511 ita
997 3464 1073 3523 ut,
1105 3472 1225 3511 cum
1255 3457 1342 3511 ille
1372 3466 1590 3511 coactus
1616 3466 1757 3511 esset
1785 3457 1981 3511 illatam
2012 3458 2116 3512 vim

534 3550 585 3603 vi
608 3557 766 3619 atque
783 3549 946 3603 armis
967 3548 1248 3617 repellere,
1272 3549 1510 3601 nonnulli
1534 3564 1597 3602 ex
1623 3549 1684 3603 iis
1708 3548 1970 3603 interfecti
1992 3550 2116 3603 sint.

540 3641 690 3709 Quod
705 3656 824 3694 cum
841 3640 890 3693 in
906 3639 1199 3693 Collatione
1212 3648 1594 3708 exaggerarent
1607 3628 2118 3710 (Collat.Car'thag.5,

537 3728 1137 3802 cap.258),dictitantes,
1158 3726 1465 3782 Catholieos
1478 3743 1690 3781 causam
1705 3730 2011 3796 przebuisse,
2026 3744 2123 3783 cur

539 3821 828 3875 multorum
866 3818 1290 3872 Christianorum
1321 3817 1533 3887 sanguis
1565 3817 1870 3872 funderetur
1896 3815 2120 3891 (Brevic.

538 3910 723 3965 Collat.
741 3911 796 3976 5,
811 3925 863 3962 η.
881 3909 993 3980 15),
1012 3909 1252 3978 quamvis
1269 3908 1413 3963 leves
1433 3915 1613 3962 essent
1638 3907 1933 3963 istiusmodi
1951 3924 2123 3979 paenae

545 4018 657 4074 prie
680 4000 919 4064 damnis,
947 4016 1065 4070 qua:
1092 4000 1191 4069 ipsi
1218 4000 1423 4069 priores
1454 3999 1741 4053 intulerant
1769 4018 1783 4053 :
1810 4015 2122 4070 responsum

537 4102 621 4147 est
640 4108 671 4147 a
691 4091 995 4156 Catholicis,
1025 4105 1120 4145 eos
1143 4090 1245 4144 hoc
1272 4104 1459 4159 passos
1487 4104 1627 4153 esse,
1658 4089 1782 4143 dum
1810 4106 1995 4145 eorum
2020 4092 2127 4145 vio-

539 4184 720 4238 lentia:
743 4182 1098 4244 resisteretur,
1123 4195 1282 4250 quam
1308 4187 1362 4234 et
1378 4179 1541 4249 judici
1572 4179 1767 4235 inferre
1785 4181 1957 4234 conati
1975 4191 2126 4236 erant

539 4275 595 4346 (Ι
605 4275 732 4341 bid.,
747 4292 800 4328 n.
814 4272 929 4347 25).
947 4273 1027 4327 Ad
1043 4273 1357 4343 Bagaianam
1374 4271 1573 4326 hancce
1589 4272 1883 4326 vastitatem
1906 4282 2126 4341 possunt

546 4376 790 4437 spectare
816 4366 906 4420 illa
934 4364 1213 4436 Augustini
1240 4364 1401 4419 verba
1431 4382 1445 4419 :
1474 4363 1614 4416 Nam
1648 4374 1837 4433 quanta
1871 4366 2005 4419 mala
2034 4382 2126 4419 no-

540 4461 656 4514 stris
682 4460 887 4530 fecerint
908 4457 1233 4528 furiosissimi
1256 4457 1426 4511 clerici
1451 4466 1497 4511 et
1521 4456 1953 4512 Circumcelliones
1968 4459 2125 4528 partis

541 4546 763 4615 Donati,
795 4549 954 4602 nostis
996 4557 1042 4601 et
1083 4564 1188 4601 vos.
1218 4545 1449 4601 Incensa:
1484 4555 1599 4601 sunt
1625 4547 1875 4613 ecclesiw,
1907 4547 2045 4602 missi
2072 4548 2125 4601 in

541 4642 775 4709 ﬂammas
808 4639 1001 4692 codices
1033 4638 1223 4703 sancti,
1254 4638 1469 4691 incensa:
1497 4637 1645 4690 etiam
1676 4638 1885 4705 privates
1916 4638 2121 4706 domus,

536 4730 674 4799 rapti
702 4729 928 4783 homines
960 4729 1022 4781 de
1054 4728 1252 4782 sedibus
1284 4729 1419 4794 suis,
1450 4736 1497 4781 et
1527 4728 1755 4783 omnibus
1785 4745 1897 4798 qua:
1929 4730 2124 4784 inerant

538 4819 746 4883 ablatis,
778 4828 865 4872 aut
892 4818 1117 4887 perditis,
1148 4818 1245 4888 ipsi
1269 4818 1403 4881 cazsi,
1431 4818 1627 4884 laniati,
1660 4819 1894 4872 exceecati
1917 4834 1936 4873 :
1955 4836 2043 4872 nec
2062 4820 2123 4872 ab

540 4911 810 4967 homicidio
835 4911 997 4983 potuit
1022 4910 1326 4981 temperari;
1346 4910 1570 4979 quamvis
1603 4910 1668 4964 sit
1694 4911 1861 4963 mitius
1883 4910 1998 4963 huic
2025 4911 2124 4965 luci

539 5006 834 5058 morientem
852 5045 867 5069 ,
893 5019 1042 5074 quam
1070 5003 1219 5057 istam
1260 5002 1419 5055 lucem
1446 5004 1647 5072 auferre
1677 5004 1874 5057 viventi.
1911 5001 2124 5058 Ventum

539 5104 613 5147 est
659 5094 726 5146 ad
768 5094 1027 5159 homines,
1059 5108 1161 5146 non
1192 5101 1245 5145 ut
1284 5092 1459 5145 retenti
1498 5092 1667 5161 aliquo
1693 5093 2009 5159 ducerentur,
2036 5096 2123 5149 sed

539 5191 736 5236 tantum
763 5195 819 5237 ut
844 5185 941 5237 ista
967 5193 1273 5255 paterentur.
1299 5180 1410 5236 Nec
1438 5191 1604 5237 tamen
1627 5193 1820 5238 nostros
1839 5185 1949 5238 ideo
1966 5186 2123 5254 justi-

542 5275 774 5345 ﬁcamus,
797 5276 915 5344 quia
935 5275 1031 5328 ista
1058 5268 1279 5345 perpessi
1299 5282 1449 5339 sunt;
1474 5274 1561 5327 sed
1580 5275 1698 5344 quia
1724 5291 1815 5345 pro
1850 5275 2123 5331 christiana

541 5365 775 5429 veritate,
807 5382 897 5434 pro
924 5364 1108 5419 Christi
1138 5381 1288 5435 pace,
1313 5380 1404 5434 pro
1430 5363 1671 5418 Ecclesia:
1699 5365 1885 5417 unitate
1905 5368 2122 5437 perpessi

545 5466 663 5511 sunt
687 5455 790 5530 (Ad
812 5456 1026 5523 Donat.,
1052 5468 1158 5526 post
1176 5456 1386 5523 Collat.,
1410 5474 1462 5510 n.
1489 5455 1561 5510 22
1581 5454 1623 5530 ).
1642 5456 1936 5527 Gorgonius
1956 5459 2121 5527 plebis

550 5546 929 5602 Liberalicnsis
955 5548 1232 5617 episcOpus
1262 5549 1313 5602 in
1335 5546 1630 5604 Collatione
1660 5558 1875 5617 questus
1902 5560 2001 5617 est,
2030 5566 2120 5605 cc-

547 5636 763 5691 clesiam
787 5653 935 5691 suam
958 5637 1024 5691 ab
1043 5637 1305 5693 haereticis
1322 5639 1434 5693 solo
1457 5648 1717 5710 :equatam
1735 5638 1892 5694 fuisse
1911 5640 2117 5711 (Collat.

544 5727 768 5802 Carthag
811 5732 862 5798 1,
887 5748 1002 5803 cap.
1032 5731 1174 5803 155).
1203 5732 1433 5799 Questus
1459 5741 1541 5788 est
1563 5748 1771 5803 quoque
1800 5731 2120 5791 Fortunatus

1661 329 1817 394 vtrA
1854 335 1911 393 s.
1954 318 2319 390 AUGUSTINI
2358 330 2675 392 EPISCOPI.

3698 336 3813 402 356

2224 447 2484 505 Cirtensis
2505 493 2520 517 ,
2549 450 2731 505 altaria
2766 450 2943 505 omnia
2980 451 3033 505 in
3072 450 3283 508 civitate
3315 452 3382 507 ab
3421 452 3608 510 iisdem
3638 456 3809 515 fuisse

2225 543 2491 598 confracta
2522 542 2706 612 (lbid.,
2737 560 2852 616 cap.
2883 542 3029 617 159).
3072 545 3318 600 Aurelius
3362 545 3811 605 Macomadiensis

2228 634 2459 689 occisum
2492 635 2856 690 Botariensem
2896 636 3233 705 episcopum,
3264 636 3486 706 ejusque
3517 638 3809 694 ecclesiam

2224 726 2292 779 ab
2338 726 2467 795 ipsis
2509 742 2604 798 per
2635 728 2742 780 vim
2787 736 3094 795 occupatam
3137 742 3257 782 esse
3294 727 3588 797 deploravit
3612 726 3813 799 (lbid.,

2224 833 2337 886 cap.
2373 816 2518 887 187).
2548 817 2685 871 Cum
2726 817 2905 887 populi
2933 816 3244 871 Caesariana:
3288 832 3410 887 pars
3451 819 3691 889 quasdam
3738 824 3813 878 ab

2226 906 2489 960 lnereticis
2516 906 2817 971 defecisset,
2840 905 3161 961 Cresconius
3191 907 3261 961 ibi
3280 908 3669 964 Donatistarum
3693 912 3816 981 epi-

2224 1012 2421 1066 scopus
2460 999 2823 1070 presbyterum
2863 998 3183 1054 catholicum
3204 1041 3219 1064 ,
3246 1014 3275 1053 a
3304 1016 3411 1070 quo
3439 1001 3622 1057 ﬁdeles
3649 1018 3811 1072 rege-

2224 1088 2437 1153 bantttr,
2465 1089 2624 1143 variis
2653 1089 2924 1157 suppliciis
2958 1088 3165 1152 alfecit,
3199 1105 3544 1160 quzecumque
3585 1092 3667 1146 vel
3715 1091 3813 1145 ille

2224 1179 2307 1234 vel
2337 1180 2476 1234 illius
2500 1179 2723 1234 ecclesia
2755 1178 3079 1249 possidebat,
3102 1179 3337 1248 diripuit,
3366 1181 3641 1250 pecuniam
3666 1195 3811 1252 quo-

2227 1287 2331 1342 que
2360 1287 2423 1326 ae
2451 1272 2772 1326 frumentum
2802 1272 3054 1327 Ecclesia:
3082 1271 3331 1340 abstulit,
3363 1282 3417 1327 et
3457 1273 3688 1343 plaustra
3722 1274 3811 1327 his

2225 1364 2638 1435 praedationibus
2658 1374 2847 1419 onusta
2864 1364 3075 1419 deduxit
3099 1363 3150 1434 (1
3155 1365 3279 1426 bid..
3297 1380 3411 1436 cap.
3426 1365 3573 1436 188).
3592 1366 3815 1421 Puden—

2225 1455 2382 1510 tianze
2398 1470 2575 1510 sacras
2587 1455 2977 1510 Catholicorum
3001 1455 3145 1511 :edes
3165 1465 3490 1519 everterunt,
3513 1471 3810 1525 earumque

2224 1557 2533 1602 ornamenta
2564 1550 2741 1602 omnia
2770 1548 3102 1603 abstulerunt
3129 1566 3143 1603 :
3174 1557 3227 1603 et
3251 1544 3570 1603 Cresconius
3603 1548 3811 1605 ibidem

2224 1640 2434 1694 illorum
2455 1641 2754 1709 episcopus,
2777 1655 2884 1694 uno
2909 1650 3067 1710 atque
3095 1641 3281 1695 eodem
3310 1641 3427 1695 loco
3452 1650 3682 1711 quatuor
3705 1641 3808 1697 ba-

2208 1732 2396 1803 ‘silicas
2421 1731 2604 1786 diruit.
2632 1730 2763 1785 Cum
2789 1740 2966 1785 autem
2996 1730 3255 1802 compulsi
3290 1731 3502 1785 illorum
3534 1732 3711 1786 lurore
3740 1745 3810 1787 ac

2216 1818 2469 1875 ‘violentia
2483 1820 2738 1876 Catholici
2755 1820 3060 1892 praesidium
3079 1823 3476 1891 magistratuum
3494 1819 3808 1891 frangendis

2221 1927 2407 1968 eorum
2441 1912 2716 1967 conatibus
2749 1912 3158 1981 implorassent;
3190 1910 3311 1965 inde
3338 1908 3580 1980 quaedam
3608 1925 3807 1965 neces—

2222 2003 2363 2057 sario
2380 2003 2650 2073 contigere
2671 2003 2891 2057 molesta
2914 2012 2966 2057 et
2990 2002 3195 2067 odiosa,
3214 2003 3282 2056 ob
3296 2018 3412 2072 quae
3438 2002 3489 2056 in
3507 2001 3807 2056 Collatione

2221 2094 2451 2161 graviter
2493 2093 2768 2163 conquesti
2810 2100 2935 2147 sunt
2974 2093 3259 2147 Donatistae
3297 2091 3480 2161 (Ibid.,
3509 2108 3623 2161 cap.
3650 2091 3805 2162 201).

2223 2184 2348 2238 Hzec
2394 2185 2628 2253 profecto
2675 2183 2992 2238 eveniebant
3032 2191 3227 2253 praeter
3263 2182 3586 2237 voluntatem
3629 2184 3811 2236 consi-

2221 2273 2456 2343 liumque
2506 2274 2764 2329 bonorum
2809 2289 2874 2329 ac
2922 2273 3311 2344 praecipuorum
3362 2287 3393 2327 e
3442 2270 3728 2327 Catholicis
3788 2290 3806 2326 ε

2221 2366 2415 2437 quippe
2439 2368 2528 2435 qui
2559 2366 2723 2436 leges,
2753 2366 2945 2434 quibus
2968 2372 3139 2419 semet
3164 2374 3457 2429 tuerentur,
3485 2378 3589 2416 non
3611 2361 3809 2432 quibus

2220 2456 2555 2511 adversarios
2586 2438 3055 2525 persequerentur,
3082 2457 3495 2524 postulaverant.
3524 2452 3636 2507 Nos
3670 2455 3807 2507 inte-

2220 2551 2343 2614 rim,
2383 2551 2530 2603 aiunt
2570 2549 2965 2619 Ilipponenses,
3008 2548 3052 2601 si
3079 2546 3281 2619 quando
3322 2557 3508 2600 vestros
3544 2555 3805 2610 tenemus,

2219 2658 2332 2694 cum
2359 2657 2543 2711 magna
2571 2639 2835 2693 dilectione
2855 2654 3109 2692 servamus
3134 2637 3319 2691 illtesos
3347 2651 3367 2690 :
3389 2636 3643 2704 loquimur
3666 2635 3805 2699 illis,

2220 2742 2268 2787 et
2293 2733 2505 2803 legimus
2534 2732 2723 2797 omnia,
2748 2731 2924 2801 quibus
2950 2745 3092 2783 error
3110 2729 3219 2799 ipse
3237 2727 3566 2791 convincitur,
3586 2727 3673 2797 qui
3695 2727 3807 2795 fra-

2220 2834 2319 2879 tres
2347 2841 2378 2876 a
2402 2822 2640 2895 fratribus
2663 2830 2884 2892 separat.
2912 2819 2985 2874 Ac
3019 2819 3091 2874 sic
3129 2819 3324 2887 aliquos
3352 2834 3544 2881 eorum,
3570 2815 3808 2870 conside—

2218 2927 2385 2971 rantes
2411 2916 2707 2970 evidentiam
2730 2913 2952 2967 veritatis
2980 2922 3026 2966 et
3052 2910 3481 2983 pulchritudinem
3502 2909 3670 2979 pacis,
3700 2923 3807 2961 non

2219 3008 2500 3080 Baptismo,
2523 3024 2668 3078 quem
2684 3007 2793 3077 jam
2818 3006 2944 3060 sicut
2964 3005 3182 3075 regalem
3201 3004 3541 3057 characterem
3564 3012 3808 3070 tanquam

2220 3098 2492 3153 desertores
2520 3108 2835 3167 acceperant,
2862 3096 2949 3150 sed
2978 3096 3097 3165 ﬁdei
3125 3111 3238 3166 quae
3262 3096 3364 3149 illis
3388 3081 3575 3165 defuit,
3604 3104 3649 3146 et
3674 3091 3806 3161 Spi-

2220 3191 2346 3244 ritus
2372 3191 2532 3243 sancti
2552 3190 2787 3243 charitati
2814 3200 2858 3243 et
2881 3188 3065 3243 Christi
3094 3188 3293 3258 corpori
3319 3188 3588 3242 sociamus.
3613 3186 3671 3241 Si
3701 3201 3807 3238 au-

2221 3290 2318 3333 tem
2352 3280 2428 3333 vel
2465 3281 2621 3333 nimia
2649 3279 2837 3332 duritia
2856 3320 2872 3346 ,
2906 3279 2985 3332 vel
3014 3278 3231 3348 pudore,
3259 3294 3359 3331 non
3392 3281 3605 3348 ferentes
3632 3290 3811 3329 eorum

2216 3372 2628 3437 insultationent,
2657 3388 2771 3424 cum
2797 3370 2977 3441 quibus
3004 3380 3179 3423 contra
3208 3385 3298 3423 nos
3335 3379 3437 3421 tam
3475 3368 3633 3420 multa
3671 3365 3811 3437 falsa

2212 3464 2492 3534 jactabant,
2515 3474 2562 3518 et
2586 3474 2688 3516 tam
2712 3464 2871 3516 multa
2898 3463 3034 3516 mala
3062 3461 3430 3532 excogitabant,
3458 3458 3535 3513 vel
3562 3458 3721 3529 magis
3750 3456 3812 3508 ti-

2223 3573 2380 3621 more,
2401 3573 2463 3610 ne
2481 3556 2651 3626 qualia
2667 3556 2806 3608 nobis
2822 3563 2967 3607 antea
2989 3554 3259 3626 faciebant,
3278 3542 3399 3605 talia
3422 3551 3675 3604 nobiscum
3688 3551 3813 3618 jam

2223 3650 2502 3719 patiantur,
2533 3647 2716 3700 unitati
2744 3645 2928 3700 Christi
2959 3644 3234 3699 consentire
3268 3643 3557 3705 noluerint;
3582 3642 3707 3695 sicut
3736 3641 3813 3694 il-

2225 3739 2331 3792 lresi
2367 3738 2543 3791 retenti
2577 3747 2723 3804 sunt,
2753 3737 2826 3792 sic
2854 3753 2885 3788 a
2917 3736 3060 3789 nobis
3089 3735 3412 3788 dimittuntur
3444 3734 3611 3787 illazsi.
3653 3731 3771 3785 Hoc
3790 3770 3810 3794 ,

2225 3836 2466 3899 quantum
2494 3844 2787 3899 possumus,
2814 3843 3073 3880 monemus
3110 3826 3260 3879 etiam
3298 3825 3453 3879 laicos
3491 3834 3719 3889 nostros,
3753 3834 3812 3876 ut

2228 3936 2314 3972 eos
2339 3918 2527 3972 illaesos
2554 3926 2767 3981 teneant,
2792 3927 2838 3970 et
2862 3916 3004 3971 nobis
3025 3916 3366 3986 corripiendos
3395 3914 3814 3978 instruendosque

2228 4009 2521 4079 perducant.
2549 4009 2654 4063 Sed
2673 4008 2830 4078 aliqui
2856 4025 2945 4062 nos
2968 4007 3201 4073 audiunt,
3224 4016 3270 4060 et
3295 4006 3340 4061 si
3362 4015 3567 4075 possunt
3587 4006 3809 4076 faciunt.

2228 4101 2331 4153 Alii
2355 4117 2468 4153 cum
2495 4101 2597 4153 illis
2616 4098 3033 4170 quemadmodum
3056 4114 3171 4150 cum
3194 4096 3468 4151 latronibus
3491 4106 3663 4167 agunt,
3686 4096 3812 4165 quia

2227 4207 2310 4244 eos
2331 4207 2499 4243 revera
2526 4190 2648 4243 tales
2670 4190 2949 4259 patiuntur.
2968 4187 3135 4257 Aliqui
3159 4188 3283 4241 ictus
3302 4203 3475 4240 eorum
3494 4188 3598 4240 suis
3621 4202 3813 4255 corpo-

2229 4279 2367 4332 ribus
2396 4279 2706 4333 imminentes
2732 4277 2956 4349 feriendo
2984 4277 3260 4347 repellunt,
3297 4293 3359 4330 ne
3385 4277 3448 4330 ab
3480 4275 3551 4329 eis
3587 4285 3701 4328 ante
3727 4275 3811 4345 fe-

2229 4370 2429 4422 riantur
2447 4369 2634 4438 :aliqui
2657 4368 2995 4439 apprehensos
3011 4367 3270 4439 judicibus
3294 4366 3530 4435 oﬂ'erunt,
3557 4384 3644 4419 nec
3664 4365 3814 4420 nobis

2229 4456 2645 4511 intercedentibus
2674 4457 2742 4510 eis
2776 4465 3025 4525 parcunt,
3065 4456 3185 4509 dum
3219 4456 3282 4509 ab
3319 4456 3389 4509 eis
3416 4456 3521 4526 pati
3548 4456 3681 4508 mala
3709 4456 3813 4508 im-

2230 4549 2401 4601 mania
2425 4548 2793 4619 pertimescunt.
2811 4546 2878 4600 In
2899 4546 3076 4617 quibus
3095 4546 3322 4601 omnibus
3341 4546 3417 4601 illi
3436 4564 3535 4601 non
3551 4547 3814 4618 deponunt

2226 4642 2360 4711 facta
2412 4641 2693 4706 latronum,
2743 4649 2793 4694 et
2843 4639 3080 4695 honorem
3128 4638 3224 4693 sibi
3271 4640 3476 4710 exigunt
3523 4649 3811 4709 martyrum

2228 4733 2416 4804 (Epist.
2441 4733 2529 4799 88,
2556 4749 2609 4786 n.
2630 4731 2707 4802 9).
3489 4714 3511 4729 "

2299 4824 2351 4876 Δ.
2374 4821 2636 4876 Caeterum
2666 4823 2806 4876 Deus
2830 4822 2988 4877 etiam
3019 4830 3129 4876 tum
3152 4822 3215 4877 iis
3244 4821 3472 4889 damnis,
3491 4837 3609 4892 qua:
3636 4820 3835 4876 Dona-l

2228 4916 2471 4968 tistarum
2496 4915 2642 4969 furor
2668 4913 2953 4969 Catholicis
2974 4912 3262 4985 inﬂigebat,
3292 4929 3477 4970 vocem
3512 4915 3651 4968 illam
3679 4914 3808 4983 plu-

2228 5006 2375 5061 ribus
2401 5015 2524 5061 ante
2558 5005 2711 5059 annis
2752 5004 3139 5074 pronuntiatam
3171 5005 3552 5075 comprobavit,
3581 5006 3807 5075 saugui~

2225 5111 2348 5150 nem
2376 5095 2625 5149 videlicet
2672 5104 2958 5166 martyrum
2989 5110 3170 5149 semen
3209 5111 3328 5151 esse
3356 5093 3805 5150 Christianorum.

2225 5184 2375 5253 Quod
2405 5196 2458 5240 et
2484 5185 2804 5254 Augustinus
2839 5192 3060 5238 testatur
3090 5183 3172 5239 his
3215 5184 3390 5239 verbis
3419 5202 3432 5239 :
3466 5183 3576 5237 Nos
3600 5170 3803 5252 hujus-

2224 5277 2361 5330 modi
2397 5275 2600 5346 afﬂictos
2622 5274 2768 5328 malis
2805 5291 3102 5344 consequens
3147 5274 3433 5328 consolatus
3476 5283 3549 5327 cst
3585 5275 3804 5344 fructus.

2226 5358 2364 5420 Nam
2402 5364 2743 5437 ubicumquea
2770 5365 2974 5433 perditis
3014 5364 3108 5417 ista
3141 5365 3405 5418 commissa
3447 5373 3581 5427 sunt,
3604 5364 3671 5415 ibi
3692 5367 3804 5434 fer-

2223 5462 2414 5512 ventius
2457 5469 2605 5527 atque
2635 5458 2901 5528 perfectius
2941 5457 3110 5511 unitas
3154 5457 3429 5510 christiana
3475 5456 3805 5525 profecit;c¢

2223 5550 2421 5603 uberius
2459 5548 2696 5603 laudatur
2726 5548 2992 5615 Dominus,
3032 5548 3117 5617 qui
3138 5549 3329 5601 donare
3351 5548 3585 5618 dignatus
3629 5556 3723 5614 est,
3746 5555 3806 5601 ιε

2222 5642 2350 5696 servi
2372 5642 2478 5710 ejus
2522 5639 2835 5711 passionibus
2867 5640 2971 5693 suis
3000 5638 3311 5692 lucrarentur
3342 5642 3523 5710 fratres
3567 5654 3708 5702 suos,
3753 5645 3806 5691 α

2225 5750 2336 5787 oves
2357 5734 2462 5801 ejus
2508 5732 2763 5801 mortifero
2799 5732 2965 5785 errore
3016 5730 3269 5799 dispersas
3305 5728 3358 5782 in
3401 5744 3573 5799 pacem
3614 5726 3800 5782 salutis
