4042 6360
479 435 648 501 tione,
675 430 722 487 si
748 428 961 502 quidem
989 426 1056 483 ab
1093 424 1305 481 illorum
1330 418 1668 477 damnatione
1712 415 1814 472 sibi
1851 422 2055 483 tempe-

479 526 707 584 randum
731 530 936 595 putent,
966 521 1153 577 saltem
1183 516 1522 590 prohibeant.
1552 512 1647 567 llis
1694 523 1857 582 porro
1883 506 2058 562 verbis

480 620 760 694 epistolam
778 616 1031 673 claudunt
1053 633 1066 668 :
1096 614 1157 669 Si
1180 620 1345 665 autem
1366 606 1593 679 querelas
1615 614 1811 659 nostras
1835 610 2061 655 contem-

481 712 701 783 pseritis,
728 726 820 765 nos
845 708 1047 761 minime
1066 703 1316 775 pmnitebit
1354 698 1530 754 ordine
1569 695 1779 766 paciﬁca
1809 707 1955 760 agere
1972 704 2060 743 vo-

482 804 655 858 luisse.
690 800 861 855 Aderit
885 798 1133 852 Dominus
1156 792 1395 848 Ecclesia:
1422 804 1545 850 sure,
1578 797 1632 840 ut
1658 803 1742 840 vos
1770 785 1933 855 potius
1959 783 2056 835 hu-

481 898 741 951 militatem
761 903 983 949 nostram
1003 888 1352 958 contempsisse
1380 882 1632 951 poeniteat.
1650 877 1835 950 (Ibid.,
1865 894 1918 929 η.
1943 872 2053 945 i2).

1112 976 1335 1033 CAPUT
1372 974 1461 1029 lli.

484 1081 511 1135 1
564 1078 631 1134 In
658 1074 976 1132 Cresconium
998 1070 1163 1126 scribit
1194 1066 1521 1138 Augustinus.
1569 1061 1606 1116 2
1650 1059 1872 1114 Paulum
1903 1055 2057 1111 Cata-

555 1183 789 1240 quensem
809 1165 876 1217 ad
902 1160 1093 1217 vivendi
1122 1159 1371 1212 rationem
1392 1155 1625 1224 episwpo
1659 1152 1865 1219 dignam
1903 1148 2055 1201 redu—

555 1238 666 1315 cere
688 1262 878 1330 frustra
902 1253 1102 1323 satagit.
1151 1251 1185 1305 '5
1221 1246 1405 1302 Scribit
1434 1246 1501 1298 ad
1536 1242 1834 1303 Emeritam,
1884 1238 2058 1291 dolens

557 1368 670 1405 eum
689 1349 953 1404 schismate
977 1341 1293 1413 implicitum.
1322 1338 1355 1391 4
1379 1332 1633 1405 Opttscula
1653 1343 1766 1384 tunc
1787 1331 1913 1399 forte
1927 1330 2060 1383 edita

555 1450 729 1495 contra
752 1437 1040 1491 Donatistas
1079 1432 1193 1485 tria.
1231 1430 1264 1484 5
1310 1427 1457 1481 Liber
1497 1424 1560 1477 de
1610 1421 1924 1475 Divinatione
1951 1420 2054 1473 dte-

561 1546 782 1585 manum.
808 1528 841 1582 6
888 1526 994 1581 Sea:
1020 1522 1316 1594 quastioues
1341 1517 1577 1586 exposita:
1600 1522 1772 1567 contra
1800 1510 2056 1580 Paganos,

564 1622 632 1676 ad
663 1620 1004 1691 presbyterum
1025 1611 1343 1682 Deogratias.
1364 1609 1394 1660 7
1419 1604 1682 1674 Expositio
1708 1602 1945 1671 Epistola:
1966 1598 2060 1652 Ja-

556 1690 669 1766 cobi
688 1710 753 1763 ad
771 1706 1033 1761 duodecim
1057 1703 1230 1756 tribus.
1254 1700 1286 1754 8
1332 1695 1480 1750 Liber
1504 1696 1566 1747 de
1596 1692 1755 1770 uico
1778 1690 2056 1759 Baptismo,

553 1804 620 1857 ad
640 1798 1039 1858 Constantinum.

553 1898 607 1951 1.
639 1895 884 1949 Testatur
921 1900 1129 1958 quoque
1171 1880 1497 1951 Augustinus
1554 1876 1607 1930 in
1649 1874 1760 1929 suis
1805 1872 2059 1927 adversus

480 1985 822 2044 Cresconium
867 1980 1017 2035 libris
1057 1968 1680 2037 Catholicosexpetiisse,
1710 1964 1845 2017 utin
1889 1962 2059 2016 collo-

484 2080 664 2147 quium
688 2073 927 2128 venirent
941 2082 1120 2122 secum
1145 2062 1426 2117 Donatista:
1450 2058 1468 2130 (
1490 2058 1674 2111 Contra
1690 2052 1951 2115 Crescon.,
1970 2049 2057 2103 lib.

483 2142 541 2236 1,
567 2186 619 2222 n.
651 2167 719 2221 85
738 2152 779 2236 ),
812 2161 1000 2231 quibus
1022 2158 1131 2227 jam
1177 2153 1375 2207 finitam
1421 2164 1537 2202 esse
1584 2159 1795 2199 causam
1842 2142 2060 2195 demon-

483 2231 714 2316 strarent
789 2252 917 2306 Ibid.
942 2250 1030 2303 tib.
1073 2249 1124 2310 1,
1151 2262 1202 2298 n.
1228 2243 1318 2311 6).
1369 2240 1537 2308 Leges
1566 2236 1820 2289 adversus
1847 2231 2060 2285 haereti-

485 2365 579 2407 eos
605 2349 720 2402 illos
739 2320 805 2399 ab
832 2338 1062 2397 Honorio
1079 2337 1187 2406 jam
1214 2332 1426 2404 quidem
1451 2326 1837 2396 latrc(Retract.
1875 2322 1961 2376 lib.
2001 2320 2055 2384 2,

485 2458 601 2511 cap.
632 2438 760 2508 26),
807 2441 1171 2488 verumtamen
1226 2425 1402 2479 adhuc
1447 2428 1688 2475 recentes
1745 2426 1913 2475 erant.
1940 2429 2058 2468 cum

488 2505 625 2603 opus
654 2505 752 2584 hoc
775 2522 1100 2583 elucubravit
1121 2519 1139 2593 (
1160 2518 1345 2574 Contra
1371 2515 1626 2576 Crescon.,
1654 2510 1740 2563 lib.
1774 2510 1892 2567 3,11.
1912 2505 2059 2603 51.);

481 2596 695 2696 jamque
724 2621 797 2674 illi
824 2615 1127 2672 Catholicos
1156 2611 1225 2665 ob
1259 2623 1351 2663 eas
1381 2607 1526 2674 leges
1558 2617 1662 2655 non
1694 2599 1885 2696 minus
1917 2596 2061 2696 calce

488 2684 543 2771 et
570 2684 742 2777 aceto,
761 2724 919 2779 quam
948 2706 1087 2760 ferro
1115 2711 1167 2757 et
1187 2703 1305 2770 igne
1321 2694 1667 2760 divexabant(
1684 2689 1844 2754 Ibid.,
1869 2705 1901 2740 η
1936 2684 2063 2758 46).

483 2803 799 2863 Cresconius
829 2800 917 2854 ille
944 2797 1011 2852 de
1037 2803 1180 2850 secta
1214 2790 1600 2845 Donatistarum
1641 2792 1774 2849 erat,
1805 2797 1875 2837 ex
1902 2780 2065 2834 laico-

484 2914 603 2954 rum
629 2896 812 2951 ordine
835 2894 851 2963 (
874 2890 1035 2953 Ibid.,
1062 2888 1151 2942 lib.
1185 2887 1236 2949 1,
1265 2901 1319 2938 n.
1344 2884 1366 2936 1
1390 2884 1427 2943 ).
1461 2878 1785 2950 professione
1805 2888 2064 2943 gramma-

487 2989 625 3044 ticus
653 2987 671 3059 (
696 2986 911 3040 Retract.
937 2981 1025 3035 lib.
1070 2979 1125 3043 2,
1157 2994 1270 3046 cap.
1313 2973 1382 3026 26
1406 2973 1444 3043 ).
1471 2971 1517 3025 Is
1540 2985 1659 3023 cum
1692 2964 1967 3034 Augustini
1996 2963 2062 3016 Ii-

484 3080 640 3136 hrum
669 3081 720 3131 iu
753 3074 992 3131 Petiliam
1037 3070 1238 3123 litteras
1266 3065 1494 3136 primum
1534 3059 1846 3120 evolvisset,
1876 3071 1936 3109 ea
1962 3069 2063 3124 qua

490 3167 827 3225 mediocriter
856 3164 1141 3215 instructus
1162 3163 1295 3219 erat,
1319 3150 1579 3206 scribendi
1605 3147 1847 3202 facultate
1870 3144 2061 3209 frctus,

490 3271 667 3333 partes
696 3274 818 3313 suas
853 3255 1106 3309 adversus
1131 3248 1475 3318 Augustinum
1516 3238 1876 3296 defendendas
1906 3236 2064 3307 (Con-

493 3328 569 3407 ira
589 3352 846 3412 Crescon.,
866 3346 981 3400 lib.l
996 3386 1012 3411 ,
1032 3341 1175 3413 n.2),
1192 3353 1395 3393 necnon
1415 3331 1841 3405 prOpugnandatu
1857 3328 2067 3384 Petilia-

498 3445 553 3499 ni
597 3441 875 3512 epistolam
926 3436 1159 3503 suscepit
1180 3432 1196 3502 (
1221 3430 1379 3491 Ibid.,
1410 3427 1495 3480 lib.
1534 3428 1586 3490 4,
1619 3442 1670 3477 n.
1698 3424 1722 3476 1
1750 3422 1787 3493 ).
1816 3419 2065 3512 Quamvis

490 3511 668 3588 autem
688 3529 1003 3586 Cresconius
1020 3523 1336 3600 opusculum
1376 3534 1528 3572 suum
1555 3513 1847 3583 Augustino
1880 3511 2067 3563 inscri-

487 3625 697 3696 psisset,
727 3619 798 3673 ad
825 3620 994 3688 ipsum
1020 3598 1195 3669 tamen
1221 3608 1427 3665 nonnisi
1457 3606 1620 3659 inulto
1647 3612 1921 3696 postquam
1931 3598 2069 3696 Iuc-

489 3687 573 3771 i'at
619 3687 884 3782 vulgatum
944 3704 1183 3776 pervenit
1229 3698 1424 3771 (lbitl.,
1465 3697 1550 3749 lib.
1598 3696 1646 3757 l,
1704 3709 1756 3745 η.
1807 3687 1901 3761 1).
1931 3688 2065 3782 Tum

493 3777 734 3877 putavitv
767 3797 1087 3869 Augustinus
1163 3808 1281 3848 esse
1353 3797 1405 3842 et
1474 3781 1808 3847 urbanitatis,
1865 3777 2067 3833 auctori

491 3872 783 3951 rescribere
810 3907 824 3955 ;
853 3898 908 3943 et
932 3886 1091 3940 officii
1120 3898 1183 3937 ac
1199 3879 1434 3935 muneris
1452 3876 1553 3940 sui,
1583 3872 1945 3927 defensionem
1973 3885 2067 3924 ve-

490 3985 662 4041 ritatis
680 3998 784 4037 non
812 3981 1130 4035 detrectare.
1158 3974 1296 4043 Ergo
1318 3968 1661 4024 Cresconium
1680 3974 1903 4034 quatuor
1920 3960 2066 4015 libris

490 4073 774 4131 confutavit
806 4088 819 4123 :
847 4082 1070 4139 quorum
1093 4066 1145 4119 in
1170 4064 1339 4133 primo
1370 4060 1583 4113 minime
1606 4053 1927 4126 probandam
1948 4065 2067 4106 esse

491 4166 648 4223 docet
674 4163 971 4219 simulatam
1001 4158 1142 4212 illam
1171 4153 1556 4210 DonatiStartuu
1601 4144 1933 4205 modestiam,
1964 4155 2065 4210 qua

489 4272 609 4312 cum
638 4252 926 4309 Catholicis
950 4250 1246 4316 disceptare
1282 4243 1349 4298 de
1363 4240 1565 4296 discidii
1596 4252 1754 4292 causa
1784 4234 2063 4297 nolebant;

494 4357 607 4403 tum
654 4345 865 4407 deinde,
921 4340 1111 4396 nullius
1156 4337 1236 4390 vel
1267 4332 1550 4388 adversarii
1598 4326 1951 4397 eloquentiam
1983 4322 2066 4377 vel

492 4438 825 4495 dialecticam
874 4431 1226 4488 assertoribus
1272 4426 1510 4481 veritatis
1563 4438 1680 4476 esse
1709 4418 2062 4475 metuendam.

493 4530 739 4587 Ostendit
782 4535 1056 4598 pra'terea,
1102 4520 1310 4577 tametsi
1366 4516 1755 4572 Donatistarmn
1798 4511 2064 4598 Baptisma

490 4637 674 4677 verum
709 4597 830 4675 esse
858 4615 1118 4672 Catholici
1161 4610 1472 4672 concedant,
1537 4607 1663 4660 hinc
1691 4614 1865 4659 tamen
1892 4597 2066 4669 colligi

493 4729 601 4769 non
632 4727 808 4782 posse,
839 4708 966 4764 illud
991 4716 1135 4762 recte
1170 4703 1337 4772 accipi
1370 4701 1437 4755 ab
1464 4698 1648 4754 iisdem
1695 4690 2062 4750 schismatieis.

490 4804 552 4861 in
579 4802 814 4860 secundo
837 4800 1184 4862 demonstrat,
1209 4793 1336 4849 nihil
1357 4808 1386 4845 a
1406 4787 1692 4846 Cresconio
1717 4786 1934 4847 dictum,
1960 4796 2066 4852 quo

490 4912 619 4952 suus
660 4894 919 4950 adversus
960 4889 1271 4945 Petilianum
1307 4883 1439 4937 liber
1482 4878 1785 4940 refellatur,
1827 4872 2067 4943 quamvis

490 4989 629 5045 forte
657 4988 724 5042 ab
751 4986 844 5040 illo
868 4981 1111 5038 didicerit
1131 4994 1236 5034 non
1266 4973 1561 5031 Donatistas
1587 4986 1653 5025 ex
1675 4969 1878 5022 Donato
1922 4972 2068 5021 recte

491 5082 617 5148 dici,
649 5079 742 5135 sed
764 5076 1114 5140 Donatianos;
1140 5080 1195 5126 et
1220 5072 1351 5124 alias
1373 5064 1625 5137 quasdam
1648 5059 2067 5133 grammaticales

492 5188 681 5243 nugas,
711 5170 899 5241 quibus
943 5167 1031 5222 ille
1072 5162 1453 5220 immorahatur
1474 5156 1535 5231 (1
1545 5155 1671 5221 bid.,
1695 5155 1782 5209 lib.
1810 5152 1866 5218 2,
1890 5169 1941 5205 η.
1969 5149 2065 5243 2).

492 5242 596 5321 Ubi
620 5263 685 5317 iis
708 5260 979 5316 Cresconii
1022 5256 1198 5322 dictis,
1230 5269 1348 5324 qua:
1384 5249 1602 5320 majoris
1639 5244 1890 5301 momenti
1921 5242 2069 5297 vide-

494 5354 707 5416 bantur,
739 5349 1025 5415 satisfecit;
1054 5362 1122 5403 ne
1152 5343 1508 5414 imperitiores
1532 5338 1729 5409 aliquid
1774 5337 1840 5391 ab
1865 5350 1930 5391 eo
1953 5335 2070 5391 sine

495 5444 843 5516 responsione
871 5440 1286 5514 praetermissum
1316 5443 1599 5506 putarent;
1633 5431 1844 5486 tertium
1880 5427 2073 5497 adjecit

494 5536 687 5593 librum
715 5535 771 5590 in
810 5535 1011 5605 reliqua
1050 5532 1224 5601 capita
1262 5526 1500 5598 opusculi
1541 5525 1609 5580 ab
1651 5523 1740 5577 illo
1766 5521 2068 5589 conscripti.

493 5628 554 5685 In
578 5635 765 5699 quarto
789 5626 1003 5682 demum
1027 5624 1167 5679 libro
1190 5620 1319 5677 illud
1343 5619 1412 5674 de
1442 5619 1650 5686 integro
1676 5631 1741 5669 ex
1770 5614 1881 5669 sola
1911 5613 2069 5668 Maxi-

492 5722 859 5781 mianistarnm
887 5717 1103 5777 historia
1118 5731 1149 5773 a
1168 5714 1340 5787 capite
1365 5711 1431 5769 ad
1454 5706 1933 5789 calcemdissolvit.

1639 298 1800 356 VITA
1839 296 1898 354 S.
1934 292 2301 354 AUGUSTINI
2337 295 2655 355 EPISCOPI.

2237 412 2291 465 2.
2320 412 2613 483 Epistolam
2663 410 2730 467 ad
2771 409 2993 468 Paulum
3019 411 3323 485 episcopum
3354 426 3462 468 non
3487 421 3612 471 ante
3637 415 3751 473 hoc

2164 511 2376 575 tempus
2401 505 2651 576 scriptam
2677 502 2837 560 fuisse
2879 504 2963 560 vel
2992 506 3114 560 inde
3133 504 3370 576 colligas,
3398 506 3542 576 quod
3581 508 3627 562 is
3652 506 3750 564 cui

2166 596 2490 661 inscribitur,
2525 597 2718 651 multos
2747 596 2814 651 ad
2839 596 3129 651 Ecclesiam
3156 596 3468 651 catholicam
3494 597 3746 652 reduxis-

2163 703 2221 742 se
2242 687 2484 741 laudatur
2507 686 2526 756 (
2545 687 2707 758 Epist.
2730 688 2818 752 85,
2839 705 2890 740 η.
2918 688 2937 741 1
2962 689 3001 758 ).
3024 686 3154 753 Quia
3171 702 3329 756 porro
3353 687 3572 742 Paulum
3590 688 3750 742 Chri-

2162 784 2245 831 sto
2266 788 2520 847 genuerat
2567 777 2910 848 Augustinus,
2946 777 3140 831 idcirco
3177 778 3318 833 illius
3365 776 3554 847 agendi
3604 778 3751 832 ratio

2162 868 2428 936 praecipuo
2449 867 2671 937 quodam
2690 869 2809 937 jure
2828 867 2893 921 ad
2916 883 3063 921 suam
3088 867 3548 938 Hipponensisque
3564 867 3752 923 Eccle-

2165 960 2258 1012 siae
2296 975 2478 1013 curam
2527 972 2767 1029 spectare
2820 960 3056 1029 putabat.
3103 961 3152 1015 ls
3195 961 3260 1026 si,
3294 961 3747 1031 quemadmodum

2162 1059 2347 1104 censet
2394 1050 2711 1113 Ilolstenius,
2763 1065 2826 1103 ac
2869 1065 2956 1104 res
2996 1050 3109 1118 ipsa
3146 1049 3354 1104 videtur
3400 1051 3745 1119 persuadere,

2171 1141 2308 1195 idem
2363 1142 2453 1207 sit,
2484 1150 2642 1210 atque
2677 1141 2765 1195 ille
2792 1141 2988 1195 Paulus
3017 1141 3083 1195 de
3114 1156 3219 1211 quo
3248 1141 3573 1196 mentionem
3616 1141 3750 1196 facit

2164 1233 2215 1286 in
2260 1232 2482 1301 epistola
2516 1232 2581 1285 ad
2606 1231 2903 1303 Olympium
2926 1231 3131 1302 (Epist.
3166 1230 3253 1294 96,
3284 1248 3337 1284 η.
3360 1230 3449 1303 2),
3490 1231 3749 1302 Cataqua:

2165 1323 2215 1376 in
2268 1322 2509 1377 Numidia
2564 1323 2917 1391 episc0palem
2971 1322 3281 1393 dignitatem
3332 1320 3730 1396 gessit(Epist.

2166 1414 2255 1476 97,
2279 1432 2330 1467 η.
2362 1416 2394 1469 5
2416 1415 2456 1483 ).
2515 1412 2659 1467 lianc
2685 1424 2863 1468 autem
2895 1423 3171 1484 postquam
3197 1423 3277 1469 est
3299 1415 3542 1484 adeptus,
3566 1416 3751 1485 Augun

2164 1507 2303 1560 stino
2329 1508 2493 1559 multo
2514 1505 2632 1574 plus
2656 1505 2854 1583 doloris
2879 1507 3073 1572 attulit,
3103 1522 3258 1576 quam
3286 1507 3481 1561 solatii.
3528 1507 3747 1563 Etenim

2164 1598 2205 1650 si
2238 1613 2340 1650 non
2365 1612 2562 1667 paucos
2587 1613 2616 1651 e
2646 1597 2931 1651 Donatistis
2952 1598 3003 1651 in
3036 1598 3289 1652 Ecclesia:
3317 1598 3489 1653 sinum
3507 1598 3744 1668 collegit,

2162 1687 2335 1740 adhuc
2383 1688 2537 1756 longe
2572 1688 2751 1756 plures
2779 1688 2900 1743 inde
2929 1690 3268 1757 corruptione
3296 1704 3503 1743 morum
3529 1688 3748 1757 disper-

2162 1780 2249 1834 sit.
2300 1779 2375 1833 lta
2415 1779 2621 1833 vivebat
2651 1779 2930 1835 mundanis
2954 1781 3177 1850 negotiis
3207 1779 3525 1849 implicatus,
3560 1789 3617 1832 ut
3664 1779 3739 1833 ab

2164 1872 2254 1926 illo
2282 1872 2645 1941 episcopatum
2674 1882 2989 1941 quaestuosa:
3015 1872 3147 1925 artis
3166 1871 3284 1925 loco
3311 1870 3491 1925 haberi
3514 1869 3749 1924 dixisses

2169 1964 2372 2035 (Epist.
2410 1964 2499 2030 85,
2544 1982 2633 2017 nn.
2681 1966 2731 2029 1,
2761 1963 2855 2034 2).
2886 1962 2964 2018 Ac
2996 1964 3134 2018 Deus
3161 1963 3374 2034 quidem
3404 1974 3463 2017 ut
3488 1963 3673 2028 Paulo,
3698 1961 3749 2016 si

2164 2067 2339 2111 tamen
2362 2057 2465 2110 ulla
2493 2056 2544 2110 in
2578 2072 2642 2109 eo
2668 2056 3012 2125 intelligentia
3043 2056 3250 2121 fuisset,
3280 2063 3745 2117 commonstraret,

2164 2156 2355 2216 praeter
2379 2148 2539 2201 animi
2565 2146 2787 2209 divitias,
2813 2162 3037 2216 quarum
3065 2162 3225 2202 causa
3252 2145 3424 2201 fuerat
3443 2146 3510 2201 ad
3536 2146 3752 2216 cpisco-

2167 2248 2341 2305 patum
2386 2238 2684 2307 adoptatus,
2716 2239 2887 2292 nullas
2920 2239 3052 2292 alias
3094 2238 3406 2308 qumrendas
3450 2254 3590 2303 esse,
3619 2237 3749 2293 fecit

2165 2336 2222 2381 ut
2265 2343 2333 2381 ne
2361 2342 2520 2396 quem
2568 2343 2599 2381 e
2627 2327 2915 2397 quaestibus
2960 2328 3160 2382 odiosis
3206 2327 3435 2381 fructum
3482 2336 3745 2397 caperet:

2166 2417 2302 2472 adeo
2328 2425 2385 2471 ut
2414 2417 2731 2480 nominibus,
2766 2433 2883 2487 quae
2914 2416 3040 2472 fisco
3064 2416 3308 2479 debebat,
3347 2416 3614 2472 solvendis
3643 2415 3749 2471 im-

2166 2526 2283 2579 par,
2316 2510 2475 2564 rebus
2499 2506 2744 2564 Omnibus
2765 2512 2874 2563 suis
2902 2509 3093 2564 cedere
3109 2519 3324 2564 coactus
3342 2510 3411 2564 sit
3431 2508 3630 2580 (Epist.
3650 2507 3747 2572 96,

2165 2619 2217 2656 n.
2245 2603 2332 2674 2).
2383 2602 2540 2671 Atqui
2584 2602 2749 2655 nihilo
2782 2600 2954 2657 secius
2981 2600 3273 2656 institutum
3302 2609 3456 2655 antea
3484 2614 3752 2655 commer-

2164 2695 2325 2759 cium,
2366 2701 2549 2747 contra
2604 2692 2949 2761 ipsarummet
3002 2692 3352 2745 humanarum
3398 2690 3572 2760 legum
3598 2688 3749 2744 ordi-

2170 2799 2312 2847 nem,
2368 2781 2599 2851 repetiit,
2640 2779 2777 2834 haud
2809 2780 2969 2835 dubie
2996 2780 3275 2850 cujusdam
3316 2788 3445 2834 tunc
3488 2779 3749 2849 temporis

2169 2874 2541 2942 potentissimi,
2588 2870 2767 2925 forsan
2807 2871 3132 2938 Bathanarii,
3161 2870 3409 2941 praesidio
3439 2870 3620 2926 fretus.
3648 2870 3748 2925 At-

2166 2982 2267 3037 que
2298 2968 2366 3020 ita
2394 2966 2561 3035 magis
2586 2965 2855 3035 magisque
2891 2965 3115 3034 negotiis
3142 2978 3262 3019 sese
3290 2963 3568 3030 immersit,
3595 2978 3747 3018 eam-

2168 3075 2271 3129 que
2294 3058 2517 3127 arripuit
2536 3057 2654 3111 vitae
2678 3059 2959 3124 rationem,
2984 3072 3141 3126 quam
3166 3055 3416 3110 Ecclesia:
3438 3070 3550 3110 sua:
3572 3055 3750 3111 tenui-

2170 3157 2252 3203 tas
2281 3149 2540 3203 sustinere
2570 3148 2717 3202 nullo
2745 3147 2902 3201 modo
2945 3154 3170 3217 poterat.
3202 3146 3502 3201 Arbitratus
3526 3155 3609 3201 est
3633 3147 3752 3201 Au-

2166 3240 2403 3309 gustinus
2432 3254 2549 3293 sese
2578 3238 2649 3303 ei,
2701 3253 2857 3308 quem
2906 3237 2957 3291 in
3003 3235 3213 3291 Christo
3259 3253 3354 3307 per
3402 3236 3753 3306 Evangelium

2171 3342 2468 3402 pepererat,
2500 3332 2667 3401 magis
2706 3347 2863 3401 quam
2898 3331 2986 3384 alii
3015 3330 3212 3384 debere
3240 3330 3505 3385 salubrem
3536 3330 3752 3383 morda-

2170 3424 2382 3477 citatcm
2413 3421 2700 3484 eharitatis,
2754 3420 3013 3475 veraciter
3056 3419 3429 3491 objurgando(
3457 3419 3623 3491 Epist.
3646 3419 3746 3487 85,

2169 3533 2221 3568 η.
2246 3516 2267 3568 1
2294 3516 2333 3584 ).
2381 3514 2637 3580 Quocirca
2687 3528 2807 3566 eum
2837 3513 3050 3566 monitis
3079 3512 3345 3575 omnibus,
3373 3528 3491 3581 qua:
3516 3526 3582 3566 eo
3613 3527 3753 3573 eone

2168 3606 2361 3660 ducere
2378 3604 2597 3672 putavit.
2618 3617 2805 3656 sanare
2822 3612 3040 3656 conatus
3056 3612 3157 3657 est.
3195 3602 3389 3655 Verum
3412 3601 3604 3655 frustra
3626 3601 3749 3655 fuit.

2169 3695 2347 3764 itaque
2372 3694 2439 3747 ab
2465 3694 2601 3763 ejus,
2648 3693 2768 3747 licet
2798 3709 2824 3745 a
2853 3693 2999 3746 nullo
3048 3692 3409 3747 ecclesiastico
3459 3691 3638 3761 judice
3653 3692 3755 3746 da-

2171 3785 2353 3850 mnati,
2374 3783 2749 3838 communione
2761 3792 2929 3837 semet
2945 3791 3159 3837 sanctus
3178 3782 3590 3853 Virsegregavit,
3613 3792 3755 3837 tam-

2167 3877 2266 3932 etsi
2306 3877 2353 3930 ei
2388 3874 2586 3937 fratris,
2616 3874 2854 3943 collcgzc,
2907 3883 3065 3942 atque
3110 3873 3344 3943 episcopi
3391 3873 3596 3927 titulum
3648 3873 3759 3928 mi-

2169 3968 2310 4021 nime
2358 3965 2575 4020 ademit.
2605 3965 2883 4035 Augustini
2928 3966 3355 4019 communionem
3406 3980 3499 4035 per
3546 3964 3755 4021 litteras

2170 4058 2410 4129 poposcit
2432 4056 2643 4117 Paulus,
2664 4066 2820 4125 atque
2836 4054 2990 4115 simul
3011 4062 3230 4124 questus
3251 4062 3353 4120 est,
3379 4055 3568 4124 ipsum,
3588 4069 3756 4123 quem

2170 4151 2328 4205 etiam
2354 4148 2732 4203 inexorabilem
2764 4156 2936 4210 vocat,
2969 4146 3033 4199 iis
3063 4146 3181 4215 plus
3208 4160 3359 4215 usque
3388 4145 3625 4207 credere,
3656 4145 3755 4214 qui

2169 4255 2350 4295 secum
2380 4248 2590 4308 apertas
2617 4237 2919 4291 inimicitias
2944 4251 3156 4305 semper
3178 4245 3471 4306 gesserant.
3498 4235 3607 4290 Hac
3637 4235 3754 4303 ipsa

2168 4331 2234 4385 de
2259 4345 2415 4385 causa
2443 4329 2740 4398 epistolam,
2764 4343 2864 4398 qua
2894 4326 2958 4381 de
2987 4312 3177 4395 agitur,
3209 4326 3505 4380 severitatis
3525 4325 3674 4394 juxta
3696 4334 3753 4384 et

2169 4420 2442 4474 charitatis
2469 4419 2676 4487 plenam
2699 4417 2764 4470 ad
2789 4431 2909 4471 eum
2931 4415 3250 4484 Augustinus
3270 4414 3500 4483 scripsit.
3529 4413 3659 4468 Cum
3684 4430 3755 4470 eo

2170 4528 2229 4567 se
2258 4511 2470 4588 idcirco
2515 4510 2909 4565 communicare
2938 4508 3079 4561 nolle
3127 4507 3419 4576 profitetur,
3446 4506 3564 4576 quia
3598 4516 3654 4560 ut
3699 4506 3753 4561 ei

2170 4605 2434 4666 aduletur,
2464 4601 2652 4656 adduci
2682 4617 2785 4654 non
2818 4607 3027 4669 potest:
3056 4614 3176 4652 eum
3207 4614 3427 4653 necesse
3455 4599 3523 4651 sit
3545 4599 3746 4666 ipsum,

2169 4698 2212 4751 si
2238 4695 2451 4763 quidem
2480 4693 2804 4753 vulneribus,
2826 4706 2945 4760 qua:
2967 4690 3289 4759 Hipponcnsi
3321 4689 3571 4743 Ecclesia:
3606 4686 3752 4742 inﬂi-

2168 4789 2262 4850 xit,
2293 4785 2492 4841 mederi
2524 4784 2668 4849 velit,
2698 4799 2726 4836 a
2758 4784 2980 4837 Domino
3006 4783 3146 4836 curis
3174 4791 3227 4835 et
3256 4781 3475 4835 sarcinis
3515 4780 3749 4835 szccula-

2168 4880 2315 4934 ribus
2342 4876 2599 4947 expediri,
2653 4885 2809 4944 atque
2857 4872 2924 4927 ad
2953 4873 3112 4926 vitam
3161 4872 3465 4941 victumque
3507 4869 3747 4927 revocari

2169 4971 2456 5043 episc0pali
2501 4968 2674 5023 ordini
2723 4966 3144 5021 convenientem.
3196 4964 3383 5018 Procul
3429 4963 3589 5018 dubio
3636 4978 3746 5018 non

2170 5063 2392 5118 multum
2419 5059 2620 5115 fructus
2648 5057 2813 5113 edidit
2839 5057 2955 5111 hazc
2982 5056 3234 5126 epistola;
3261 5053 3470 5124 quando
3490 5054 3743 5124 Augusti-

2172 5168 2273 5210 nus
2303 5152 2370 5207 de
2418 5150 2519 5204 hoc
2543 5148 2785 5219 prmsule,
2816 5147 2974 5201 etiam
3005 5146 3113 5199 vita
3142 5143 3342 5209 functo,
3373 5158 3554 5213 parum
3580 5143 3752 5199 hono-

2172 5246 2322 5300 rifice
2348 5241 2599 5311 loquitur.
2630 5238 2820 5294 Narrat
2847 5252 2989 5301 eum,
3040 5252 3144 5306 quo
3171 5243 3410 5305 tempore
3432 5234 3627 5291 cedere
3657 5235 3756 5291 bo-

2173 5339 2257 5393 nis
2280 5344 2495 5393 coactus
2515 5342 2615 5399 est,
2643 5333 2907 5403 aliquanta
2934 5330 3173 5400 pecunia,
3197 5345 3316 5399 qua:
3334 5330 3408 5383 illi
3434 5329 3756 5397 debebatur,

2174 5439 2412 5500 recepta,
2447 5444 2514 5483 ex
2541 5426 2727 5496 agellis
2752 5422 3015 5494 prazconis
3037 5437 3169 5477 voce
3188 5420 3441 5490 subjectis
3468 5421 3758 5476 nonnullos

2178 5530 2429 5591 tanquam
2456 5516 2712 5573 Ecclesia:
2746 5530 2858 5570 suae
2886 5512 2986 5568 sub
3013 5513 3203 5568 domus
3233 5521 3343 5567 tum
3372 5511 3760 5583 potentissimae

2176 5614 2391 5669 nomine
2418 5623 2787 5681 comparasse;
2818 5616 2877 5663 ut
2894 5607 3055 5663 etiam
3079 5622 3144 5662 ex
3169 5607 3317 5677 ipsis,
3346 5621 3469 5661 cum
3482 5620 3633 5661 more
3657 5619 3761 5661 suo

2178 5704 2253 5761 nil
2283 5701 2411 5760 ﬁsco
2434 5701 2684 5770 solveret,
2706 5698 2876 5757 nullas
2901 5706 3205 5756 exacturum
3244 5696 3516 5754 molestias
3540 5702 3767 5767 patere-
