  <div class='ocr_page' id='page_1' title='image "/cluster/home/n/w/nwhite01/storage/ocr_20150623/32/hvd.32044015706328/197.png"; bbox 0 0 4042 6360; ppageno 0'>
   <div class='ocr_carea' id='block_1_1' title="bbox 492 277 596 336">
    <p class='ocr_par' dir='ltr' id='par_1_1' title="bbox 492 277 596 336">
     <span class='ocr_line' id='line_1_1' title="bbox 492 277 596 336; baseline 0 0"><span class='ocrx_word' id='word_1_1' title='bbox 492 277 596 336; x_wconf 79' lang='lat'><strong>363</strong></span> 
     </span>
    </p>
   </div>
   <div class='ocr_carea' id='block_1_2' title="bbox 493 384 2077 464">
    <p class='ocr_par' dir='ltr' id='par_1_2' title="bbox 493 384 2077 464">
     <span class='ocr_line' id='line_1_2' title="bbox 493 384 2077 464; baseline -0.009 -12"><span class='ocrx_word' id='word_1_2' title='bbox 493 403 808 452; x_wconf 88' lang='lat' dir='ltr'><strong>sectatorem</strong></span> <span class='ocrx_word' id='word_1_3' title='bbox 849 406 968 449; x_wconf 89' lang='lat' dir='ltr'><strong>esse</strong></span> <span class='ocrx_word' id='word_1_4' title='bbox 1006 390 1293 464; x_wconf 83' lang='lat' dir='ltr'><strong>puduisset.</strong></span> <span class='ocrx_word' id='word_1_5' title='bbox 1334 388 1383 445; x_wconf 92' lang='lat' dir='ltr'><strong>ls</strong></span> <span class='ocrx_word' id='word_1_6' title='bbox 1407 388 1617 445; x_wconf 88' lang='lat' dir='ltr'><strong>demum</strong></span> <span class='ocrx_word' id='word_1_7' title='bbox 1637 385 1943 458; x_wconf 80' lang='lat' dir='ltr'><strong>presbytero</strong></span> <span class='ocrx_word' id='word_1_8' title='bbox 1970 384 2077 439; x_wconf 91' lang='lat' dir='ltr'><strong>Deo</strong></span> 
     </span>
    </p>
   </div>
   <div class='ocr_carea' id='block_1_3' title="bbox 490 477 2077 563">
    <p class='ocr_par' dir='ltr' id='par_1_3' title="bbox 490 477 2077 563">
     <span class='ocr_line' id='line_1_3' title="bbox 490 477 2077 563; baseline -0.009 -19"><span class='ocrx_word' id='word_1_9' title='bbox 490 489 708 561; x_wconf 72' lang='lat' dir='ltr'><strong>gratiis,</strong></span> <span class='ocrx_word' id='word_1_10' title='bbox 756 502 849 543; x_wconf 79' lang='lat' dir='ltr'><strong>sex</strong></span> <span class='ocrx_word' id='word_1_11' title='bbox 878 486 945 542; x_wconf 87' lang='lat' dir='ltr'><strong>de</strong></span> <span class='ocrx_word' id='word_1_12' title='bbox 988 485 1243 557; x_wconf 76' lang='lat' dir='ltr'><strong>religione</strong></span> <span class='ocrx_word' id='word_1_13' title='bbox 1280 484 1601 555; x_wconf 72' lang='lat' dir='ltr'><strong>qumstiones</strong></span> <span class='ocrx_word' id='word_1_14' title='bbox 1628 477 1919 563; x_wconf 72' lang='lat' dir='ltr'><strong>proposuit,</strong></span> <span class='ocrx_word' id='word_1_15' title='bbox 1946 491 2077 547; x_wconf 86' lang='lat' dir='ltr'><strong>quas</strong></span> 
     </span>
    </p>
   </div>
   <div class='ocr_carea' id='block_1_4' title="bbox 490 567 2072 651">
    <p class='ocr_par' dir='ltr' id='par_1_4' title="bbox 490 567 2072 651">
     <span class='ocr_line' id='line_1_4' title="bbox 490 567 2072 651; baseline -0.009 -16"><span class='ocrx_word' id='word_1_16' title='bbox 490 579 685 651; x_wconf 82' lang='lat' dir='ltr'><strong>partim</strong></span> <span class='ocrx_word' id='word_1_17' title='bbox 715 594 774 634; x_wconf 92' lang='lat' dir='ltr'><strong>se</strong></span> <span class='ocrx_word' id='word_1_18' title='bbox 793 577 1062 648; x_wconf 85' lang='lat' dir='ltr'><strong>accepisse</strong></span> <span class='ocrx_word' id='word_1_19' title='bbox 1087 591 1114 629; x_wconf 91' lang='lat' dir='ltr'><strong>a</strong></span> <span class='ocrx_word' id='word_1_20' title='bbox 1145 573 1442 645; x_wconf 88' lang='lat' dir='ltr'><strong>Porphyrio</strong></span> <span class='ocrx_word' id='word_1_21' title='bbox 1490 569 1803 643; x_wconf 81' lang='lat' dir='ltr'><strong>phiIOSOpho</strong></span> <span class='ocrx_word' id='word_1_22' title='bbox 1821 567 2072 639; x_wconf 88' lang='lat' dir='ltr'><strong>jactabat.</strong></span> 
     </span>
    </p>
   </div>
   <div class='ocr_carea' id='block_1_5' title="bbox 492 656 2076 741">
    <p class='ocr_par' dir='ltr' id='par_1_5' title="bbox 492 656 2076 741">
     <span class='ocr_line' id='line_1_5' title="bbox 492 656 2076 741; baseline -0.008 -16"><span class='ocrx_word' id='word_1_23' title='bbox 492 669 843 741; x_wconf 79' lang='lat' dir='ltr'><strong>Porphyrium</strong></span> <span class='ocrx_word' id='word_1_24' title='bbox 884 680 1011 722; x_wconf 87' lang='lat' dir='ltr'><strong>vero</strong></span> <span class='ocrx_word' id='word_1_25' title='bbox 1050 665 1228 728; x_wconf 87' lang='lat' dir='ltr'><strong>istum,</strong></span> <span class='ocrx_word' id='word_1_26' title='bbox 1268 679 1299 718; x_wconf 91' lang='lat' dir='ltr'><strong>a</strong></span> <span class='ocrx_word' id='word_1_27' title='bbox 1339 659 1685 718; x_wconf 89' lang='lat' dir='ltr'><strong>celeberrimo</strong></span> <span class='ocrx_word' id='word_1_28' title='bbox 1714 659 1826 724; x_wconf 92' lang='lat' dir='ltr'><strong>illo,</strong></span> <span class='ocrx_word' id='word_1_29' title='bbox 1862 656 2076 713; x_wconf 88' lang='lat' dir='ltr'><strong>natione</strong></span> 
     </span>
    </p>
   </div>
   <div class='ocr_carea' id='block_1_6' title="bbox 492 747 2073 829">
    <p class='ocr_par' dir='ltr' id='par_1_6' title="bbox 492 747 2073 829">
     <span class='ocr_line' id='line_1_6' title="bbox 492 747 2073 829; baseline -0.009 -14"><span class='ocrx_word' id='word_1_30' title='bbox 492 760 690 825; x_wconf 87' lang='lat' dir='ltr'><strong>Siculo,</strong></span> <span class='ocrx_word' id='word_1_31' title='bbox 720 758 809 829; x_wconf 88' lang='lat' dir='ltr'><strong>qui</strong></span> <span class='ocrx_word' id='word_1_32' title='bbox 847 757 945 813; x_wconf 86' lang='lat' dir='ltr'><strong>sub</strong></span> <span class='ocrx_word' id='word_1_33' title='bbox 971 756 1129 811; x_wconf 86' lang='lat' dir='ltr'><strong>tinem</strong></span> <span class='ocrx_word' id='word_1_34' title='bbox 1170 752 1311 811; x_wconf 86' lang='lat' dir='ltr'><strong>tertii</strong></span> <span class='ocrx_word' id='word_1_35' title='bbox 1352 751 1530 807; x_wconf 67' lang='lat' dir='ltr'><strong>surculi</strong></span> <span class='ocrx_word' id='word_1_36' title='bbox 1553 749 1781 817; x_wconf 82' lang='lat' dir='ltr'><strong>vivebat,</strong></span> <span class='ocrx_word' id='word_1_37' title='bbox 1806 747 2073 803; x_wconf 88' lang='lat' dir='ltr'><strong>diversum</strong></span> 
     </span>
    </p>
   </div>
   <div class='ocr_carea' id='block_1_7' title="bbox 490 836 2073 922">
    <p class='ocr_par' dir='ltr' id='par_1_7' title="bbox 490 836 2073 922">
     <span class='ocr_line' id='line_1_7' title="bbox 490 836 2073 922; baseline -0.009 -15"><span class='ocrx_word' id='word_1_38' title='bbox 490 858 641 922; x_wconf 84' lang='lat' dir='ltr'><strong>putat</strong></span> <span class='ocrx_word' id='word_1_39' title='bbox 686 849 1011 920; x_wconf 80' lang='lat' dir='ltr'><strong>Augustinus</strong></span> <span class='ocrx_word' id='word_1_40' title='bbox 1041 846 1284 918; x_wconf 84' lang='lat' dir='ltr'><strong>(Retract.</strong></span> <span class='ocrx_word' id='word_1_41' title='bbox 1311 844 1398 898; x_wconf 80' lang='lat' dir='ltr'><strong>tib.</strong></span> <span class='ocrx_word' id='word_1_42' title='bbox 1423 843 1479 910; x_wconf 89' lang='lat'><strong>2,</strong></span> <span class='ocrx_word' id='word_1_43' title='bbox 1506 859 1618 914; x_wconf 87' lang='lat' dir='ltr'><strong>cap.</strong></span> <span class='ocrx_word' id='word_1_44' title='bbox 1643 841 1757 911; x_wconf 75' lang='grc'><strong>51).</strong></span> <span class='ocrx_word' id='word_1_45' title='bbox 1820 836 2073 908; x_wconf 85' lang='lat' dir='ltr'><strong>Proposi-</strong></span> 
     </span>
    </p>
   </div>
   <div class='ocr_carea' id='block_1_8' title="bbox 490 928 2072 1010">
    <p class='ocr_par' dir='ltr' id='par_1_8' title="bbox 490 928 2072 1010">
     <span class='ocr_line' id='line_1_8' title="bbox 490 928 2072 1010; baseline -0.009 -14"><span class='ocrx_word' id='word_1_46' title='bbox 490 951 572 996; x_wconf 86' lang='lat' dir='ltr'><strong>tas</strong></span> <span class='ocrx_word' id='word_1_47' title='bbox 601 941 918 1010; x_wconf 76' lang='lat' dir='ltr'><strong>qutestiones</strong></span> <span class='ocrx_word' id='word_1_48' title='bbox 944 936 1217 1009; x_wconf 81' lang='lat' dir='ltr'><strong>presbyter</strong></span> <span class='ocrx_word' id='word_1_49' title='bbox 1250 934 1424 989; x_wconf 89' lang='lat' dir='ltr'><strong>statim</strong></span> <span class='ocrx_word' id='word_1_50' title='bbox 1452 949 1481 987; x_wconf 90' lang='lat' dir='ltr'><strong>a</strong></span> <span class='ocrx_word' id='word_1_51' title='bbox 1511 931 1824 1001; x_wconf 90' lang='lat' dir='ltr'><strong>Carthagine</strong></span> <span class='ocrx_word' id='word_1_52' title='bbox 1857 928 1923 984; x_wconf 93' lang='lat' dir='ltr'><strong>ad</strong></span> <span class='ocrx_word' id='word_1_53' title='bbox 1958 929 2072 983; x_wconf 89' lang='lat' dir='ltr'><strong>Au-</strong></span> 
     </span>
    </p>
   </div>
   <div class='ocr_carea' id='block_1_9' title="bbox 488 1017 2073 1101">
    <p class='ocr_par' dir='ltr' id='par_1_9' title="bbox 488 1017 2073 1101">
     <span class='ocr_line' id='line_1_9' title="bbox 488 1017 2073 1101; baseline -0.009 -16"><span class='ocrx_word' id='word_1_54' title='bbox 488 1030 754 1101; x_wconf 89' lang='lat' dir='ltr'><strong>gustinum</strong></span> <span class='ocrx_word' id='word_1_55' title='bbox 783 1028 943 1092; x_wconf 89' lang='lat' dir='ltr'><strong>misit,</strong></span> <span class='ocrx_word' id='word_1_56' title='bbox 968 1042 1032 1082; x_wconf 82' lang='lat' dir='ltr'><strong>ex</strong></span> <span class='ocrx_word' id='word_1_57' title='bbox 1058 1027 1205 1097; x_wconf 87' lang='lat' dir='ltr'><strong>cujus</strong></span> <span class='ocrx_word' id='word_1_58' title='bbox 1232 1038 1323 1079; x_wconf 92' lang='lat' dir='ltr'><strong>ore</strong></span> <span class='ocrx_word' id='word_1_59' title='bbox 1344 1023 1659 1078; x_wconf 89' lang='lat' dir='ltr'><strong>solutionem</strong></span> <span class='ocrx_word' id='word_1_60' title='bbox 1697 1020 1905 1075; x_wconf 91' lang='lat' dir='ltr'><strong>illarum</strong></span> <span class='ocrx_word' id='word_1_61' title='bbox 1934 1017 2073 1092; x_wconf 87' lang='lat' dir='ltr'><strong>acci-</strong></span> 
     </span>
    </p>
   </div>
   <div class='ocr_carea' id='block_1_10' title="bbox 492 1111 2067 1193">
    <p class='ocr_par' dir='ltr' id='par_1_10' title="bbox 492 1111 2067 1193">
     <span class='ocr_line' id='line_1_10' title="bbox 492 1111 2067 1193; baseline -0.009 -16"><span class='ocrx_word' id='word_1_62' title='bbox 492 1137 639 1192; x_wconf 87' lang='lat' dir='ltr'><strong>pere,</strong></span> <span class='ocrx_word' id='word_1_63' title='bbox 670 1137 828 1193; x_wconf 89' lang='lat' dir='ltr'><strong>quam</strong></span> <span class='ocrx_word' id='word_1_64' title='bbox 855 1122 1078 1191; x_wconf 90' lang='lat' dir='ltr'><strong>ipsemet</strong></span> <span class='ocrx_word' id='word_1_65' title='bbox 1102 1133 1219 1173; x_wconf 89' lang='lat' dir='ltr'><strong>eam</strong></span> <span class='ocrx_word' id='word_1_66' title='bbox 1244 1115 1449 1171; x_wconf 88' lang='lat' dir='ltr'><strong>tradere</strong></span> <span class='ocrx_word' id='word_1_67' title='bbox 1474 1114 1721 1169; x_wconf 86' lang='lat' dir='ltr'><strong>malebat.</strong></span> <span class='ocrx_word' id='word_1_68' title='bbox 1740 1112 1836 1167; x_wconf 88' lang='lat' dir='ltr'><strong>Cui</strong></span> <span class='ocrx_word' id='word_1_69' title='bbox 1856 1111 2067 1182; x_wconf 92' lang='lat' dir='ltr'><strong>quidem</strong></span> 
     </span>
    </p>
   </div>
   <div class='ocr_carea' id='block_1_11' title="bbox 488 1201 2070 1275">
    <p class='ocr_par' dir='ltr' id='par_1_11' title="bbox 488 1201 2070 1275">
     <span class='ocr_line' id='line_1_11' title="bbox 488 1201 2070 1275; baseline -0.007 -8"><span class='ocrx_word' id='word_1_70' title='bbox 488 1213 670 1270; x_wconf 90' lang='lat' dir='ltr'><strong>hacin</strong></span> <span class='ocrx_word' id='word_1_71' title='bbox 698 1228 756 1269; x_wconf 89' lang='lat' dir='ltr'><strong>re</strong></span> <span class='ocrx_word' id='word_1_72' title='bbox 781 1222 993 1270; x_wconf 90' lang='lat' dir='ltr'><strong>sanctus</strong></span> <span class='ocrx_word' id='word_1_73' title='bbox 1020 1210 1212 1264; x_wconf 89' lang='lat' dir='ltr'><strong>Doctor</strong></span> <span class='ocrx_word' id='word_1_74' title='bbox 1252 1221 1456 1261; x_wconf 90' lang='lat' dir='ltr'><strong>morem</strong></span> <span class='ocrx_word' id='word_1_75' title='bbox 1493 1204 1679 1275; x_wconf 88' lang='lat' dir='ltr'><strong>gessit,</strong></span> <span class='ocrx_word' id='word_1_76' title='bbox 1719 1204 1839 1258; x_wconf 88' lang='lat' dir='ltr'><strong>licet</strong></span> <span class='ocrx_word' id='word_1_77' title='bbox 1879 1218 1976 1272; x_wconf 92' lang='lat' dir='ltr'><strong>per</strong></span> <span class='ocrx_word' id='word_1_78' title='bbox 2019 1201 2070 1257; x_wconf 90' lang='lat' dir='ltr'><strong>id</strong></span> 
     </span>
    </p>
   </div>
   <div class='ocr_carea' id='block_1_12' title="bbox 490 1294 2071 1377">
    <p class='ocr_par' dir='ltr' id='par_1_12' title="bbox 490 1294 2071 1377">
     <span class='ocr_line' id='line_1_12' title="bbox 490 1294 2071 1377; baseline -0.011 -14"><span class='ocrx_word' id='word_1_79' title='bbox 490 1307 747 1377; x_wconf 89' lang='lat' dir='ltr'><strong>temporis</strong></span> <span class='ocrx_word' id='word_1_80' title='bbox 767 1302 1231 1374; x_wconf 87' lang='lat' dir='ltr'><strong>occupatissimus:</strong></span> <span class='ocrx_word' id='word_1_81' title='bbox 1251 1298 1343 1354; x_wconf 91' lang='lat' dir='ltr'><strong>sed</strong></span> <span class='ocrx_word' id='word_1_82' title='bbox 1364 1312 1485 1353; x_wconf 90' lang='lat' dir='ltr'><strong>eum</strong></span> <span class='ocrx_word' id='word_1_83' title='bbox 1505 1306 1680 1351; x_wconf 88' lang='lat' dir='ltr'><strong>tamen</strong></span> <span class='ocrx_word' id='word_1_84' title='bbox 1699 1294 1917 1364; x_wconf 90' lang='lat' dir='ltr'><strong>epistola</strong></span> <span class='ocrx_word' id='word_1_85' title='bbox 1938 1310 2071 1365; x_wconf 88' lang='lat' dir='ltr'><strong>opu-</strong></span> 
     </span>
    </p>
   </div>
   <div class='ocr_carea' id='block_1_13' title="bbox 487 1384 2072 1466">
    <p class='ocr_par' dir='ltr' id='par_1_13' title="bbox 487 1384 2072 1466">
     <span class='ocr_line' id='line_1_13' title="bbox 487 1384 2072 1466; baseline -0.009 -12"><span class='ocrx_word' id='word_1_86' title='bbox 487 1398 635 1454; x_wconf 89' lang='lat' dir='ltr'><strong>sculo</strong></span> <span class='ocrx_word' id='word_1_87' title='bbox 658 1412 754 1452; x_wconf 90' lang='lat' dir='ltr'><strong>suo</strong></span> <span class='ocrx_word' id='word_1_88' title='bbox 772 1394 984 1466; x_wconf 67' lang='lat' dir='ltr'><strong>prtefixa</strong></span> <span class='ocrx_word' id='word_1_89' title='bbox 999 1400 1168 1463; x_wconf 80' lang='lat' dir='ltr'><strong>rogat,</strong></span> <span class='ocrx_word' id='word_1_90' title='bbox 1182 1399 1241 1445; x_wconf 90' lang='lat' dir='ltr'><strong>ut</strong></span> <span class='ocrx_word' id='word_1_91' title='bbox 1256 1387 1590 1459; x_wconf 89' lang='lat' dir='ltr'><strong>ipseethnico</strong></span> <span class='ocrx_word' id='word_1_92' title='bbox 1609 1386 1682 1440; x_wconf 90' lang='lat' dir='ltr'><strong>illi</strong></span> <span class='ocrx_word' id='word_1_93' title='bbox 1706 1384 1772 1439; x_wconf 88' lang='lat' dir='ltr'><strong>ad</strong></span> <span class='ocrx_word' id='word_1_94' title='bbox 1794 1385 1967 1439; x_wconf 90' lang='lat' dir='ltr'><strong>omnia</strong></span> <span class='ocrx_word' id='word_1_95' title='bbox 1988 1400 2072 1441; x_wconf 86' lang='lat' dir='ltr'><strong>rc-</strong></span> 
     </span>
    </p>
   </div>
   <div class='ocr_carea' id='block_1_14' title="bbox 487 1475 2069 1562">
    <p class='ocr_par' dir='ltr' id='par_1_14' title="bbox 487 1475 2069 1562">
     <span class='ocr_line' id='line_1_14' title="bbox 487 1475 2069 1562; baseline -0.011 -17"><span class='ocrx_word' id='word_1_96' title='bbox 487 1490 750 1562; x_wconf 91' lang='lat' dir='ltr'><strong>spondere</strong></span> <span class='ocrx_word' id='word_1_97' title='bbox 786 1502 853 1543; x_wconf 88' lang='lat' dir='ltr'><strong>ne</strong></span> <span class='ocrx_word' id='word_1_98' title='bbox 892 1494 1171 1556; x_wconf 81' lang='lat' dir='ltr'><strong>gravetur;</strong></span> <span class='ocrx_word' id='word_1_99' title='bbox 1219 1481 1529 1553; x_wconf 91' lang='lat' dir='ltr'><strong>opusculum</strong></span> <span class='ocrx_word' id='word_1_100' title='bbox 1572 1488 1747 1534; x_wconf 91' lang='lat' dir='ltr'><strong>autem</strong></span> <span class='ocrx_word' id='word_1_101' title='bbox 1790 1476 1928 1547; x_wconf 93' lang='lat' dir='ltr'><strong>quod</strong></span> <span class='ocrx_word' id='word_1_102' title='bbox 1969 1475 2069 1546; x_wconf 88' lang='lat' dir='ltr'><strong>ipsi</strong></span> 
     </span>
    </p>
   </div>
   <div class='ocr_carea' id='block_1_15' title="bbox 486 1567 2069 1647">
    <p class='ocr_par' dir='ltr' id='par_1_15' title="bbox 486 1567 2069 1647">
     <span class='ocr_line' id='line_1_15' title="bbox 486 1567 2069 1647; baseline -0.011 -11"><span class='ocrx_word' id='word_1_103' title='bbox 486 1581 670 1647; x_wconf 91' lang='lat' dir='ltr'><strong>mittit,</strong></span> <span class='ocrx_word' id='word_1_104' title='bbox 700 1578 909 1635; x_wconf 90' lang='lat' dir='ltr'><strong>nonnisi</strong></span> <span class='ocrx_word' id='word_1_105' title='bbox 932 1577 996 1631; x_wconf 92' lang='lat' dir='ltr'><strong>iis</strong></span> <span class='ocrx_word' id='word_1_106' title='bbox 1019 1574 1209 1647; x_wconf 87' lang='lat' dir='ltr'><strong>quibus</strong></span> <span class='ocrx_word' id='word_1_107' title='bbox 1226 1586 1516 1643; x_wconf 90' lang='lat' dir='ltr'><strong>congruum</strong></span> <span class='ocrx_word' id='word_1_108' title='bbox 1538 1567 1869 1639; x_wconf 91' lang='lat' dir='ltr'><strong>judicavcrit,</strong></span> <span class='ocrx_word' id='word_1_109' title='bbox 1892 1575 2069 1620; x_wconf 84' lang='lat' dir='ltr'><strong>osten-</strong></span> 
     </span>
    </p>
   </div>
   <div class='ocr_carea' id='block_1_16' title="bbox 485 1659 2068 1738">
    <p class='ocr_par' dir='ltr' id='par_1_16' title="bbox 485 1659 2068 1738">
     <span class='ocr_line' id='line_1_16' title="bbox 485 1659 2068 1738; baseline -0.01 -11"><span class='ocrx_word' id='word_1_110' title='bbox 485 1673 593 1727; x_wconf 89' lang='lat' dir='ltr'><strong>dat.</strong></span> <span class='ocrx_word' id='word_1_111' title='bbox 621 1672 676 1726; x_wconf 91' lang='lat' dir='ltr'><strong>ln</strong></span> <span class='ocrx_word' id='word_1_112' title='bbox 699 1678 934 1726; x_wconf 77' lang='lat' dir='ltr'><strong>extrema</strong></span> <span class='ocrx_word' id='word_1_113' title='bbox 961 1676 1131 1738; x_wconf 84' lang='lat' dir='ltr'><strong>parte,</strong></span> <span class='ocrx_word' id='word_1_114' title='bbox 1157 1679 1277 1720; x_wconf 91' lang='lat' dir='ltr'><strong>cum</strong></span> <span class='ocrx_word' id='word_1_115' title='bbox 1315 1662 1646 1733; x_wconf 82' lang='lat' dir='ltr'><strong>praesentiret</strong></span> <span class='ocrx_word' id='word_1_116' title='bbox 1690 1659 1901 1725; x_wconf 89' lang='lat' dir='ltr'><strong>animo‘,</strong></span> <span class='ocrx_word' id='word_1_117' title='bbox 1945 1672 2068 1713; x_wconf 91' lang='lat' dir='ltr'><strong>eum</strong></span> 
     </span>
    </p>
   </div>
   <div class='ocr_carea' id='block_1_17' title="bbox 484 1749 2070 1832">
    <p class='ocr_par' dir='ltr' id='par_1_17' title="bbox 484 1749 2070 1832">
     <span class='ocr_line' id='line_1_17' title="bbox 484 1749 2070 1832; baseline -0.01 -15"><span class='ocrx_word' id='word_1_118' title='bbox 484 1763 573 1832; x_wconf 85' lang='lat' dir='ltr'><strong>qui</strong></span> <span class='ocrx_word' id='word_1_119' title='bbox 604 1760 922 1832; x_wconf 64' lang='lat' dir='ltr'><strong>quaestiones</strong></span> <span class='ocrx_word' id='word_1_120' title='bbox 943 1759 1062 1813; x_wconf 86' lang='lat' dir='ltr'><strong>illas</strong></span> <span class='ocrx_word' id='word_1_121' title='bbox 1089 1752 1469 1826; x_wconf 80' lang='lat' dir='ltr'><strong>preposuisset,</strong></span> <span class='ocrx_word' id='word_1_122' title='bbox 1498 1752 1606 1822; x_wconf 86' lang='lat' dir='ltr'><strong>jam</strong></span> <span class='ocrx_word' id='word_1_123' title='bbox 1630 1749 1841 1821; x_wconf 89' lang='lat' dir='ltr'><strong>quidem</strong></span> <span class='ocrx_word' id='word_1_124' title='bbox 1869 1749 1937 1803; x_wconf 92' lang='lat' dir='ltr'><strong>de</strong></span> <span class='ocrx_word' id='word_1_125' title='bbox 1956 1763 2070 1802; x_wconf 91' lang='lat' dir='ltr'><strong>am-</strong></span> 
     </span>
    </p>
   </div>
   <div class='ocr_carea' id='block_1_18' title="bbox 460 1837 2070 1923">
    <p class='ocr_par' dir='ltr' id='par_1_18' title="bbox 460 1837 2070 1923">
     <span class='ocr_line' id='line_1_18' title="bbox 460 1837 2070 1923; baseline -0.009 -17"><span class='ocrx_word' id='word_1_126' title='bbox 460 1850 759 1923; x_wconf 67' lang='lat' dir='ltr'><strong>,plcctenda</strong></span> <span class='ocrx_word' id='word_1_127' title='bbox 778 1848 971 1905; x_wconf 88' lang='lat' dir='ltr'><strong>Christi</strong></span> <span class='ocrx_word' id='word_1_128' title='bbox 1004 1847 1106 1902; x_wconf 78' lang='lat' dir='ltr'><strong>[ide</strong></span> <span class='ocrx_word' id='word_1_129' title='bbox 1125 1846 1379 1915; x_wconf 77' lang='lat' dir='ltr'><strong>cogitare,</strong></span> <span class='ocrx_word' id='word_1_130' title='bbox 1406 1843 1497 1899; x_wconf 88' lang='lat' dir='ltr'><strong>sed</strong></span> <span class='ocrx_word' id='word_1_131' title='bbox 1524 1842 1668 1913; x_wconf 90' lang='lat' dir='ltr'><strong>prius</strong></span> <span class='ocrx_word' id='word_1_132' title='bbox 1696 1856 1816 1910; x_wconf 81' lang='lat' dir='ltr'><strong>quae</strong></span> <span class='ocrx_word' id='word_1_133' title='bbox 1846 1840 1896 1893; x_wconf 92' lang='lat' dir='ltr'><strong>in</strong></span> <span class='ocrx_word' id='word_1_134' title='bbox 1924 1837 2070 1894; x_wconf 88' lang='lat' dir='ltr'><strong>Scri-</strong></span> 
     </span>
    </p>
   </div>
   <div class='ocr_carea' id='block_1_19' title="bbox 486 1927 2068 2012">
    <p class='ocr_par' dir='ltr' id='par_1_19' title="bbox 486 1927 2068 2012">
     <span class='ocr_line' id='line_1_19' title="bbox 486 1927 2068 2012; baseline -0.009 -16"><span class='ocrx_word' id='word_1_135' title='bbox 486 1941 655 2012; x_wconf 87' lang='lat' dir='ltr'><strong>pturis</strong></span> <span class='ocrx_word' id='word_1_136' title='bbox 679 1940 904 1995; x_wconf 90' lang='lat' dir='ltr'><strong>obscura</strong></span> <span class='ocrx_word' id='word_1_137' title='bbox 931 1945 1054 1991; x_wconf 91' lang='lat' dir='ltr'><strong>sunt</strong></span> <span class='ocrx_word' id='word_1_138' title='bbox 1076 1936 1213 1991; x_wconf 85' lang='lat' dir='ltr'><strong>velle</strong></span> <span class='ocrx_word' id='word_1_139' title='bbox 1241 1934 1339 1989; x_wconf 91' lang='lat' dir='ltr'><strong>sibi</strong></span> <span class='ocrx_word' id='word_1_140' title='bbox 1366 1932 1644 2003; x_wconf 77' lang='lat' dir='ltr'><strong>explicari;</strong></span> <span class='ocrx_word' id='word_1_141' title='bbox 1691 1931 1836 1983; x_wconf 91' lang='lat' dir='ltr'><strong>illum</strong></span> <span class='ocrx_word' id='word_1_142' title='bbox 1884 1927 2068 1983; x_wconf 89' lang='lat' dir='ltr'><strong>sedulo</strong></span> 
     </span>
    </p>
   </div>
   <div class='ocr_carea' id='block_1_20' title="bbox 488 2019 2069 2098">
    <p class='ocr_par' dir='ltr' id='par_1_20' title="bbox 488 2019 2069 2098">
     <span class='ocr_line' id='line_1_20' title="bbox 488 2019 2069 2098; baseline -0.009 -11"><span class='ocrx_word' id='word_1_143' title='bbox 488 2032 807 2089; x_wconf 87' lang='lat' dir='ltr'><strong>monendum</strong></span> <span class='ocrx_word' id='word_1_144' title='bbox 837 2030 1004 2095; x_wconf 74' lang='lat' dir='ltr'><strong>duxit,</strong></span> <span class='ocrx_word' id='word_1_145' title='bbox 1027 2036 1087 2083; x_wconf 94' lang='lat' dir='ltr'><strong>ut</strong></span> <span class='ocrx_word' id='word_1_146' title='bbox 1107 2028 1323 2098; x_wconf 89' lang='lat' dir='ltr'><strong>jamjam</strong></span> <span class='ocrx_word' id='word_1_147' title='bbox 1348 2024 1665 2081; x_wconf 88' lang='lat' dir='ltr'><strong>christianus</strong></span> <span class='ocrx_word' id='word_1_148' title='bbox 1697 2021 1807 2087; x_wconf 85' lang='lat' dir='ltr'><strong>fiat,</strong></span> <span class='ocrx_word' id='word_1_149' title='bbox 1834 2034 1931 2074; x_wconf 91' lang='lat' dir='ltr'><strong>nec</strong></span> <span class='ocrx_word' id='word_1_150' title='bbox 1953 2019 2069 2073; x_wconf 79' lang='lat' dir='ltr'><strong>diu-</strong></span> 
     </span>
    </p>
   </div>
   <div class='ocr_carea' id='block_1_21' title="bbox 486 2105 2068 2192">
    <p class='ocr_par' dir='ltr' id='par_1_21' title="bbox 486 2105 2068 2192">
     <span class='ocr_line' id='line_1_21' title="bbox 486 2105 2068 2192; baseline -0.011 -12"><span class='ocrx_word' id='word_1_151' title='bbox 486 2126 590 2180; x_wconf 91' lang='lat' dir='ltr'><strong>tius</strong></span> <span class='ocrx_word' id='word_1_152' title='bbox 611 2124 810 2178; x_wconf 69' lang='lat' dir='ltr'><strong>haereat</strong></span> <span class='ocrx_word' id='word_1_153' title='bbox 828 2121 880 2176; x_wconf 92' lang='lat' dir='ltr'><strong>in</strong></span> <span class='ocrx_word' id='word_1_154' title='bbox 897 2105 1295 2192; x_wconf 65' lang='lat' dir='ltr'><strong>quaestionibus,</strong></span> <span class='ocrx_word' id='word_1_155' title='bbox 1312 2115 1492 2186; x_wconf 86' lang='lat' dir='ltr'><strong>quales</strong></span> <span class='ocrx_word' id='word_1_156' title='bbox 1506 2111 1756 2184; x_wconf 85' lang='lat' dir='ltr'><strong>quasdam</strong></span> <span class='ocrx_word' id='word_1_157' title='bbox 1777 2124 2068 2181; x_wconf 87' lang='lat' dir='ltr'><strong>proposue-</strong></span> 
     </span>
    </p>
   </div>
   <div class='ocr_carea' id='block_1_22' title="bbox 485 2204 2068 2287">
    <p class='ocr_par' dir='ltr' id='par_1_22' title="bbox 485 2204 2068 2287">
     <span class='ocr_line' id='line_1_22' title="bbox 485 2204 2068 2287; baseline -0.013 -14"><span class='ocrx_word' id='word_1_158' title='bbox 485 2225 595 2273; x_wconf 84' lang='lat' dir='ltr'><strong>rat:</strong></span> <span class='ocrx_word' id='word_1_159' title='bbox 614 2215 695 2271; x_wconf 86' lang='lat' dir='ltr'><strong>Ne</strong></span> <span class='ocrx_word' id='word_1_160' title='bbox 705 2215 852 2287; x_wconf 81' lang='lat' dir='ltr'><strong>forte,</strong></span> <span class='ocrx_word' id='word_1_161' title='bbox 872 2212 1060 2283; x_wconf 86' lang='lat' dir='ltr'><strong>inquit,</strong></span> <span class='ocrx_word' id='word_1_162' title='bbox 1075 2227 1185 2266; x_wconf 85' lang='lat' dir='ltr'><strong>cum</strong></span> <span class='ocrx_word' id='word_1_163' title='bbox 1197 2215 1445 2279; x_wconf 75' lang='lat' dir='ltr'><strong>exspectat</strong></span> <span class='ocrx_word' id='word_1_164' title='bbox 1461 2214 1575 2259; x_wconf 86' lang='lat' dir='ltr'><strong>ante</strong></span> <span class='ocrx_word' id='word_1_165' title='bbox 1590 2204 1855 2257; x_wconf 82' lang='lat' dir='ltr'><strong>Librorum</strong></span> <span class='ocrx_word' id='word_1_166' title='bbox 1869 2211 2068 2255; x_wconf 85' lang='lat' dir='ltr'><strong>sancto-</strong></span> 
     </span>
    </p>
   </div>
   <div class='ocr_carea' id='block_1_23' title="bbox 484 2294 2070 2380">
    <p class='ocr_par' dir='ltr' id='par_1_23' title="bbox 484 2294 2070 2380">
     <span class='ocr_line' id='line_1_23' title="bbox 484 2294 2070 2380; baseline -0.011 -16"><span class='ocrx_word' id='word_1_167' title='bbox 484 2326 593 2365; x_wconf 84' lang='lat' dir='ltr'><strong>rum</strong></span> <span class='ocrx_word' id='word_1_168' title='bbox 614 2308 760 2380; x_wconf 85' lang='lat' dir='ltr'><strong>ﬁnire</strong></span> <span class='ocrx_word' id='word_1_169' title='bbox 782 2306 1096 2378; x_wconf 64' lang='lat' dir='ltr'><strong>quastiones,</strong></span> <span class='ocrx_word' id='word_1_170' title='bbox 1122 2317 1279 2373; x_wconf 93' lang='lat' dir='ltr'><strong>quam</strong></span> <span class='ocrx_word' id='word_1_171' title='bbox 1306 2296 1730 2361; x_wconf 84' lang='lat' dir='ltr'><strong>sitChristianus,</strong></span> <span class='ocrx_word' id='word_1_172' title='bbox 1759 2296 1898 2365; x_wconf 85' lang='lat' dir='ltr'><strong>prius</strong></span> <span class='ocrx_word' id='word_1_173' title='bbox 1923 2294 2070 2363; x_wconf 85' lang='lat' dir='ltr'><strong>ﬁniat</strong></span> 
     </span>
    </p>
   </div>
   <div class='ocr_carea' id='block_1_24' title="bbox 486 2384 2070 2467">
    <p class='ocr_par' dir='ltr' id='par_1_24' title="bbox 486 2384 2070 2467">
     <span class='ocr_line' id='line_1_24' title="bbox 486 2384 2070 2467; baseline -0.011 -14"><span class='ocrx_word' id='word_1_174' title='bbox 486 2400 631 2453; x_wconf 77' lang='lat' dir='ltr'><strong>vitam</strong></span> <span class='ocrx_word' id='word_1_175' title='bbox 648 2399 814 2464; x_wconf 82' lang='lat' dir='ltr'><strong>istam,</strong></span> <span class='ocrx_word' id='word_1_176' title='bbox 832 2413 979 2467; x_wconf 87' lang='lat' dir='ltr'><strong>quam</strong></span> <span class='ocrx_word' id='word_1_177' title='bbox 996 2402 1213 2448; x_wconf 83' lang='lat' dir='ltr'><strong>transeat</strong></span> <span class='ocrx_word' id='word_1_178' title='bbox 1228 2409 1258 2445; x_wconf 92' lang='lat' dir='ltr'><strong>a</strong></span> <span class='ocrx_word' id='word_1_179' title='bbox 1271 2400 1426 2445; x_wconf 89' lang='lat' dir='ltr'><strong>morte</strong></span> <span class='ocrx_word' id='word_1_180' title='bbox 1439 2389 1504 2442; x_wconf 87' lang='lat' dir='ltr'><strong>ad</strong></span> <span class='ocrx_word' id='word_1_181' title='bbox 1520 2388 1688 2442; x_wconf 79' lang='lat' dir='ltr'><strong>vitam.</strong></span> <span class='ocrx_word' id='word_1_182' title='bbox 1705 2386 1838 2442; x_wconf 86' lang='lat' dir='ltr'><strong>Sunt</strong></span> <span class='ocrx_word' id='word_1_183' title='bbox 1850 2385 1976 2439; x_wconf 85' lang='lat' dir='ltr'><strong>enim</strong></span> <span class='ocrx_word' id='word_1_184' title='bbox 1991 2384 2070 2437; x_wconf 79' lang='lat' dir='ltr'><strong>in-</strong></span> 
     </span>
    </p>
   </div>
   <div class='ocr_carea' id='block_1_25' title="bbox 487 2476 2070 2559">
    <p class='ocr_par' dir='ltr' id='par_1_25' title="bbox 487 2476 2070 2559">
     <span class='ocr_line' id='line_1_25' title="bbox 487 2476 2070 2559; baseline -0.011 -15"><span class='ocrx_word' id='word_1_185' title='bbox 487 2488 836 2557; x_wconf 78' lang='lat' dir='ltr'><strong>numerabiles,</strong></span> <span class='ocrx_word' id='word_1_186' title='bbox 865 2503 978 2559; x_wconf 71' lang='lat' dir='ltr'><strong>quae</strong></span> <span class='ocrx_word' id='word_1_187' title='bbox 989 2502 1087 2540; x_wconf 91' lang='lat' dir='ltr'><strong>non</strong></span> <span class='ocrx_word' id='word_1_188' title='bbox 1099 2494 1215 2539; x_wconf 85' lang='lat' dir='ltr'><strong>sunt</strong></span> <span class='ocrx_word' id='word_1_189' title='bbox 1228 2481 1461 2553; x_wconf 71' lang='lat' dir='ltr'><strong>ﬁnienda:</strong></span> <span class='ocrx_word' id='word_1_190' title='bbox 1470 2490 1583 2534; x_wconf 75' lang='lat' dir='ltr'><strong>ante</strong></span> <span class='ocrx_word' id='word_1_191' title='bbox 1594 2479 1765 2549; x_wconf 86' lang='lat' dir='ltr'><strong>ﬁdem,</strong></span> <span class='ocrx_word' id='word_1_192' title='bbox 1791 2493 1851 2530; x_wconf 90' lang='lat' dir='ltr'><strong>ne</strong></span> <span class='ocrx_word' id='word_1_193' title='bbox 1862 2476 2070 2546; x_wconf 83' lang='lat' dir='ltr'><strong>ﬁniatur</strong></span> 
     </span>
    </p>
   </div>
   <div class='ocr_carea' id='block_1_26' title="bbox 488 2567 2066 2649">
    <p class='ocr_par' dir='ltr' id='par_1_26' title="bbox 488 2567 2066 2649">
     <span class='ocr_line' id='line_1_26' title="bbox 488 2567 2066 2649; baseline -0.008 -15"><span class='ocrx_word' id='word_1_194' title='bbox 488 2582 586 2635; x_wconf 74' lang='lat' dir='ltr'><strong>vita</strong></span> <span class='ocrx_word' id='word_1_195' title='bbox 604 2580 713 2636; x_wconf 82' lang='lat' dir='ltr'><strong>sine</strong></span> <span class='ocrx_word' id='word_1_196' title='bbox 738 2579 856 2645; x_wconf 85' lang='lat' dir='ltr'><strong>ﬁde.</strong></span> <span class='ocrx_word' id='word_1_197' title='bbox 878 2578 979 2634; x_wconf 86' lang='lat' dir='ltr'><strong>Sea</strong></span> <span class='ocrx_word' id='word_1_198' title='bbox 1004 2576 1154 2649; x_wconf 82' lang='lat' dir='ltr'><strong>plane</strong></span> <span class='ocrx_word' id='word_1_199' title='bbox 1172 2582 1361 2629; x_wconf 88' lang='lat' dir='ltr'><strong>retenta</strong></span> <span class='ocrx_word' id='word_1_200' title='bbox 1378 2573 1488 2644; x_wconf 81' lang='lat' dir='ltr'><strong>jam</strong></span> <span class='ocrx_word' id='word_1_201' title='bbox 1514 2571 1634 2640; x_wconf 88' lang='lat' dir='ltr'><strong>ﬁde,</strong></span> <span class='ocrx_word' id='word_1_202' title='bbox 1659 2567 1726 2623; x_wconf 90' lang='lat' dir='ltr'><strong>ad</strong></span> <span class='ocrx_word' id='word_1_203' title='bbox 1743 2567 2066 2623; x_wconf 74' lang='lat' dir='ltr'><strong>exercendam</strong></span> 
     </span>
    </p>
   </div>
   <div class='ocr_carea' id='block_1_27' title="bbox 488 2660 2070 2743">
    <p class='ocr_par' dir='ltr' id='par_1_27' title="bbox 488 2660 2070 2743">
     <span class='ocr_line' id='line_1_27' title="bbox 488 2660 2070 2743; baseline -0.009 -17"><span class='ocrx_word' id='word_1_204' title='bbox 488 2673 629 2743; x_wconf 83' lang='lat' dir='ltr'><strong>piam</strong></span> <span class='ocrx_word' id='word_1_205' title='bbox 654 2669 1031 2725; x_wconf 78' lang='lat' dir='ltr'><strong>delectationem</strong></span> <span class='ocrx_word' id='word_1_206' title='bbox 1074 2665 1314 2720; x_wconf 81' lang='lat' dir='ltr'><strong>mentium</strong></span> <span class='ocrx_word' id='word_1_207' title='bbox 1341 2662 1567 2733; x_wconf 79' lang='lat' dir='ltr'><strong>ﬁdelium</strong></span> <span class='ocrx_word' id='word_1_208' title='bbox 1598 2660 1955 2715; x_wconf 80' lang='lat' dir='ltr'><strong>studiosissime</strong></span> <span class='ocrx_word' id='word_1_209' title='bbox 1990 2675 2070 2713; x_wconf 85' lang='lat' dir='ltr'><strong>re-</strong></span> 
     </span>
    </p>
   </div>
   <div class='ocr_carea' id='block_1_28' title="bbox 489 2750 2071 2833">
    <p class='ocr_par' dir='ltr' id='par_1_28' title="bbox 489 2750 2071 2833">
     <span class='ocr_line' id='line_1_28' title="bbox 489 2750 2071 2833; baseline -0.009 -15"><span class='ocrx_word' id='word_1_210' title='bbox 489 2762 763 2833; x_wconf 65' lang='lat' dir='ltr'><strong>quirenda,</strong></span> <span class='ocrx_word' id='word_1_211' title='bbox 794 2769 839 2814; x_wconf 90' lang='lat' dir='ltr'><strong>et</strong></span> <span class='ocrx_word' id='word_1_212' title='bbox 863 2758 1069 2831; x_wconf 85' lang='lat' dir='ltr'><strong>quodin</strong></span> <span class='ocrx_word' id='word_1_213' title='bbox 1096 2758 1167 2813; x_wconf 88' lang='lat' dir='ltr'><strong>eis</strong></span> <span class='ocrx_word' id='word_1_214' title='bbox 1197 2755 1427 2819; x_wconf 76' lang='lat' dir='ltr'><strong>eluxerit,</strong></span> <span class='ocrx_word' id='word_1_215' title='bbox 1455 2755 1561 2808; x_wconf 86' lang='lat' dir='ltr'><strong>sine</strong></span> <span class='ocrx_word' id='word_1_216' title='bbox 1587 2753 1741 2824; x_wconf 82' lang='lat' dir='ltr'><strong>typho</strong></span> <span class='ocrx_word' id='word_1_217' title='bbox 1770 2750 2071 2822; x_wconf 72' lang='lat' dir='ltr'><strong>arrogantia:</strong></span> 
     </span>
    </p>
   </div>
   <div class='ocr_carea' id='block_1_29' title="bbox 492 2841 2067 2918">
    <p class='ocr_par' dir='ltr' id='par_1_29' title="bbox 492 2841 2067 2918">
     <span class='ocr_line' id='line_1_29' title="bbox 492 2841 2067 2918; baseline -0.009 -11"><span class='ocrx_word' id='word_1_218' title='bbox 492 2850 995 2914; x_wconf 76' lang='lat' dir='ltr'><strong>communicandum;</strong></span> <span class='ocrx_word' id='word_1_219' title='bbox 1021 2846 1153 2918; x_wconf 84' lang='lat' dir='ltr'><strong>quod</strong></span> <span class='ocrx_word' id='word_1_220' title='bbox 1180 2855 1345 2900; x_wconf 87' lang='lat' dir='ltr'><strong>autem</strong></span> <span class='ocrx_word' id='word_1_221' title='bbox 1376 2844 1594 2910; x_wconf 82' lang='lat' dir='ltr'><strong>latuerit,</strong></span> <span class='ocrx_word' id='word_1_222' title='bbox 1623 2844 1730 2897; x_wconf 83' lang='lat' dir='ltr'><strong>sine</strong></span> <span class='ocrx_word' id='word_1_223' title='bbox 1756 2842 1932 2896; x_wconf 84' lang='lat' dir='ltr'><strong>salutis</strong></span> <span class='ocrx_word' id='word_1_224' title='bbox 1959 2841 2067 2894; x_wconf 86' lang='lat' dir='ltr'><strong>dis-</strong></span> 
     </span>
    </p>
   </div>
   <div class='ocr_carea' id='block_1_30' title="bbox 488 2932 2071 3014">
    <p class='ocr_par' dir='ltr' id='par_1_30' title="bbox 488 2932 2071 3014">
     <span class='ocr_line' id='line_1_30' title="bbox 488 2932 2071 3014; baseline -0.009 -17"><span class='ocrx_word' id='word_1_225' title='bbox 488 2941 669 3014; x_wconf 88' lang='lat' dir='ltr'><strong>pendio</strong></span> <span class='ocrx_word' id='word_1_226' title='bbox 714 2939 1028 2995; x_wconf 87' lang='lat' dir='ltr'><strong>tolerandum</strong></span> <span class='ocrx_word' id='word_1_227' title='bbox 1079 2936 1291 3011; x_wconf 85' lang='lat' dir='ltr'><strong>(Epist.</strong></span> <span class='ocrx_word' id='word_1_228' title='bbox 1344 2935 1474 3002; x_wconf 68' lang='lat'><strong>102,</strong></span> <span class='ocrx_word' id='word_1_229' title='bbox 1524 2952 1578 2989; x_wconf 82' lang='grc' dir='ltr'><strong>η.</strong></span> <span class='ocrx_word' id='word_1_230' title='bbox 1629 2933 1759 3004; x_wconf 73' lang='lat'><strong>38).</strong></span> <span class='ocrx_word' id='word_1_231' title='bbox 1813 2932 2071 3002; x_wconf 81' lang='lat' dir='ltr'><strong>Scriptio-</strong></span> 
     </span>
    </p>
   </div>
   <div class='ocr_carea' id='block_1_31' title="bbox 489 3025 2064 3102">
    <p class='ocr_par' dir='ltr' id='par_1_31' title="bbox 489 3025 2064 3102">
     <span class='ocr_line' id='line_1_31' title="bbox 489 3025 2064 3102; baseline -0.007 -15"><span class='ocrx_word' id='word_1_232' title='bbox 489 3048 610 3088; x_wconf 89' lang='lat' dir='ltr'><strong>nem</strong></span> <span class='ocrx_word' id='word_1_233' title='bbox 642 3032 786 3087; x_wconf 89' lang='lat' dir='ltr'><strong>illam</strong></span> <span class='ocrx_word' id='word_1_234' title='bbox 815 3029 1149 3102; x_wconf 85' lang='lat' dir='ltr'><strong>proferebant</strong></span> <span class='ocrx_word' id='word_1_235' title='bbox 1188 3027 1474 3098; x_wconf 82' lang='lat' dir='ltr'><strong>Pelagiani,</strong></span> <span class='ocrx_word' id='word_1_236' title='bbox 1522 3025 1623 3081; x_wconf 94' lang='lat' dir='ltr'><strong>hoc</strong></span> <span class='ocrx_word' id='word_1_237' title='bbox 1664 3026 1715 3079; x_wconf 92' lang='lat' dir='ltr'><strong>in</strong></span> <span class='ocrx_word' id='word_1_238' title='bbox 1752 3040 1869 3079; x_wconf 91' lang='lat' dir='ltr'><strong>rem</strong></span> <span class='ocrx_word' id='word_1_239' title='bbox 1917 3038 2064 3078; x_wconf 88' lang='lat' dir='ltr'><strong>suam</strong></span> 
     </span>
    </p>
   </div>
   <div class='ocr_carea' id='block_1_32' title="bbox 489 3112 2070 3191">
    <p class='ocr_par' dir='ltr' id='par_1_32' title="bbox 489 3112 2070 3191">
     <span class='ocr_line' id='line_1_32' title="bbox 489 3112 2070 3191; baseline -0.008 -14"><span class='ocrx_word' id='word_1_240' title='bbox 489 3122 725 3177; x_wconf 80' lang='lat' dir='ltr'><strong>converti</strong></span> <span class='ocrx_word' id='word_1_241' title='bbox 748 3135 903 3191; x_wconf 89' lang='lat' dir='ltr'><strong>posse</strong></span> <span class='ocrx_word' id='word_1_242' title='bbox 928 3120 1223 3190; x_wconf 82' lang='lat' dir='ltr'><strong>opinantes,</strong></span> <span class='ocrx_word' id='word_1_243' title='bbox 1263 3116 1404 3187; x_wconf 91' lang='lat' dir='ltr'><strong>quod</strong></span> <span class='ocrx_word' id='word_1_244' title='bbox 1446 3115 1640 3171; x_wconf 89' lang='lat' dir='ltr'><strong>ibidem</strong></span> <span class='ocrx_word' id='word_1_245' title='bbox 1680 3114 1888 3184; x_wconf 82' lang='lat' dir='ltr'><strong>legitur,</strong></span> <span class='ocrx_word' id='word_1_246' title='bbox 1916 3112 2070 3167; x_wconf 87' lang='lat' dir='ltr'><strong>Chri-</strong></span> 
     </span>
    </p>
   </div>
   <div class='ocr_carea' id='block_1_33' title="bbox 490 3205 2070 3278">
    <p class='ocr_par' dir='ltr' id='par_1_33' title="bbox 490 3205 2070 3278">
     <span class='ocr_line' id='line_1_33' title="bbox 490 3205 2070 3278; baseline -0.004 -10"><span class='ocrx_word' id='word_1_247' title='bbox 490 3223 628 3269; x_wconf 87' lang='lat' dir='ltr'><strong>stum</strong></span> <span class='ocrx_word' id='word_1_248' title='bbox 649 3220 777 3268; x_wconf 89' lang='lat' dir='ltr'><strong>tunc</strong></span> <span class='ocrx_word' id='word_1_249' title='bbox 801 3212 1030 3266; x_wconf 78' lang='lat' dir='ltr'><strong>voluisse</strong></span> <span class='ocrx_word' id='word_1_250' title='bbox 1058 3209 1362 3265; x_wconf 89' lang='lat' dir='ltr'><strong>hominibus</strong></span> <span class='ocrx_word' id='word_1_251' title='bbox 1388 3222 1663 3278; x_wconf 89' lang='lat' dir='ltr'><strong>apparere,</strong></span> <span class='ocrx_word' id='word_1_252' title='bbox 1696 3216 1749 3261; x_wconf 89' lang='lat' dir='ltr'><strong>et</strong></span> <span class='ocrx_word' id='word_1_253' title='bbox 1796 3205 1936 3277; x_wconf 91' lang='lat' dir='ltr'><strong>apud</strong></span> <span class='ocrx_word' id='word_1_254' title='bbox 1975 3221 2070 3261; x_wconf 90' lang='lat' dir='ltr'><strong>eos</strong></span> 
     </span>
    </p>
   </div>
   <div class='ocr_carea' id='block_1_34' title="bbox 490 3298 2068 3377">
    <p class='ocr_par' dir='ltr' id='par_1_34' title="bbox 490 3298 2068 3377">
     <span class='ocr_line' id='line_1_34' title="bbox 490 3298 2068 3377; baseline -0.004 -17"><span class='ocrx_word' id='word_1_255' title='bbox 490 3304 765 3377; x_wconf 72' lang='lat' dir='ltr'><strong>prtedieari</strong></span> <span class='ocrx_word' id='word_1_256' title='bbox 801 3304 1093 3359; x_wconf 90' lang='lat' dir='ltr'><strong>doctrinam</strong></span> <span class='ocrx_word' id='word_1_257' title='bbox 1124 3317 1293 3367; x_wconf 91' lang='lat' dir='ltr'><strong>suam,</strong></span> <span class='ocrx_word' id='word_1_258' title='bbox 1312 3300 1521 3372; x_wconf 89' lang='lat' dir='ltr'><strong>quando</strong></span> <span class='ocrx_word' id='word_1_259' title='bbox 1542 3300 1808 3355; x_wconf 88' lang='lat' dir='ltr'><strong>sciebatet</strong></span> <span class='ocrx_word' id='word_1_260' title='bbox 1826 3298 1915 3354; x_wconf 91' lang='lat' dir='ltr'><strong>ubi</strong></span> <span class='ocrx_word' id='word_1_261' title='bbox 1932 3300 2068 3354; x_wconf 85' lang='lat' dir='ltr'><strong>scie-</strong></span> 
     </span>
    </p>
   </div>
   <div class='ocr_carea' id='block_1_35' title="bbox 491 3391 2071 3467">
    <p class='ocr_par' dir='ltr' id='par_1_35' title="bbox 491 3391 2071 3467">
     <span class='ocr_line' id='line_1_35' title="bbox 491 3391 2071 3467; baseline -0.004 -14"><span class='ocrx_word' id='word_1_262' title='bbox 491 3396 738 3465; x_wconf 87' lang='lat' dir='ltr'><strong>batessc,</strong></span> <span class='ocrx_word' id='word_1_263' title='bbox 767 3397 855 3467; x_wconf 88' lang='lat' dir='ltr'><strong>qui</strong></span> <span class='ocrx_word' id='word_1_264' title='bbox 896 3396 946 3450; x_wconf 90' lang='lat' dir='ltr'><strong>in</strong></span> <span class='ocrx_word' id='word_1_265' title='bbox 987 3410 1109 3451; x_wconf 92' lang='lat' dir='ltr'><strong>eum</strong></span> <span class='ocrx_word' id='word_1_266' title='bbox 1153 3393 1360 3449; x_wconf 89' lang='lat' dir='ltr'><strong>fuerant</strong></span> <span class='ocrx_word' id='word_1_267' title='bbox 1387 3392 1656 3448; x_wconf 90' lang='lat' dir='ltr'><strong>credituri.</strong></span> <span class='ocrx_word' id='word_1_268' title='bbox 1694 3392 1888 3447; x_wconf 82' lang='lat' dir='ltr'><strong>Verum</strong></span> <span class='ocrx_word' id='word_1_269' title='bbox 1916 3391 2071 3446; x_wconf 88' lang='lat' dir='ltr'><strong>docet</strong></span> 
     </span>
    </p>
   </div>
   <div class='ocr_carea' id='block_1_36' title="bbox 493 3483 2071 3558">
    <p class='ocr_par' dir='ltr' id='par_1_36' title="bbox 493 3483 2071 3558">
     <span class='ocr_line' id='line_1_36' title="bbox 493 3483 2071 3558; baseline -0.002 -16"><span class='ocrx_word' id='word_1_270' title='bbox 493 3487 836 3558; x_wconf 84' lang='lat' dir='ltr'><strong>Augustinus,</strong></span> <span class='ocrx_word' id='word_1_271' title='bbox 860 3485 911 3541; x_wconf 91' lang='lat' dir='ltr'><strong>id</strong></span> <span class='ocrx_word' id='word_1_272' title='bbox 933 3501 992 3542; x_wconf 91' lang='lat' dir='ltr'><strong>se</strong></span> <span class='ocrx_word' id='word_1_273' title='bbox 1018 3493 1220 3540; x_wconf 91' lang='lat' dir='ltr'><strong>tantum</strong></span> <span class='ocrx_word' id='word_1_274' title='bbox 1237 3485 1303 3539; x_wconf 91' lang='lat' dir='ltr'><strong>de</strong></span> <span class='ocrx_word' id='word_1_275' title='bbox 1327 3484 1655 3554; x_wconf 70' lang='lat' dir='ltr'><strong>prtescientia</strong></span> <span class='ocrx_word' id='word_1_276' title='bbox 1679 3483 1872 3538; x_wconf 89' lang='lat' dir='ltr'><strong>Christi</strong></span> <span class='ocrx_word' id='word_1_277' title='bbox 1894 3484 2071 3539; x_wconf 86' lang='lat' dir='ltr'><strong>dicere</strong></span> 
     </span>
    </p>
   </div>
   <div class='ocr_carea' id='block_1_37' title="bbox 496 3572 2068 3648">
    <p class='ocr_par' dir='ltr' id='par_1_37' title="bbox 496 3572 2068 3648">
     <span class='ocr_line' id='line_1_37' title="bbox 496 3572 2068 3648; baseline -0.004 -15"><span class='ocrx_word' id='word_1_278' title='bbox 496 3577 746 3642; x_wconf 85' lang='lat' dir='ltr'><strong>voluisse,</strong></span> <span class='ocrx_word' id='word_1_279' title='bbox 789 3575 930 3648; x_wconf 90' lang='lat' dir='ltr'><strong>quod</strong></span> <span class='ocrx_word' id='word_1_280' title='bbox 972 3574 1346 3631; x_wconf 88' lang='lat' dir='ltr'><strong>convincendae</strong></span> <span class='ocrx_word' id='word_1_281' title='bbox 1383 3574 1713 3644; x_wconf 88' lang='lat' dir='ltr'><strong>Paganorum</strong></span> <span class='ocrx_word' id='word_1_282' title='bbox 1756 3572 2068 3640; x_wconf 86' lang='lat' dir='ltr'><strong>infidelitati,</strong></span> 
     </span>
    </p>
   </div>
   <div class='ocr_carea' id='block_1_38' title="bbox 490 3664 2067 3739">
    <p class='ocr_par' dir='ltr' id='par_1_38' title="bbox 490 3664 2067 3739">
     <span class='ocr_line' id='line_1_38' title="bbox 490 3664 2067 3739; baseline -0.001 -16"><span class='ocrx_word' id='word_1_283' title='bbox 490 3668 579 3739; x_wconf 88' lang='lat' dir='ltr'><strong>qui</strong></span> <span class='ocrx_word' id='word_1_284' title='bbox 606 3668 741 3724; x_wconf 85' lang='lat' dir='ltr'><strong>hanc</strong></span> <span class='ocrx_word' id='word_1_285' title='bbox 763 3669 1067 3739; x_wconf 88' lang='lat' dir='ltr'><strong>objecerant</strong></span> <span class='ocrx_word' id='word_1_286' title='bbox 1104 3667 1472 3737; x_wconf 72' lang='lat' dir='ltr'><strong>qumstiouem,</strong></span> <span class='ocrx_word' id='word_1_287' title='bbox 1502 3664 1748 3721; x_wconf 81' lang='lat' dir='ltr'><strong>sufficere</strong></span> <span class='ocrx_word' id='word_1_288' title='bbox 1774 3666 2067 3733; x_wconf 83' lang='lat' dir='ltr'><strong>videretur;</strong></span> 
     </span>
    </p>
   </div>
   <div class='ocr_carea' id='block_1_39' title="bbox 488 3756 2071 3830">
    <p class='ocr_par' dir='ltr' id='par_1_39' title="bbox 488 3756 2071 3830">
     <span class='ocr_line' id='line_1_39' title="bbox 488 3756 2071 3830; baseline -0.003 -14"><span class='ocrx_word' id='word_1_289' title='bbox 488 3776 610 3816; x_wconf 90' lang='lat' dir='ltr'><strong>cum</strong></span> <span class='ocrx_word' id='word_1_290' title='bbox 640 3759 868 3824; x_wconf 90' lang='lat' dir='ltr'><strong>aliunde,</strong></span> <span class='ocrx_word' id='word_1_291' title='bbox 904 3759 1153 3830; x_wconf 88' lang='lat' dir='ltr'><strong>quidquid</strong></span> <span class='ocrx_word' id='word_1_292' title='bbox 1182 3758 1231 3811; x_wconf 90' lang='lat' dir='ltr'><strong>in</strong></span> <span class='ocrx_word' id='word_1_293' title='bbox 1261 3772 1377 3811; x_wconf 88' lang='lat' dir='ltr'><strong>eam</strong></span> <span class='ocrx_word' id='word_1_294' title='bbox 1406 3771 1517 3811; x_wconf 92' lang='lat' dir='ltr'><strong>rem</strong></span> <span class='ocrx_word' id='word_1_295' title='bbox 1544 3756 1719 3814; x_wconf 90' lang='lat' dir='ltr'><strong>facere</strong></span> <span class='ocrx_word' id='word_1_296' title='bbox 1738 3769 2071 3829; x_wconf 84' lang='lat' dir='ltr'><strong>posset,enu-</strong></span> 
     </span>
    </p>
   </div>
   <div class='ocr_carea' id='block_1_40' title="bbox 490 3848 2073 3918">
    <p class='ocr_par' dir='ltr' id='par_1_40' title="bbox 490 3848 2073 3918">
     <span class='ocr_line' id='line_1_40' title="bbox 490 3848 2073 3918; baseline -0.001 -11"><span class='ocrx_word' id='word_1_297' title='bbox 490 3850 771 3907; x_wconf 90' lang='lat' dir='ltr'><strong>cleandum</strong></span> <span class='ocrx_word' id='word_1_298' title='bbox 807 3851 1077 3918; x_wconf 52' lang='lat' dir='ltr'><strong>suscipere</strong></span> <span class='ocrx_word' id='word_1_299' title='bbox 1102 3848 1265 3903; x_wconf 91' lang='lat' dir='ltr'><strong>nollet</strong></span> <span class='ocrx_word' id='word_1_300' title='bbox 1293 3866 1306 3903; x_wconf 90' lang='lat'>:</span> <span class='ocrx_word' id='word_1_301' title='bbox 1334 3856 1587 3907; x_wconf 63' lang='lat' dir='ltr'><strong>caeterum</strong></span> <span class='ocrx_word' id='word_1_302' title='bbox 1631 3851 1864 3906; x_wconf 91' lang='lat' dir='ltr'><strong>ostendit</strong></span> <span class='ocrx_word' id='word_1_303' title='bbox 1910 3851 2073 3905; x_wconf 80' lang='lat' dir='ltr'><strong>haud-</strong></span> 
     </span>
    </p>
   </div>
   <div class='ocr_carea' id='block_1_41' title="bbox 488 3939 2068 4012">
    <p class='ocr_par' dir='ltr' id='par_1_41' title="bbox 488 3939 2068 4012">
     <span class='ocr_line' id='line_1_41' title="bbox 488 3939 2068 4012; baseline 0 -17"><span class='ocrx_word' id='word_1_304' title='bbox 488 3956 751 4011; x_wconf 85' lang='lat' dir='ltr'><strong>quaquam</strong></span> <span class='ocrx_word' id='word_1_305' title='bbox 801 3940 926 3994; x_wconf 90' lang='lat' dir='ltr'><strong>illud</strong></span> <span class='ocrx_word' id='word_1_306' title='bbox 965 3940 1030 3994; x_wconf 91' lang='lat' dir='ltr'><strong>ad</strong></span> <span class='ocrx_word' id='word_1_307' title='bbox 1075 3939 1479 4010; x_wconf 89' lang='lat' dir='ltr'><strong>Pelagianorum</strong></span> <span class='ocrx_word' id='word_1_308' title='bbox 1526 3956 1738 3997; x_wconf 87' lang='lat' dir='ltr'><strong>causam</strong></span> <span class='ocrx_word' id='word_1_309' title='bbox 1787 3942 2068 4012; x_wconf 89' lang='lat' dir='ltr'><strong>pertinere.</strong></span> 
     </span>
    </p>
   </div>
   <div class='ocr_carea' id='block_1_42' title="bbox 490 4030 2072 4103">
    <p class='ocr_par' dir='ltr' id='par_1_42' title="bbox 490 4030 2072 4103">
     <span class='ocr_line' id='line_1_42' title="bbox 490 4030 2072 4103; baseline 0.001 -16"><span class='ocrx_word' id='word_1_310' title='bbox 490 4032 753 4089; x_wconf 69' lang='lat' dir='ltr'><strong>Prreterea</strong></span> <span class='ocrx_word' id='word_1_311' title='bbox 792 4032 1074 4088; x_wconf 89' lang='lat' dir='ltr'><strong>nonnullas</strong></span> <span class='ocrx_word' id='word_1_312' title='bbox 1099 4030 1336 4102; x_wconf 88' lang='lat' dir='ltr'><strong>ejusdem</strong></span> <span class='ocrx_word' id='word_1_313' title='bbox 1373 4033 1475 4088; x_wconf 85' lang='lat' dir='ltr'><strong>loci</strong></span> <span class='ocrx_word' id='word_1_314' title='bbox 1516 4033 1792 4097; x_wconf 85' lang='lat' dir='ltr'><strong>dictiones,</strong></span> <span class='ocrx_word' id='word_1_315' title='bbox 1835 4035 2072 4103; x_wconf 85' lang='lat' dir='ltr'><strong>quamvis</strong></span> 
     </span>
    </p>
   </div>
   <div class='ocr_carea' id='block_1_43' title="bbox 489 4121 2069 4193">
    <p class='ocr_par' dir='ltr' id='par_1_43' title="bbox 489 4121 2069 4193">
     <span class='ocr_line' id='line_1_43' title="bbox 489 4121 2069 4193; baseline 0 -15"><span class='ocrx_word' id='word_1_316' title='bbox 489 4136 581 4178; x_wconf 89' lang='lat' dir='ltr'><strong>eas</strong></span> <span class='ocrx_word' id='word_1_317' title='bbox 618 4122 881 4192; x_wconf 84' lang='lat' dir='ltr'><strong>Pelagiani</strong></span> <span class='ocrx_word' id='word_1_318' title='bbox 909 4138 1013 4175; x_wconf 94' lang='lat' dir='ltr'><strong>non</strong></span> <span class='ocrx_word' id='word_1_319' title='bbox 1052 4121 1391 4191; x_wconf 87' lang='lat' dir='ltr'><strong>objecissent,</strong></span> <span class='ocrx_word' id='word_1_320' title='bbox 1416 4123 1660 4193; x_wconf 84' lang='lat' dir='ltr'><strong>explanat</strong></span> <span class='ocrx_word' id='word_1_321' title='bbox 1695 4122 1797 4192; x_wconf 88' lang='lat' dir='ltr'><strong>(De</strong></span> <span class='ocrx_word' id='word_1_322' title='bbox 1824 4122 2069 4178; x_wconf 71' lang='lat' dir='ltr'><strong>Prtedest.</strong></span> 
     </span>
    </p>
   </div>
   <div class='ocr_carea' id='block_1_44' title="bbox 491 4211 1113 4282">
    <p class='ocr_par' dir='ltr' id='par_1_44' title="bbox 491 4211 1113 4282">
     <span class='ocr_line' id='line_1_44' title="bbox 491 4211 1113 4282; baseline -0.002 -14"><span class='ocrx_word' id='word_1_323' title='bbox 491 4223 802 4280; x_wconf 80' lang='lat' dir='ltr'><strong>sanctorum,</strong></span> <span class='ocrx_word' id='word_1_324' title='bbox 821 4230 873 4266; x_wconf 88' lang='grc' dir='ltr'><strong>η.</strong></span> <span class='ocrx_word' id='word_1_325' title='bbox 908 4211 1113 4282; x_wconf 72' lang='lat'><strong>17-20).</strong></span> 
     </span>
    </p>
   </div>
   <div class='ocr_carea' id='block_1_45' title="bbox 564 4304 2074 4376">
    <p class='ocr_par' dir='ltr' id='par_1_45' title="bbox 564 4304 2074 4376">
     <span class='ocr_line' id='line_1_45' title="bbox 564 4304 2074 4376; baseline 0.003 -18"><span class='ocrx_word' id='word_1_326' title='bbox 564 4305 616 4358; x_wconf 92' lang='lat'><strong>7.</strong></span> <span class='ocrx_word' id='word_1_327' title='bbox 647 4304 762 4360; x_wconf 88' lang='lat' dir='ltr'><strong>Jam</strong></span> <span class='ocrx_word' id='word_1_328' title='bbox 780 4319 906 4360; x_wconf 78' lang='lat' dir='ltr'><strong>vero</strong></span> <span class='ocrx_word' id='word_1_329' title='bbox 928 4306 977 4358; x_wconf 92' lang='lat' dir='ltr'><strong>in</strong></span> <span class='ocrx_word' id='word_1_330' title='bbox 998 4305 1107 4359; x_wconf 91' lang='lat' dir='ltr'><strong>suis</strong></span> <span class='ocrx_word' id='word_1_331' title='bbox 1136 4304 1611 4359; x_wconf 81' lang='lat' dir='ltr'><strong>Retractationibus</strong></span> <span class='ocrx_word' id='word_1_332' title='bbox 1639 4306 1893 4375; x_wconf 85' lang='lat' dir='ltr'><strong>opusculo</strong></span> <span class='ocrx_word' id='word_1_333' title='bbox 1917 4320 2074 4376; x_wconf 87' lang='lat' dir='ltr'><strong>snpe-</strong></span> 
     </span>
    </p>
   </div>
   <div class='ocr_carea' id='block_1_46' title="bbox 491 4396 2074 4465">
    <p class='ocr_par' dir='ltr' id='par_1_46' title="bbox 491 4396 2074 4465">
     <span class='ocr_line' id='line_1_46' title="bbox 491 4396 2074 4465; baseline 0.003 -14"><span class='ocrx_word' id='word_1_334' title='bbox 491 4396 619 4451; x_wconf 90' lang='lat' dir='ltr'><strong>riori</strong></span> <span class='ocrx_word' id='word_1_335' title='bbox 636 4396 811 4451; x_wconf 93' lang='lat' dir='ltr'><strong>subdit</strong></span> <span class='ocrx_word' id='word_1_336' title='bbox 845 4397 1239 4465; x_wconf 81' lang='lat' dir='ltr'><strong>Expositionem</strong></span> <span class='ocrx_word' id='word_1_337' title='bbox 1281 4396 1528 4465; x_wconf 74' lang='lat' dir='ltr'><strong>Epistula:</strong></span> <span class='ocrx_word' id='word_1_338' title='bbox 1568 4396 1745 4452; x_wconf 82' lang='lat' dir='ltr'><strong>Jacobi</strong></span> <span class='ocrx_word' id='word_1_339' title='bbox 1782 4398 1847 4453; x_wconf 91' lang='lat' dir='ltr'><strong>ad</strong></span> <span class='ocrx_word' id='word_1_340' title='bbox 1882 4398 2074 4455; x_wconf 89' lang='lat' dir='ltr'><strong>duode-</strong></span> 
     </span>
    </p>
   </div>
   <div class='ocr_carea' id='block_1_47' title="bbox 491 4487 2070 4560">
    <p class='ocr_par' dir='ltr' id='par_1_47' title="bbox 491 4487 2070 4560">
     <span class='ocr_line' id='line_1_47' title="bbox 491 4487 2070 4560; baseline 0.001 -17"><span class='ocrx_word' id='word_1_341' title='bbox 491 4489 594 4544; x_wconf 90' lang='lat' dir='ltr'><strong>cim</strong></span> <span class='ocrx_word' id='word_1_342' title='bbox 618 4489 784 4543; x_wconf 86' lang='lat' dir='ltr'><strong>tribus</strong></span> <span class='ocrx_word' id='word_1_343' title='bbox 811 4487 1055 4559; x_wconf 83' lang='lat' dir='ltr'><strong>(Relract.</strong></span> <span class='ocrx_word' id='word_1_344' title='bbox 1083 4488 1170 4541; x_wconf 88' lang='lat' dir='ltr'><strong>lib.</strong></span> <span class='ocrx_word' id='word_1_345' title='bbox 1194 4487 1251 4555; x_wconf 86' lang='lat'><strong>2,</strong></span> <span class='ocrx_word' id='word_1_346' title='bbox 1269 4505 1382 4559; x_wconf 84' lang='lat' dir='ltr'><strong>cap.</strong></span> <span class='ocrx_word' id='word_1_347' title='bbox 1406 4487 1495 4559; x_wconf 76' lang='lat'><strong>32)</strong></span> <span class='ocrx_word' id='word_1_348' title='bbox 1522 4504 1666 4559; x_wconf 79' lang='lat' dir='ltr'><strong>:quae</strong></span> <span class='ocrx_word' id='word_1_349' title='bbox 1691 4490 1901 4560; x_wconf 88' lang='lat' dir='ltr'><strong>quidem</strong></span> <span class='ocrx_word' id='word_1_350' title='bbox 1941 4490 2070 4545; x_wconf 89' lang='lat' dir='ltr'><strong>nihil</strong></span> 
     </span>
    </p>
   </div>
   <div class='ocr_carea' id='block_1_48' title="bbox 490 4578 2071 4650">
    <p class='ocr_par' dir='ltr' id='par_1_48' title="bbox 490 4578 2071 4650">
     <span class='ocr_line' id='line_1_48' title="bbox 490 4578 2071 4650; baseline -0.001 -13"><span class='ocrx_word' id='word_1_351' title='bbox 490 4590 605 4637; x_wconf 90' lang='lat' dir='ltr'><strong>erat</strong></span> <span class='ocrx_word' id='word_1_352' title='bbox 630 4580 792 4646; x_wconf 88' lang='lat' dir='ltr'><strong>aliud,</strong></span> <span class='ocrx_word' id='word_1_353' title='bbox 825 4595 979 4650; x_wconf 90' lang='lat' dir='ltr'><strong>quam</strong></span> <span class='ocrx_word' id='word_1_354' title='bbox 1019 4578 1415 4635; x_wconf 85' lang='lat' dir='ltr'><strong>adnotationum</strong></span> <span class='ocrx_word' id='word_1_355' title='bbox 1458 4580 1522 4635; x_wconf 90' lang='lat' dir='ltr'><strong>ad</strong></span> <span class='ocrx_word' id='word_1_356' title='bbox 1564 4582 1851 4650; x_wconf 85' lang='lat' dir='ltr'><strong>marginem</strong></span> <span class='ocrx_word' id='word_1_357' title='bbox 1900 4589 2071 4635; x_wconf 85' lang='lat' dir='ltr'><strong>textus</strong></span> 
     </span>
    </p>
   </div>
   <div class='ocr_carea' id='block_1_49' title="bbox 489 4670 2070 4742">
    <p class='ocr_par' dir='ltr' id='par_1_49' title="bbox 489 4670 2070 4742">
     <span class='ocr_line' id='line_1_49' title="bbox 489 4670 2070 4742; baseline 0.001 -16"><span class='ocrx_word' id='word_1_358' title='bbox 489 4672 560 4726; x_wconf 85' lang='lat' dir='ltr'><strong>ah</strong></span> <span class='ocrx_word' id='word_1_359' title='bbox 589 4672 679 4726; x_wconf 88' lang='lat' dir='ltr'><strong>illo</strong></span> <span class='ocrx_word' id='word_1_360' title='bbox 701 4671 1106 4741; x_wconf 88' lang='lat' dir='ltr'><strong>adscriptarum,</strong></span> <span class='ocrx_word' id='word_1_361' title='bbox 1147 4670 1415 4742; x_wconf 89' lang='lat' dir='ltr'><strong>diligentia</strong></span> <span class='ocrx_word' id='word_1_362' title='bbox 1457 4675 1673 4728; x_wconf 78' lang='lat' dir='ltr'><strong>fratrum</strong></span> <span class='ocrx_word' id='word_1_363' title='bbox 1711 4688 1923 4728; x_wconf 91' lang='lat' dir='ltr'><strong>suorum</strong></span> <span class='ocrx_word' id='word_1_364' title='bbox 1952 4690 2070 4728; x_wconf 80' lang='lat' dir='ltr'><strong>con-</strong></span> 
     </span>
    </p>
   </div>
   <div class='ocr_carea' id='block_1_50' title="bbox 488 4764 2071 4836">
    <p class='ocr_par' dir='ltr' id='par_1_50' title="bbox 488 4764 2071 4836">
     <span class='ocr_line' id='line_1_50' title="bbox 488 4764 2071 4836; baseline 0.001 -16"><span class='ocrx_word' id='word_1_365' title='bbox 488 4766 701 4820; x_wconf 88' lang='lat' dir='ltr'><strong>cinnata</strong></span> <span class='ocrx_word' id='word_1_366' title='bbox 728 4764 1001 4831; x_wconf 87' lang='lat' dir='ltr'><strong>collectio;</strong></span> <span class='ocrx_word' id='word_1_367' title='bbox 1032 4773 1086 4821; x_wconf 89' lang='lat' dir='ltr'><strong>et</strong></span> <span class='ocrx_word' id='word_1_368' title='bbox 1123 4767 1248 4822; x_wconf 91' lang='lat' dir='ltr'><strong>hinc</strong></span> <span class='ocrx_word' id='word_1_369' title='bbox 1268 4776 1441 4822; x_wconf 90' lang='lat' dir='ltr'><strong>tamen</strong></span> <span class='ocrx_word' id='word_1_370' title='bbox 1480 4766 1545 4820; x_wconf 92' lang='lat' dir='ltr'><strong>ad</strong></span> <span class='ocrx_word' id='word_1_371' title='bbox 1589 4767 1867 4820; x_wconf 81' lang='lat' dir='ltr'><strong>verborum</strong></span> <span class='ocrx_word' id='word_1_372' title='bbox 1915 4765 2071 4836; x_wconf 85' lang='lat' dir='ltr'><strong>hujus</strong></span> 
     </span>
    </p>
   </div>
   <div class='ocr_carea' id='block_1_51' title="bbox 491 4856 2067 4927">
    <p class='ocr_par' dir='ltr' id='par_1_51' title="bbox 491 4856 2067 4927">
     <span class='ocr_line' id='line_1_51' title="bbox 491 4856 2067 4927; baseline 0.001 -16"><span class='ocrx_word' id='word_1_373' title='bbox 491 4856 728 4925; x_wconf 70' lang='lat' dir='ltr'><strong>epistolae</strong></span> <span class='ocrx_word' id='word_1_374' title='bbox 753 4856 1175 4927; x_wconf 87' lang='lat' dir='ltr'><strong>intelligentiam,</strong></span> <span class='ocrx_word' id='word_1_375' title='bbox 1196 4857 1478 4927; x_wconf 88' lang='lat' dir='ltr'><strong>adjumenti</strong></span> <span class='ocrx_word' id='word_1_376' title='bbox 1503 4856 1737 4910; x_wconf 91' lang='lat' dir='ltr'><strong>nonnihil</strong></span> <span class='ocrx_word' id='word_1_377' title='bbox 1761 4856 2067 4912; x_wconf 88' lang='lat' dir='ltr'><strong>accedebat.</strong></span> 
     </span>
    </p>
   </div>
   <div class='ocr_carea' id='block_1_52' title="bbox 492 4946 2070 5019">
    <p class='ocr_par' dir='ltr' id='par_1_52' title="bbox 492 4946 2070 5019">
     <span class='ocr_line' id='line_1_52' title="bbox 492 4946 2070 5019; baseline 0.001 -17"><span class='ocrx_word' id='word_1_378' title='bbox 492 4946 691 5005; x_wconf 81' lang='lat' dir='ltr'><strong>Verum</strong></span> <span class='ocrx_word' id='word_1_379' title='bbox 731 4946 871 5005; x_wconf 90' lang='lat' dir='ltr'><strong>istud</strong></span> <span class='ocrx_word' id='word_1_380' title='bbox 910 4965 1043 5019; x_wconf 90' lang='lat' dir='ltr'><strong>opus</strong></span> <span class='ocrx_word' id='word_1_381' title='bbox 1080 4959 1257 5003; x_wconf 88' lang='lat' dir='ltr'><strong>nostra</strong></span> <span class='ocrx_word' id='word_1_382' title='bbox 1286 4947 1537 5001; x_wconf 89' lang='lat' dir='ltr'><strong>memoria</strong></span> <span class='ocrx_word' id='word_1_383' title='bbox 1564 4962 1667 4999; x_wconf 91' lang='lat' dir='ltr'><strong>non</strong></span> <span class='ocrx_word' id='word_1_384' title='bbox 1703 4956 1893 5002; x_wconf 79' lang='lat' dir='ltr'><strong>exstat.</strong></span> <span class='ocrx_word' id='word_1_385' title='bbox 1940 4947 2070 5009; x_wconf 79' lang='lat' dir='ltr'><strong>Huic</strong></span> 
     </span>
    </p>
   </div>
   <div class='ocr_carea' id='block_1_53' title="bbox 492 5037 2068 5106">
    <p class='ocr_par' dir='ltr' id='par_1_53' title="bbox 492 5037 2068 5106">
     <span class='ocr_line' id='line_1_53' title="bbox 492 5037 2068 5106; baseline 0 -13"><span class='ocrx_word' id='word_1_386' title='bbox 492 5037 684 5093; x_wconf 85' lang='lat' dir='ltr'><strong>deinde</strong></span> <span class='ocrx_word' id='word_1_387' title='bbox 710 5048 817 5093; x_wconf 86' lang='lat' dir='ltr'><strong>tres</strong></span> <span class='ocrx_word' id='word_1_388' title='bbox 842 5039 959 5093; x_wconf 88' lang='lat' dir='ltr'><strong>libri</strong></span> <span class='ocrx_word' id='word_1_389' title='bbox 977 5038 1044 5092; x_wconf 91' lang='lat' dir='ltr'><strong>de</strong></span> <span class='ocrx_word' id='word_1_390' title='bbox 1071 5038 1410 5092; x_wconf 87' lang='lat' dir='ltr'><strong>Peccatorum</strong></span> <span class='ocrx_word' id='word_1_391' title='bbox 1439 5037 1640 5091; x_wconf 90' lang='lat' dir='ltr'><strong>meritis</strong></span> <span class='ocrx_word' id='word_1_392' title='bbox 1653 5051 1716 5093; x_wconf 89' lang='lat' dir='ltr'><strong>ac</strong></span> <span class='ocrx_word' id='word_1_393' title='bbox 1736 5038 2068 5106; x_wconf 90' lang='lat' dir='ltr'><strong>remissione,</strong></span> 
     </span>
    </p>
   </div>
   <div class='ocr_carea' id='block_1_54' title="bbox 492 5125 2069 5199">
    <p class='ocr_par' dir='ltr' id='par_1_54' title="bbox 492 5125 2069 5199">
     <span class='ocr_line' id='line_1_54' title="bbox 492 5125 2069 5199; baseline 0 -17"><span class='ocrx_word' id='word_1_394' title='bbox 492 5127 683 5199; x_wconf 86' lang='lat' dir='ltr'><strong>quibus</strong></span> <span class='ocrx_word' id='word_1_395' title='bbox 728 5127 924 5183; x_wconf 86' lang='lat' dir='ltr'><strong>Christi</strong></span> <span class='ocrx_word' id='word_1_396' title='bbox 968 5126 1188 5197; x_wconf 87' lang='lat' dir='ltr'><strong>gratiam</strong></span> <span class='ocrx_word' id='word_1_397' title='bbox 1232 5133 1413 5180; x_wconf 91' lang='lat' dir='ltr'><strong>contra</strong></span> <span class='ocrx_word' id='word_1_398' title='bbox 1458 5126 1789 5196; x_wconf 86' lang='lat' dir='ltr'><strong>Pelagianam</strong></span> <span class='ocrx_word' id='word_1_399' title='bbox 1825 5125 2069 5182; x_wconf 85' lang='lat' dir='ltr'><strong>haeresim</strong></span> 
     </span>
    </p>
   </div>
   <div class='ocr_carea' id='block_1_55' title="bbox 493 5215 2071 5291">
    <p class='ocr_par' dir='ltr' id='par_1_55' title="bbox 493 5215 2071 5291">
     <span class='ocr_line' id='line_1_55' title="bbox 493 5215 2071 5291; baseline -0.001 -18"><span class='ocrx_word' id='word_1_400' title='bbox 493 5232 823 5291; x_wconf 85' lang='lat' dir='ltr'><strong>propugnare</strong></span> <span class='ocrx_word' id='word_1_401' title='bbox 853 5226 963 5271; x_wconf 82' lang='lat' dir='ltr'><strong>tum</strong></span> <span class='ocrx_word' id='word_1_402' title='bbox 991 5215 1214 5284; x_wconf 85' lang='lat' dir='ltr'><strong>primum</strong></span> <span class='ocrx_word' id='word_1_403' title='bbox 1238 5229 1517 5283; x_wconf 87' lang='lat' dir='ltr'><strong>aggressus</strong></span> <span class='ocrx_word' id='word_1_404' title='bbox 1541 5226 1641 5279; x_wconf 90' lang='lat' dir='ltr'><strong>est,</strong></span> <span class='ocrx_word' id='word_1_405' title='bbox 1660 5215 1725 5269; x_wconf 88' lang='lat' dir='ltr'><strong>ab</strong></span> <span class='ocrx_word' id='word_1_406' title='bbox 1743 5231 1808 5270; x_wconf 88' lang='lat' dir='ltr'><strong>eo</strong></span> <span class='ocrx_word' id='word_1_407' title='bbox 1835 5218 2071 5285; x_wconf 82' lang='lat' dir='ltr'><strong>proxime</strong></span> 
     </span>
    </p>
   </div>
   <div class='ocr_carea' id='block_1_56' title="bbox 499 5302 2071 5378">
    <p class='ocr_par' dir='ltr' id='par_1_56' title="bbox 499 5302 2071 5378">
     <span class='ocr_line' id='line_1_56' title="bbox 499 5302 2071 5378; baseline -0.002 -16"><span class='ocrx_word' id='word_1_408' title='bbox 499 5307 852 5377; x_wconf 79' lang='lat' dir='ltr'><strong>subjiciuntur</strong></span> <span class='ocrx_word' id='word_1_409' title='bbox 870 5304 1182 5378; x_wconf 84' lang='lat' dir='ltr'><strong>(Ibid.,cap.</strong></span> <span class='ocrx_word' id='word_1_410' title='bbox 1200 5302 1290 5374; x_wconf 78' lang='grc'>55)</span> <span class='ocrx_word' id='word_1_411' title='bbox 1322 5321 1334 5355; x_wconf 91' lang='lat'><strong>:</strong></span> <span class='ocrx_word' id='word_1_412' title='bbox 1358 5319 1476 5357; x_wconf 88' lang='lat' dir='ltr'><strong>cum</strong></span> <span class='ocrx_word' id='word_1_413' title='bbox 1500 5310 1670 5357; x_wconf 88' lang='lat' dir='ltr'><strong>tamen</strong></span> <span class='ocrx_word' id='word_1_414' title='bbox 1688 5305 1956 5359; x_wconf 89' lang='lat' dir='ltr'><strong>hoslibros</strong></span> <span class='ocrx_word' id='word_1_415' title='bbox 1973 5305 2071 5360; x_wconf 90' lang='lat' dir='ltr'><strong>nisi</strong></span> 
     </span>
    </p>
   </div>
   <div class='ocr_carea' id='block_1_57' title="bbox 494 5392 2074 5466">
    <p class='ocr_par' dir='ltr' id='par_1_57' title="bbox 494 5392 2074 5466">
     <span class='ocr_line' id='line_1_57' title="bbox 494 5392 2074 5466; baseline -0.001 -16"><span class='ocrx_word' id='word_1_416' title='bbox 494 5404 618 5466; x_wconf 84' lang='lat' dir='ltr'><strong>post</strong></span> <span class='ocrx_word' id='word_1_417' title='bbox 642 5395 944 5450; x_wconf 88' lang='lat' dir='ltr'><strong>damnatum</strong></span> <span class='ocrx_word' id='word_1_418' title='bbox 972 5392 1302 5457; x_wconf 72' lang='lat' dir='ltr'><strong>Coelestium,</strong></span> <span class='ocrx_word' id='word_1_419' title='bbox 1316 5392 1415 5447; x_wconf 90' lang='lat' dir='ltr'><strong>hoc</strong></span> <span class='ocrx_word' id='word_1_420' title='bbox 1427 5402 1528 5459; x_wconf 86' lang='lat' dir='ltr'><strong>est,</strong></span> <span class='ocrx_word' id='word_1_421' title='bbox 1542 5394 1980 5463; x_wconf 88' lang='lat' dir='ltr'><strong>quemadmodum</strong></span> <span class='ocrx_word' id='word_1_422' title='bbox 1994 5397 2074 5450; x_wconf 84' lang='lat' dir='ltr'><strong>in-</strong></span> 
     </span>
    </p>
   </div>
   <div class='ocr_carea' id='block_1_58' title="bbox 491 5484 2069 5556">
    <p class='ocr_par' dir='ltr' id='par_1_58' title="bbox 491 5484 2069 5556">
     <span class='ocr_line' id='line_1_58' title="bbox 491 5484 2069 5556; baseline 0.001 -15"><span class='ocrx_word' id='word_1_423' title='bbox 491 5486 565 5542; x_wconf 85' lang='lat' dir='ltr'><strong>fra</strong></span> <span class='ocrx_word' id='word_1_424' title='bbox 583 5486 1045 5549; x_wconf 88' lang='lat' dir='ltr'><strong>demonstrabitnr,</strong></span> <span class='ocrx_word' id='word_1_425' title='bbox 1061 5499 1199 5538; x_wconf 90' lang='lat' dir='ltr'><strong>anno</strong></span> <span class='ocrx_word' id='word_1_426' title='bbox 1210 5484 1725 5555; x_wconf 85' lang='lat' dir='ltr'><strong>quadringentesimo</strong></span> <span class='ocrx_word' id='word_1_427' title='bbox 1737 5488 2069 5556; x_wconf 90' lang='lat' dir='ltr'><strong>duodecimo,</strong></span> 
     </span>
    </p>
   </div>
   <div class='ocr_carea' id='block_1_59' title="bbox 494 5574 2075 5646">
    <p class='ocr_par' dir='ltr' id='par_1_59' title="bbox 494 5574 2075 5646">
     <span class='ocr_line' id='line_1_59' title="bbox 494 5574 2075 5646; baseline 0.003 -14"><span class='ocrx_word' id='word_1_428' title='bbox 494 5592 601 5632; x_wconf 90' lang='lat' dir='ltr'><strong>non</strong></span> <span class='ocrx_word' id='word_1_429' title='bbox 631 5577 922 5646; x_wconf 87' lang='lat' dir='ltr'><strong>scripserit.</strong></span> <span class='ocrx_word' id='word_1_430' title='bbox 966 5574 1117 5641; x_wconf 83' lang='lat' dir='ltr'><strong>Quod</strong></span> <span class='ocrx_word' id='word_1_431' title='bbox 1147 5590 1266 5629; x_wconf 92' lang='lat' dir='ltr'><strong>cum</strong></span> <span class='ocrx_word' id='word_1_432' title='bbox 1298 5578 1365 5629; x_wconf 90' lang='lat' dir='ltr'><strong>ita</strong></span> <span class='ocrx_word' id='word_1_433' title='bbox 1391 5577 1478 5643; x_wconf 84' lang='lat' dir='ltr'><strong>sit,</strong></span> <span class='ocrx_word' id='word_1_434' title='bbox 1510 5593 1630 5632; x_wconf 89' lang='lat' dir='ltr'><strong>enm</strong></span> <span class='ocrx_word' id='word_1_435' title='bbox 1658 5578 1754 5633; x_wconf 91' lang='lat' dir='ltr'><strong>hac</strong></span> <span class='ocrx_word' id='word_1_436' title='bbox 1779 5580 1829 5633; x_wconf 92' lang='lat' dir='ltr'><strong>in</strong></span> <span class='ocrx_word' id='word_1_437' title='bbox 1858 5596 1916 5635; x_wconf 90' lang='lat' dir='ltr'><strong>re</strong></span> <span class='ocrx_word' id='word_1_438' title='bbox 1950 5592 2075 5638; x_wconf 87' lang='lat' dir='ltr'><strong>tem.</strong></span> 
     </span>
    </p>
   </div>
   <div class='ocr_carea' id='block_1_60' title="bbox 493 5665 2070 5740">
    <p class='ocr_par' dir='ltr' id='par_1_60' title="bbox 493 5665 2070 5740">
     <span class='ocr_line' id='line_1_60' title="bbox 493 5665 2070 5740; baseline 0.003 -19"><span class='ocrx_word' id='word_1_439' title='bbox 493 5682 680 5737; x_wconf 75' lang='lat' dir='ltr'><strong>petum</strong></span> <span class='ocrx_word' id='word_1_440' title='bbox 706 5667 873 5720; x_wconf 90' lang='lat' dir='ltr'><strong>ordini</strong></span> <span class='ocrx_word' id='word_1_441' title='bbox 897 5667 1068 5720; x_wconf 90' lang='lat' dir='ltr'><strong>minus</strong></span> <span class='ocrx_word' id='word_1_442' title='bbox 1096 5665 1347 5722; x_wconf 81' lang='lat' dir='ltr'><strong>institisse</strong></span> <span class='ocrx_word' id='word_1_443' title='bbox 1372 5676 1608 5734; x_wconf 89' lang='lat' dir='ltr'><strong>constat;</strong></span> <span class='ocrx_word' id='word_1_444' title='bbox 1648 5671 2070 5740; x_wconf 83' lang='lat' dir='ltr'><strong>quandoquidem</strong></span> 
     </span>
    </p>
   </div>
   <div class='ocr_carea' id='block_1_61' title="bbox 1578 268 2592 329">
    <p class='ocr_par' dir='ltr' id='par_1_61' title="bbox 1578 268 2592 329">
     <span class='ocr_line' id='line_1_61' title="bbox 1578 268 2592 329; baseline -0.003 -1"><span class='ocrx_word' id='word_1_445' title='bbox 1578 271 1738 328; x_wconf 77' lang='lat' dir='ltr'><strong>VITA</strong></span> <span class='ocrx_word' id='word_1_446' title='bbox 1772 277 1830 329; x_wconf 87' lang='lat' dir='ltr'><strong>S.</strong></span> <span class='ocrx_word' id='word_1_447' title='bbox 1871 270 2229 327; x_wconf 77' lang='lat' dir='ltr'><strong>AUGUSTINI</strong></span> <span class='ocrx_word' id='word_1_448' title='bbox 2267 268 2592 327; x_wconf 75' lang='lat' dir='ltr'><strong>EPISCOPI.</strong></span> 
     </span>
    </p>
   </div>
   <div class='ocr_carea' id='block_1_62' title="bbox 3659 274 3761 332">
    <p class='ocr_par' dir='ltr' id='par_1_62' title="bbox 3659 274 3761 332">
     <span class='ocr_line' id='line_1_62' title="bbox 3659 274 3761 332; baseline 0 0"><span class='ocrx_word' id='word_1_449' title='bbox 3659 274 3761 332; x_wconf 69' lang='lat'><strong>564</strong></span> 
     </span>
    </p>
   </div>
   <div class='ocr_carea' id='block_1_63' title="bbox 2178 382 3765 461">
    <p class='ocr_par' dir='ltr' id='par_1_63' title="bbox 2178 382 3765 461">
     <span class='ocr_line' id='line_1_63' title="bbox 2178 382 3765 461; baseline 0.006 -24"><span class='ocrx_word' id='word_1_450' title='bbox 2178 382 2395 439; x_wconf 87' lang='lat' dir='ltr'><strong>eosdem</strong></span> <span class='ocrx_word' id='word_1_451' title='bbox 2418 384 2578 439; x_wconf 91' lang='lat' dir='ltr'><strong>libros</strong></span> <span class='ocrx_word' id='word_1_452' title='bbox 2603 382 2909 439; x_wconf 89' lang='lat' dir='ltr'><strong>Collationis</strong></span> <span class='ocrx_word' id='word_1_453' title='bbox 2955 399 3163 456; x_wconf 89' lang='lat' dir='ltr'><strong>quoque</strong></span> <span class='ocrx_word' id='word_1_454' title='bbox 3195 385 3487 454; x_wconf 87' lang='lat' dir='ltr'><strong>breviculo,</strong></span> <span class='ocrx_word' id='word_1_455' title='bbox 3514 388 3605 461; x_wconf 88' lang='lat' dir='ltr'><strong>qui</strong></span> <span class='ocrx_word' id='word_1_456' title='bbox 3630 404 3765 446; x_wconf 86' lang='lat' dir='ltr'><strong>sane</strong></span> 
     </span>
    </p>
   </div>
   <div class='ocr_carea' id='block_1_64' title="bbox 2177 474 3763 546">
    <p class='ocr_par' dir='ltr' id='par_1_64' title="bbox 2177 474 3763 546">
     <span class='ocr_line' id='line_1_64' title="bbox 2177 474 3763 546; baseline 0.004 -17"><span class='ocrx_word' id='word_1_457' title='bbox 2177 474 2311 530; x_wconf 88' lang='lat' dir='ltr'><strong>liber</strong></span> <span class='ocrx_word' id='word_1_458' title='bbox 2338 475 2437 530; x_wconf 90' lang='lat' dir='ltr'><strong>sub</strong></span> <span class='ocrx_word' id='word_1_459' title='bbox 2460 476 2582 529; x_wconf 89' lang='lat' dir='ltr'><strong>anni</strong></span> <span class='ocrx_word' id='word_1_460' title='bbox 2613 474 3117 546; x_wconf 88' lang='lat' dir='ltr'><strong>quadringentesimi</strong></span> <span class='ocrx_word' id='word_1_461' title='bbox 3146 477 3409 532; x_wconf 86' lang='lat' dir='ltr'><strong>undecimi</strong></span> <span class='ocrx_word' id='word_1_462' title='bbox 3448 476 3627 546; x_wconf 81' lang='lat' dir='ltr'><strong>finem,</strong></span> <span class='ocrx_word' id='word_1_463' title='bbox 3668 490 3763 536; x_wconf 87' lang='lat' dir='ltr'><strong>aut</strong></span> 
     </span>
    </p>
   </div>
   <div class='ocr_carea' id='block_1_65' title="bbox 2178 567 3572 640">
    <p class='ocr_par' dir='ltr' id='par_1_65' title="bbox 2178 567 3572 640">
     <span class='ocr_line' id='line_1_65' title="bbox 2178 567 3572 640; baseline 0 -19"><span class='ocrx_word' id='word_1_464' title='bbox 2178 582 2283 622; x_wconf 89' lang='lat' dir='ltr'><strong>non</strong></span> <span class='ocrx_word' id='word_1_465' title='bbox 2312 568 2382 621; x_wconf 90' lang='lat' dir='ltr'><strong>ita</strong></span> <span class='ocrx_word' id='word_1_466' title='bbox 2412 567 2578 622; x_wconf 92' lang='lat' dir='ltr'><strong>multo</strong></span> <span class='ocrx_word' id='word_1_467' title='bbox 2607 577 2743 637; x_wconf 90' lang='lat' dir='ltr'><strong>post,</strong></span> <span class='ocrx_word' id='word_1_468' title='bbox 2774 568 2948 623; x_wconf 89' lang='lat' dir='ltr'><strong>editus</strong></span> <span class='ocrx_word' id='word_1_469' title='bbox 2975 576 3076 634; x_wconf 89' lang='lat' dir='ltr'><strong>est,</strong></span> <span class='ocrx_word' id='word_1_470' title='bbox 3102 569 3256 640; x_wconf 90' lang='lat' dir='ltr'><strong>longe</strong></span> <span class='ocrx_word' id='word_1_471' title='bbox 3284 571 3572 640; x_wconf 57' lang='lat' dir='ltr'><strong>priemittit.</strong></span> 
     </span>
    </p>
   </div>
   <div class='ocr_carea' id='block_1_66' title="bbox 2246 660 3768 733">
    <p class='ocr_par' dir='ltr' id='par_1_66' title="bbox 2246 660 3768 733">
     <span class='ocr_line' id='line_1_66' title="bbox 2246 660 3768 733; baseline 0.003 -17"><span class='ocrx_word' id='word_1_472' title='bbox 2246 660 2300 716; x_wconf 91' lang='lat'><strong>8.</strong></span> <span class='ocrx_word' id='word_1_473' title='bbox 2350 660 2499 729; x_wconf 86' lang='lat' dir='ltr'><strong>Quod</strong></span> <span class='ocrx_word' id='word_1_474' title='bbox 2545 676 2672 716; x_wconf 89' lang='lat' dir='ltr'><strong>vero</strong></span> <span class='ocrx_word' id='word_1_475' title='bbox 2725 660 2791 715; x_wconf 91' lang='lat' dir='ltr'><strong>ad</strong></span> <span class='ocrx_word' id='word_1_476' title='bbox 2835 676 2967 731; x_wconf 89' lang='lat' dir='ltr'><strong>opus</strong></span> <span class='ocrx_word' id='word_1_477' title='bbox 3004 660 3072 717; x_wconf 89' lang='lat' dir='ltr'><strong>de</strong></span> <span class='ocrx_word' id='word_1_478' title='bbox 3119 663 3276 718; x_wconf 89' lang='lat' dir='ltr'><strong>unico</strong></span> <span class='ocrx_word' id='word_1_479' title='bbox 3337 663 3635 733; x_wconf 86' lang='lat' dir='ltr'><strong>Baptismo,</strong></span> <span class='ocrx_word' id='word_1_480' title='bbox 3694 666 3768 721; x_wconf 91' lang='lat' dir='ltr'><strong>de</strong></span> 
     </span>
    </p>
   </div>
   <div class='ocr_carea' id='block_1_67' title="bbox 2176 751 3767 827">
    <p class='ocr_par' dir='ltr' id='par_1_67' title="bbox 2176 751 3767 827">
     <span class='ocr_line' id='line_1_67' title="bbox 2176 751 3767 827; baseline 0.005 -22"><span class='ocrx_word' id='word_1_481' title='bbox 2176 765 2281 821; x_wconf 89' lang='lat' dir='ltr'><strong>quo</strong></span> <span class='ocrx_word' id='word_1_482' title='bbox 2356 766 2477 806; x_wconf 80' lang='lat' dir='ltr'><strong>mox</strong></span> <span class='ocrx_word' id='word_1_483' title='bbox 2541 751 2648 822; x_wconf 89' lang='lat' dir='ltr'><strong>agit</strong></span> <span class='ocrx_word' id='word_1_484' title='bbox 2696 753 2713 824; x_wconf 92' lang='lat'><strong>(</strong></span> <span class='ocrx_word' id='word_1_485' title='bbox 2753 751 2915 817; x_wconf 84' lang='lat' dir='ltr'><strong>lbid.,</strong></span> <span class='ocrx_word' id='word_1_486' title='bbox 2970 769 3084 824; x_wconf 87' lang='lat' dir='ltr'><strong>cap.</strong></span> <span class='ocrx_word' id='word_1_487' title='bbox 3129 753 3277 827; x_wconf 71' lang='lat'><strong>34),</strong></span> <span class='ocrx_word' id='word_1_488' title='bbox 3323 754 3374 809; x_wconf 92' lang='lat' dir='ltr'><strong>id</strong></span> <span class='ocrx_word' id='word_1_489' title='bbox 3416 756 3767 812; x_wconf 84' lang='lat' dir='ltr'><strong>Collationem</strong></span> 
     </span>
    </p>
   </div>
   <div class='ocr_carea' id='block_1_68' title="bbox 2176 845 3768 921">
    <p class='ocr_par' dir='ltr' id='par_1_68' title="bbox 2176 845 3768 921">
     <span class='ocr_line' id='line_1_68' title="bbox 2176 845 3768 921; baseline 0.005 -23"><span class='ocrx_word' id='word_1_490' title='bbox 2176 845 2532 914; x_wconf 67' lang='lat' dir='ltr'><strong>prarcessisse,</strong></span> <span class='ocrx_word' id='word_1_491' title='bbox 2579 846 2661 900; x_wconf 91' lang='lat' dir='ltr'><strong>vel</strong></span> <span class='ocrx_word' id='word_1_492' title='bbox 2708 845 2833 901; x_wconf 93' lang='lat' dir='ltr'><strong>hinc</strong></span> <span class='ocrx_word' id='word_1_493' title='bbox 2859 845 3197 901; x_wconf 89' lang='lat' dir='ltr'><strong>manifestum</strong></span> <span class='ocrx_word' id='word_1_494' title='bbox 3245 860 3405 914; x_wconf 89' lang='lat' dir='ltr'><strong>esset,</strong></span> <span class='ocrx_word' id='word_1_495' title='bbox 3438 852 3575 921; x_wconf 91' lang='lat' dir='ltr'><strong>quod</strong></span> <span class='ocrx_word' id='word_1_496' title='bbox 3612 852 3663 906; x_wconf 91' lang='lat' dir='ltr'><strong>iu</strong></span> <span class='ocrx_word' id='word_1_497' title='bbox 3696 867 3768 907; x_wconf 89' lang='lat' dir='ltr'><strong>eo</strong></span> 
     </span>
    </p>
   </div>
   <div class='ocr_carea' id='block_1_69' title="bbox 2174 929 3768 999">
    <p class='ocr_par' dir='ltr' id='par_1_69' title="bbox 2174 929 3768 999">
     <span class='ocr_line' id='line_1_69' title="bbox 2174 929 3768 999; baseline 0.004 -16"><span class='ocrx_word' id='word_1_498' title='bbox 2174 930 2316 984; x_wconf 89' lang='lat' dir='ltr'><strong>nulla</strong></span> <span class='ocrx_word' id='word_1_499' title='bbox 2348 930 2543 984; x_wconf 89' lang='lat' dir='ltr'><strong>mentio</strong></span> <span class='ocrx_word' id='word_1_500' title='bbox 2565 929 2803 999; x_wconf 89' lang='lat' dir='ltr'><strong>ejusdem</strong></span> <span class='ocrx_word' id='word_1_501' title='bbox 2832 929 3138 986; x_wconf 85' lang='lat' dir='ltr'><strong>Collationis</strong></span> <span class='ocrx_word' id='word_1_502' title='bbox 3170 942 3367 990; x_wconf 80' lang='lat' dir='ltr'><strong>exstat.</strong></span> <span class='ocrx_word' id='word_1_503' title='bbox 3393 933 3587 989; x_wconf 79' lang='lat' dir='ltr'><strong>Verum</strong></span> <span class='ocrx_word' id='word_1_504' title='bbox 3610 951 3768 991; x_wconf 88' lang='lat' dir='ltr'><strong>eam-</strong></span> 
     </span>
    </p>
   </div>
   <div class='ocr_carea' id='block_1_70' title="bbox 2174 1019 3765 1097">
    <p class='ocr_par' dir='ltr' id='par_1_70' title="bbox 2174 1019 3765 1097">
     <span class='ocr_line' id='line_1_70' title="bbox 2174 1019 3765 1097; baseline 0.004 -23"><span class='ocrx_word' id='word_1_505' title='bbox 2174 1019 2295 1075; x_wconf 88' lang='lat' dir='ltr'><strong>dem</strong></span> <span class='ocrx_word' id='word_1_506' title='bbox 2327 1035 2439 1075; x_wconf 90' lang='lat' dir='ltr'><strong>rem</strong></span> <span class='ocrx_word' id='word_1_507' title='bbox 2471 1020 2522 1075; x_wconf 88' lang='lat' dir='ltr'><strong>id</strong></span> <span class='ocrx_word' id='word_1_508' title='bbox 2557 1030 2809 1090; x_wconf 75' lang='lat' dir='ltr'><strong>praeterea</strong></span> <span class='ocrx_word' id='word_1_509' title='bbox 2844 1021 3097 1090; x_wconf 87' lang='lat' dir='ltr'><strong>declarat,</strong></span> <span class='ocrx_word' id='word_1_510' title='bbox 3132 1022 3273 1092; x_wconf 91' lang='lat' dir='ltr'><strong>quod</strong></span> <span class='ocrx_word' id='word_1_511' title='bbox 3309 1025 3603 1080; x_wconf 89' lang='lat' dir='ltr'><strong>Donatistas</strong></span> <span class='ocrx_word' id='word_1_512' title='bbox 3634 1041 3765 1097; x_wconf 86' lang='lat' dir='ltr'><strong>pro-</strong></span> 
     </span>
    </p>
   </div>
   <div class='ocr_carea' id='block_1_71' title="bbox 2175 1112 3769 1190">
    <p class='ocr_par' dir='ltr' id='par_1_71' title="bbox 2175 1112 3769 1190">
     <span class='ocr_line' id='line_1_71' title="bbox 2175 1112 3769 1190; baseline 0.006 -24"><span class='ocrx_word' id='word_1_513' title='bbox 2175 1112 2291 1175; x_wconf 90' lang='lat' dir='ltr'><strong>bra,</strong></span> <span class='ocrx_word' id='word_1_514' title='bbox 2318 1128 2435 1181; x_wconf 74' lang='lat' dir='ltr'><strong>qum</strong></span> <span class='ocrx_word' id='word_1_515' title='bbox 2459 1113 2762 1168; x_wconf 80' lang='lat' dir='ltr'><strong>Marcellino</strong></span> <span class='ocrx_word' id='word_1_516' title='bbox 2786 1122 2839 1168; x_wconf 91' lang='lat' dir='ltr'><strong>ct</strong></span> <span class='ocrx_word' id='word_1_517' title='bbox 2861 1115 3063 1185; x_wconf 87' lang='lat' dir='ltr'><strong>aliquot</strong></span> <span class='ocrx_word' id='word_1_518' title='bbox 3082 1115 3199 1170; x_wconf 88' lang='lat' dir='ltr'><strong>aliis</strong></span> <span class='ocrx_word' id='word_1_519' title='bbox 3219 1115 3471 1171; x_wconf 78' lang='lat' dir='ltr'><strong>Romanis</strong></span> <span class='ocrx_word' id='word_1_520' title='bbox 3495 1119 3769 1190; x_wconf 86' lang='lat' dir='ltr'><strong>episcopis</strong></span> 
     </span>
    </p>
   </div>
   <div class='ocr_carea' id='block_1_72' title="bbox 2174 1204 3770 1279">
    <p class='ocr_par' dir='ltr' id='par_1_72' title="bbox 2174 1204 3770 1279">
     <span class='ocr_line' id='line_1_72' title="bbox 2174 1204 3770 1279; baseline 0.006 -22"><span class='ocrx_word' id='word_1_521' title='bbox 2174 1204 2503 1273; x_wconf 89' lang='lat' dir='ltr'><strong>ingerebant,</strong></span> <span class='ocrx_word' id='word_1_522' title='bbox 2529 1206 2613 1260; x_wconf 92' lang='lat' dir='ltr'><strong>hic</strong></span> <span class='ocrx_word' id='word_1_523' title='bbox 2638 1213 2796 1276; x_wconf 86' lang='lat' dir='ltr'><strong>negat</strong></span> <span class='ocrx_word' id='word_1_524' title='bbox 2822 1207 2940 1261; x_wconf 88' lang='lat' dir='ltr'><strong>ullis</strong></span> <span class='ocrx_word' id='word_1_525' title='bbox 2963 1222 3055 1262; x_wconf 91' lang='lat' dir='ltr'><strong>eos</strong></span> <span class='ocrx_word' id='word_1_526' title='bbox 3083 1209 3400 1264; x_wconf 89' lang='lat' dir='ltr'><strong>testimoniis</strong></span> <span class='ocrx_word' id='word_1_527' title='bbox 3426 1211 3650 1279; x_wconf 88' lang='lat' dir='ltr'><strong>probare</strong></span> <span class='ocrx_word' id='word_1_528' title='bbox 3666 1227 3770 1266; x_wconf 78' lang='lat' dir='ltr'><strong>co-</strong></span> 
     </span>
    </p>
   </div>
   <div class='ocr_carea' id='block_1_73' title="bbox 2172 1297 3767 1367">
    <p class='ocr_par' dir='ltr' id='par_1_73' title="bbox 2172 1297 3767 1367">
     <span class='ocr_line' id='line_1_73' title="bbox 2172 1297 3767 1367; baseline 0.004 -16"><span class='ocrx_word' id='word_1_529' title='bbox 2172 1307 2355 1362; x_wconf 89' lang='lat' dir='ltr'><strong>natos;</strong></span> <span class='ocrx_word' id='word_1_530' title='bbox 2412 1297 2501 1367; x_wconf 91' lang='lat' dir='ltr'><strong>qui</strong></span> <span class='ocrx_word' id='word_1_531' title='bbox 2551 1306 2726 1353; x_wconf 91' lang='lat' dir='ltr'><strong>tamen</strong></span> <span class='ocrx_word' id='word_1_532' title='bbox 2770 1299 2823 1353; x_wconf 92' lang='lat' dir='ltr'><strong>in</strong></span> <span class='ocrx_word' id='word_1_533' title='bbox 2867 1298 3163 1355; x_wconf 85' lang='lat' dir='ltr'><strong>Collatione</strong></span> <span class='ocrx_word' id='word_1_534' title='bbox 3211 1301 3492 1360; x_wconf 88' lang='lat' dir='ltr'><strong>nonnulla.</strong></span> <span class='ocrx_word' id='word_1_535' title='bbox 3547 1304 3767 1358; x_wconf 81' lang='lat' dir='ltr'><strong>tametsi</strong></span> 
     </span>
    </p>
   </div>
   <div class='ocr_carea' id='block_1_74' title="bbox 2171 1388 3766 1465">
    <p class='ocr_par' dir='ltr' id='par_1_74' title="bbox 2171 1388 3766 1465">
     <span class='ocr_line' id='line_1_74' title="bbox 2171 1388 3766 1465; baseline 0.004 -24"><span class='ocrx_word' id='word_1_536' title='bbox 2171 1388 2530 1443; x_wconf 87' lang='lat' dir='ltr'><strong>commentitia</strong></span> <span class='ocrx_word' id='word_1_537' title='bbox 2552 1430 2567 1457; x_wconf 95' lang='lat'><strong>,</strong></span> <span class='ocrx_word' id='word_1_538' title='bbox 2594 1390 2882 1445; x_wconf 79' lang='lat' dir='ltr'><strong>attulertutt</strong></span> <span class='ocrx_word' id='word_1_539' title='bbox 2908 1389 3009 1464; x_wconf 89' lang='lat' dir='ltr'><strong>(De</strong></span> <span class='ocrx_word' id='word_1_540' title='bbox 3040 1390 3199 1445; x_wconf 86' lang='lat' dir='ltr'><strong>Unico</strong></span> <span class='ocrx_word' id='word_1_541' title='bbox 3227 1390 3504 1462; x_wconf 82' lang='lat' dir='ltr'><strong>Baptismo,</strong></span> <span class='ocrx_word' id='word_1_542' title='bbox 3541 1411 3594 1446; x_wconf 82' lang='grc' dir='ltr'>η,</span> <span class='ocrx_word' id='word_1_543' title='bbox 3630 1394 3766 1465; x_wconf 92' lang='lat'><strong>27).</strong></span> 
     </span>
    </p>
   </div>
   <div class='ocr_carea' id='block_1_75' title="bbox 2172 1478 3764 1554">
    <p class='ocr_par' dir='ltr' id='par_1_75' title="bbox 2172 1478 3764 1554">
     <span class='ocr_line' id='line_1_75' title="bbox 2172 1478 3764 1554; baseline 0.004 -22"><span class='ocrx_word' id='word_1_544' title='bbox 2172 1478 2368 1536; x_wconf 86' lang='lat' dir='ltr'><strong>Ibidem</strong></span> <span class='ocrx_word' id='word_1_545' title='bbox 2395 1496 2607 1552; x_wconf 87' lang='lat' dir='ltr'><strong>quoque</strong></span> <span class='ocrx_word' id='word_1_546' title='bbox 2636 1483 2686 1535; x_wconf 93' lang='lat' dir='ltr'><strong>in</strong></span> <span class='ocrx_word' id='word_1_547' title='bbox 2719 1497 2901 1538; x_wconf 90' lang='lat' dir='ltr'><strong>errore</strong></span> <span class='ocrx_word' id='word_1_548' title='bbox 2927 1483 3201 1554; x_wconf 90' lang='lat' dir='ltr'><strong>cujusdam</strong></span> <span class='ocrx_word' id='word_1_549' title='bbox 3228 1485 3345 1539; x_wconf 91' lang='lat' dir='ltr'><strong>facti</strong></span> <span class='ocrx_word' id='word_1_550' title='bbox 3376 1485 3543 1540; x_wconf 72' lang='lat' dir='ltr'><strong>hreret</strong></span> <span class='ocrx_word' id='word_1_551' title='bbox 3567 1485 3764 1554; x_wconf 63' lang='lat' dir='ltr'><strong>(Ibid,</strong></span> 
     </span>
    </p>
   </div>
   <div class='ocr_carea' id='block_1_76' title="bbox 2170 1571 3761 1645">
    <p class='ocr_par' dir='ltr' id='par_1_76' title="bbox 2170 1571 3761 1645">
     <span class='ocr_line' id='line_1_76' title="bbox 2170 1571 3761 1645; baseline 0.002 -19"><span class='ocrx_word' id='word_1_552' title='bbox 2170 1589 2223 1626; x_wconf 89' lang='lat' dir='ltr'><strong>n.</strong></span> <span class='ocrx_word' id='word_1_553' title='bbox 2252 1571 2366 1645; x_wconf 85' lang='lat'><strong>28),</strong></span> <span class='ocrx_word' id='word_1_554' title='bbox 2398 1573 2549 1644; x_wconf 89' lang='lat' dir='ltr'><strong>cujus</strong></span> <span class='ocrx_word' id='word_1_555' title='bbox 2567 1589 2704 1645; x_wconf 91' lang='lat' dir='ltr'><strong>pene</strong></span> <span class='ocrx_word' id='word_1_556' title='bbox 2729 1573 2780 1629; x_wconf 85' lang='lat' dir='ltr'><strong>in</strong></span> <span class='ocrx_word' id='word_1_557' title='bbox 2808 1575 3041 1630; x_wconf 91' lang='lat' dir='ltr'><strong>omnium</strong></span> <span class='ocrx_word' id='word_1_558' title='bbox 3058 1585 3238 1631; x_wconf 90' lang='lat' dir='ltr'><strong>contra</strong></span> <span class='ocrx_word' id='word_1_559' title='bbox 3269 1576 3563 1633; x_wconf 89' lang='lat' dir='ltr'><strong>Donatistas</strong></span> <span class='ocrx_word' id='word_1_560' title='bbox 3588 1578 3761 1633; x_wconf 86' lang='lat' dir='ltr'><strong>libro-</strong></span> 
     </span>
    </p>
   </div>
   <div class='ocr_carea' id='block_1_77' title="bbox 2171 1654 3762 1740">
    <p class='ocr_par' dir='ltr' id='par_1_77' title="bbox 2171 1654 3762 1740">
     <span class='ocr_line' id='line_1_77' title="bbox 2171 1654 3762 1740; baseline 0.004 -23"><span class='ocrx_word' id='word_1_561' title='bbox 2171 1679 2287 1717; x_wconf 87' lang='lat' dir='ltr'><strong>rum</strong></span> <span class='ocrx_word' id='word_1_562' title='bbox 2315 1666 2683 1720; x_wconf 90' lang='lat' dir='ltr'><strong>retractatione</strong></span> <span class='ocrx_word' id='word_1_563' title='bbox 2704 1666 2896 1735; x_wconf 91' lang='lat' dir='ltr'><strong>seipse</strong></span> <span class='ocrx_word' id='word_1_564' title='bbox 2922 1654 3260 1736; x_wconf 78' lang='lat' dir='ltr'><strong>reprehendit</strong></span> <span class='ocrx_word' id='word_1_565' title='bbox 3285 1668 3549 1740; x_wconf 84' lang='lat' dir='ltr'><strong>(Relract.</strong></span> <span class='ocrx_word' id='word_1_566' title='bbox 3576 1670 3660 1724; x_wconf 86' lang='lat' dir='ltr'><strong>(ib.</strong></span> <span class='ocrx_word' id='word_1_567' title='bbox 3690 1669 3762 1738; x_wconf 89' lang='lat'><strong>2,</strong></span> 
     </span>
    </p>
   </div>
   <div class='ocr_carea' id='block_1_78' title="bbox 2170 1753 3762 1830">
    <p class='ocr_par' dir='ltr' id='par_1_78' title="bbox 2170 1753 3762 1830">
     <span class='ocr_line' id='line_1_78' title="bbox 2170 1753 3762 1830; baseline 0.005 -23"><span class='ocrx_word' id='word_1_568' title='bbox 2170 1771 2282 1824; x_wconf 87' lang='lat' dir='ltr'><strong>cap.</strong></span> <span class='ocrx_word' id='word_1_569' title='bbox 2301 1753 2390 1827; x_wconf 69' lang='lat'><strong>54)</strong></span> <span class='ocrx_word' id='word_1_570' title='bbox 2411 1773 2425 1810; x_wconf 87' lang='lat'><strong>:</strong></span> <span class='ocrx_word' id='word_1_571' title='bbox 2445 1756 2688 1810; x_wconf 90' lang='lat' dir='ltr'><strong>nimirum</strong></span> <span class='ocrx_word' id='word_1_572' title='bbox 2703 1757 2841 1826; x_wconf 92' lang='lat' dir='ltr'><strong>quod</strong></span> <span class='ocrx_word' id='word_1_573' title='bbox 2853 1757 3043 1813; x_wconf 82' lang='lat' dir='ltr'><strong>Felicis</strong></span> <span class='ocrx_word' id='word_1_574' title='bbox 3058 1759 3667 1830; x_wconf 83' lang='lat' dir='ltr'><strong>Aptungensisjndicium</strong></span> <span class='ocrx_word' id='word_1_575' title='bbox 3684 1761 3762 1827; x_wconf 90' lang='lat' dir='ltr'><strong>ei,</strong></span> 
     </span>
    </p>
   </div>
   <div class='ocr_carea' id='block_1_79' title="bbox 2170 1846 3762 1922">
    <p class='ocr_par' dir='ltr' id='par_1_79' title="bbox 2170 1846 3762 1922">
     <span class='ocr_line' id='line_1_79' title="bbox 2170 1846 3762 1922; baseline 0.003 -23"><span class='ocrx_word' id='word_1_576' title='bbox 2170 1846 2308 1914; x_wconf 90' lang='lat' dir='ltr'><strong>quod</strong></span> <span class='ocrx_word' id='word_1_577' title='bbox 2338 1847 2386 1899; x_wconf 90' lang='lat' dir='ltr'><strong>in</strong></span> <span class='ocrx_word' id='word_1_578' title='bbox 2412 1847 2633 1916; x_wconf 87' lang='lat' dir='ltr'><strong>gratiam</strong></span> <span class='ocrx_word' id='word_1_579' title='bbox 2655 1847 2921 1903; x_wconf 73' lang='lat' dir='ltr'><strong>Czeciliani</strong></span> <span class='ocrx_word' id='word_1_580' title='bbox 2951 1850 3327 1905; x_wconf 84' lang='lat' dir='ltr'><strong>Constantinus</strong></span> <span class='ocrx_word' id='word_1_581' title='bbox 3360 1850 3499 1917; x_wconf 91' lang='lat' dir='ltr'><strong>tulit,</strong></span> <span class='ocrx_word' id='word_1_582' title='bbox 3534 1861 3762 1922; x_wconf 89' lang='lat' dir='ltr'><strong>postpo-</strong></span> 
     </span>
    </p>
   </div>
   <div class='ocr_carea' id='block_1_80' title="bbox 2169 1935 3789 2007">
    <p class='ocr_par' dir='ltr' id='par_1_80' title="bbox 2169 1935 3789 2007">
     <span class='ocr_line' id='line_1_80' title="bbox 2169 1935 3789 2007; baseline 0.004 -18"><span class='ocrx_word' id='word_1_583' title='bbox 2169 1944 2278 1989; x_wconf 80' lang='lat' dir='ltr'><strong>nat.</strong></span> <span class='ocrx_word' id='word_1_584' title='bbox 2304 1935 2380 1990; x_wconf 91' lang='lat' dir='ltr'><strong>De</strong></span> <span class='ocrx_word' id='word_1_585' title='bbox 2405 1951 2510 2007; x_wconf 90' lang='lat' dir='ltr'><strong>quo</strong></span> <span class='ocrx_word' id='word_1_586' title='bbox 2535 1936 2745 2007; x_wconf 87' lang='lat' dir='ltr'><strong>quidem</strong></span> <span class='ocrx_word' id='word_1_587' title='bbox 2777 1938 2829 1992; x_wconf 91' lang='lat' dir='ltr'><strong>in</strong></span> <span class='ocrx_word' id='word_1_588' title='bbox 2852 1937 3142 1995; x_wconf 89' lang='lat' dir='ltr'><strong>Collatione</strong></span> <span class='ocrx_word' id='word_1_589' title='bbox 3167 1941 3389 1996; x_wconf 89' lang='lat' dir='ltr'><strong>necdum</strong></span> <span class='ocrx_word' id='word_1_590' title='bbox 3410 1941 3607 1996; x_wconf 88' lang='lat' dir='ltr'><strong>certior</strong></span> <span class='ocrx_word' id='word_1_591' title='bbox 3636 1949 3758 1997; x_wconf 85' lang='lat' dir='ltr'><strong>erat</strong></span> <span class='ocrx_word' id='word_1_592' title='bbox 3782 1950 3789 1953; x_wconf 70' lang='lat'><strong><em>&quot;</em></strong></span> 
     </span>
    </p>
   </div>
   <div class='ocr_carea' id='block_1_81' title="bbox 2169 2022 3760 2099">
    <p class='ocr_par' dir='ltr' id='par_1_81' title="bbox 2169 2022 3760 2099">
     <span class='ocr_line' id='line_1_81' title="bbox 2169 2022 3760 2099; baseline 0.006 -22"><span class='ocrx_word' id='word_1_593' title='bbox 2169 2022 2338 2080; x_wconf 88' lang='lat' dir='ltr'><strong>factus</strong></span> <span class='ocrx_word' id='word_1_594' title='bbox 2368 2045 2382 2081; x_wconf 91' lang='lat'><strong>:</strong></span> <span class='ocrx_word' id='word_1_595' title='bbox 2412 2036 2466 2081; x_wconf 91' lang='lat' dir='ltr'><strong>at</strong></span> <span class='ocrx_word' id='word_1_596' title='bbox 2488 2028 2632 2081; x_wconf 91' lang='lat' dir='ltr'><strong>illum</strong></span> <span class='ocrx_word' id='word_1_597' title='bbox 2659 2044 2813 2083; x_wconf 88' lang='lat' dir='ltr'><strong>suum</strong></span> <span class='ocrx_word' id='word_1_598' title='bbox 2844 2044 3078 2084; x_wconf 90' lang='lat' dir='ltr'><strong>errorem</strong></span> <span class='ocrx_word' id='word_1_599' title='bbox 3108 2030 3217 2099; x_wconf 77' lang='lat' dir='ltr'><strong>jam</strong></span> <span class='ocrx_word' id='word_1_600' title='bbox 3243 2040 3352 2085; x_wconf 84' lang='lat' dir='ltr'><strong>tum</strong></span> <span class='ocrx_word' id='word_1_601' title='bbox 3373 2046 3491 2085; x_wconf 88' lang='lat' dir='ltr'><strong>eum</strong></span> <span class='ocrx_word' id='word_1_602' title='bbox 3513 2030 3760 2087; x_wconf 89' lang='lat' dir='ltr'><strong>eamdem</strong></span> 
     </span>
    </p>
   </div>
   <div class='ocr_carea' id='block_1_82' title="bbox 2169 2112 3756 2193">
    <p class='ocr_par' dir='ltr' id='par_1_82' title="bbox 2169 2112 3756 2193">
     <span class='ocr_line' id='line_1_82' title="bbox 2169 2112 3756 2193; baseline 0.005 -24"><span class='ocrx_word' id='word_1_603' title='bbox 2169 2112 2513 2171; x_wconf 88' lang='lat' dir='ltr'><strong>Collationem</strong></span> <span class='ocrx_word' id='word_1_604' title='bbox 2534 2117 2585 2171; x_wconf 91' lang='lat' dir='ltr'><strong>in</strong></span> <span class='ocrx_word' id='word_1_605' title='bbox 2602 2119 2969 2189; x_wconf 86' lang='lat' dir='ltr'><strong>compendium</strong></span> <span class='ocrx_word' id='word_1_606' title='bbox 2992 2121 3212 2191; x_wconf 89' lang='lat' dir='ltr'><strong>redegit,</strong></span> <span class='ocrx_word' id='word_1_607' title='bbox 3234 2132 3518 2192; x_wconf 85' lang='lat' dir='ltr'><strong>agnoverat</strong></span> <span class='ocrx_word' id='word_1_608' title='bbox 3535 2121 3756 2193; x_wconf 74' lang='lat' dir='ltr'><strong>(Brevic.</strong></span> 
     </span>
    </p>
   </div>
   <div class='ocr_carea' id='block_1_83' title="bbox 2171 2206 3763 2279">
    <p class='ocr_par' dir='ltr' id='par_1_83' title="bbox 2171 2206 3763 2279">
     <span class='ocr_line' id='line_1_83' title="bbox 2171 2206 3763 2279; baseline 0.006 -18"><span class='ocrx_word' id='word_1_609' title='bbox 2171 2206 2351 2261; x_wconf 82' lang='lat' dir='ltr'><strong>Collat.</strong></span> <span class='ocrx_word' id='word_1_610' title='bbox 2374 2208 2428 2275; x_wconf 78' lang='lat'><strong>3,</strong></span> <span class='ocrx_word' id='word_1_611' title='bbox 2452 2225 2505 2264; x_wconf 81' lang='grc' dir='ltr'><strong>η.</strong></span> <span class='ocrx_word' id='word_1_612' title='bbox 2526 2208 2640 2279; x_wconf 72' lang='grc'>42),</span> <span class='ocrx_word' id='word_1_613' title='bbox 2664 2218 2719 2265; x_wconf 91' lang='lat' dir='ltr'><strong>et</strong></span> <span class='ocrx_word' id='word_1_614' title='bbox 2740 2226 2867 2266; x_wconf 90' lang='lat' dir='ltr'><strong>sane</strong></span> <span class='ocrx_word' id='word_1_615' title='bbox 2888 2219 3009 2266; x_wconf 86' lang='lat' dir='ltr'><strong>ante</strong></span> <span class='ocrx_word' id='word_1_616' title='bbox 3032 2211 3295 2267; x_wconf 90' lang='lat' dir='ltr'><strong>decimum</strong></span> <span class='ocrx_word' id='word_1_617' title='bbox 3314 2223 3554 2269; x_wconf 89' lang='lat' dir='ltr'><strong>octavum</strong></span> <span class='ocrx_word' id='word_1_618' title='bbox 3575 2213 3763 2270; x_wconf 81' lang='lat' dir='ltr'><strong>kalen-</strong></span> 
     </span>
    </p>
   </div>
   <div class='ocr_carea' id='block_1_84' title="bbox 2170 2297 3762 2371">
    <p class='ocr_par' dir='ltr' id='par_1_84' title="bbox 2170 2297 3762 2371">
     <span class='ocr_line' id='line_1_84' title="bbox 2170 2297 3762 2371; baseline 0.004 -18"><span class='ocrx_word' id='word_1_619' title='bbox 2170 2297 2264 2353; x_wconf 91' lang='lat' dir='ltr'><strong>das</strong></span> <span class='ocrx_word' id='word_1_620' title='bbox 2284 2298 2443 2368; x_wconf 90' lang='lat' dir='ltr'><strong>julias</strong></span> <span class='ocrx_word' id='word_1_621' title='bbox 2466 2300 2588 2354; x_wconf 93' lang='lat' dir='ltr'><strong>anni</strong></span> <span class='ocrx_word' id='word_1_622' title='bbox 2617 2301 3424 2371; x_wconf 88' lang='lat' dir='ltr'><strong>quadringentesimiduodecimi</strong></span> <span class='ocrx_word' id='word_1_623' title='bbox 3457 2303 3673 2359; x_wconf 91' lang='lat' dir='ltr'><strong>Librum</strong></span> <span class='ocrx_word' id='word_1_624' title='bbox 3689 2304 3762 2362; x_wconf 90' lang='lat' dir='ltr'><strong>de</strong></span> 
     </span>
    </p>
   </div>
   <div class='ocr_carea' id='block_1_85' title="bbox 2171 2390 3768 2466">
    <p class='ocr_par' dir='ltr' id='par_1_85' title="bbox 2171 2390 3768 2466">
     <span class='ocr_line' id='line_1_85' title="bbox 2171 2390 3768 2466; baseline 0.003 -19"><span class='ocrx_word' id='word_1_625' title='bbox 2171 2390 2341 2447; x_wconf 87' lang='lat' dir='ltr'><strong>Unico</strong></span> <span class='ocrx_word' id='word_1_626' title='bbox 2368 2392 2657 2462; x_wconf 90' lang='lat' dir='ltr'><strong>Baptismo,</strong></span> <span class='ocrx_word' id='word_1_627' title='bbox 2682 2395 2794 2449; x_wconf 90' lang='lat' dir='ltr'><strong>sive</strong></span> <span class='ocrx_word' id='word_1_628' title='bbox 2830 2394 2897 2449; x_wconf 91' lang='lat' dir='ltr'><strong>de</strong></span> <span class='ocrx_word' id='word_1_629' title='bbox 2925 2393 3137 2450; x_wconf 84' lang='lat' dir='ltr'><strong>Unitate</strong></span> <span class='ocrx_word' id='word_1_630' title='bbox 3176 2395 3448 2466; x_wconf 85' lang='lat' dir='ltr'><strong>Baptismi,</strong></span> <span class='ocrx_word' id='word_1_631' title='bbox 3489 2412 3556 2452; x_wconf 92' lang='lat' dir='ltr'><strong>eo</strong></span> <span class='ocrx_word' id='word_1_632' title='bbox 3580 2398 3768 2453; x_wconf 84' lang='lat' dir='ltr'><strong>animo</strong></span> 
     </span>
    </p>
   </div>
   <div class='ocr_carea' id='block_1_86' title="bbox 2170 2486 3766 2561">
    <p class='ocr_par' dir='ltr' id='par_1_86' title="bbox 2170 2486 3766 2561">
     <span class='ocr_line' id='line_1_86' title="bbox 2170 2486 3766 2561; baseline 0.006 -24"><span class='ocrx_word' id='word_1_633' title='bbox 2170 2486 2487 2554; x_wconf 86' lang='lat' dir='ltr'><strong>composuit,</strong></span> <span class='ocrx_word' id='word_1_634' title='bbox 2516 2494 2573 2539; x_wconf 93' lang='lat' dir='ltr'><strong>ut</strong></span> <span class='ocrx_word' id='word_1_635' title='bbox 2592 2487 2741 2541; x_wconf 91' lang='lat' dir='ltr'><strong>alteri</strong></span> <span class='ocrx_word' id='word_1_636' title='bbox 2772 2486 3010 2558; x_wconf 89' lang='lat' dir='ltr'><strong>ejusdem</strong></span> <span class='ocrx_word' id='word_1_637' title='bbox 3036 2488 3395 2559; x_wconf 88' lang='lat' dir='ltr'><strong>inscriptionis</strong></span> <span class='ocrx_word' id='word_1_638' title='bbox 3415 2491 3766 2561; x_wconf 87' lang='lat' dir='ltr'><strong>responderet</strong></span> 
     </span>
    </p>
   </div>
   <div class='ocr_carea' id='block_1_87' title="bbox 2172 2574 3768 2651">
    <p class='ocr_par' dir='ltr' id='par_1_87' title="bbox 2172 2574 3768 2651">
     <span class='ocr_line' id='line_1_87' title="bbox 2172 2574 3768 2651; baseline 0.005 -22"><span class='ocrx_word' id='word_1_639' title='bbox 2172 2574 2415 2649; x_wconf 85' lang='lat' dir='ltr'><strong>(Retract.</strong></span> <span class='ocrx_word' id='word_1_640' title='bbox 2445 2577 2531 2631; x_wconf 82' lang='lat' dir='ltr'><strong>lib.</strong></span> <span class='ocrx_word' id='word_1_641' title='bbox 2562 2577 2617 2645; x_wconf 89' lang='lat'><strong>2,</strong></span> <span class='ocrx_word' id='word_1_642' title='bbox 2639 2594 2749 2648; x_wconf 86' lang='lat' dir='ltr'><strong>cap.</strong></span> <span class='ocrx_word' id='word_1_643' title='bbox 2790 2578 2882 2648; x_wconf 67' lang='grc'><strong>54)</strong></span> <span class='ocrx_word' id='word_1_644' title='bbox 2911 2595 2925 2632; x_wconf 90' lang='lat'><strong>:</strong></span> <span class='ocrx_word' id='word_1_645' title='bbox 2954 2580 3105 2649; x_wconf 90' lang='lat' dir='ltr'><strong>cujus</strong></span> <span class='ocrx_word' id='word_1_646' title='bbox 3132 2590 3315 2635; x_wconf 86' lang='lat' dir='ltr'><strong>auctor</strong></span> <span class='ocrx_word' id='word_1_647' title='bbox 3342 2597 3497 2651; x_wconf 89' lang='lat' dir='ltr'><strong>quem</strong></span> <span class='ocrx_word' id='word_1_648' title='bbox 3525 2582 3768 2637; x_wconf 87' lang='lat' dir='ltr'><strong>ferebant</strong></span> 
     </span>
    </p>
   </div>
   <div class='ocr_carea' id='block_1_88' title="bbox 2174 2667 3763 2743">
    <p class='ocr_par' dir='ltr' id='par_1_88' title="bbox 2174 2667 3763 2743">
     <span class='ocr_line' id='line_1_88' title="bbox 2174 2667 3763 2743; baseline 0.003 -20"><span class='ocrx_word' id='word_1_649' title='bbox 2174 2683 2293 2723; x_wconf 89' lang='lat' dir='ltr'><strong>esse</strong></span> <span class='ocrx_word' id='word_1_650' title='bbox 2310 2668 2622 2724; x_wconf 88' lang='lat' dir='ltr'><strong>Petilianum</strong></span> <span class='ocrx_word' id='word_1_651' title='bbox 2640 2667 2955 2736; x_wconf 89' lang='lat' dir='ltr'><strong>Cirtensem,</strong></span> <span class='ocrx_word' id='word_1_652' title='bbox 2978 2687 3083 2726; x_wconf 90' lang='lat' dir='ltr'><strong>non</strong></span> <span class='ocrx_word' id='word_1_653' title='bbox 3106 2688 3261 2743; x_wconf 86' lang='lat' dir='ltr'><strong>posse</strong></span> <span class='ocrx_word' id='word_1_654' title='bbox 3274 2673 3561 2742; x_wconf 86' lang='lat' dir='ltr'><strong>Baptisma,</strong></span> <span class='ocrx_word' id='word_1_655' title='bbox 3577 2674 3679 2730; x_wconf 91' lang='lat' dir='ltr'><strong>nisi</strong></span> <span class='ocrx_word' id='word_1_656' title='bbox 3707 2676 3763 2729; x_wconf 90' lang='lat' dir='ltr'><strong>in</strong></span> 
     </span>
    </p>
   </div>
   <div class='ocr_carea' id='block_1_89' title="bbox 2171 2762 3762 2832">
    <p class='ocr_par' dir='ltr' id='par_1_89' title="bbox 2171 2762 3762 2832">
     <span class='ocr_line' id='line_1_89' title="bbox 2171 2762 3762 2832; baseline 0.003 -17"><span class='ocrx_word' id='word_1_657' title='bbox 2171 2770 2314 2815; x_wconf 91' lang='lat' dir='ltr'><strong>secta</strong></span> <span class='ocrx_word' id='word_1_658' title='bbox 2332 2762 2742 2829; x_wconf 89' lang='lat' dir='ltr'><strong>Donatistarum,</strong></span> <span class='ocrx_word' id='word_1_659' title='bbox 2766 2763 2998 2832; x_wconf 89' lang='lat' dir='ltr'><strong>legitime</strong></span> <span class='ocrx_word' id='word_1_660' title='bbox 3016 2764 3370 2819; x_wconf 88' lang='lat' dir='ltr'><strong>administrari</strong></span> <span class='ocrx_word' id='word_1_661' title='bbox 3389 2765 3762 2821; x_wconf 88' lang='lat' dir='ltr'><strong>contendebat.</strong></span> 
     </span>
    </p>
   </div>
   <div class='ocr_carea' id='block_1_90' title="bbox 2172 2852 3761 2924">
    <p class='ocr_par' dir='ltr' id='par_1_90' title="bbox 2172 2852 3761 2924">
     <span class='ocr_line' id='line_1_90' title="bbox 2172 2852 3761 2924; baseline 0.004 -18"><span class='ocrx_word' id='word_1_662' title='bbox 2172 2852 2430 2907; x_wconf 85' lang='lat' dir='ltr'><strong>Iloclibro</strong></span> <span class='ocrx_word' id='word_1_663' title='bbox 2445 2854 2929 2924; x_wconf 72' lang='lat' dir='ltr'><strong>prmterampullata</strong></span> <span class='ocrx_word' id='word_1_664' title='bbox 2946 2856 3124 2923; x_wconf 88' lang='lat' dir='ltr'><strong>verba,</strong></span> <span class='ocrx_word' id='word_1_665' title='bbox 3143 2864 3195 2910; x_wconf 91' lang='lat' dir='ltr'><strong>et</strong></span> <span class='ocrx_word' id='word_1_666' title='bbox 3212 2856 3547 2913; x_wconf 91' lang='lat' dir='ltr'><strong>incredibiles</strong></span> <span class='ocrx_word' id='word_1_667' title='bbox 3563 2857 3761 2913; x_wconf 85' lang='lat' dir='ltr'><strong>calum-</strong></span> 
     </span>
    </p>
   </div>
   <div class='ocr_carea' id='block_1_91' title="bbox 2172 2942 3762 3019">
    <p class='ocr_par' dir='ltr' id='par_1_91' title="bbox 2172 2942 3762 3019">
     <span class='ocr_line' id='line_1_91' title="bbox 2172 2942 3762 3019; baseline 0.005 -23"><span class='ocrx_word' id='word_1_668' title='bbox 2172 2942 2441 3009; x_wconf 89' lang='lat' dir='ltr'><strong>nias,nihil</strong></span> <span class='ocrx_word' id='word_1_669' title='bbox 2453 2944 2839 3011; x_wconf 88' lang='lat' dir='ltr'><strong>continebatur,</strong></span> <span class='ocrx_word' id='word_1_670' title='bbox 2854 2946 2990 3015; x_wconf 93' lang='lat' dir='ltr'><strong>quod</strong></span> <span class='ocrx_word' id='word_1_671' title='bbox 3004 2956 3145 3002; x_wconf 91' lang='lat' dir='ltr'><strong>esset</strong></span> <span class='ocrx_word' id='word_1_672' title='bbox 3156 2948 3575 3004; x_wconf 88' lang='lat' dir='ltr'><strong>consideratione</strong></span> <span class='ocrx_word' id='word_1_673' title='bbox 3585 2948 3762 3019; x_wconf 87' lang='lat' dir='ltr'><strong>aliqua</strong></span> 
     </span>
    </p>
   </div>
   <div class='ocr_carea' id='block_1_92' title="bbox 2170 3032 3768 3110">
    <p class='ocr_par' dir='ltr' id='par_1_92' title="bbox 2170 3032 3768 3110">
     <span class='ocr_line' id='line_1_92' title="bbox 2170 3032 3768 3110; baseline 0.006 -23"><span class='ocrx_word' id='word_1_674' title='bbox 2170 3032 2386 3103; x_wconf 85' lang='lat' dir='ltr'><strong>dignum</strong></span> <span class='ocrx_word' id='word_1_675' title='bbox 2434 3032 2534 3107; x_wconf 90' lang='lat' dir='ltr'><strong>(De</strong></span> <span class='ocrx_word' id='word_1_676' title='bbox 2576 3033 2736 3090; x_wconf 86' lang='lat' dir='ltr'><strong>Unico</strong></span> <span class='ocrx_word' id='word_1_677' title='bbox 2781 3035 3077 3107; x_wconf 80' lang='lat' dir='ltr'><strong>Baptismo,</strong></span> <span class='ocrx_word' id='word_1_678' title='bbox 3121 3055 3173 3091; x_wconf 82' lang='grc' dir='ltr'><strong>η.</strong></span> <span class='ocrx_word' id='word_1_679' title='bbox 3222 3037 3308 3106; x_wconf 80' lang='grc'><strong>1).</strong></span> <span class='ocrx_word' id='word_1_680' title='bbox 3371 3039 3452 3093; x_wconf 59' lang='lat' dir='ltr'><strong>Ea.</strong></span> <span class='ocrx_word' id='word_1_681' title='bbox 3500 3039 3768 3110; x_wconf 84' lang='lat' dir='ltr'><strong>siquidem</strong></span> 
     </span>
    </p>
   </div>
   <div class='ocr_carea' id='block_1_93' title="bbox 2170 3123 3770 3199">
    <p class='ocr_par' dir='ltr' id='par_1_93' title="bbox 2170 3123 3770 3199">
     <span class='ocr_line' id='line_1_93' title="bbox 2170 3123 3770 3199; baseline 0.004 -21"><span class='ocrx_word' id='word_1_682' title='bbox 2170 3133 2354 3179; x_wconf 88' lang='lat' dir='ltr'><strong>auctor</strong></span> <span class='ocrx_word' id='word_1_683' title='bbox 2380 3123 2671 3181; x_wconf 87' lang='lat' dir='ltr'><strong>adducebat</strong></span> <span class='ocrx_word' id='word_1_684' title='bbox 2699 3136 3005 3197; x_wconf 91' lang='lat' dir='ltr'><strong>argumenta</strong></span> <span class='ocrx_word' id='word_1_685' title='bbox 3052 3141 3114 3181; x_wconf 88' lang='lat' dir='ltr'><strong>ac</strong></span> <span class='ocrx_word' id='word_1_686' title='bbox 3162 3129 3485 3194; x_wconf 90' lang='lat' dir='ltr'><strong>testimonia,</strong></span> <span class='ocrx_word' id='word_1_687' title='bbox 3509 3143 3623 3199; x_wconf 67' lang='lat' dir='ltr'><strong>quae</strong></span> <span class='ocrx_word' id='word_1_688' title='bbox 3659 3128 3770 3184; x_wconf 85' lang='lat' dir='ltr'><strong>Ca-</strong></span> 
     </span>
    </p>
   </div>
   <div class='ocr_carea' id='block_1_94' title="bbox 2172 3214 3769 3291">
    <p class='ocr_par' dir='ltr' id='par_1_94' title="bbox 2172 3214 3769 3291">
     <span class='ocr_line' id='line_1_94' title="bbox 2172 3214 3769 3291; baseline 0.003 -21"><span class='ocrx_word' id='word_1_689' title='bbox 2172 3214 2382 3270; x_wconf 84' lang='lat' dir='ltr'><strong>tholicis</strong></span> <span class='ocrx_word' id='word_1_690' title='bbox 2401 3216 2571 3285; x_wconf 90' lang='lat' dir='ltr'><strong>potius</strong></span> <span class='ocrx_word' id='word_1_691' title='bbox 2588 3217 2839 3282; x_wconf 85' lang='lat' dir='ltr'><strong>faverent,</strong></span> <span class='ocrx_word' id='word_1_692' title='bbox 2862 3232 3018 3287; x_wconf 91' lang='lat' dir='ltr'><strong>quam</strong></span> <span class='ocrx_word' id='word_1_693' title='bbox 3036 3216 3345 3289; x_wconf 83' lang='lat' dir='ltr'><strong>suis(lbid.,</strong></span> <span class='ocrx_word' id='word_1_694' title='bbox 3363 3235 3417 3271; x_wconf 89' lang='lat' dir='ltr'><strong>n.</strong></span> <span class='ocrx_word' id='word_1_695' title='bbox 3444 3218 3551 3291; x_wconf 70' lang='lat'><strong>10).</strong></span> <span class='ocrx_word' id='word_1_696' title='bbox 3574 3219 3769 3274; x_wconf 84' lang='lat' dir='ltr'><strong>Plures</strong></span> 
     </span>
    </p>
   </div>
   <div class='ocr_carea' id='block_1_95' title="bbox 2172 3305 3770 3378">
    <p class='ocr_par' dir='ltr' id='par_1_95' title="bbox 2172 3305 3770 3378">
     <span class='ocr_line' id='line_1_95' title="bbox 2172 3305 3770 3378; baseline 0.002 -18"><span class='ocrx_word' id='word_1_697' title='bbox 2172 3320 2203 3360; x_wconf 92' lang='lat' dir='ltr'><strong>e</strong></span> <span class='ocrx_word' id='word_1_698' title='bbox 2225 3305 2475 3360; x_wconf 78' lang='lat' dir='ltr'><strong>Romanis</strong></span> <span class='ocrx_word' id='word_1_699' title='bbox 2507 3305 2768 3375; x_wconf 90' lang='lat' dir='ltr'><strong>episcopis</strong></span> <span class='ocrx_word' id='word_1_700' title='bbox 2813 3306 3255 3373; x_wconf 77' lang='lat' dir='ltr'><strong>idololatrize,scd</strong></span> <span class='ocrx_word' id='word_1_701' title='bbox 3286 3309 3398 3363; x_wconf 90' lang='lat' dir='ltr'><strong>sine</strong></span> <span class='ocrx_word' id='word_1_702' title='bbox 3433 3309 3535 3362; x_wconf 89' lang='lat' dir='ltr'><strong>ulla</strong></span> <span class='ocrx_word' id='word_1_703' title='bbox 3568 3310 3770 3378; x_wconf 85' lang='lat' dir='ltr'><strong>proba-</strong></span> 
     </span>
    </p>
   </div>
   <div class='ocr_carea' id='block_1_96' title="bbox 2174 3395 3813 3470">
    <p class='ocr_par' dir='ltr' id='par_1_96' title="bbox 2174 3395 3813 3470">
     <span class='ocr_line' id='line_1_96' title="bbox 2174 3395 3813 3470; baseline 0.002 -20"><span class='ocrx_word' id='word_1_704' title='bbox 2174 3396 2338 3461; x_wconf 89' lang='lat' dir='ltr'><strong>tione,</strong></span> <span class='ocrx_word' id='word_1_705' title='bbox 2368 3396 2668 3451; x_wconf 87' lang='lat' dir='ltr'><strong>arcessebat</strong></span> <span class='ocrx_word' id='word_1_706' title='bbox 2694 3395 2877 3468; x_wconf 86' lang='lat' dir='ltr'><strong>(Ibid.,</strong></span> <span class='ocrx_word' id='word_1_707' title='bbox 2897 3414 2949 3450; x_wconf 90' lang='lat' dir='ltr'><strong>n.</strong></span> <span class='ocrx_word' id='word_1_708' title='bbox 2973 3397 3083 3470; x_wconf 87' lang='lat'><strong>27).</strong></span> <span class='ocrx_word' id='word_1_709' title='bbox 3103 3398 3251 3465; x_wconf 84' lang='lat' dir='ltr'><strong>Quod</strong></span> <span class='ocrx_word' id='word_1_710' title='bbox 3270 3407 3444 3452; x_wconf 91' lang='lat' dir='ltr'><strong>autem</strong></span> <span class='ocrx_word' id='word_1_711' title='bbox 3469 3399 3767 3454; x_wconf 90' lang='lat' dir='ltr'><strong>catholicos</strong></span> <span class='ocrx_word' id='word_1_712' title='bbox 3806 3460 3813 3463; x_wconf 91' lang='lat'><em>_</em></span> 
     </span>
    </p>
   </div>
   <div class='ocr_carea' id='block_1_97' title="bbox 2173 3485 3763 3559">
    <p class='ocr_par' dir='ltr' id='par_1_97' title="bbox 2173 3485 3763 3559">
     <span class='ocr_line' id='line_1_97' title="bbox 2173 3485 3763 3559; baseline 0.003 -18"><span class='ocrx_word' id='word_1_713' title='bbox 2173 3485 2429 3542; x_wconf 90' lang='lat' dir='ltr'><strong>Cirtensis</strong></span> <span class='ocrx_word' id='word_1_714' title='bbox 2470 3486 2722 3541; x_wconf 73' lang='lat' dir='ltr'><strong>Ecclesia:</strong></span> <span class='ocrx_word' id='word_1_715' title='bbox 2766 3488 3037 3556; x_wconf 73' lang='lat' dir='ltr'><strong>praesules,</strong></span> <span class='ocrx_word' id='word_1_716' title='bbox 3082 3488 3248 3559; x_wconf 89' lang='lat' dir='ltr'><strong>probe</strong></span> <span class='ocrx_word' id='word_1_717' title='bbox 3290 3490 3549 3559; x_wconf 88' lang='lat' dir='ltr'><strong>cognitos,</strong></span> <span class='ocrx_word' id='word_1_718' title='bbox 3593 3489 3763 3546; x_wconf 84' lang='lat' dir='ltr'><strong>Mani-</strong></span> 
     </span>
    </p>
   </div>
   <div class='ocr_carea' id='block_1_98' title="bbox 2173 3575 3769 3649">
    <p class='ocr_par' dir='ltr' id='par_1_98' title="bbox 2173 3575 3769 3649">
     <span class='ocr_line' id='line_1_98' title="bbox 2173 3575 3769 3649; baseline 0.003 -18"><span class='ocrx_word' id='word_1_719' title='bbox 2173 3578 2439 3631; x_wconf 87' lang='lat' dir='ltr'><strong>chaeorum</strong></span> <span class='ocrx_word' id='word_1_720' title='bbox 2471 3575 2713 3630; x_wconf 72' lang='lat' dir='ltr'><strong>hzeresim</strong></span> <span class='ocrx_word' id='word_1_721' title='bbox 2740 3579 2886 3647; x_wconf 91' lang='lat' dir='ltr'><strong>sequi</strong></span> <span class='ocrx_word' id='word_1_722' title='bbox 2911 3578 3249 3633; x_wconf 88' lang='lat' dir='ltr'><strong>asseverabat</strong></span> <span class='ocrx_word' id='word_1_723' title='bbox 3282 3578 3535 3648; x_wconf 83' lang='lat' dir='ltr'><strong>(lbid.,n.</strong></span> <span class='ocrx_word' id='word_1_724' title='bbox 3563 3580 3769 3649; x_wconf 87' lang='lat' dir='ltr'><strong>29),eo</strong></span> 
     </span>
    </p>
   </div>
   <div class='ocr_carea' id='block_1_99' title="bbox 2175 3668 3768 3742">
    <p class='ocr_par' dir='ltr' id='par_1_99' title="bbox 2175 3668 3768 3742">
     <span class='ocr_line' id='line_1_99' title="bbox 2175 3668 3768 3742; baseline 0.002 -19"><span class='ocrx_word' id='word_1_725' title='bbox 2175 3669 2290 3739; x_wconf 91' lang='lat' dir='ltr'><strong>ipso</strong></span> <span class='ocrx_word' id='word_1_726' title='bbox 2316 3668 2628 3723; x_wconf 89' lang='lat' dir='ltr'><strong>ostendebat</strong></span> <span class='ocrx_word' id='word_1_727' title='bbox 2653 3668 2977 3737; x_wconf 88' lang='lat' dir='ltr'><strong>planissime,</strong></span> <span class='ocrx_word' id='word_1_728' title='bbox 2995 3680 3248 3739; x_wconf 91' lang='lat' dir='ltr'><strong>quantum</strong></span> <span class='ocrx_word' id='word_1_729' title='bbox 3269 3670 3388 3726; x_wconf 81' lang='lat' dir='ltr'><strong>fidei</strong></span> <span class='ocrx_word' id='word_1_730' title='bbox 3406 3671 3544 3736; x_wconf 89' lang='lat' dir='ltr'><strong>aliis,</strong></span> <span class='ocrx_word' id='word_1_731' title='bbox 3568 3671 3768 3742; x_wconf 87' lang='lat' dir='ltr'><strong>quibus</strong></span> 
     </span>
    </p>
   </div>
   <div class='ocr_carea' id='block_1_100' title="bbox 2175 3760 3760 3831">
    <p class='ocr_par' dir='ltr' id='par_1_100' title="bbox 2175 3760 3760 3831">
     <span class='ocr_line' id='line_1_100' title="bbox 2175 3760 3760 3831; baseline 0.002 -16"><span class='ocrx_word' id='word_1_732' title='bbox 2175 3761 2227 3815; x_wconf 91' lang='lat' dir='ltr'><strong>in</strong></span> <span class='ocrx_word' id='word_1_733' title='bbox 2255 3761 2458 3831; x_wconf 86' lang='lat' dir='ltr'><strong>ignotos</strong></span> <span class='ocrx_word' id='word_1_734' title='bbox 2476 3760 2738 3825; x_wconf 86' lang='lat' dir='ltr'><strong>utebatur,</strong></span> <span class='ocrx_word' id='word_1_735' title='bbox 2758 3760 3213 3816; x_wconf 88' lang='lat' dir='ltr'><strong>criminationibus</strong></span> <span class='ocrx_word' id='word_1_736' title='bbox 3231 3760 3566 3816; x_wconf 87' lang='lat' dir='ltr'><strong>tribuendum</strong></span> <span class='ocrx_word' id='word_1_737' title='bbox 3586 3771 3760 3818; x_wconf 85' lang='lat' dir='ltr'><strong>esset:</strong></span> 
     </span>
    </p>
   </div>
   <div class='ocr_carea' id='block_1_101' title="bbox 2174 3849 3851 3922">
    <p class='ocr_par' dir='ltr' id='par_1_101' title="bbox 2174 3849 3851 3922">
     <span class='ocr_line' id='line_1_101' title="bbox 2174 3849 3851 3922; baseline 0.005 -18"><span class='ocrx_word' id='word_1_738' title='bbox 2174 3851 2385 3921; x_wconf 90' lang='lat' dir='ltr'><strong>quando</strong></span> <span class='ocrx_word' id='word_1_739' title='bbox 2412 3849 2751 3905; x_wconf 79' lang='lat' dir='ltr'><strong>Profuturum</strong></span> <span class='ocrx_word' id='word_1_740' title='bbox 2797 3852 3094 3907; x_wconf 90' lang='lat' dir='ltr'><strong>Cirtensem</strong></span> <span class='ocrx_word' id='word_1_741' title='bbox 3125 3861 3249 3907; x_wconf 89' lang='lat' dir='ltr'><strong>ante</strong></span> <span class='ocrx_word' id='word_1_742' title='bbox 3285 3854 3630 3922; x_wconf 89' lang='lat' dir='ltr'><strong>paucissimos</strong></span> <span class='ocrx_word' id='word_1_743' title='bbox 3673 3869 3769 3909; x_wconf 83' lang='lat' dir='ltr'><strong>an-</strong></span> <span class='ocrx_word' id='word_1_744' title='bbox 3840 3910 3851 3913; x_wconf 67' lang='lat'><strong>-</strong></span> 
     </span>
    </p>
   </div>
   <div class='ocr_carea' id='block_1_102' title="bbox 2175 3943 3767 4013">
    <p class='ocr_par' dir='ltr' id='par_1_102' title="bbox 2175 3943 3767 4013">
     <span class='ocr_line' id='line_1_102' title="bbox 2175 3943 3767 4013; baseline 0.002 -16"><span class='ocrx_word' id='word_1_745' title='bbox 2175 3957 2270 3997; x_wconf 91' lang='lat' dir='ltr'><strong>nos</strong></span> <span class='ocrx_word' id='word_1_746' title='bbox 2281 3943 2603 4007; x_wconf 87' lang='lat' dir='ltr'><strong>defunctum,</strong></span> <span class='ocrx_word' id='word_1_747' title='bbox 2624 3944 2842 4013; x_wconf 88' lang='lat' dir='ltr'><strong>ejusque</strong></span> <span class='ocrx_word' id='word_1_748' title='bbox 2854 3958 3218 4000; x_wconf 89' lang='lat' dir='ltr'><strong>successorem</strong></span> <span class='ocrx_word' id='word_1_749' title='bbox 3231 3944 3574 3999; x_wconf 87' lang='lat' dir='ltr'><strong>Fortunatum</strong></span> <span class='ocrx_word' id='word_1_750' title='bbox 3588 3944 3767 4001; x_wconf 86' lang='lat' dir='ltr'><strong>adhuc</strong></span> 
     </span>
    </p>
   </div>
   <div class='ocr_carea' id='block_1_103' title="bbox 2175 4017 3765 4108">
    <p class='ocr_par' dir='ltr' id='par_1_103' title="bbox 2175 4017 3765 4108">
     <span class='ocr_line' id='line_1_103' title="bbox 2175 4017 3765 4108; baseline 0.003 -19"><span class='ocrx_word' id='word_1_751' title='bbox 2175 4017 2536 4106; x_wconf 81' lang='lat' dir='ltr'><strong>superstitem,</strong></span> <span class='ocrx_word' id='word_1_752' title='bbox 2567 4036 2807 4091; x_wconf 89' lang='lat' dir='ltr'><strong>homines</strong></span> <span class='ocrx_word' id='word_1_753' title='bbox 2833 4045 2937 4090; x_wconf 89' lang='lat' dir='ltr'><strong>tam</strong></span> <span class='ocrx_word' id='word_1_754' title='bbox 2968 4038 3252 4107; x_wconf 63' lang='lat' dir='ltr'><strong>exploratae</strong></span> <span class='ocrx_word' id='word_1_755' title='bbox 3277 4045 3487 4107; x_wconf 88' lang='lat' dir='ltr'><strong>tamque</strong></span> <span class='ocrx_word' id='word_1_756' title='bbox 3504 4046 3765 4108; x_wconf 68' lang='lat' dir='ltr'><strong>spectatas</strong></span> 
     </span>
    </p>
   </div>
   <div class='ocr_carea' id='block_1_104' title="bbox 2176 4128 3775 4193">
    <p class='ocr_par' dir='ltr' id='par_1_104' title="bbox 2176 4128 3775 4193">
     <span class='ocr_line' id='line_1_104' title="bbox 2176 4128 3775 4193; baseline 0.001 -11"><span class='ocrx_word' id='word_1_757' title='bbox 2176 4128 2516 4193; x_wconf 72' lang='lat' dir='ltr'><strong>innocentim,</strong></span> <span class='ocrx_word' id='word_1_758' title='bbox 2545 4136 2649 4182; x_wconf 87' lang='lat' dir='ltr'><strong>tam</strong></span> <span class='ocrx_word' id='word_1_759' title='bbox 2695 4128 2945 4182; x_wconf 88' lang='lat' dir='ltr'><strong>atrociter</strong></span> <span class='ocrx_word' id='word_1_760' title='bbox 2975 4129 3351 4183; x_wconf 90' lang='lat' dir='ltr'><strong>insectabatur.</strong></span> <span class='ocrx_word' id='word_1_761' title='bbox 3395 4129 3546 4183; x_wconf 89' lang='lat' dir='ltr'><strong>Hunc</strong></span> <span class='ocrx_word' id='word_1_762' title='bbox 3566 4129 3775 4184; x_wconf 90' lang='lat' dir='ltr'><strong>librum</strong></span> 
     </span>
    </p>
   </div>
   <div class='ocr_carea' id='block_1_105' title="bbox 2176 4218 3765 4289">
    <p class='ocr_par' dir='ltr' id='par_1_105' title="bbox 2176 4218 3765 4289">
     <span class='ocr_line' id='line_1_105' title="bbox 2176 4218 3765 4289; baseline 0.001 -18"><span class='ocrx_word' id='word_1_763' title='bbox 2176 4218 2454 4288; x_wconf 81' lang='lat' dir='ltr'><strong>presbyter</strong></span> <span class='ocrx_word' id='word_1_764' title='bbox 2473 4218 2681 4288; x_wconf 92' lang='lat' dir='ltr'><strong>quidam</strong></span> <span class='ocrx_word' id='word_1_765' title='bbox 2708 4218 2975 4273; x_wconf 88' lang='lat' dir='ltr'><strong>Donatista</strong></span> <span class='ocrx_word' id='word_1_766' title='bbox 3000 4219 3090 4272; x_wconf 91' lang='lat' dir='ltr'><strong>uni</strong></span> <span class='ocrx_word' id='word_1_767' title='bbox 3123 4233 3189 4274; x_wconf 83' lang='lat' dir='ltr'><strong>ex</strong></span> <span class='ocrx_word' id='word_1_768' title='bbox 3231 4219 3414 4274; x_wconf 87' lang='lat' dir='ltr'><strong>amicis</strong></span> <span class='ocrx_word' id='word_1_769' title='bbox 3457 4220 3765 4289; x_wconf 88' lang='lat' dir='ltr'><strong>Augustini,</strong></span> 
     </span>
    </p>
   </div>
   <div class='ocr_carea' id='block_1_106' title="bbox 2176 4308 3769 4379">
    <p class='ocr_par' dir='ltr' id='par_1_106' title="bbox 2176 4308 3769 4379">
     <span class='ocr_line' id='line_1_106' title="bbox 2176 4308 3769 4379; baseline 0.001 -15"><span class='ocrx_word' id='word_1_770' title='bbox 2176 4310 2390 4364; x_wconf 90' lang='lat' dir='ltr'><strong>nomine</strong></span> <span class='ocrx_word' id='word_1_771' title='bbox 2416 4311 2788 4375; x_wconf 88' lang='lat' dir='ltr'><strong>Constantino,</strong></span> <span class='ocrx_word' id='word_1_772' title='bbox 2828 4308 3006 4375; x_wconf 90' lang='lat' dir='ltr'><strong>dedit;</strong></span> <span class='ocrx_word' id='word_1_773' title='bbox 3054 4325 3082 4363; x_wconf 91' lang='lat' dir='ltr'><strong>a</strong></span> <span class='ocrx_word' id='word_1_774' title='bbox 3118 4325 3222 4379; x_wconf 91' lang='lat' dir='ltr'><strong>quo</strong></span> <span class='ocrx_word' id='word_1_775' title='bbox 3248 4310 3394 4365; x_wconf 91' lang='lat' dir='ltr'><strong>illum</strong></span> <span class='ocrx_word' id='word_1_776' title='bbox 3420 4319 3631 4364; x_wconf 90' lang='lat' dir='ltr'><strong>sanctus</strong></span> <span class='ocrx_word' id='word_1_777' title='bbox 3658 4310 3769 4365; x_wconf 88' lang='lat' dir='ltr'><strong>Do-</strong></span> 
     </span>
    </p>
   </div>
   <div class='ocr_carea' id='block_1_107' title="bbox 2176 4398 3765 4469">
    <p class='ocr_par' dir='ltr' id='par_1_107' title="bbox 2176 4398 3765 4469">
     <span class='ocr_line' id='line_1_107' title="bbox 2176 4398 3765 4469; baseline 0.001 -16"><span class='ocrx_word' id='word_1_778' title='bbox 2176 4409 2291 4453; x_wconf 91' lang='lat' dir='ltr'><strong>ctor</strong></span> <span class='ocrx_word' id='word_1_779' title='bbox 2310 4401 2523 4453; x_wconf 83' lang='lat' dir='ltr'><strong>allatum</strong></span> <span class='ocrx_word' id='word_1_780' title='bbox 2555 4399 2619 4452; x_wconf 90' lang='lat' dir='ltr'><strong>ad</strong></span> <span class='ocrx_word' id='word_1_781' title='bbox 2643 4415 2719 4462; x_wconf 89' lang='lat' dir='ltr'><strong>se,</strong></span> <span class='ocrx_word' id='word_1_782' title='bbox 2745 4398 2868 4452; x_wconf 90' lang='lat' dir='ltr'><strong>dum</strong></span> <span class='ocrx_word' id='word_1_783' title='bbox 2896 4400 3003 4453; x_wconf 91' lang='lat' dir='ltr'><strong>ruri</strong></span> <span class='ocrx_word' id='word_1_784' title='bbox 3031 4408 3194 4463; x_wconf 87' lang='lat' dir='ltr'><strong>esset,</strong></span> <span class='ocrx_word' id='word_1_785' title='bbox 3222 4400 3442 4469; x_wconf 88' lang='lat' dir='ltr'><strong>accepit,</strong></span> <span class='ocrx_word' id='word_1_786' title='bbox 3476 4400 3765 4469; x_wconf 89' lang='lat' dir='ltr'><strong>simulque,</strong></span> 
     </span>
    </p>
   </div>
   <div class='ocr_carea' id='block_1_108' title="bbox 2174 4489 3766 4560">
    <p class='ocr_par' dir='ltr' id='par_1_108' title="bbox 2174 4489 3766 4560">
     <span class='ocr_line' id='line_1_108' title="bbox 2174 4489 3766 4560; baseline 0.001 -17"><span class='ocrx_word' id='word_1_787' title='bbox 2174 4499 2230 4543; x_wconf 92' lang='lat' dir='ltr'><strong>ut</strong></span> <span class='ocrx_word' id='word_1_788' title='bbox 2251 4490 2363 4559; x_wconf 88' lang='lat' dir='ltr'><strong>ejus</strong></span> <span class='ocrx_word' id='word_1_789' title='bbox 2379 4490 2787 4544; x_wconf 85' lang='lat' dir='ltr'><strong>confutationcm</strong></span> <span class='ocrx_word' id='word_1_790' title='bbox 2814 4489 3088 4556; x_wconf 89' lang='lat' dir='ltr'><strong>scriberet,</strong></span> <span class='ocrx_word' id='word_1_791' title='bbox 3108 4490 3311 4545; x_wconf 81' lang='lat' dir='ltr'><strong>obnixis</strong></span> <span class='ocrx_word' id='word_1_792' title='bbox 3332 4490 3573 4560; x_wconf 90' lang='lat' dir='ltr'><strong>precibus</strong></span> <span class='ocrx_word' id='word_1_793' title='bbox 3600 4506 3766 4560; x_wconf 84' lang='lat' dir='ltr'><strong>roga-</strong></span> 
     </span>
    </p>
   </div>
   <div class='ocr_carea' id='block_1_109' title="bbox 2175 4580 3774 4651">
    <p class='ocr_par' dir='ltr' id='par_1_109' title="bbox 2175 4580 3774 4651">
     <span class='ocr_line' id='line_1_109' title="bbox 2175 4580 3774 4651; baseline 0.002 -18"><span class='ocrx_word' id='word_1_794' title='bbox 2175 4588 2257 4633; x_wconf 86' lang='lat' dir='ltr'><strong>tus</strong></span> <span class='ocrx_word' id='word_1_795' title='bbox 2282 4590 2380 4634; x_wconf 69' lang='lat' dir='ltr'><strong>est.</strong></span> <span class='ocrx_word' id='word_1_796' title='bbox 2406 4580 2458 4634; x_wconf 91' lang='lat' dir='ltr'><strong>ld</strong></span> <span class='ocrx_word' id='word_1_797' title='bbox 2484 4581 2653 4635; x_wconf 89' lang='lat' dir='ltr'><strong>amico</strong></span> <span class='ocrx_word' id='word_1_798' title='bbox 2677 4581 2993 4651; x_wconf 85' lang='lat' dir='ltr'><strong>negandum,</strong></span> <span class='ocrx_word' id='word_1_799' title='bbox 3027 4581 3234 4635; x_wconf 89' lang='lat' dir='ltr'><strong>tametsi</strong></span> <span class='ocrx_word' id='word_1_800' title='bbox 3257 4581 3365 4650; x_wconf 91' lang='lat' dir='ltr'><strong>jam</strong></span> <span class='ocrx_word' id='word_1_801' title='bbox 3397 4582 3591 4651; x_wconf 83' lang='lat' dir='ltr'><strong>saepius</strong></span> <span class='ocrx_word' id='word_1_802' title='bbox 3648 4597 3774 4636; x_wconf 80' lang='lat' dir='ltr'><strong>ma-</strong></span> 
     </span>
    </p>
   </div>
   <div class='ocr_carea' id='block_1_110' title="bbox 2176 4670 3770 4738">
    <p class='ocr_par' dir='ltr' id='par_1_110' title="bbox 2176 4670 3770 4738">
     <span class='ocr_line' id='line_1_110' title="bbox 2176 4670 3770 4738; baseline 0.001 -15"><span class='ocrx_word' id='word_1_803' title='bbox 2176 4673 2356 4724; x_wconf 89' lang='lat' dir='ltr'><strong>teriam</strong></span> <span class='ocrx_word' id='word_1_804' title='bbox 2386 4672 2523 4725; x_wconf 87' lang='lat' dir='ltr'><strong>illam</strong></span> <span class='ocrx_word' id='word_1_805' title='bbox 2552 4680 2845 4738; x_wconf 88' lang='lat' dir='ltr'><strong>tractasset,</strong></span> <span class='ocrx_word' id='word_1_806' title='bbox 2873 4670 3010 4725; x_wconf 88' lang='lat' dir='ltr'><strong>haud</strong></span> <span class='ocrx_word' id='word_1_807' title='bbox 3031 4672 3383 4737; x_wconf 81' lang='lat' dir='ltr'><strong>existimavit;</strong></span> <span class='ocrx_word' id='word_1_808' title='bbox 3416 4681 3564 4726; x_wconf 89' lang='lat' dir='ltr'><strong>ratus</strong></span> <span class='ocrx_word' id='word_1_809' title='bbox 3593 4671 3770 4726; x_wconf 81' lang='lat' dir='ltr'><strong>bono-</strong></span> 
     </span>
    </p>
   </div>
   <div class='ocr_carea' id='block_1_111' title="bbox 2173 4760 3773 4845">
    <p class='ocr_par' dir='ltr' id='par_1_111' title="bbox 2173 4760 3773 4845">
     <span class='ocr_line' id='line_1_111' title="bbox 2173 4760 3773 4845; baseline -0.001 -30"><span class='ocrx_word' id='word_1_810' title='bbox 2173 4777 2287 4815; x_wconf 90' lang='lat' dir='ltr'><strong>rum</strong></span> <span class='ocrx_word' id='word_1_811' title='bbox 2315 4760 2568 4815; x_wconf 88' lang='lat' dir='ltr'><strong>librorum</strong></span> <span class='ocrx_word' id='word_1_812' title='bbox 2595 4762 2798 4830; x_wconf 85' lang='lat' dir='ltr'><strong>cupiam</strong></span> <span class='ocrx_word' id='word_1_813' title='bbox 2825 4760 3005 4830; x_wconf 85' lang='lat' dir='ltr'><strong>augeri</strong></span> <span class='ocrx_word' id='word_1_814' title='bbox 3033 4776 3134 4815; x_wconf 91' lang='lat' dir='ltr'><strong>non</strong></span> <span class='ocrx_word' id='word_1_815' title='bbox 3180 4761 3295 4815; x_wconf 88' lang='lat' dir='ltr'><strong>sine</strong></span> <span class='ocrx_word' id='word_1_816' title='bbox 3337 4760 3540 4827; x_wconf 90' lang='lat' dir='ltr'><strong>fructu,</strong></span> <span class='ocrx_word' id='word_1_817' title='bbox 3574 4769 3684 4815; x_wconf 89' lang='lat' dir='ltr'><strong>tum</strong></span> <span class='ocrx_word' id='word_1_818' title='bbox 3710 4769 3773 4845; x_wconf 53' lang='lat' dir='ltr'><strong>u}</strong></span> 
     </span>
    </p>
   </div>
   <div class='ocr_carea' id='block_1_112' title="bbox 2171 4852 3772 4921">
    <p class='ocr_par' dir='ltr' id='par_1_112' title="bbox 2171 4852 3772 4921">
     <span class='ocr_line' id='line_1_112' title="bbox 2171 4852 3772 4921; baseline 0.001 -16"><span class='ocrx_word' id='word_1_819' title='bbox 2171 4854 2377 4917; x_wconf 10' lang='lat' dir='ltr'><strong>fair-ilius</strong></span> <span class='ocrx_word' id='word_1_820' title='bbox 2400 4853 2449 4906; x_wconf 89' lang='lat' dir='ltr'><strong>in</strong></span> <span class='ocrx_word' id='word_1_821' title='bbox 2472 4852 2705 4906; x_wconf 90' lang='lat' dir='ltr'><strong>omnium</strong></span> <span class='ocrx_word' id='word_1_822' title='bbox 2731 4867 2916 4906; x_wconf 87' lang='lat' dir='ltr'><strong>manus</strong></span> <span class='ocrx_word' id='word_1_823' title='bbox 2936 4852 3263 4921; x_wconf 85' lang='lat' dir='ltr'><strong>perveniant,</strong></span> <span class='ocrx_word' id='word_1_824' title='bbox 3289 4859 3397 4905; x_wconf 93' lang='lat' dir='ltr'><strong>tum</strong></span> <span class='ocrx_word' id='word_1_825' title='bbox 3413 4852 3497 4906; x_wconf 90' lang='lat' dir='ltr'><strong>vel</strong></span> <span class='ocrx_word' id='word_1_826' title='bbox 3531 4852 3772 4907; x_wconf 80' lang='lat' dir='ltr'><strong>maxime</strong></span> 
     </span>
    </p>
   </div>
   <div class='ocr_carea' id='block_1_113' title="bbox 2173 4942 3773 5014">
    <p class='ocr_par' dir='ltr' id='par_1_113' title="bbox 2173 4942 3773 5014">
     <span class='ocr_line' id='line_1_113' title="bbox 2173 4942 3773 5014; baseline 0 -16"><span class='ocrx_word' id='word_1_827' title='bbox 2173 4954 2231 4999; x_wconf 95' lang='lat' dir='ltr'><strong>ut</strong></span> <span class='ocrx_word' id='word_1_828' title='bbox 2249 4946 2350 4998; x_wconf 91' lang='lat' dir='ltr'><strong>illis</strong></span> <span class='ocrx_word' id='word_1_829' title='bbox 2367 4943 2711 5006; x_wconf 85' lang='lat' dir='ltr'><strong>satisfaciant,</strong></span> <span class='ocrx_word' id='word_1_830' title='bbox 2730 4942 2818 5010; x_wconf 92' lang='lat' dir='ltr'><strong>qui</strong></span> <span class='ocrx_word' id='word_1_831' title='bbox 2842 4953 2990 4996; x_wconf 90' lang='lat' dir='ltr'><strong>vetus</strong></span> <span class='ocrx_word' id='word_1_832' title='bbox 3007 4952 3373 5014; x_wconf 84' lang='lat' dir='ltr'><strong>argumentum</strong></span> <span class='ocrx_word' id='word_1_833' title='bbox 3403 4957 3535 4995; x_wconf 88' lang='lat' dir='ltr'><strong>nova</strong></span> <span class='ocrx_word' id='word_1_834' title='bbox 3559 4942 3773 4999; x_wconf 87' lang='lat' dir='ltr'><strong>ratione</strong></span> 
     </span>
    </p>
   </div>
   <div class='ocr_carea' id='block_1_114' title="bbox 2172 5031 3762 5104">
    <p class='ocr_par' dir='ltr' id='par_1_114' title="bbox 2172 5031 3762 5104">
     <span class='ocr_line' id='line_1_114' title="bbox 2172 5031 3762 5104; baseline -0.002 -15"><span class='ocrx_word' id='word_1_835' title='bbox 2172 5034 2500 5104; x_wconf 81' lang='lat' dir='ltr'><strong>prepositum</strong></span> <span class='ocrx_word' id='word_1_836' title='bbox 2525 5048 2620 5103; x_wconf 93' lang='lat' dir='ltr'><strong>pro</strong></span> <span class='ocrx_word' id='word_1_837' title='bbox 2650 5046 2787 5086; x_wconf 90' lang='lat' dir='ltr'><strong>novo</strong></span> <span class='ocrx_word' id='word_1_838' title='bbox 2829 5031 3044 5086; x_wconf 91' lang='lat' dir='ltr'><strong>ducunt.</strong></span> <span class='ocrx_word' id='word_1_839' title='bbox 3095 5032 3206 5086; x_wconf 87' lang='lat' dir='ltr'><strong>lloc</strong></span> <span class='ocrx_word' id='word_1_840' title='bbox 3250 5040 3428 5086; x_wconf 87' lang='lat' dir='ltr'><strong>autem</strong></span> <span class='ocrx_word' id='word_1_841' title='bbox 3469 5045 3604 5100; x_wconf 91' lang='lat' dir='ltr'><strong>opus</strong></span> <span class='ocrx_word' id='word_1_842' title='bbox 3656 5031 3762 5100; x_wconf 91' lang='lat' dir='ltr'><strong>ipsi</strong></span> 
     </span>
    </p>
   </div>
   <div class='ocr_carea' id='block_1_115' title="bbox 2173 5122 3766 5195">
    <p class='ocr_par' dir='ltr' id='par_1_115' title="bbox 2173 5122 3766 5195">
     <span class='ocr_line' id='line_1_115' title="bbox 2173 5122 3766 5195; baseline -0.001 -15"><span class='ocrx_word' id='word_1_843' title='bbox 2173 5125 2517 5181; x_wconf 83' lang='lat' dir='ltr'><strong>Constantino</strong></span> <span class='ocrx_word' id='word_1_844' title='bbox 2543 5124 2806 5194; x_wconf 88' lang='lat' dir='ltr'><strong>inscripsit</strong></span> <span class='ocrx_word' id='word_1_845' title='bbox 2835 5122 3025 5195; x_wconf 88' lang='lat' dir='ltr'><strong>(Ibid.,</strong></span> <span class='ocrx_word' id='word_1_846' title='bbox 3050 5140 3101 5177; x_wconf 89' lang='lat' dir='ltr'><strong>n.</strong></span> <span class='ocrx_word' id='word_1_847' title='bbox 3133 5123 3155 5176; x_wconf 76' lang='lat' dir='ltr'><strong>‘l</strong></span> <span class='ocrx_word' id='word_1_848' title='bbox 3182 5124 3222 5193; x_wconf 91' lang='lat'><strong>).</strong></span> <span class='ocrx_word' id='word_1_849' title='bbox 3271 5123 3459 5179; x_wconf 89' lang='lat' dir='ltr'><strong>Libelli</strong></span> <span class='ocrx_word' id='word_1_850' title='bbox 3488 5123 3766 5192; x_wconf 86' lang='lat' dir='ltr'><strong>cujusdam</strong></span> 
     </span>
    </p>
   </div>
   <div class='ocr_carea' id='block_1_116' title="bbox 2175 5212 3767 5285">
    <p class='ocr_par' dir='ltr' id='par_1_116' title="bbox 2175 5212 3767 5285">
     <span class='ocr_line' id='line_1_116' title="bbox 2175 5212 3767 5285; baseline -0.003 -14"><span class='ocrx_word' id='word_1_851' title='bbox 2175 5232 2333 5285; x_wconf 85' lang='lat' dir='ltr'><strong>supra</strong></span> <span class='ocrx_word' id='word_1_852' title='bbox 2380 5214 2736 5277; x_wconf 90' lang='lat' dir='ltr'><strong>meminimus,</strong></span> <span class='ocrx_word' id='word_1_853' title='bbox 2786 5228 2942 5284; x_wconf 92' lang='lat' dir='ltr'><strong>quem</strong></span> <span class='ocrx_word' id='word_1_854' title='bbox 2980 5228 3043 5268; x_wconf 89' lang='lat' dir='ltr'><strong>ea</strong></span> <span class='ocrx_word' id='word_1_855' title='bbox 3087 5222 3263 5268; x_wconf 89' lang='lat' dir='ltr'><strong>mente</strong></span> <span class='ocrx_word' id='word_1_856' title='bbox 3290 5214 3615 5283; x_wconf 82' lang='lat' dir='ltr'><strong>Augustinus</strong></span> <span class='ocrx_word' id='word_1_857' title='bbox 3643 5212 3767 5267; x_wconf 87' lang='lat' dir='ltr'><strong>edi-</strong></span> 
     </span>
    </p>
   </div>
   <div class='ocr_carea' id='block_1_117' title="bbox 2175 5304 3768 5383">
    <p class='ocr_par' dir='ltr' id='par_1_117' title="bbox 2175 5304 3768 5383">
     <span class='ocr_line' id='line_1_117' title="bbox 2175 5304 3768 5383; baseline -0.003 -20"><span class='ocrx_word' id='word_1_858' title='bbox 2175 5308 2344 5373; x_wconf 91' lang='lat' dir='ltr'><strong>derat,</strong></span> <span class='ocrx_word' id='word_1_859' title='bbox 2376 5314 2432 5361; x_wconf 90' lang='lat' dir='ltr'><strong>ut</strong></span> <span class='ocrx_word' id='word_1_860' title='bbox 2466 5305 2533 5360; x_wconf 92' lang='lat' dir='ltr'><strong>ad</strong></span> <span class='ocrx_word' id='word_1_861' title='bbox 2561 5306 2904 5360; x_wconf 91' lang='lat' dir='ltr'><strong>cvertendum</strong></span> <span class='ocrx_word' id='word_1_862' title='bbox 2950 5306 3184 5359; x_wconf 80' lang='lat' dir='ltr'><strong>funditus</strong></span> <span class='ocrx_word' id='word_1_863' title='bbox 3244 5304 3633 5383; x_wconf 64' lang='lat' dir='ltr'><strong>Donatistarum</strong></span> <span class='ocrx_word' id='word_1_864' title='bbox 3662 5306 3768 5359; x_wconf 88' lang='lat' dir='ltr'><strong>ad-</strong></span> 
     </span>
    </p>
   </div>
   <div class='ocr_carea' id='block_1_118' title="bbox 2176 5384 3770 5465">
    <p class='ocr_par' dir='ltr' id='par_1_118' title="bbox 2176 5384 3770 5465">
     <span class='ocr_line' id='line_1_118' title="bbox 2176 5384 3770 5465; baseline -0.003 -11"><span class='ocrx_word' id='word_1_865' title='bbox 2176 5414 2361 5454; x_wconf 86' lang='lat' dir='ltr'><strong>versus</strong></span> <span class='ocrx_word' id='word_1_866' title='bbox 2404 5398 2696 5453; x_wconf 78' lang='lat' dir='ltr'><strong>Ecclesium</strong></span> <span class='ocrx_word' id='word_1_867' title='bbox 2749 5396 3059 5451; x_wconf 90' lang='lat' dir='ltr'><strong>catholicam</strong></span> <span class='ocrx_word' id='word_1_868' title='bbox 3102 5396 3319 5465; x_wconf 90' lang='lat' dir='ltr'><strong>impium</strong></span> <span class='ocrx_word' id='word_1_869' title='bbox 3359 5410 3420 5449; x_wconf 86' lang='lat' dir='ltr'><strong>ac</strong></span> <span class='ocrx_word' id='word_1_870' title='bbox 3449 5384 3770 5465; x_wconf 84' lang='lat' dir='ltr'><strong>superbissi-</strong></span> 
     </span>
    </p>
   </div>
   <div class='ocr_carea' id='block_1_119' title="bbox 2178 5484 3764 5552">
    <p class='ocr_par' dir='ltr' id='par_1_119' title="bbox 2178 5484 3764 5552">
     <span class='ocr_line' id='line_1_119' title="bbox 2178 5484 3764 5552; baseline -0.003 -8"><span class='ocrx_word' id='word_1_871' title='bbox 2178 5505 2319 5544; x_wconf 89' lang='lat' dir='ltr'><strong>mum</strong></span> <span class='ocrx_word' id='word_1_872' title='bbox 2342 5503 2599 5552; x_wconf 90' lang='lat' dir='ltr'><strong>errorem,</strong></span> <span class='ocrx_word' id='word_1_873' title='bbox 2625 5487 2789 5541; x_wconf 89' lang='lat' dir='ltr'><strong>solam</strong></span> <span class='ocrx_word' id='word_1_874' title='bbox 2813 5486 3314 5540; x_wconf 81' lang='lat' dir='ltr'><strong>Maximianistarutn</strong></span> <span class='ocrx_word' id='word_1_875' title='bbox 3346 5486 3618 5540; x_wconf 85' lang='lat' dir='ltr'><strong>historiam</strong></span> <span class='ocrx_word' id='word_1_876' title='bbox 3643 5484 3764 5539; x_wconf 89' lang='lat' dir='ltr'><strong>suf-</strong></span> 
     </span>
    </p>
   </div>
   <div class='ocr_carea' id='block_1_120' title="bbox 2180 5575 3764 5648">
    <p class='ocr_par' dir='ltr' id='par_1_120' title="bbox 2180 5575 3764 5648">
     <span class='ocr_line' id='line_1_120' title="bbox 2180 5575 3764 5648; baseline -0.002 -15"><span class='ocrx_word' id='word_1_877' title='bbox 2180 5580 2337 5635; x_wconf 84' lang='lat' dir='ltr'><strong>ﬁcere</strong></span> <span class='ocrx_word' id='word_1_878' title='bbox 2358 5580 2566 5648; x_wconf 88' lang='lat' dir='ltr'><strong>planum</strong></span> <span class='ocrx_word' id='word_1_879' title='bbox 2597 5578 2812 5631; x_wconf 87' lang='lat' dir='ltr'><strong>faceret.</strong></span> <span class='ocrx_word' id='word_1_880' title='bbox 2842 5576 2974 5629; x_wconf 88' lang='lat' dir='ltr'><strong>lluic</strong></span> <span class='ocrx_word' id='word_1_881' title='bbox 2994 5583 3169 5629; x_wconf 84' lang='lat' dir='ltr'><strong>autem</strong></span> <span class='ocrx_word' id='word_1_882' title='bbox 3200 5583 3253 5630; x_wconf 87' lang='lat' dir='ltr'><strong>et</strong></span> <span class='ocrx_word' id='word_1_883' title='bbox 3277 5575 3566 5630; x_wconf 91' lang='lat' dir='ltr'><strong>secundum</strong></span> <span class='ocrx_word' id='word_1_884' title='bbox 3613 5575 3764 5645; x_wconf 64' lang='lat' dir='ltr'><strong>ejus»</strong></span> 
     </span>
    </p>
   </div>
   <div class='ocr_carea' id='block_1_121' title="bbox 2177 5669 3766 5743">
    <p class='ocr_par' dir='ltr' id='par_1_121' title="bbox 2177 5669 3766 5743">
     <span class='ocr_line' id='line_1_121' title="bbox 2177 5669 3766 5743; baseline -0.003 -16"><span class='ocrx_word' id='word_1_885' title='bbox 2177 5674 2295 5728; x_wconf 89' lang='lat' dir='ltr'><strong>dem</strong></span> <span class='ocrx_word' id='word_1_886' title='bbox 2314 5672 2607 5743; x_wconf 84' lang='lat' dir='ltr'><strong>argumenti</strong></span> <span class='ocrx_word' id='word_1_887' title='bbox 2626 5672 2814 5725; x_wconf 89' lang='lat' dir='ltr'><strong>librum</strong></span> <span class='ocrx_word' id='word_1_888' title='bbox 2836 5678 2953 5740; x_wconf 84' lang='lat' dir='ltr'><strong>post</strong></span> <span class='ocrx_word' id='word_1_889' title='bbox 2978 5670 3175 5740; x_wconf 90' lang='lat' dir='ltr'><strong>aliquot</strong></span> <span class='ocrx_word' id='word_1_890' title='bbox 3196 5685 3361 5726; x_wconf 89' lang='lat' dir='ltr'><strong>annos</strong></span> <span class='ocrx_word' id='word_1_891' title='bbox 3387 5669 3766 5743; x_wconf 78' lang='lat' dir='ltr'><strong>adjunxit,sed</strong></span> 
     </span>
    </p>
   </div>
  </div>
