4042 6360
235 276 361 335 εδδ

240 393 452 463 priore
470 390 638 449 multo
652 389 989 461 prolixiorem
1007 396 1060 445 et
1075 384 1452 444 accuratiorem
1477 385 1720 456 (Πρω-αα.
1750 387 1837 440 lib.

236 485 291 548 2,
312 501 447 553 cap.
466 481 558 555 35)
575 501 587 536 :
602 482 690 552 qui
710 480 829 535 libri
847 480 1039 550 pariter
1058 478 1454 536 interciderunt.
1475 477 1613 532 Nihil
1632 478 1844 547 quidem

236 575 523 645 suppetit,
547 573 687 628 unde
713 581 871 642 queat
896 570 1200 626 memoratis
1224 568 1473 639 operibus
1490 583 1641 623 suum
1658 568 1845 638 cuique

230 675 473 734 tempus
506 663 762 733 assignari
795 680 808 715 :
839 671 893 716 at
917 677 982 715 ex
1010 660 1225 725 ordine,
1261 673 1367 729 quo
1405 658 1457 713 in
1497 658 1847 714 Retractatio—

236 755 418 810 nibus
445 755 814 823 disponuntur,
847 752 999 807 nobis
1020 750 1275 805 duntaxat
1301 748 1554 819 suspicari
1583 749 1724 815 licet,
1752 763 1843 803 ea-

238 844 388 900 dem
413 845 483 900 ab
509 859 649 899 anno
672 841 1189 913 quadringentesimo
1217 848 1366 894 sexto
1391 839 1457 894 ad
1484 839 1687 895 initium
1713 854 1843 907 qua-

236 937 673 1008 dringentesimi
700 935 968 990 undecimi
1008 934 1170 989 fuisse
1214 931 1536 988 elucubrata.
1580 931 1694 985 lloc
1733 931 1846 1000 ipso

238 1042 407 1083 anno
432 1024 950 1097 quadringentesimo
986 1031 1159 1089 sexto,
1189 1030 1247 1076 ut
1292 1031 1467 1076 nostra
1507 1020 1718 1090 quidem
1748 1020 1847 1074 fert

237 1119 462 1187 opinio,
518 1117 716 1171 bellum
765 1113 1081 1186 Rhadagaisi
1132 1113 1423 1169 Gothorum
1457 1112 1602 1183 regis
1626 1111 1843 1167 exarsit.

238 1208 394 1263 Tum
418 1221 550 1262 vero
579 1205 919 1277 Augustinus.
949 1219 1070 1259 cum
1099 1202 1413 1273 Carthagine
1427 1210 1588 1268 esset,
1607 1216 1711 1255 non
1732 1200 1847 1255 sine

238 1313 471 1354 summo
492 1298 678 1352 dolore
703 1295 925 1360 audivit,
957 1309 1117 1365 quam
1147 1293 1267 1348 inde
1286 1307 1499 1347 causam
1519 1290 1845 1359 obtrectandi

236 1388 564 1442 christiana:
594 1385 832 1455 religioni
860 1392 1133 1454 captarent
1160 1382 1341 1437 Romze
1358 1381 1614 1436 infideles.
1642 1380 1710 1434 At
1742 1380 1847 1434 cito

236 1481 412 1534 citius
431 1478 652 1534 eosdem
681 1477 965 1548 ignominia
993 1475 1219 1547 perfudit
1258 1475 1401 1547 impii
1441 1473 1597 1543 hujus
1624 1472 1847 1529 convicii

238 1568 510 1624 festinata
528 1568 848 1640 profligatio.

892 1698 1130 1755 CAPUT
1169 1696 1258 1753 IV.

247 1812 277 1867 1
322 1811 737 1882 Carthaginensis
760 1810 964 1864 concilii
988 1810 1111 1863 anni
1152 1808 1627 1879 quadringentesimi
1651 1808 1847 1878 septimi

323 1902 575 1971 placitum
601 1903 660 1956 de
682 1902 914 1972 episcopo
929 1901 1150 1971 plebibus
1167 1917 1227 1954 ex
1250 1901 1515 1954 schismate
1535 1898 1723 1952 Donati
1737 1916 1848 1953 con-

320 1993 485 2046 versis
510 1990 850 2061 prteﬁciendo.
871 1990 907 2043 2
932 1989 1173 2062 Ejusdem
1214 1989 1281 2041 ad
1319 1990 1669 2057 imperatorem
1711 1988 1849 2057 lega-

320 2085 453 2136 tioni
469 2085 601 2153 leges
613 2083 839 2136 indultae.
855 2084 889 2138 5
908 2083 1282 2153 Rogalislarum
1298 2082 1512 2135 sclrisma
1523 2078 1847 2135 Carlennensi

317 2177 520 2244 Oppido
572 2186 618 2228 et
654 2174 979 2229 vicinioribus
1017 2174 1139 2228 locis
1182 2182 1485 2226 contentum.
1524 2173 1558 2227 4
1600 2169 1847 2225 Vincentii

320 2270 471 2338 apud
500 2270 790 2339 Regalislits
809 2267 1025 2338 episwpi
1052 2267 1294 2338 ρυεωεὶρυὶ
1318 2266 1577 2347 epistolam
1603 2264 1844 2337 Augusti-

324 2379 425 2415 nus
454 2360 659 2431 refellit.

326 2476 380 2528 1.
413 2474 722 2529 Africanum
752 2472 1055 2537 concilium,
1084 2470 1225 2542 quod
1257 2486 1397 2525 anno
1443 2469 1845 2540 quadringente-

248 2566 395 2621 simo
426 2566 657 2635 septimo
684 2565 1007 2620 celebratum
1035 2572 1116 2617 est
1142 2563 1476 2632 Carthagine,
1503 2561 1745 2631 quaedam
1779 2560 1845 2615 ad

254 2655 542 2725 Augustini
595 2654 1052 2709 Donatistarumve
1094 2653 1366 2707 historiam
1412 2652 1726 2723 pertinentia
1777 2651 1844 2707 ad

252 2759 356 2798 nos
385 2744 699 2798 transmisit.
728 2743 965 2798 Fucrata
984 2741 1345 2811 superioribus
1373 2742 1589 2813 synodis
1614 2741 1845 2811 prohibi-

254 2842 391 2899 tum,
422 2850 492 2889 ne
516 2835 637 2888 novi
658 2833 1009 2903 episcopatus,
1029 2846 1093 2886 eo
1110 2833 1357 2901 cpisc0po
1378 2839 1634 2885 renuente
1650 2846 1678 2884 e
1694 2831 1845 2898 cujus

251 2923 477 2978 dioecesi
502 2922 844 2978 distrahenda
870 2932 982 2976 erat
1008 2937 1139 2976 nova
1175 2921 1348 2984 sedes,
1377 2922 1839 2976 constituerentur.

258 3015 329 3068 At
369 3024 628 3083 pra-terea
671 3012 837 3067 voluit
864 3013 1137 3083 praesentis
1169 3012 1291 3065 anni
1313 3012 1609 3076 concilium,
1643 3021 1699 3066 ut
1722 3027 1843 3066 cum

256 3104 523 3175 primatis,
574 3111 681 3157 tum
714 3103 1047 3173 provincialis
1075 3101 1260 3173 synodi
1298 3117 1587 3157 consensus
1628 3101 1847 3156 accede-

258 3205 338 3249 ret
364 3193 580 3265 (Codice
601 3193 861 3248 Canonum
884 3194 1065 3263 Apim,
1096 3209 1208 3245 can.
1234 3190 1346 3265 98).
1379 3194 1419 3246 A
1443 3208 1544 3263 qua
1574 3203 1746 3247 tamen
1766 3192 1842 3247 le-

258 3301 324 3357 ge
338 3302 432 3341 eas
452 3286 717 3341 Ecclesias
737 3285 940 3351 eximit,
959 3302 1074 3355 qua:
1089 3300 1207 3339 cum
1223 3286 1273 3339 in
1293 3286 1678 3339 Donatistarum
1699 3293 1845 3354 parte

260 3378 535 3447 preprium
578 3376 888 3431 habuissent
932 3378 1257 3446 episcopum,
1304 3375 1546 3431 eumdem
1578 3374 1678 3430 sibi
1718 3377 1844 3446 ipsis

260 3466 327 3520 ad
368 3468 627 3520 unitatem
672 3466 900 3521 reversis
942 3467 1242 3522 conservari
1293 3467 1633 3537 postulabunt
1664 3486 1678 3522 :
1704 3467 1843 3537 quod

260 3557 341 3611 eis
366 3558 487 3612 sine
513 3558 616 3612 ulla
640 3557 966 3623 difficultate,
1004 3573 1103 3613 nec
1130 3566 1431 3627 exspectata
1457 3558 1659 3629 synodo
1689 3559 1844 3614 tribui

258 3648 408 3717 jubet
427 3647 609 3720 (ιθξάη
632 3664 746 3704 can.
773 3648 883 3716 99).
907 3648 997 3704 Sin
1018 3659 1191 3704 autem
1211 3660 1416 3703 mortuo
1435 3650 1673 3719 pnesnle,
1698 3650 1845 3719 plebs

261 3742 377 3810 ejus
419 3742 612 3795 vicinae
653 3741 869 3796 dicecesi
908 3741 1202 3811 aggregari,
1224 3756 1379 3810 quam
1407 3741 1453 3794 ei
1486 3755 1842 3795 successorem

264 3841 469 3904 petere,
499 3832 665 3886 satius
687 3840 868 3902 putet;
902 3847 1072 3901 neque
1102 3831 1202 3885 hoc
1228 3831 1277 3885 ei
1307 3831 1599 3901 negandum
1622 3846 1738 3886 esse
1753 3831 1845 3885 dc-

265 3922 452 3975 cernit.
485 3920 613 3974 Dein
638 3922 795 3975 etiam
824 3922 1020 3985 statuit,
1053 3931 1109 3974 ut
1143 3935 1274 3991 quas
1308 3922 1591 3991 episcopus
1626 3922 1845 3992 quisque

266 4013 450 4080 plebes
475 4012 544 4066 ad
586 4013 839 4068 Ecclesiae
889 4015 1195 4069 societatem
1238 4024 1358 4068 ante
1406 4015 1573 4086 legem
1628 4015 1844 4069 llonorii

264 4105 387 4158 anni
418 4104 919 4175 quadringentesimi
943 4106 1105 4173 quinti
1137 4105 1447 4167 reduxisset,
1477 4121 1567 4160 eas
1594 4106 1703 4175 ipse
1728 4118 1843 4160 tau-

263 4210 425 4263 quam
462 4195 814 4264 jurisdictioni
863 4210 971 4249 sua:
1014 4197 1248 4250 subditas
1282 4196 1563 4264 episcopali
1604 4196 1723 4266 jure
1752 4212 1846 4265 gu-

267 4283 457 4338 bernet
489 4302 502 4335 :
536 4284 788 4339 Ecclesim
818 4301 943 4339 vero
970 4301 1173 4350 eorum,
1209 4288 1295 4357 qui
1326 4294 1443 4356 post
1487 4287 1651 4355 legem
1704 4288 1842 4341 illaut

263 4373 330 4429 de
354 4376 563 4437 unitate
594 4376 751 4430 latam
792 4377 902 4430 sive
947 4377 1225 4431 rediissent
1265 4376 1331 4431 ad
1359 4375 1704 4443 Catholicam,
1733 4377 1845 4431 sive

268 4465 317 4519 in
363 4467 558 4522 hmresi
606 4469 1039 4537 permansissent,
1082 4482 1201 4522 cum
1228 4470 1337 4522 suis
1366 4469 1607 4521 omnibus
1652 4468 1843 4521 instru-

266 4558 462 4611 mentis
486 4573 555 4612 ac
578 4558 783 4626 juribus
810 4560 916 4613 sint
940 4562 990 4613 in
1022 4568 1281 4629 potestate
1309 4554 1551 4615 catholici
1579 4560 1714 4615 illius
1736 4561 1845 4629 cpi-

267 4649 434 4715 scopi,
465 4648 616 4716 enjus
644 4649 694 4702 in
721 4649 933 4704 dimcesi
987 4650 1170 4719 posita)
1211 4660 1377 4704 erant.
1426 4649 1644 4704 Planum
1691 4651 1846 4722 igitur

268 4740 344 4803 fit,
360 4739 750 4794 Donatistarum
769 4740 1021 4795 ecclesias
1047 4743 1334 4796 constituto
1361 4758 1455 4811 per
1486 4742 1707 4797 Unitatis
1734 4742 1845 4798 edi—

266 4840 408 4883 ctum
438 4831 563 4899 jure
589 4830 655 4883 ad
678 4830 977 4885 Catholicos
1021 4832 1353 4900 pertinuisse.
1404 4831 1551 4885 Tunc
1594 4834 1845 4900 temporis

268 4920 419 4990 plebs
465 4921 955 4975 Germaniae-Nova:
993 4937 1111 4975 cum
1161 4922 1449 4976 Maurentio
1483 4922 1729 4991 episcopo
1757 4922 1845 4977 lite

267 5012 620 5067 contendebat
640 5010 821 5084 (Μαίη
843 5029 959 5065 can.
988 5012 1130 5082 100).
1158 5012 1391 5067 Concilio
1412 5014 1581 5066 visum
1610 5022 1709 5077 est,
1737 5015 1846 5082 epi-

267 5118 459 5173 sc0pos
496 5103 758 5173 utrimque
795 5103 1101 5172 deligendos
1138 5118 1275 5168 esse,
1326 5103 1415 5173 qui
1462 5103 1845 5159 Thubursieam

269 5193 663 5262 proficiscentes
687 5233 702 5257 ,
742 5204 1005 5247 maturum
1046 5209 1110 5248 ea
1152 5194 1217 5247 de
1246 5209 1303 5247 re
1332 5190 1587 5263 judicium
1625 5194 1841 5250 ferrent.

270 5282 441 5353 Elegit
488 5298 519 5335 e
555 5285 777 5349 vestigio
826 5282 1145 5338 Maurentius
1195 5283 1548 5354 Xantippum,
1599 5285 1847 5355 Augusti-

269 5389 428 5441 num,
481 5375 835 5438 Florentium,
876 5375 1192 5441 Theasium,
1235 5375 1597 5443 Samsucium,
1644 5376 1847 5431 Secun-

271 5463 393 5518 dum
438 5475 496 5519 et
541 5465 834 5519 Pussidium
868 5482 881 5518 :
915 5480 1047 5533 quos
1100 5474 1152 5521 et
1196 5465 1477 5519 concilium
1525 5469 1843 5535 comproba-

270 5569 361 5618 νη.
382 5567 438 5610 et
466 5557 788 5626 provinciam
814 5555 1079 5625 Xantippo
1106 5555 1269 5621 dedit,
1294 5565 1351 5609 ut
1370 5557 1501 5609 alios
1514 5556 1580 5610 ad
1598 5559 1845 5628 supplen-

270 5643 393 5700 dum
440 5663 715 5703 numerum
769 5647 1146 5703 necessariosa
1173 5646 1637 5704 Germaniensibus
1677 5650 1846 5704 nomi-

1647 268 1847 325 LIBER
1882 265 2165 325 SEXTUS.

1950 384 2151 437 nandos
2177 392 2405 440 curaret.
2424 384 2743 443 Maurentius
2759 387 2963 445 delectu
2992 406 3089 447 suo
3111 394 3238 449 satis
3258 396 3522 458 indicabat

1948 472 2349 544 haudquaquam
2375 475 2479 545 juri
2502 491 2597 530 suo
2625 493 2682 531 se
2702 478 2956 535 diffidere.
2982 481 3261 552 Reperitur
3281 486 3333 541 in
3355 488 3522 546 Colla-

1950 565 2090 619 tione
2119 565 2437 621 Maurentius
2465 567 2675 636 quidam
2698 570 3137 630 Thubursiccnsis
3166 575 3372 645 (Collat.
3401 578 3520 635 Car-

1948 655 2087 725 tliag.
2114 656 2160 719 i,
2191 672 2306 727 cap.
2342 655 2483 723 145),
2502 672 2658 726 quem
2685 675 2787 713 non
2810 675 2927 716 esse
2940 662 3139 718 aliuma
3154 664 3519 726 Ccrmaniensi

1947 755 2126 800 censet
2158 745 2478 800 Holstenius.
2511 748 2588 802 Ac
2615 747 2724 804 fieri
2758 750 2970 819 quidem
3010 755 3197 822 potuit,
3221 766 3277 810 ut
3300 756 3519 815 Genna-

1949 834 2209 888 nia-Nova
2223 836 2486 905 quondam
2511 837 2560 890 in
2576 837 2691 907 ejus
2706 838 2922 896 diwcesi
2944 844 3322 913 comprehensa
3339 846 3518 915 fuerit,

1947 927 2186 995 quamvis
2238 928 2617 996 posterioribus
2665 931 2990 1001 temporibus
3025 950 3131 991 una
3170 936 3414 997 dioecesis
3450 957 3519 997 ex

1948 1015 2060 1086 ipsa
2089 1016 2197 1071 sola
2220 1018 2499 1073 constituta
2516 1020 2601 1073 sit.

2017 1108 2071 1162 2.
2114 1107 2253 1162 Idem
2295 1111 2573 1165 concilium
2616 1111 2816 1182 legatos
2856 1114 2921 1169 ad
2960 1114 3337 1187 imperatorem
3376 1124 3521 1179 misit

1948 1197 2281 1253 Vincentium
2306 1215 2367 1254 ac
2398 1200 2829 1257 Fortunatianum
2859 1207 3164 1278 espiSCOpos
3202 1210 3348 1280 (Cod.
3387 1213 3516 1270 Can.

1949 1288 2133 1358 Afric.,
2166 1306 2280 1343 can.
2307 1291 2417 1362 97),
2449 1291 2589 1347 hunc
2614 1291 2750 1349 forte
2777 1294 3100 1365 Siccensem,
3128 1299 3517 1361 Culusitcnsem

1951 1378 2117 1444 illum,
2140 1380 2329 1449 quibus
2366 1397 2466 1435 una
2504 1398 2624 1437 cum
2653 1384 2769 1439 aliis
2795 1386 2978 1456 legatis
3008 1389 3259 1447 Ecclesize
3282 1409 3439 1451 causa
3466 1397 3523 1452 in

1944 1468 2239 1525 Collatione
2267 1470 2594 1527 defendenda
2623 1474 2821 1531 credita
2857 1487 2937 1532 est
2957 1478 3167 1549 (Collat.
3199 1481 3437 1555 Carthag.
3464 1487 3519 1554 1,

1948 1577 2097 1631 capp.
2116 1561 2240 1629 138,
2262 1561 2404 1633 159).
2420 1562 2627 1633 Legatis
2642 1564 2744 1619 illis
2757 1567 3077 1637 mandatum,
3097 1571 3231 1626 utab
3244 1573 3525 1645 Imperato-

1948 1651 2112 1717 ribus,
2136 1653 2295 1706 totius
2319 1654 2602 1722 provincia:
2622 1657 2853 1723 nomine,
2884 1667 3121 1727 peterent
3144 1661 3445 1722 facultatem
3464 1669 3519 1725 in

1949 1740 2198 1796 Ecclesiae
2239 1741 2548 1800 defensores
2594 1746 2899 1819 instituendi
2951 1750 3256 1822 advocatos,
3290 1759 3512 1828 quibus,

1948 1832 2153 1900 quoties
2181 1833 2230 1886 in
2261 1849 2371 1888 rem
2400 1835 2649 1891 Ecclesia:
2672 1837 2990 1907 judicarent,
3032 1843 3097 1898 ad
3139 1844 3518 1906 Prmfectorum

1948 1921 2250 1989 tribunalia,
2298 1940 2415 1993 qua:
2450 1923 2685 1992 judicutn
2718 1931 3001 1985 secretaria
3034 1943 3185 1990 vocat
3215 1941 3515 2007 concilium,

1947 2011 2120 2067 aditus
2149 2013 2261 2068 sive
2286 2015 2351 2069 ad
2378 2018 2800 2087 supplicandum,
2848 2023 2961 2078 sive
2986 2024 3053 2079 ad
3083 2025 3514 2089 intercedendum

1949 2119 2213 2173 nunquam
2243 2106 2717 2165 intercluderetur:
2746 2113 2883 2181 quod
2904 2113 2993 2183 jus
3026 2117 3152 2172 olim
3186 2122 3521 2189 provinciali-
3574 2180 3579 2185 .

1948 2193 2048 2249 bus
2068 2195 2410 2252 Ethnicorum
2432 2200 2793 2257 sacerdotibus
2817 2206 3169 2274 competebat.
3200 2209 3276 2265 De
3299 2222 3516 2281 caetero,

1949 2295 2097 2356 puta,
2125 2296 2182 2341 ut
2206 2288 2461 2344 adversus
2489 2290 2806 2360 Donatistas,
2840 2294 3096 2365 Paganos,
3125 2314 3187 2353 ac
3205 2300 3517 2361 idololatria:

1947 2377 2352 2446 superstitiones
2378 2389 2614 2451 agerent,
2645 2382 2807 2438 libera
2851 2393 3111 2454 potestate
3147 2388 3325 2446 donati
3369 2406 3514 2450 sunt.

1948 2465 2116 2537 Vulgo
2137 2468 2437 2537 opinantur,
2457 2472 2665 2526 concilii
2682 2472 2838 2543 hujus
2854 2476 3341 2544 precibusindultas
3357 2484 3519 2543 fuisse

1947 2556 2079 2612 duas
2114 2558 2231 2612 illas
2258 2557 2419 2630 leges,
2462 2577 2579 2631 qua:
2619 2562 2826 2618 decimo
2867 2566 3092 2634 septimo
3134 2567 3386 2628 kalendas
3425 2591 3517 2631 se-

1948 2650 2203 2719 ptembris
2230 2651 2386 2716 data),
2418 2652 2471 2706 in
2503 2669 2659 2707 unam
2686 2655 2995 2709 coaluerunt
3031 2656 3177 2725 (Cod.
3224 2659 3412 2717 Tlieod.
3452 2666 3517 2721 de

1946 2739 2113 2811 Epist.
2140 2751 2187 2795 et
2209 2741 2377 2810 Eccl.,
2402 2744 2508 2813 lege
2534 2745 2644 2814 58).
2669 2744 2901 2816 Utraque
2921 2755 3097 2801 autem
3122 2749 3300 2807 Roma:
3318 2754 3417 2809 lata
3435 2767 3517 2812 est

1945 2846 2086 2886 anno
2102 2833 2621 2904 quadringentesimo
2640 2839 2885 2908 septimo,
2907 2848 3064 2909 atque
3082 2842 3147 2895 ad
3166 2842 3516 2919 Porphyrium

1945 2923 2137 2978 Africae
2178 2926 2550 2995 proconsulem
2592 2929 2769 2983 missa.
2815 2931 3010 2988 Harum
3064 2936 3209 3003 prior
3250 2940 3518 3012 privilegia

1945 3016 2197 3085 quaalibet
2222 3018 2334 3073 sive
2374 3019 2624 3075 Ecclesia:
2660 3021 2772 3079 sive
2806 3024 3011 3083 clericis
3040 3044 3289 3086 concessa
3319 3032 3514 3095 ﬁrmat.

1945 3121 2007 3160 ac
2037 3117 2293 3177 praeterea
2336 3126 2525 3165 novam
2557 3115 2839 3182 quamdam
2883 3117 3186 3178 facultatem
3214 3123 3380 3191 addit,
3410 3126 3518 3181 Ec-

1945 3198 2225 3255 clesiarum
2268 3200 2470 3256 scilicet
2507 3212 2562 3256 et
2602 3207 3079 3266 ecclesiasticarum
3123 3216 3515 3286 privilegiorum

1946 3286 2252 3344 defensores
2277 3292 2578 3347 assumendi
2598 3308 2663 3348 ex
2680 3294 3052 3354 advocatorum
3070 3317 3312 3371 numero,
3330 3320 3518 3378 quem-

1945 3377 2229 3434 admodum
2266 3395 2297 3434 a
2332 3383 2555 3437 concilio
2595 3385 2812 3452 petitum
2849 3387 3039 3444 fuerat.
3079 3391 3245 3447 Porro
3287 3397 3518 3450 secunda

1947 3483 2069 3538 pars
2095 3484 2187 3524 cas
2214 3470 2381 3540 leges,
2409 3487 2527 3542 quzr.
2557 3484 2739 3529 contra
2766 3476 3069 3535 Donatistas
3097 3497 3160 3537 ac
3199 3483 3518 3542 Manichacus

1945 3560 2098 3616 facta:
2126 3563 2355 3629 fuerunt,
2378 3574 2520 3619 ratas
2541 3565 2742 3631 haberi,
2766 3571 2987 3638 atquein
3006 3588 3157 3628 usum
3178 3574 3343 3645 redigi
3371 3592 3521 3631 man-

1944 3652 2036 3708 dat
2060 3651 2220 3722 (Ibid.
2249 3654 2311 3708 de
2330 3654 2541 3724 liceret,
2567 3657 2671 3728 lege
2687 3658 2798 3731 il).
2822 3660 3041 3732 Insuper
3059 3673 3243 3719 octavo
3268 3665 3518 3721 kalendas

1946 3744 2246 3800 decembris
2270 3746 2505 3816 ejusdem
2527 3749 2647 3802 anni
2666 3750 3163 3823 quadringentesimi
3184 3758 3391 3826 septimi
3410 3758 3520 3813 llo-

1946 3835 2129 3889 norius
2155 3835 2321 3906 legem
2348 3836 2411 3890 ad
2443 3837 2676 3893 Curtium
2699 3840 3001 3909 pra-fectum
3020 3848 3264 3913 prmtorio
3282 3847 3516 3916 scripsit,

1947 3924 2228 3991 mandatis,
2255 3940 2375 3995 qua:
2407 3925 2711 3983 Vincentius
2737 3944 2799 3985 ac
2821 3924 3229 3989 Fortunatianus
3255 3951 3284 3990 a
3314 3938 3520 4008 synodo

1946 4012 2343 4086 Carthaginensi
2360 4027 2692 4087 acceperant,
2710 4021 2945 4090 apprime
2957 4025 3381 4081 convenientem.
3395 4026 3521 4082 flare

1948 4104 2090 4158 enim
2123 4113 2230 4158 tum
2258 4104 2323 4158 ad
2356 4106 2627 4173 Ethnicos,
2666 4118 2773 4162 tum
2811 4109 2875 4163 ad
2904 4110 3205 4180 haereticos,
3244 4128 3308 4169 ac
3343 4115 3395 4169 in
3440 4117 3521 4171 his

1948 4196 2177 4250 maxime
2213 4196 2280 4250 ad
2325 4197 2638 4261 Donatistas,
2687 4198 3021 4269 Manichzeos,
3069 4203 3517 4271 Priscillianistas,

1948 4286 2330 4359 Coelicolasque
2357 4290 2670 4357 pertinebat.
2700 4290 2823 4346 Fuit
2846 4301 3022 4348 autem
3050 4310 3112 4358 ea
3136 4295 3219 4351 lex
3248 4296 3403 4351 nonis
3433 4298 3523 4366 ju-

1949 4379 2024 4432 nii
2062 4394 2202 4433 anno
2238 4379 2757 4450 quadringentesimo
2792 4391 2978 4439 octavo
3006 4385 3217 4454 publice
3254 4389 3353 4443 sub
3391 4389 3523 4443 Por-

1950 4468 2124 4538 phyrii
2170 4469 2498 4538 proconsulis
2551 4482 2939 4540 programmate
2989 4472 3147 4529 afﬁxa
3202 4474 3523 4548 Carthagine

1946 4555 2235 4631 (Sirmund.
2254 4558 2387 4628 App.
2406 4558 2530 4612 Cod.
2546 4559 2761 4627 Tlteod.,
2776 4578 2890 4632 cap.
2907 4564 3015 4633 12).
3045 4565 3167 4636 Ejus
3186 4582 3291 4623 non
3306 4569 3525 4625 minima

1949 4663 2073 4718 pars
2099 4647 2304 4702 duobus
2328 4648 2524 4703 codicis
2542 4648 2892 4706 Thcodosiani
2910 4652 3036 4708 locis
3054 4655 3248 4711 inserta
3265 4666 3347 4712 est
3367 4656 3516 4730 (Cod.

1949 4737 2167 4806 Theod.,
2192 4738 2252 4793 de
2270 4737 2481 4805 eret.,
2522 4739 2629 4810 lege
2665 4740 2733 4794 43
2759 4750 2804 4794 ει
2833 4742 2939 4813 lege
2979 4745 3067 4808 44,
3105 4755 3150 4799 et
3183 4746 3245 4800 de
3272 4745 3522 4817 Paganis,

1948 4829 2055 4900 lege
2100 4829 2208 4899 19),
2260 4837 2316 4884 et
2359 4845 2615 4899 nusquam
2665 4846 2770 4885 non
2822 4847 2961 4886 anno
3006 4834 3521 4903 quadringentesimo

1949 4930 2133 4975 octavo
2160 4928 2213 4974 et
2241 4920 2445 4974 decimo
2471 4920 2694 4991 septimo
2721 4920 2973 4977 kalendas
2997 4923 3289 4979 decembris
3316 4933 3515 4978 notata.

1950 5013 2020 5066 At
2050 5020 2251 5066 eertum
2278 5021 2361 5066 est
2390 4998 2592 5079 Rerum,
2621 5012 2758 5066 unde
2790 5012 3036 5082 praedicta
3060 5014 3143 5068 lex
3170 5014 3289 5068 data
3315 5015 3520 5083 signifi-

1950 5112 2120 5169 catur,
2149 5119 2288 5157 anno
2304 5104 2831 5174 quadringentesimo
2848 5112 3035 5159 octavo
3059 5119 3240 5160 mense
3263 5108 3521 5161 novembr

1950 5212 2055 5251 non
2085 5196 2246 5252 fuisse
2272 5196 2586 5263 Honorium,
2606 5196 2698 5252 sed
2717 5197 3001 5252 Ravennze.
3018 5196 3198 5267 Neque
3222 5200 3377 5254 etiam
3402 5200 3522 5255 Porc

1950 5284 2140 5357 phyrio
2160 5287 2476 5358 proconsule
2501 5302 2640 5340 anno
2658 5286 3174 5357 quadringentesimo
3204 5302 3344 5345 nono
3370 5289 3513 5361 affigi

1949 5378 2476 5449 potuitCarthagine;
2502 5376 2922 5447 quandoquidem
2945 5378 2995 5433 ei
3014 5378 3246 5433 Donatus
3273 5381 3372 5434 sub
3396 5383 3524 5435 anni

1949 5469 2448 5539 quadringentesimi
2491 5468 2661 5523 octavi
2708 5467 2861 5523 linem
2887 5469 2994 5539 jam
3024 5481 3367 5527 successerat.
3398 5473 3516 5539 Quo

1950 5561 2114 5614 etiam
2144 5568 2370 5614 exeunte
2397 5574 2537 5613 anno
2562 5558 2871 5615 Theodorus
2901 5563 3129 5632 prtetorii
3156 5562 3520 5635 prmfecturam

1952 5649 2197 5722 gerebat:
2222 5649 2320 5705 hac
2346 5664 2469 5705 vero
2490 5649 2743 5721 dignitate
2773 5651 2983 5710 Curtius
3002 5668 3141 5710 anno
3167 5654 3520 5724 quadringen-

3413 279 3520 340 566
3620 340 3623 343 ,
