4042 6360
491 300 598 359 1567

498 417 685 472 tesimo
713 412 938 484 septimo
981 418 1036 467 et
1076 410 1292 467 ineunte
1333 404 1853 480 quadringentesimo
1881 408 2070 457 octavo

497 508 693 578 potitus
722 512 822 559 est.

569 598 621 652 5.
662 596 771 653 Sub
799 595 900 649 hoc
920 602 1128 663 tempus
1154 590 1465 646 Vincentius
1492 584 1762 657 Rogatista
1788 583 1855 639 de
1878 582 2073 638 Catho-

498 691 614 746 licis
642 704 763 745 cum
802 684 1095 757 Augustino
1137 699 1231 755 per
1276 684 1476 737 litteras
1515 676 1898 747 expostulavit:
1927 682 2071 730 certe

495 781 710 852 quidem
740 794 844 832 non
875 776 1039 832 multo
1062 775 1261 838 serius;
1285 788 1407 827 nam
1439 771 1490 825 in
1517 767 1863 839 responsione
1893 767 2071 837 Augu-

496 870 644 938 stini,
676 882 973 939 quanquam
1010 866 1214 937 prolixa
1256 879 1315 918 ac
1345 863 1411 917 dc
1440 859 1741 915 secessione
1776 857 2073 911 Donatista-

496 977 613 1017 rum
640 960 795 1015 unice
818 965 1030 1029 agente,
1062 955 1263 1010 nullum
1291 960 1463 1007 exstat
1489 950 1572 1004 vel
1599 949 1875 1004 minimum
1909 946 2072 1001 colla-

496 1052 656 1108 tionis
700 1047 1129 1119 Carthaginensis
1170 1043 1466 1112 vestigium.
1518 1041 1782 1095 Prmterea
1831 1038 1896 1092 de
1938 1038 2072 1094 facta

495 1147 710 1204 cuilibet
736 1144 834 1200 sub
876 1144 1076 1199 exitum
1115 1139 1238 1195 anni
1282 1134 1787 1208 quadringentesimi
1831 1135 1955 1189 noni
1987 1148 2074 1202 po-

496 1245 690 1293 testate
721 1234 1014 1304 deligendie
1053 1230 1322 1301 religionis
1364 1236 1584 1293 tacetur,
1628 1225 1837 1280 tametsi
1878 1225 2071 1279 litterae

496 1328 602 1382 illa;
634 1329 686 1381 in
714 1322 1044 1381 defendenda
1073 1322 1246 1390 legum
1270 1335 1386 1389 qua:
1412 1320 1533 1373 latae
1561 1317 1765 1371 fuerant
1789 1315 2073 1369 severitate

495 1427 622 1473 tota:
654 1424 951 1472 versentur.
982 1413 1074 1467 His
1098 1410 1233 1465 adde
1262 1408 1403 1480 quod
1444 1407 1572 1462 nihil
1609 1408 1676 1461 ibi
1713 1405 1778 1459 de
1805 1404 2074 1459 Stiliconis

501 1508 768 1563 occisione
795 1505 1006 1575 legitur,
1039 1501 1171 1557 nihil
1209 1500 1275 1555 de
1320 1498 1385 1553 iis
1410 1512 1528 1568 quae
1568 1495 1792 1551 subinde
1843 1495 2073 1549 circum-

494 1605 682 1669 agente
697 1612 755 1651 se
774 1610 913 1649 anno
930 1608 1088 1662 supra
1116 1588 1696 1661 quadringentesimum
1726 1595 1915 1639 octavo
1945 1599 2073 1639 eve-

493 1696 705 1744 nerunt.
733 1685 1041 1742 Vincentius
1068 1683 1155 1738 ille
1184 1680 1369 1751 Rogati
1411 1680 1713 1733 Donatianm
1752 1676 1915 1746 partis
1957 1675 2074 1744 epi-

491 1780 660 1847 se0pi,
685 1792 715 1831 a
733 1792 837 1847 quo
861 1776 1159 1845 Rogatense
1185 1772 1412 1826 schisma
1432 1767 1599 1842 (Cant.
1627 1767 1883 1833 Crescon.,
1905 1765 1991 1819 lib.
2016 1767 2071 1831 4,

490 1886 542 1921 n.
578 1866 692 1940 75),
715 1867 1087 1922 brevissimum
1116 1863 1340 1917 frustum
1367 1861 1433 1915 de
1467 1859 1667 1927 majore
1694 1858 1860 1911 frusto
1886 1857 2074 1927 prmci-

464 1980 465 1983 ‘
490 1972 607 2013 sum
620 1957 901 2029 est(Epist.
920 1957 1011 2021 95,
1033 1973 1084 2009 η.
1100 1952 1217 2027 24),
1239 1954 1514 2023 presbyter
1532 1948 1873 2019 prius(Ibid.,
1892 1966 1942 2001 η.
1961 1950 2069 2019 47),

491 2060 619 2106 tunc
641 2064 768 2104 vero
795 2047 1047 2117 temporis
1074 2057 1349 2100 successor
1372 2049 1486 2097 erat
1517 2038 1701 2114 (Ibid.,
1722 2057 1774 2093 η.
1797 2041 1871 2108 1),
1895 2038 2074 2093 sedem

490 2156 641 2196 suam
679 2138 958 2195 Carteunis
986 2135 1312 2191 Mauritania:
1355 2130 1710 2188 Ctesareeusis
1745 2130 1939 2199 oppido
1980 2130 2073 2183 ba-

492 2230 627 2286 hens
654 2228 835 2301 (Ibid.,
856 2246 906 2281 η.
925 2227 1037 2298 20).
1066 2225 1120 2279 In
1149 2223 1323 2278 Africa
1346 2222 1457 2291 ipsa
1489 2228 1565 2275 tot
1584 2221 1694 2290 jam
1723 2228 1895 2288 partes
1924 2218 2075 2274 facta:

490 2331 638 2376 erant
671 2320 737 2374 de
778 2328 926 2388 parte
972 2315 1179 2382 Donati,
1211 2321 1269 2368 ut
1309 2326 1400 2368 eas
1426 2326 1532 2365 non
1564 2311 1680 2380 ipsi,
1713 2310 1758 2364 si
1786 2310 2078 2378 interroga-

490 2418 695 2473 rentur,
717 2409 1001 2464 Donatista:
1029 2412 1370 2462 recenserent
1391 2402 1575 2475 (Ibid.,
1594 2418 1646 2455 η.
1675 2399 1790 2472 25).
1814 2400 2076 2471 liogateu-

488 2514 577 2555 ses
609 2514 788 2569 porro,
820 2514 941 2554 cum
983 2495 1265 2566 imperium
1308 2493 1592 2565 capessivit
1631 2491 1891 2555 Julianus,
1934 2488 2075 2560 quod

489 2593 589 2648 sub
607 2592 765 2647 finem
782 2592 907 2646 anni
931 2586 1284 2645 trecentesimi
1308 2584 1624 2656 sexagesimi
1653 2584 1808 2654 primi
1834 2583 2071 2652 contigit,

491 2683 724 2737 nondum
752 2681 1127 2736 desciveranta
1148 2676 1435 2731 Donatistis
1453 2674 1636 2747 (Ibid.,
1662 2690 1716 2726 η.
1745 2672 1854 2745 12).
1884 2671 1966 2725 Ab
1993 2671 2077 2726 bis

490 2780 667 2826 autem
689 2773 759 2826 illi
779 2772 845 2826 ob
862 2787 1008 2824 suam
1029 2768 1379 2824 defectionem
1397 2767 1527 2821 dura
1546 2765 1697 2819 valde
1714 2775 1869 2834 atque
1885 2762 2074 2819 acerba

491 2863 778 2932 pertulere.
808 2861 987 2932 Neque
1004 2861 1145 2915 enim
1168 2858 1495 2929 jnssiouibus
1523 2865 1722 2911 tantum
1748 2864 2074 2910 terrenarum

491 2962 811 3024 potestatum
837 2955 886 3007 in
912 2952 1189 3007 lnereticos
1214 2950 1371 3017 datis,
1395 2948 1490 3003 sed
1521 2949 1679 3003 etiam
1712 2948 1874 3002 Firmi
1904 2949 2072 3016 ducis,

492 3047 581 3117 qui
610 3062 750 3100 anno
781 3043 1152 3099 trecentesimo
1177 3040 1567 3111 septuagesimo
1594 3038 1826 3094 secundo
1854 3039 2077 3093 rebella-

492 3138 588 3200 vit,
625 3135 901 3206 tyrannide
947 3133 1012 3187 ad
1057 3132 1366 3187 corumdcm
1414 3131 1808 3201 ltogatistarum
1856 3129 2074 3183 exiliunt

492 3228 643 3283 abusi
687 3235 809 3279 sunt
851 3224 1135 3280 Donatista:
1175 3222 1353 3294 (Cant.
1396 3222 1519 3276 Litt.
1554 3220 1810 3286 Petiliani,
1861 3220 1949 3273 lib.
2004 3219 2073 3287 2,

492 3338 547 3374 n.
595 3320 753 3388 184):
789 3332 921 3387 quos
950 3316 1021 3371 ob
1048 3330 1164 3371 eam
1195 3330 1307 3370 rem
1341 3313 1639 3369 Fit'mianos
1670 3313 1741 3366 illi
1772 3311 2077 3366 vocitabant

495 3412 683 3485 (Epist.
712 3411 800 3477 87,
844 3427 896 3463 n.
928 3407 1041 3481 10).
1085 3408 1319 3462 Mitiores
1348 3406 1561 3477 quidem
1606 3404 1769 3460 videri
1803 3402 1901 3472 ipsi
1928 3403 2075 3456 vole-

498 3504 640 3567 bant,
665 3513 819 3572 atque
838 3501 904 3555 ab
919 3510 1235 3555 caeterorum
1257 3498 1647 3552 Donatistarum
1668 3496 1867 3549 smvitie
1884 3494 2079 3548 abhor-

495 3603 706 3647 rentes:
732 3601 787 3646 at
815 3591 915 3647 hoc
940 3608 1041 3645 non
1067 3597 1173 3644 tam
1202 3589 1502 3645 christiana:
1532 3585 1947 3641 mansuetudinis
1969 3594 2078 3639 stu-

498 3685 604 3751 dio,
630 3700 784 3755 quam
816 3693 954 3738 not-.u
983 3684 1219 3753 ipsorum
1246 3680 1588 3736 imbecillitati
1615 3677 1949 3732 tribuendum
1977 3693 2076 3746 pu-

498 3784 572 3829 tat
609 3776 950 3844 Augustinus.
986 3773 1198 3839 Swvire,
1240 3771 1333 3836 ait,
1366 3786 1451 3823 vos
1478 3770 1613 3823 nolle
1643 3768 1842 3820 dicitis:
1864 3783 1952 3838 ego
1979 3784 2079 3820 non

498 3883 643 3937 posse
669 3865 901 3919 arbitror.
933 3864 1017 3917 Ita
1042 3865 1172 3917 enim
1196 3862 1314 3917 estis
1351 3878 1558 3914 numero
1589 3860 1773 3930 exigui,
1807 3868 1861 3912 ut
1890 3873 2081 3912 movere

498 3974 584 4011 vos
611 3967 784 4009 contra
805 3955 1118 4009 adversarius
1154 3953 1289 4008 vobis
1321 3951 1661 4007 multitudines
1696 3969 1796 4007 non
1826 3954 2075 4023 audeatis,

499 4048 593 4102 etsi
626 4047 840 4115 cupiatis
883 4044 1072 4116 (Epist.
1120 4043 1209 4109 95,
1257 4061 1312 4097 η.
1359 4044 1470 4112 il).
1514 4044 1723 4097 Ponens
1774 4054 1949 4100 tamen
1988 4063 2080 4103 eos

501 4139 860 4208 evangelicum
893 4136 1227 4199 sententiam,
1262 4133 1320 4189 Si
1349 4135 1458 4202 quis
1497 4134 1583 4187 tibi
1621 4136 1829 4189 coluerit
1861 4140 2081 4192 tunicam

502 4226 695 4293 tollere,
720 4226 966 4297 etjudicio
988 4235 1147 4279 tecum
1162 4222 1475 4288 contendere,
1500 4224 1690 4276 dimitte
1706 4226 1782 4279 illi
1799 4238 1844 4279 et
1869 4228 2082 4297 pallium

502 4315 717 4388 (Matth.
738 4333 792 4380 v,
813 4316 924 4388 40),
949 4317 1023 4369 sic
1039 4315 1352 4384 intelligere,
1371 4322 1429 4368 ut
1449 4316 1881 4384 persequentibus
1903 4334 1958 4371 se
1976 4335 2079 4374 non

505 4410 679 4465 solum
705 4410 845 4464 nulla
874 4408 1084 4477 injuria,
1113 4423 1298 4462 verum
1328 4407 1486 4461 etiam
1517 4408 1659 4461 nullo
1691 4408 1812 4478 jure
1833 4410 2085 4466 resisten-

506 4500 633 4555 dum
660 4508 872 4571 putent;
905 4497 1178 4553 contendit
1205 4497 1461 4568 Rogatum
1480 4513 1663 4553 eorum
1683 4508 1974 4569 auctorem,
1993 4513 2085 4559 aut

509 4606 613 4645 non
646 4591 715 4645 ita
746 4589 1086 4655 intellexisse,
1109 4595 1198 4643 aut
1218 4598 1364 4643 certe
1389 4588 1527 4657 quod
1560 4588 1823 4646 intellexit
1849 4608 1952 4647 non
1980 4594 2083 4648 im-

508 4682 712 4750 plesse;
739 4680 933 4750 quippe
957 4680 1045 4748 qui
1072 4679 1139 4733 de
1165 4678 1477 4748 quibusdam
1503 4681 1681 4743 rebus,
1705 4697 1836 4752 quas
1864 4699 1985 4738 suas
2007 4685 2083 4740 illi

507 4776 766 4841 dicerent,
809 4773 1066 4827 acerrima
1093 4771 1510 4841 perseverantia,
1550 4773 1710 4827 etiam
1752 4772 1948 4830 forensi
1974 4776 2083 4831 disc

508 4865 805 4935 ceptatioue
861 4861 1177 4917 conflixerit.
1250 4861 1507 4915 Relictum
1551 4862 1617 4917 ab
1654 4878 1719 4916 eo
1760 4866 2082 4935 gregieulum

511 4953 701 5024 (Epist.
744 4952 832 5019 95,
872 4968 927 5005 η.
958 4950 1048 5023 49)
1089 4951 1227 5021 apud
1273 4952 1563 5007 Cartennas
1591 4962 1644 5008 et
1674 4954 1926 5009 viciniora
1968 4958 2083 5011 loca

513 5048 728 5101 curabat
753 5044 1081 5110 Vincentius,
1125 5060 1243 5099 cum
1277 5056 1469 5099 novtem
1494 5046 1604 5099 sive
1644 5045 1827 5101 decem
1870 5048 2085 5120 collegis

509 5146 563 5191 et
590 5137 1124 5209 consortibus(lbid.,
1156 5156 1209 5192 η.
1237 5137 1444 5209 20-22).

584 5228 637 5283 4.
678 5226 727 5281 is
752 5224 1098 5297 Augustinum
1124 5228 1517 5283 adolescentem
1544 5239 1597 5284 et
1626 5229 1941 5300 Carthagine
1968 5240 2081 5286 stu-

511 5315 613 5368 diis
662 5317 1074 5385 incumbentem,
1118 5318 1240 5373 vivo
1279 5317 1452 5373 adhuc
1495 5318 1720 5388 iiogato,
1765 5331 2086 5391 cognoverat

512 5405 670 5479 (Ibid.
684 5449 697 5471 ,
714 5422 799 5458 nn.
824 5408 874 5472 1,
889 5409 996 5479 51).
1012 5408 1127 5463 Jam
1142 5417 1265 5463 tunc
1275 5407 1718 5462 animadverterat
1739 5411 1880 5479 pacis
1895 5410 1948 5464 in
1971 5410 2086 5481 ipso

512 5512 575 5551 ac
602 5496 893 5553 honestatis
922 5515 1190 5565 amorem;
1215 5515 1441 5571 cumque
1460 5500 1608 5554 illum
1628 5510 1871 5571 suscepta
1891 5501 2085 5558 Christi

512 5588 766 5655 religione
808 5588 973 5643 Sacris
1014 5589 1230 5645 Litteris
1274 5606 1475 5647 navare
1514 5606 1728 5661 operam
1762 5593 2079 5661 rescivissct,

513 5678 835 5731 existimavit
862 5679 1027 5734 multo
1056 5693 1214 5749 quam
1252 5689 1406 5736 antea
1454 5681 1620 5752 magis
1657 5682 1848 5752 quietis
1874 5684 2083 5739 avidum

1630 287 1785 347 VITA
1827 285 1887 342 S.
1928 277 2291 341 ADGUSTINI
2332 279 2647 363 EPISCOPl.

3658 287 3764 347 588

2179 403 2233 451 et
2256 405 2616 468 appetentem,
2647 411 2855 454 necnon
2883 397 2952 455 ab
2988 400 3132 456 omni
3158 393 3630 476 violenter'sgendi
3666 422 3761 463 ra-

2178 489 2321 543 tione
2336 490 2563 544 alienum
2587 505 2726 545 esse.
2748 490 3005 558 Quocirca
3027 493 3094 549 de
3120 496 3420 560 severitate,
3442 512 3562 568 qua:
3582 499 3633 552 in
3656 500 3767 555 Do-

2178 580 2397 634 natistas
2421 581 2679 651 perleges
2704 583 2947 651 precibus
2974 586 3347 655 episcoporum
3376 588 3764 646 catholicorum

2178 668 2327 723 datas
2350 670 2719 737 exercebatur,
2761 672 2972 742 scripsit
3005 673 3072 727 ad
3112 676 3487 746 Augustinum,
3532 689 3765 736 conten-

2177 760 2311 817 dens
2334 761 2400 816 ad
2426 763 2844 831 amplectendam
2856 766 3113 833 justitiam
3131 776 3184 821 et
3200 769 3450 824 unitatem
3468 773 3767 842 cogendum

2178 865 2296 905 esse
2321 852 2583 907 neminem
2611 852 2798 925 (Ibid.,
2840 871 2926 909 nn.
2966 855 3020 921 5,
3064 858 3186 928 is):
3215 858 3469 918 adversus
3516 862 3770 921 inimicos

2177 944 2564 999 communionis
2588 954 2803 1012 nostrae,
2827 948 3072 1016 querelas
3094 948 3405 1019 Imperatori
3432 953 3628 1010 deferri
3653 956 3771 1010 illi-

2178 1034 2339 1089 citum
2359 1034 2539 1106 (Ibid.,
2569 1054 2623 1092 n.
2652 1037 2739 1109 15)
2761 1055 2772 1090 :
2795 1052 2967 1108 neque
2996 1039 3046 1093 in
3078 1038 3399 1112 Evangeliis,
3429 1060 3599 1115 neque
3622 1045 3773 1116 apud

2179 1126 2460 1195 Apostolos
2482 1126 2603 1197 legi,
2621 1127 2905 1198 quidquam
2927 1144 2958 1183 a
2982 1131 3207 1185 terrenis
3230 1133 3555 1202 principibus
3572 1145 3770 1191 contra

2180 1217 2432 1273 Ecclesiae
2460 1218 2790 1275 adversarios
2821 1220 2980 1276 fuisse
3006 1222 3326 1290 postulatum
3355 1222 3539 1297 (Ibid.,
3574 1245 3628 1281 π.
3667 1229 3768 1299 1);

2178 1326 2283 1364 non
2327 1312 2613 1381 contigisse
2654 1313 2959 1383 aliquando,
3002 1323 3063 1369 ut
3093 1316 3464 1385 Apostolorum
3502 1318 3770 1389 quispiam

2179 1403 2231 1457 in
2260 1403 2459 1457 alienas
2486 1403 2722 1459 fortunas
2751 1404 2850 1458 sub
2878 1405 3098 1460 obtentu
3128 1406 3251 1461 fidei
3279 1407 3549 1463 invaderet
3576 1408 3769 1480 (Ibid.,
3822 1415 3833 1423 ‘

2178 1508 2231 1545 η.
2259 1492 2381 1562 ii):
2408 1501 2460 1547 et
2480 1494 2675 1565 alioqui
2700 1494 2978 1549 violentias
3002 1494 3118 1550 illas
3139 1496 3187 1550 in
3216 1513 3460 1567 magnam
3491 1501 3772 1556 hominum

2179 1592 2381 1657 partem
2414 1585 2677 1639 incassum
2700 1585 2936 1640 adhiberi
2960 1584 3145 1659 (Ibid.,
3176 1604 3228 1641 η.
3261 1587 3347 1658 5);
3379 1604 3441 1644 ac
3480 1591 3653 1646 vereri
3680 1607 3771 1658 se,

2180 1690 2246 1728 ne
2270 1674 2389 1728 hinc
2412 1676 2585 1743 potius
2606 1690 2801 1730 nomen
2820 1675 2913 1730 Dei
2933 1692 2961 1729 a
2983 1676 3179 1732 Iudaeis
3199 1686 3253 1732 et
3274 1678 3497 1749 Paganis
3518 1681 3775 1751 blasphe-

2178 1773 2351 1820 mctur
2373 1764 2555 1835 (Ibid.,
2578 1784 2633 1820 η.
2662 1766 2777 1839 26).
2808 1767 3080 1835 Ecclesim,
3105 1777 3163 1823 ut
3185 1770 3235 1823 in
3254 1770 3435 1826 orbem
3460 1773 3771 1830 universum

2178 1871 2390 1926 semper
2416 1867 2683 1912 cresceret
2706 1874 2767 1913 ac
2793 1858 3119 1923 dilataretur,
3149 1861 3334 1915 datum
3364 1864 3762 1931 negabat;eam

2178 1958 2358 2002 contra
2383 1963 2694 2003 asseverans
2719 1965 2873 2019 posse
2902 1951 2953 2005 in
2989 1952 3193 2021 reliquo
3220 1960 3477 2009 terrarum
3507 1957 3637 2012 orbe
3665 1974 3769 2013 ex-

2177 2037 2443 2104 stinctam,
2477 2055 2578 2093 una
2609 2040 2659 2093 in
2688 2042 2902 2110 regione
2930 2044 3127 2096 servari
3150 2041 3339 2113 (Ibid.,
3365 2062 3417 2098 η.
3444 2046 3571 2116 2|):
3601 2064 3768 2119 quam

2179 2130 2229 2182 in
2262 2146 2372 2184 rem
2405 2130 2570 2184 llilari
2598 2133 2957 2187 testimonium
2985 2134 3307 2204 proferebat,
3330 2138 3553 2193 Asianas
3578 2138 3769 2194 decem

2180 2221 2475 2288 provincias
2505 2237 2569 2275 ex
2601 2223 2787 2291 majori
2820 2232 2966 2292 parte
3008 2240 3131 2279 vere
3176 2226 3340 2281 Deum
3381 2230 3585 2283 nescire
3628 2231 3767 2284 scri-

2179 2310 2350 2363 bentis
2368 2308 2552 2379 (Ibid.,
2568 2328 2657 2365 nn.
2682 2312 2770 2379 51,
2790 2312 2902 2387 52).
2922 2314 3211 2384 Pugnabat,
3235 2332 3350 2371 eam
3370 2329 3570 2387 partem
3589 2320 3641 2373 in
3661 2335 3769 2392 qua

2178 2400 2309 2455 ﬁdes
2354 2401 2641 2472 religioque
2669 2403 2956 2458 christiana
2995 2405 3169 2471 ﬂoret,
3197 2409 3241 2461 si
3270 2424 3389 2463 cum
3431 2419 3541 2464 toto
3566 2411 3773 2468 mundo

2177 2501 2533 2561 comparetur,
2564 2493 2827 2548 modicam
2858 2495 3024 2551 videri
3053 2495 3237 2571 (Ibid.,
3267 2516 3319 2553 n.
3358 2499 3485 2571 22);
3525 2501 3771 2574 adeoque

2177 2584 2464 2639 Catholica!
2512 2600 2707 2640 nomen
2750 2602 2853 2640 non
2900 2604 2964 2642 ex
3010 2590 3170 2643 totius
3207 2591 3350 2646 orbis
3393 2595 3771 2651 communione

2181 2676 2664 2746 interpretabatur,
2710 2678 2804 2733 sed
2857 2694 2922 2734 ex
2963 2680 3331 2737 observatione
3379 2695 3769 2754 prmceptorum

2177 2766 2412 2820 omnium
2429 2766 2726 2821 divinorum
2744 2779 2899 2838 atque
2911 2771 3143 2824 omnium
3156 2771 3614 2829 Saeramentorum
3630 2792 3643 2829 :
3660 2792 3771 2846 quo

2177 2858 2255 2911 sic
2281 2858 2523 2913 videlicet
2551 2859 2837 2930 Rogatensi
2864 2862 3133 2931 particulre
3162 2880 3271 2919 sum
3312 2867 3519 2921 titulum
3563 2868 3764 2925 Catho-

2178 2948 2294 3003 lica:
2331 2960 2603 3020 arrogaret
2635 2950 2831 3022 (Ibid.,
2871 2970 2958 3006 nn.
2988 2953 3080 3021 25,
3114 2955 3225 3027 49).
3266 2955 3589 3027 Baptismum
3613 2970 3768 3016 extra

2180 3041 2469 3096 Ecclesium
2501 3042 2949 3113 administratum,
2982 3048 3184 3101 nullum
3211 3063 3329 3104 esse
3357 3051 3627 3121 arguebat,
3651 3060 3770 3108 tum

2176 3142 2409 3203 martyre
2420 3132 2682 3204 Cypriano
2695 3143 2846 3202 teste,
2864 3144 2973 3190 tum
2987 3137 3149 3206 ipsius
3161 3138 3440 3195 decessore
3453 3142 3768 3212 Agrippino;

2178 3231 2231 3277 ct
2255 3222 2450 3277 debere
2477 3232 2597 3292 post
2621 3224 2898 3281 haereticos
2913 3226 3162 3297 baptizari
3195 3227 3375 3299 (Ibid.,
3400 3249 3488 3285 nn.
3514 3233 3601 3298 55,
3635 3233 3728 3303 56)
3751 3249 3768 3285 :

2179 3314 2316 3368 Nam
2331 3324 2376 3369 et
2391 3324 2502 3385 post
2515 3316 2784 3381 Joannem,
2799 3319 2995 3385 aiebat,
3007 3319 3275 3390 baptizavit
3296 3321 3491 3378 Paulus
3506 3323 3773 3394 apostolus

2185 3405 2367 3478 (Ibid.,
2390 3423 2442 3459 η.
2471 3407 2582 3478 47).
2600 3407 2997 3475 Sciscitabatur,
3014 3425 3115 3479 qua
3131 3410 3197 3466 de
3214 3427 3395 3480 causa,
3414 3414 3458 3468 si
3476 3414 3662 3469 Donati
3680 3430 3773 3471 se»

2179 3508 2408 3551 ctatores
2429 3512 2652 3566 nequam
2673 3505 2831 3568 atque
2858 3498 3088 3554 haeretici
3105 3510 3275 3568 erant,
3298 3510 3442 3557 tanto
3461 3514 3633 3559 tamen
3650 3513 3771 3560 stu-

2179 3588 2266 3642 dio
2282 3597 2643 3658 quaererentur
2662 3604 2690 3641 a
2710 3588 3013 3656 Catholicis,
3035 3600 3087 3645 et
3104 3592 3219 3647 sine
3238 3592 3541 3649 difficultate
3558 3596 3658 3649 ulla
3675 3611 3774 3651 re-

2180 3679 2481 3748 ciperentur
2508 3677 2688 3748 (Ibid.,
2718 3697 2769 3733 n.
2794 3680 2901 3752 46).
2925 3680 3048 3735 Haec
3076 3683 3297 3752 epistola
3321 3684 3386 3739 ad
3416 3686 3771 3756 Augustinum

2184 3789 2277 3842 per
2305 3773 2620 3827 catholicum
2649 3773 2817 3829 virum
2839 3775 2935 3844 ipsi
2956 3776 3117 3844 probe
3132 3778 3398 3847 cognitum
3422 3779 3621 3848 perlata
3642 3788 3727 3836 est
3751 3797 3767 3836 :

2182 3872 2502 3934 quapropter
2517 3877 2636 3916 cum
2664 3864 2838 3918 nullus
2858 3875 2999 3919 esset
3018 3865 3286 3920 dubitandi
3318 3868 3485 3935 locus,
3503 3869 3626 3938 quin
3646 3884 3771 3924 eam

2183 3952 2483 4021 scripsisset
2514 3951 2820 4008 Vincentius
2854 3954 3121 4024 Rogatista
3145 3996 3159 4021 ,
3193 3972 3344 4010 suum
3375 3960 3423 4012 ei
3455 3973 3772 4028 responsum

2184 4043 2327 4097 misit
2347 4042 2529 4116 (Ibid.,
2548 4062 2599 4098 η.
2622 4044 2699 4114 1);
2722 4055 2880 4116 atque
2907 4046 2957 4102 id
2985 4046 3194 4116 quidem
3218 4049 3344 4102 satis
3373 4051 3624 4119 amplum,
3658 4067 3773 4107 non

2186 4141 2290 4186 tam
2334 4132 2403 4188 de
2445 4134 2700 4189 Vincentii
2744 4136 2922 4190 animo
2963 4137 3229 4206 cogitans,
3263 4154 3417 4207 quam
3449 4140 3515 4194 de
3545 4140 3774 4196 utilitate

2185 4238 2390 4288 eorum,
2417 4240 2445 4278 a
2464 4225 2651 4295 quibus
2671 4224 2889 4280 forsitan
2908 4241 3025 4280 eum
3051 4227 3142 4281 Dei
3166 4229 3349 4282 timore
3378 4230 3652 4298 legendum
3680 4245 3774 4286 es-

2186 4323 2293 4380 set;
2312 4328 2373 4368 ac
2391 4314 2617 4368 futurum
2636 4330 2875 4385 sperans,
2899 4324 3029 4369 utex
3053 4316 3161 4382 illo,
3184 4317 3226 4370 si
3249 4318 3423 4372 minus
3441 4319 3770 4387 Vincentius,

2187 4407 2372 4461 saltem
2388 4406 2475 4462 alii
2498 4405 2721 4461 fructum
2744 4407 2972 4477 aliquem
2999 4409 3331 4478 perciperent
3357 4408 3498 4480 (Ibid
3526 4452 3541 4479 ,
3571 4428 3622 4464 η.
3651 4410 3770 4483 55).

2820 4501 3042 4556 CAPUT
3075 4501 3138 4556 V.

2192 4592 2215 4645 1
2249 4591 2470 4645 Melania
2494 4592 2659 4645 senior
2682 4591 2734 4645 in
2756 4591 2981 4661 Africam
3009 4593 3155 4646 venit.
3183 4591 3219 4645 2
3255 4592 3564 4664 Augustinus
3598 4594 3774 4648 scribit

2257 4682 2325 4735 ad
2350 4681 2661 4748 Paulinum,
2687 4700 2718 4736 a
2744 4700 2840 4753 quo
2867 4684 3079 4737 vicissim
3105 4682 3294 4737 litteras
3322 4684 3522 4753 accipit.
3551 4684 3585 4739 5
3612 4683 3773 4738 Cala-

2214 4816 2215 4819 η
2259 4774 2503 4826 mensium
2530 4772 2913 4827 idololatrarum
2939 4774 3202 4826 insolentia
3231 4785 3279 4827 et
3312 4774 3563 4845 ferocitas.
3595 4774 3628 4827 4
3654 4774 3770 4827 Au-

2259 4864 2513 4934 gustinum
2541 4862 2810 4917 Nectarius
2838 4880 2928 4934 pro
2957 4866 3056 4918 reis
3086 4862 3464 4919 Calamensibus
3500 4865 3603 4919 suis
3648 4865 3774 4919 civi-

2262 4955 2351 5006 bus
2377 4954 2686 5021 deprecatur.
2714 4952 2747 5007 5
2770 4952 2957 5006 Eorum
2989 4953 3048 5007 ob
3072 4953 3232 5006 scelus
3248 4955 3299 5007 in
3320 4954 3491 5007 aulam
3507 4971 3558 5007 se
3572 4956 3771 5026 confert

2261 5043 2544 5097 Possidius.
2571 5042 2604 5097 6
2634 5041 2854 5097 Paulino
2884 5042 3106 5098 rescribit
3136 5045 3466 5115 Augustinus.
3490 5046 3520 5099 7
3549 5043 3765 5099 Necnon

2262 5134 2479 5189 Mentori
2503 5136 2756 5207 episc0po,
2780 5136 2863 5187 cui
2880 5146 3073 5189 sextum
3096 5152 3155 5189 ea:
3180 5135 3317 5189 libris
3342 5136 3447 5189 suis
3477 5135 3538 5188 de
3568 5123 3773 5190 Nasica

2260 5227 2428 5280 mittit.

2262 5322 2315 5375 1.
2344 5320 2565 5375 Melania
2594 5319 2772 5374 senior
2796 5333 2889 5373 seu
2915 5317 3052 5381 avia,
3082 5329 3318 5372 matrona
3345 5330 3483 5387 apud
3522 5316 3775 5372 ecclesia-
3812 5366 3819 5376 ,

2191 5411 2353 5467 sticos
2376 5411 2671 5487 scriptores
2693 5410 3129 5476 celebratissima,
3161 5409 3384 5463 Romam
3423 5418 3546 5463 ante
3570 5408 3774 5478 aliquot

2192 5517 2382 5569 annos,
2416 5510 2536 5570 post
2565 5500 2861 5556 traductum
2893 5499 2944 5554 in
2973 5499 3189 5555 Oriente
3230 5499 3590 5570 longissimum
3631 5506 3771 5552 tem-

2195 5593 2336 5663 poris
2383 5593 2631 5662 spatium,
2660 5591 2909 5655 redierat,
2940 5605 3058 5644 cum
3103 5590 3202 5643 iter
3241 5590 3292 5643 in
3330 5587 3558 5643 Africam
3590 5602 3775 5642 susce-

2195 5686 2267 5753 pit
2291 5702 2302 5737 :
2331 5684 2439 5751 ubi,
2460 5698 2557 5755 qua
2586 5680 2948 5737 moderatione
2975 5680 3113 5735 unici
3142 5678 3230 5733 filii
3258 5688 3481 5734 mortem
3510 5678 3777 5734 sustinue-
