4042 6360
313 405 426 469 rit,
442 403 591 459 testis
605 399 703 457 fuit
728 398 1296 472 Augustinus(Paulin.
1320 398 1458 469 apud
1474 397 1714 471 August.,
1744 398 1905 469 Epist.

313 496 425 563 94,
449 514 506 550 n.
528 496 605 565 2).
637 493 783 549 llaud
808 509 939 550 sane
964 493 1220 558 videmus,
1255 507 1357 562 qua
1391 492 1441 546 id
1485 492 1690 546 ratione
1724 490 1909 545 referri

312 599 495 659 queat
535 590 585 643 in
630 588 766 643 idem
802 587 973 657 ipsum
1005 596 1230 657 tempus,
1261 600 1366 655 quo
1389 585 1580 639 Albina
1605 584 1719 653 ejus
1746 597 1909 637 nurus

310 694 405 733 eo
446 694 568 733 cum
617 679 861 732 universa
911 676 1106 731 familia
1150 675 1374 745 trajecit,
1413 684 1661 744 vergente
1707 675 1907 729 scilicet

312 784 476 826 anno
496 770 1013 840 quadringentesimo
1035 766 1259 822 decimo.
1283 766 1413 820 Nam
1439 766 1482 820 si
1511 766 1650 821 [ilius
1669 764 1905 836 ejusdem

312 859 574 915 Melania:
604 860 868 915 Publicola
898 859 1055 913 etiam
1089 869 1199 911 tum
1234 857 1286 910 in
1318 856 1449 911 vivis
1475 856 1687 925 egisset,
1718 857 1905 911 Albina

312 951 469 1006 illius
501 968 633 1006 uxor
653 967 770 1006 eam
803 952 997 1021 potius,
1024 964 1180 1021 quam
1226 948 1386 1003 ﬁliam
1425 944 1907 1028 Melaniam’jdnio-

310 1058 465 1108 rem,
496 1052 587 1096 aut
611 1042 887 1097 Piniauum
908 1056 1160 1112 generum
1176 1041 1426 1095 comitata
1451 1050 1610 1095 esset.
1640 1041 1903 1096 Praeterea

311 1134 619 1190 Publicolae
655 1135 854 1189 obitum
888 1141 1101 1188 secutus
1142 1141 1224 1188 est
1257 1131 1586 1187 Calamensis
1625 1132 1898 1197 tumultus,

312 1229 407 1282 cui
437 1242 655 1281 causam
683 1235 800 1295 post
831 1241 1026 1279 annum
1060 1223 1634 1294 quadringentesimum
1662 1234 1901 1279 octavum

310 1321 507 1374 datam
534 1320 727 1373 nullam
756 1317 1220 1387 deprehendimus.
1254 1319 1424 1385 Atque
1453 1317 1551 1369 ista
1576 1316 1787 1385 quidem
1818 1332 1903 1370 ra-

311 1413 396 1466 tio
444 1410 724 1480 prohibet,
759 1409 1038 1479 quominus
1084 1416 1312 1461 mortem
1357 1405 1640 1460 Publicolae
1679 1406 1730 1458 in
1777 1405 1902 1460 anni

310 1501 827 1572 quadringentesimi
863 1500 1054 1554 decimi
1093 1499 1294 1552 exitum
1324 1497 1733 1565 rejiciamus:at
1767 1511 1902 1565 pra:-

311 1601 405 1647 ter
438 1592 580 1646 hanc
606 1592 702 1645 alia
733 1600 815 1645 est
843 1590 1014 1644 adhuc
1040 1588 1286 1654 validior,
1321 1586 1462 1657 quod
1494 1601 1683 1656 nempe
1711 1586 1901 1641 seditio

311 1681 408 1735 illa
437 1681 768 1736 Calamensis
804 1679 1042 1735 kalendis
1071 1679 1232 1749 juniis
1257 1686 1311 1732 et
1337 1686 1487 1732 sexto
1513 1676 1629 1731 idus
1663 1676 1899 1747 ejusdem

313 1774 530 1828 mensis
577 1773 812 1828 Possidio
852 1781 1110 1844 praesente
1150 1770 1533 1839 Contigitznon
1565 1769 1723 1840 igitur
1759 1784 1900 1824 anno

313 1864 844 1934 quadringentesimo
871 1863 1169 1928 undecimo,
1192 1878 1298 1932 quo
1326 1861 1596 1915 Possidius
1622 1861 1897 1930 Carthagi-

314 1954 475 2008 nensi
516 1954 782 2007 collationi
830 1952 1015 2007 iisdem
1062 1953 1217 2022 plane
1254 1952 1440 2007 diebus
1481 1950 1754 2005 intererat.
1790 1951 1899 2007 Nec

312 2046 484 2100 etiam
509 2046 788 2099 tumultum
814 2045 959 2098 illum
984 2057 1125 2097 anno
1150 2043 1665 2113 quadringentesimo
1688 2042 1900 2097 decimo

314 2137 590 2191 collocare
616 2136 767 2201 licet;
798 2136 1007 2206 quando
1035 2151 1129 2205 per
1164 2136 1215 2190 id
1260 2144 1467 2205 tempus
1510 2135 1594 2190 lex
1637 2136 1775 2189 nulla
1806 2135 1900 2189 ad-

317 2242 513 2282 versus
536 2227 792 2282 Ethnicos
826 2242 1016 2282 recens
1042 2235 1157 2281 erat
1196 2227 1547 2295 promulgata;
1574 2240 1691 2280 cum
1720 2234 1897 2281 tamen

315 2321 499 2376 scelus
526 2329 708 2374 contra
740 2320 1132 2373 recentissimas
1158 2319 1302 2388 leges
1329 2317 1524 2373 factum
1550 2318 1690 2372 dicat
1716 2319 1896 2387 Augu-

316 2414 497 2467 stinus
522 2410 712 2482 (Epist.
743 2412 833 2475 9i,
865 2429 917 2465 n.
944 2412 1022 2481 8).
1042 2413 1119 2466 Ac
1148 2412 1261 2480 ipse
1288 2411 1496 2481 quidem
1528 2412 1763 2480 proxime
1780 2419 1899 2478 post

316 2503 439 2557 illas
487 2503 668 2559 turbas
708 2503 1025 2572 Carthagine
1052 2502 1300 2558 hiemavit
1329 2502 1667 2576 (Epistalﬁl,
1696 2520 1810 2574 cap.
1840 2504 1894 2570 5,

316 2610 374 2645 n.
400 2591 519 2666 ﬂ);
543 2609 661 2647 eum
682 2602 861 2648 contra
875 2592 1125 2656 hiemem,
1140 2609 1259 2663 qua:
1278 2608 1416 2647 anno
1437 2594 1891 2664 quadringentesi-

314 2698 409 2737 mo
433 2683 643 2737 decimo
661 2683 841 2752 empit,
866 2683 1106 2753 Hippone
1127 2683 1415 2737 traduxerit
1440 2683 1627 2754 (Epist.
1654 2684 1775 2748 124,
1799 2702 1889 2739 nn.

317 2774 375 2841 1,
394 2772 482 2843 2).
500 2774 634 2840 Quid
661 2775 729 2828 sit
748 2790 939 2838 causm,
964 2789 1060 2828 cur
1086 2774 1386 2843 pra‘dictam
1413 2774 1724 2829 seditionem
1756 2791 1896 2830 anno

317 2865 843 2937 quadringentesimo
877 2876 1066 2920 octavo
1110 2880 1387 2934 ponamus,
1431 2881 1535 2919 non
1566 2874 1739 2920 autem
1766 2881 1895 2936 qua-

316 2957 735 3027 dringentesimo
748 2971 909 3021 nono,
927 2971 958 3010 a
976 2956 1127 3010 nobis
1142 2964 1318 3024 postea
1333 2956 1698 3025 explicabitur.
1721 2956 1893 3026 Ipsam

316 3062 462 3100 anno
489 3046 860 3137 trgentesimo
886 3045 1227 3115 nonagesimo
1254 3059 1395 3099 nono
1409 3045 1695 3116 contigisse
1715 3055 1898 3100 auctor

317 3147 401 3193 est
429 3135 691 3192 Barouius
715 3155 727 3189 :
751 3146 804 3191 at
829 3146 1022 3206 praeter
1044 3146 1351 3205 argumenta
1376 3135 1569 3205 quibus
1597 3151 1657 3191 ea
1685 3144 1899 3191 senten-

318 3230 391 3283 tia
412 3228 779 3293 labefactatur,
804 3241 1041 3281 asserere
1052 3226 1205 3280 nobis
1221 3225 1357 3280 haud
1373 3228 1631 3295 integrum
1645 3235 1741 3291 est,
1758 3241 1897 3280 anno

316 3320 700 3374 trecentesimo
727 3319 1069 3387 nonagesimo
1091 3327 1298 3381 octavo,
1330 3317 1383 3371 in
1421 3317 1651 3372 Africam
1690 3321 1899 3375 venisse

319 3410 621 3465 Melaniam.
652 3409 849 3464 Verum
881 3408 961 3463 his
990 3407 1243 3478 majorem
1273 3409 1441 3464 lucem
1468 3408 1634 3464 series
1666 3408 1898 3464 historiae

318 3500 540 3554 allatura
561 3510 663 3553 est.

387 3593 444 3646 2.
474 3594 590 3661 Ipsa
621 3592 859 3646 fortassis
882 3591 1102 3646 Melania
1130 3592 1184 3646 in
1212 3591 1440 3646 Africam
1465 3592 1679 3648 veniens
1717 3594 1896 3663 Augu-

318 3684 460 3737 stino
480 3698 663 3737 secum
691 3684 865 3736 attulit
887 3682 1088 3736 Paulini
1115 3683 1315 3737 litteras
1338 3686 1540 3752 priores
1567 3684 1682 3737 illas
1706 3683 1896 3754 quibus

318 3783 626 3827 nascentem
655 3772 941 3826 Publicola:
980 3774 1230 3826 virtutem
1266 3772 1372 3842 jam
1419 3773 1626 3827 abunde
1652 3773 1899 3828 laudave-

318 3872 427 3927 rat,
456 3874 741 3933 antequam
788 3862 1063 3931 epistolam
1106 3862 1277 3916 eidem
1325 3861 1539 3917 ineunte
1584 3877 1725 3917 anno
1769 3879 1897 3932 qua-

316 3952 737 4023 dringentesimo
765 3962 953 4006 octavo
980 3953 1267 4018 scriberet,
1295 3968 1411 4020 quae
1439 3952 1639 4019 incipit,
1669 3953 1896 4006 Lucerna

315 4059 513 4113 semper
541 4052 615 4096 est
637 4043 843 4110 pedibus
880 4042 1002 4094 meis
1048 4042 1249 4094 verbum
1285 4050 1427 4094 tuum
1462 4040 1648 4114 (Epist.
1679 4042 1788 4112 94).
1827 4043 1897 4097 Et

316 4135 530 4205 quidem
579 4134 900 4188 Publicolam
926 4133 976 4185 in
1003 4132 1178 4185 Africa
1208 4132 1499 4186 excessisse
1538 4132 1755 4186 minime
1788 4142 1895 4185 tra-

316 4226 483 4279 ditum
533 4224 793 4288 habetur;
824 4230 1029 4277 constat
1074 4222 1265 4287 solum,
1305 4220 1377 4286 id,
1422 4221 1545 4275 dum
1582 4230 1751 4275 mater
1781 4224 1895 4290 ejus

316 4316 511 4371 ibidem
536 4324 860 4377 versaretur,
879 4313 1140 4367 evenisse.
1164 4312 1305 4378 Quas
1327 4313 1585 4383 lacrymas
1602 4313 1722 4367 huic
1738 4316 1892 4368 morti

314 4406 527 4461 dederit
570 4404 679 4470 illa,
720 4418 878 4473 quam
919 4402 1051 4472 pias,
1093 4416 1356 4471 quamque
1404 4401 1721 4465 moderatas,
1766 4404 1895 4457 vidit

314 4496 679 4565 Augustinus;
715 4509 814 4549 nec
843 4503 1139 4562 temperare
1164 4493 1261 4547 sibi
1292 4493 1479 4562 potuit,
1502 4495 1626 4564 quin
1652 4509 1711 4549 ea
1739 4495 1806 4550 de
1834 4512 1893 4550 re

315 4592 379 4647 ad
424 4591 707 4645 Paulinum
751 4588 1024 4651 scriberet,
1068 4588 1225 4657 eique
1271 4587 1611 4656 significaret,
1640 4588 1738 4641 sibi
1786 4604 1890 4642 non

316 4691 419 4736 tam
448 4681 625 4735 videri
658 4678 933 4733 Melaniam
960 4678 1099 4732 unici
1134 4677 1224 4731 filii
1254 4685 1478 4731 mortem
1509 4678 1707 4747 lugere,
1734 4694 1890 4749 quam

314 4770 451 4841 quod
480 4769 716 4823 nondum
742 4767 786 4821 is
807 4767 1016 4833 penitus
1044 4766 1352 4821 smcularem
1380 4781 1625 4835 pompam
1654 4782 1715 4822 ae
1741 4770 1890 4821 vani-

315 4872 475 4917 tatem
487 4861 770 4930 abjecissct
792 4859 973 4929 (lbid.,
993 4876 1080 4912 nn.
1099 4859 1154 4925 2,
1177 4861 1257 4929 5).
1282 4859 1450 4914 Simul
1465 4874 1528 4913 ex
1550 4860 1735 4914 eodem
1753 4861 1890 4915 Pau-

316 4951 421 5007 lino
446 4951 838 5015 sciscitabatur,
866 4966 1151 5020 quamnam
1179 4951 1450 5004 beatorum
1476 4959 1597 5020 post
1624 4962 1890 5022 resumpta

315 5059 539 5115 camera
557 5043 784 5097 futuram
813 5043 864 5096 in
879 5043 1013 5099 caelo
1029 5044 1290 5096 actionem
1309 5049 1518 5111 putaret
1531 5043 1688 5115 (Ibid.
1699 5084 1715 5109 ,
1741 5062 1792 5098 η.
1811 5046 1887 5116 4).

316 5134 447 5189 Cum
473 5149 540 5188 eo
559 5134 718 5188 etiam
747 5133 934 5201 agebat
962 5132 1029 5186 de
1070 5131 1209 5186 felici
1247 5132 1336 5185 illo
1366 5132 1475 5186 otio
1503 5133 1567 5186 ad
1600 5135 1894 5203 percipien-

317 5224 435 5279 dam
482 5225 568 5278 vel
605 5222 967 5277 disserendam
997 5222 1338 5277 christianam
1367 5224 1679 5293 sapientiam
1710 5242 1893 5281 neces-

318 5314 479 5379 sario,
511 5328 617 5382 quo
638 5313 936 5378 Paulinum,
973 5314 1122 5379 cujus
1157 5320 1330 5366 tamen
1372 5312 1705 5368 incredibiles
1729 5331 1890 5371 occu-

318 5407 556 5473 pationes
623 5414 802 5473 postea
867 5404 1068 5466 didicit,
1122 5413 1232 5457 tum
1281 5404 1510 5474 gaudere
1560 5406 1893 5463 existimabat

320 5495 511 5565 (Epist.
544 5496 633 5557 95,
659 5513 713 5549 n.
746 5496 821 5563 9).
857 5494 1146 5564 Epistulam
1178 5495 1314 5549 hanc
1351 5497 1448 5550 sub
1475 5498 1598 5553 anni
1637 5499 1891 5567 quadrin-

320 5586 599 5655 gentesimi
629 5587 798 5639 octavi
826 5586 1028 5639 initium
1052 5587 1245 5652 Quinto
1273 5586 1497 5641 diacono
1526 5587 1889 5656 perferendam

320 5676 467 5731 dedit
498 5677 690 5748 (Epist.
725 5678 814 5745 9t,
844 5694 893 5731 η.
924 5676 999 5748 8).
1025 5678 1231 5735 Etenim
1253 5678 1433 5733 Romae
1454 5677 1761 5750 jamdudum
1778 5691 1891 5737 erat

1701 284 1902 342 LIBER
1942 286 2225 351 SEXTUS.

3484 308 3588 366 370

2019 400 2264 473 Quintus,
2292 414 2411 460 cum
2438 420 2505 463 eo
2539 406 2787 465 Paulinus
2814 412 2881 467 ad
2911 412 3181 471 invisenda
3209 417 3579 487 Apostolorum

2017 503 2413 566 martyrumque
2441 509 2780 555 monumenta
2808 517 2985 559 annuo
3013 521 3159 563 more
3184 518 3301 578 post
3326 509 3454 564 festa
3485 512 3582 566 Pam

2016 580 2213 637 schatis
2245 585 2547 641 adventavit
2572 586 2754 661 (Ibid,
2778 608 2831 647 n.
2874 591 2948 664 l).
2981 594 3179 650 Pascha
3222 607 3399 653 autem
3440 614 3578 656 anno

2015 673 2532 746 quadringentesimo
2559 690 2748 737 octavo
2773 683 2825 738 in
2852 693 3101 753 quartum
3121 686 3373 743 kalendas
3397 690 3579 758 aprilis

2014 766 2297 823 incidebat.
2325 768 2472 825 Hanc
2500 772 2657 842 igitur
2681 775 2955 843 epistolam
2986 777 3177 834 ibidem
3210 781 3460 839 Paulinus
3486 798 3577 837 ac-

2012 860 2175 929 cepit;
2205 876 2375 932 ueque
2420 871 2596 919 tamen
2636 866 2784 936 prius
2828 882 2946 924 eam
2986 870 3140 941 legit,
3170 887 3325 942 quam
3353 874 3581 930 Formiis

2012 961 2186 1017 esset;
2218 969 2322 1022 quo
2366 955 2420 1009 in
2464 956 2579 1011 loco
2609 958 2822 1013 domum
2867 971 3114 1030 repetens
3141 963 3279 1019 diem
3318 964 3578 1034 integrum

2011 1039 2297 1097 subsistere
2321 1053 2611 1101 statuerat:
2634 1060 2699 1102 eo
2723 1049 2861 1118 quod
2885 1065 2977 1119 per
2997 1052 3267 1121 strepitus,
3285 1055 3372 1123 qui
3394 1054 3580 1109 Romae

2010 1131 2163 1186 vitari
2202 1147 2495 1204 nequeunt,
2524 1153 2640 1193 eam
2668 1140 2735 1194 ibi
2761 1156 2865 1195 non
2888 1142 3140 1207 licuisset,
3166 1143 3233 1199 ad
3259 1146 3579 1215 explendum

2008 1221 2351 1292 desiderium,
2373 1229 2703 1285 continenter
2729 1232 2925 1301 legere.
2948 1233 3101 1300 Quod
3118 1251 3244 1292 sane
3264 1250 3579 1308 argumento

2008 1321 2109 1376 est,
2139 1313 2341 1369 litteras
2374 1316 2509 1382 illas,
2549 1335 2667 1387 qua:
2696 1335 2837 1376 nunc
2864 1321 3253 1393 desiderantur,
3282 1329 3579 1398 peramplas

2008 1402 2169 1457 fuisse
2188 1413 2344 1473 atque
2371 1421 2400 1459 a
2433 1407 2653 1463 Paulino
2688 1410 2852 1466 libelli
2893 1416 3282 1484 nuncupatione
3321 1417 3441 1486 jure
3475 1419 3575 1473 do-

2009 1504 2157 1549 natas
2179 1495 2383 1569 (Ibid).
2414 1500 2517 1556 Eas
2555 1517 2661 1556 non
2696 1504 2997 1575 vulgaribus
3030 1507 3215 1578 elogiis
3240 1511 3577 1566 commendat

2007 1583 2059 1638 in
2103 1600 2197 1641 sua
2238 1591 2599 1657 responsione,
2628 1608 2785 1662 quam
2826 1596 2956 1651 satis
2993 1598 3381 1669 prmeipitanter
3401 1602 3573 1657 idibus

2005 1677 2157 1732 maiis
2183 1680 2420 1748 scripsit;
2452 1698 2571 1736 cum
2592 1683 2815 1750 Quintus
2839 1701 2963 1742 eum
2991 1689 3159 1759 pridie
3181 1691 3294 1760 ejus
3316 1692 3441 1755 diei,
3468 1710 3575 1764 quo

2006 1768 2176 1837 reipsa
2201 1771 2466 1839 profectus
2482 1783 2581 1837 est,
2601 1775 2864 1833 discessus
2891 1780 2973 1834 sui
2998 1780 3358 1839 admonuisset
3385 1784 3569 1853 (Ibid,

2006 1876 2057 1914 n.
2087 1861 2181 1930 8):
2215 1877 2279 1916 ex
2316 1879 2422 1932 quo
2465 1864 2680 1933 factum,
2732 1877 2787 1923 ut
2827 1870 3145 1940 quibusdam
3182 1874 3577 1944 Augustiuianze

2003 1953 2237 2021 epistolae
2280 1956 2539 2024 capitibus
2583 1960 2889 2017 satisfacere
2930 1963 3126 2019 oblitus
3166 1964 3443 2039 sit(Epist.
3486 1968 3573 2033 95,

2004 2058 2059 2096 η.
2089 2042 2163 2111 9).
2190 2043 2324 2099 Cum
2351 2058 2557 2101 summo
2580 2048 2922 2107 demissionis
2953 2068 3016 2108 ac
3046 2054 3255 2124 pietatis
3280 2070 3437 2111 sensu
3463 2056 3577 2111 dis-

2002 2133 2132 2185 serit
2156 2132 2222 2187 de
2247 2134 2524 2190 beatorum
2570 2138 2621 2191 in
2668 2137 2844 2195 futuro
2886 2144 3080 2198 saeculo
3121 2146 3328 2201 actione
3358 2156 3581 2216 postre-

2001 2223 2403 2292 surrectionem,
2434 2241 2605 2296 eoque
2645 2228 2749 2283 loci
2774 2240 3012 2287 sanctum
3053 2235 3358 2299 Prmsulem,
3406 2254 3433 2289 a
3470 2254 3578 2307 quo

2002 2330 2149 2369 suam
2178 2316 2277 2371 hac
2303 2317 2371 2372 de
2400 2333 2458 2373 re
2483 2321 2801 2377 sententiam
2829 2332 3040 2393 rogatus
3062 2335 3196 2393 erat,
3225 2328 3427 2398 magnis
3459 2330 3572 2383 lau-

2001 2403 2155 2459 dibus
2182 2417 2402 2460 exornat
2423 2407 2612 2479 (Epist.
2644 2410 2736 2476 94,
2762 2428 2815 2465 η.
2848 2410 2924 2483 6).

2070 2497 2123 2551 5.
2154 2496 2264 2550 Lex
2303 2498 2782 2555 octavokalendas
2811 2501 3106 2559 decembris
3148 2519 3289 2559 anno
3323 2507 3573 2575 quadrin-

1999 2587 2295 2655 gentesimo
2321 2589 2546 2657 septimo
2572 2590 2692 2644 data
2722 2590 3058 2662 Carthagine,
3090 2596 3165 2649 uti
3190 2597 3437 2661 diximus,
3469 2615 3571 2651 non

2000 2684 2123 2731 aute
2166 2692 2332 2732 nouas
2374 2678 2550 2748 junias
2576 2682 2699 2735 anni
2721 2682 3223 2752 quadringentesimi
3256 2688 3425 2742 octavi
3457 2704 3577 2756 pro-

2001 2767 2225 2836 mulgata
2246 2777 2328 2822 est
2348 2768 2659 2839 (Sirmund.,
2676 2771 3049 2841 Append.Cod.
3076 2773 3292 2841 Theod,
3322 2791 3434 2846 cap.
3462 2778 3573 2848 i2).

2000 2855 2220 2912 Videtur
2247 2866 2421 2913 autem
2450 2860 2597 2930 prius
2626 2861 2677 2914 in
2723 2860 2966 2916 Numidia
2994 2862 3107 2932 ejus
3137 2863 3271 2919 facta
3301 2880 3419 2920 esse
3448 2881 3574 2934 pro-

2000 2950 2272 3019 mulgatio,
2318 2952 2363 3006 si
2410 2951 2551 3021 quod
2602 2952 2833 3007 Calama:
2877 2952 3117 3009 kalendis
3157 2955 3329 3023 jnniis
3358 2957 3575 3026 contigit

2002 3040 2188 3111 (Epist.
2212 3042 2298 3107 9i,
2330 3059 2382 3096 η.
2408 3042 2491 3113 8),
2508 3042 2573 3096 ad
2595 3042 2733 3097 hunc
2755 3059 2952 3098 annum
2977 3044 3370 3113 potius-referre
3395 3048 3573 3112 libent,

1999 3148 2157 3203 quam
2184 3133 2249 3187 ad
2280 3134 2687 3204 subsequentem
2715 3152 2727 3187 :
2751 3151 2911 3205 quam
2943 3136 2995 3190 in
3016 3138 3317 3205 opinionem
3341 3138 3454 3194 haec
3480 3154 3578 3195 nos

2001 3223 2212 3278 adducit
2234 3224 2554 3291 observatio,
2583 3225 2705 3294 quia
2737 3223 2987 3282 videlicet
3008 3234 3249 3281 exortum
3277 3227 3342 3282 de
3370 3229 3458 3283 illa
3486 3244 3576 3285 se-

2000 3313 2200 3369 ditione
2244 3315 2513 3383 negotium
2555 3315 2785 3370 nondum
2831 3314 3133 3371 confectum
3176 3325 3291 3372 erat
3338 3327 3576 3374 extremo

2000 3403 2190 3458 martio
2228 3404 2349 3457 anni
2384 3403 2452 3457 ab
2490 3404 2675 3459 eadem
2711 3406 2936 3475 proximi
2978 3404 3183 3479 (Epist.
3219 3406 3355 3472 104.,
3394 3426 3447 3462 n.
3496 3408 3570 3482 1).

2001 3510 2116 3549 eam
2155 3510 2302 3565 ergo,
2343 3497 2387 3549 si
2430 3496 2643 3565 quidem
2686 3512 2826 3552 anno
2862 3497 3379 3567 quadringentesimo
3432 3515 3573 3555 nono

2003 3594 2245 3654 ponatur,
2290 3586 2561 3641 Possidius
2614 3588 2751 3656 apud
2806 3587 3128 3644 Comitatum
3175 3588 3349 3643 adhuc
3391 3606 3573 3647 mense

2000 3677 2151 3745 aprili
2180 3677 2302 3733 anni
2319 3677 2821 3748 quadringentesimi
2838 3678 3029 3735 decimi
3046 3680 3356 3736 versabatur
3374 3697 3389 3746 ;
3416 3690 3572 3750 atque

2002 3766 2071 3820 ita
2102 3767 2184 3819 vix
2224 3767 2313 3822 ille
2350 3768 2581 3822 redierat
2621 3769 2675 3822 in
2710 3768 2939 3824 Africam
2966 3769 3129 3841 (quod
3154 3774 3571 3844 profectonemo

2000 3846 2151 3911 facile
2186 3857 2514 3926 crediderit),
2547 3872 2666 3913 cum
2706 3858 2769 3913 ad
2811 3858 3188 3931 Imperatorem
3228 3881 3259 3920 a
3297 3865 3571 3936 Carthagi-

1999 3950 2148 4003 nensi
2173 3950 2396 4005 concilio
2424 3950 2509 4005 die
2532 3951 2738 4007 decimo
2775 3962 2963 4008 octavo
2988 3954 3242 4012 kalendas
3266 3957 3425 4028 julias
3448 3959 3570 4013 anni

2000 4036 2234 4108 ejusdem
2265 4040 2763 4112 quadringentesimi
2787 4043 2977 4098 decimi
3007 4045 3213 4117 legatus
3231 4058 3331 4103 est.
3350 4050 3438 4115 At,
3461 4050 3573 4106 sive

1999 4137 2205 4195 octavo,
2236 4131 2346 4185 sive
2376 4145 2516 4185 nouo
2532 4148 2690 4201 supra
2709 4133 3283 4207 quadringentesimum
3300 4155 3460 4205 anno,
3480 4155 3571 4195 res

2000 4218 2071 4271 ita
2100 4217 2329 4274 Calamze
2371 4235 2429 4274 se
2467 4220 2669 4275 habuit.
2701 4223 2888 4277 Contra
2921 4229 3285 4283 recentissimas
3310 4230 3460 4301 leges,
3490 4232 3573 4285 in-

1998 4308 2111 4376 quit
2140 4308 2479 4377 Augustiuus,
2510 4310 2737 4365 kalendis
2767 4314 2949 4382 initiis,
2979 4321 3107 4387 [esto
3130 4316 3456 4389 Paganorum
3481 4337 3567 4373 sa-

1998 4398 2181 4468 crilega
2208 4400 2494 4454 solemnitas
2521 4404 2711 4472 agitata
2750 4415 2844 4474 est,
2892 4410 3089 4463 nemine
3130 4411 3434 4479 prohiuente,
3463 4422 3571 4466 tam

1995 4491 2228 4544 insolenti
2263 4507 2410 4558 attsu,
2447 4502 2500 4545 ut
2536 4493 2670 4561 quod
2702 4510 2792 4548 nec
2828 4495 3025 4551 Iuliani
3053 4501 3354 4571 temporibus
3380 4502 3571 4571 factum

1997 4590 2088 4649 est,
2113 4584 2511 4651 petulantissima
2548 4585 2695 4639 turba
2742 4587 3036 4644 saltantium
3070 4592 3123 4645 in
3160 4593 3329 4647 eodem
3364 4611 3571 4664 prorsus

1996 4674 2103 4729 vico
2139 4684 2255 4728 ante
2288 4678 2420 4745 fores
2453 4677 2683 4730 transiret
2714 4678 2953 4734 ecclesiis.
2983 4680 3147 4746 Quam
3170 4699 3274 4736 rem
3306 4684 3568 4737 illisitissi-

1997 4779 2131 4815 mam
2158 4772 2303 4834 atque
2325 4764 2724 4835 indignissimam
2753 4769 2945 4824 clericis
2963 4771 3221 4840 prohibere
3244 4773 3565 4839 tentantibus,

1995 4854 2205 4909 ecclesia
2230 4856 2455 4925 lapidata
2477 4866 2565 4911 est.
2594 4856 2793 4913 Deinde
2824 4870 2933 4930 post
2971 4862 3077 4915 dies
3109 4864 3265 4931 ferme
3297 4872 3426 4928 octo,
3452 4880 3565 4917 cum

1998 4947 2127 5015 leges
2153 4947 2437 5001 notissimas
2466 4949 2727 5018 episcopus
2755 4950 2922 5003 ordini
2946 4952 3260 5019 replicasset,
3291 4960 3339 5005 et
3361 4952 3481 5005 dum
3507 4969 3568 5007 ea

1996 5039 2265 5107 qmejussa
2291 5046 2426 5101 sunt,
2450 5039 2583 5093 velut
2608 5041 2816 5110 implere
2835 5041 3124 5108 disponunt,
3157 5042 3333 5094 iterum
3356 5041 3567 5097 ecclesia

1998 5127 2225 5199 lapidata
2249 5137 2339 5182 est.
2367 5127 2620 5182 Postridie
2654 5131 2837 5184 nostris
2877 5130 2944 5183 ad
2980 5131 3336 5200 imponendum
3361 5133 3567 5203 perditis

1998 5232 2200 5287 metum,
2231 5221 2366 5290 quod
2384 5222 2640 5275 videbatur
2663 5222 2802 5289 apud
2826 5221 2951 5274 Acta
2973 5222 3138 5276 dicere
3155 5222 3443 5286 uolentibus,
3472 5243 3567 5295 pu-

1999 5314 2125 5367 blica
2136 5314 2259 5383 jura
2280 5321 2456 5382 negata
2482 5321 2618 5366 sunt.
2650 5311 3059 5383 Eodemqueipso
3076 5313 3174 5379 die,
3197 5324 3252 5367 ut
3279 5314 3357 5368 rel
3382 5317 3566 5369 divini-

2000 5413 2077 5457 tus
2105 5411 2426 5467 terrerentur,
2459 5402 2649 5472 grando
2685 5403 3074 5471 lapidationibus
3110 5406 3308 5458 reddita
3342 5414 3445 5470 est;
3469 5423 3567 5473 qua

2000 5502 2251 5549 transacta
2294 5495 2528 5547 continuo
2571 5494 2767 5548 tertiam
2798 5495 3187 5564 lapidationem,
3232 5508 3279 5551 et
3321 5510 3567 5567 postremo

1998 5588 2137 5658 ignes
2186 5586 2529 5641 ecclesiasticis
2570 5588 2706 5640 tectis
2751 5599 2897 5659 atque
2933 5590 3211 5644 hominibus
3256 5591 3568 5653 intulerunt;

2002 5695 2155 5734 unum
2184 5694 2434 5735 servorum
2452 5677 2565 5747 Dei,
2588 5678 2639 5733 id
2665 5686 2766 5743 est,
2799 5680 3197 5755 monachorum,
3226 5682 3563 5751 quioberran
