4042 6360
409 307 502 369 571
1000 250 1003 255 Α
1535 303 1691 357 VITA
1727 302 1785 360 S.
1826 300 2197 358 AUGUSTINI’
2228 302 2551 363 EPISCOPI.

412 441 667 480 occurrere
688 423 867 496 potuit,
883 422 1186 487 occiderunt,
1209 419 1399 475 cteteris
1414 418 1595 489 partim
1613 418 1698 471 ubi
1722 423 1985 487 potuerant

411 519 747 585 latitantibus,
776 520 960 588 partim
995 534 1094 587 qua
1120 525 1383 589 potuerant
1408 514 1737 587 fugientibus,
1767 530 1880 568 cum
1904 514 1984 567 in-

414 621 548 663 terea
567 620 833 665 contrusus
849 619 998 678 atque
1018 618 1297 663 coarctatus
1315 606 1527 677 quodam
1555 606 1669 659 loco.
1688 622 1739 659 se
1761 604 1985 658 occulta-

410 709 487 753 ret
512 700 791 769 episcopus,
818 700 905 753 ubi
943 715 996 752 se
1038 700 1105 752 ad
1140 707 1344 752 mortem
1371 697 1692 764 quarentium
1722 711 1860 749 voces
1884 711 1979 747 au-

410 792 573 843 diebat
612 791 800 858 sibique
836 791 1217 860 increpantium,
1242 790 1377 858 quod
1398 804 1458 842 eo
1483 804 1580 841 non
1605 789 1799 841 invento
1828 787 1981 857 gratis

410 890 603 933 tantum
644 890 1006 950 perpetrasth
1048 880 1226 933 scelus.
1256 878 1406 933 Gesta
1453 887 1569 932 sunt
1607 878 1715 931 Ita'c
1755 877 1818 930 ab
1855 878 1980 929 hora

409 977 564 1042 formo
591 972 782 1025 decima
822 988 976 1041 usque
1018 972 1085 1023 ad
1122 970 1280 1023 noctis
1326 978 1517 1038 partem
1558 984 1657 1021 non
1698 968 1974 1021 minimam.

414 1062 577 1116 Nemo
595 1078 922 1131 compescere,
950 1078 1091 1114 nemo
1110 1061 1366 1114 subvenire
1389 1060 1591 1114 tentavit
1610 1059 1831 1126 illorum,
1854 1075 1979 1129 quo-

405 1168 518 1204 rum
543 1168 647 1205 esse
674 1153 840 1222 gravis
866 1161 1029 1221 posset
1054 1151 1342 1215 auctoritas,
1370 1159 1553 1220 prwter
1578 1166 1732 1203 unum
1759 1150 1977 1220 ueregri-

404 1260 545 1307 num,
576 1261 663 1313 per
690 1259 833 1311 quem
852 1252 899 1297 et
926 1243 1132 1312 plurimi
1156 1243 1285 1296 servi
1305 1242 1415 1307 Dei,
1434 1243 1486 1297 id
1527 1251 1610 1297 est
1626 1242 1890 1308 monachi,
1914 1242 1976 1297 de

404 1333 631 1387 manibus
666 1334 943 1401 interﬁcere
980 1334 1270 1386 conantium
1313 1333 1512 1386 liberati
1556 1342 1697 1397 sunt,
1728 1342 1774 1385 et
1818 1332 1977 1385 multa

404 1433 598 1477 extorta
614 1424 987 1492 prazdantibns;
1012 1439 1101 1492 per
1118 1439 1263 1491 quem
1283 1423 1474 1476 clarum
1500 1427 1689 1493 factum
1711 1430 1801 1485 est,
1823 1438 1976 1491 quam

404 1514 555 1582 facile
574 1515 662 1567 illa
688 1515 764 1567 vel
790 1515 992 1567 omnino
1018 1530 1117 1567 non
1147 1514 1341 1583 ﬁerent,
1367 1514 1445 1567 vel
1475 1522 1634 1583 cmpta
1663 1512 1970 1578 desisterent,

401 1607 447 1657 si
468 1605 616 1670 cives,
631 1604 942 1674 maximeque
965 1606 1201 1675 primates
1214 1622 1273 1657 ea
1290 1604 1401 1673 ﬁeri
1414 1604 1680 1674 perﬁcique
1689 1603 1971 1657 vetuissent.

402 1695 594 1767 (Epist.
619 1697 679 1751 91
703 1740 717 1761 ,
759 1714 811 1751 n.
844 1697 1074 1767 8).Dicit
1094 1697 1266 1751 alioin
1286 1698 1401 1752 loco
1422 1697 1761 1766 Augustinus,
1781 1695 1973 1751 infelici

402 1788 563 1856 vulgo
588 1787 654 1842 ad
680 1772 1032 1858 diripiendum
1060 1790 1295 1859 exposita
1332 1788 1494 1843 fuisse
1515 1804 1598 1855 ea,
1624 1804 1741 1858 qua:
1770 1788 1972 1843 alendis

399 1882 722 1951 pauperibus
736 1881 1161 1951 religiosissimis,
1186 1882 1507 1937 monasterio
1531 1882 1731 1936 scilicet
1749 1880 1972 1936 Possidii

399 1988 524 2027 cura
545 1972 803 2037 instituto,
822 1974 1055 2041 reposita
1078 1973 1298 2036 fuerant;
1317 1971 1623 2041 sanguinem
1648 1986 1856 2041 quoque
1880 1988 1975 2028 eo-

400 2078 540 2127 rum,
566 2080 672 2118 uno
691 2079 756 2118 ex
787 2064 888 2117 illis
912 2064 1206 2130 interfecto,
1237 2064 1406 2118 fusum
1432 2064 1593 2118 fuisse
1620 2063 1743 2134 (Ep.
1764 2065 1884 2132 104,
1914 2082 1967 2118 n.

401 2153 483 2223 5).
513 2153 656 2208 Idem
686 2155 971 2223 signiﬁcat,
982 2155 1257 2208 tumultum
1274 2155 1419 2208 illum
1435 2169 1536 2208 non
1550 2153 1759 2209 aliunde
1771 2164 1966 2222 ortum,

400 2260 558 2313 quam
589 2260 653 2299 ex
681 2245 989 2314 quibusdam
1020 2244 1315 2299 simulacris
1339 2247 1619 2315 argenteis,
1646 2262 1764 2316 qua:
1794 2246 1888 2303 abs
1912 2262 1974 2303 se

402 2334 626 2390 conﬂata
653 2336 745 2390 vel
764 2350 995 2401 servare,
1020 2336 1100 2390 vel
1124 2335 1369 2401 adorare,
1389 2336 1469 2390 vel
1494 2336 1639 2391 cultu
1667 2352 1729 2391 ac
1760 2338 1972 2393 honori-

398 2425 499 2479 bus
520 2425 787 2495 sacrilegis
818 2426 1023 2495 publice
1052 2426 1297 2495 prosequi
1331 2427 1697 2497 percptabant.
1727 2429 1851 2483 Erat
1878 2430 1973 2499 igi-

398 2524 485 2571 tur
514 2516 563 2569 in
585 2517 735 2586 culpa
767 2524 874 2570 tota
901 2518 1107 2581 civitas,
1137 2532 1255 2571 cum
1284 2517 1318 2571 ii
1341 2518 1437 2571 soli
1465 2519 1636 2573 minus
1660 2522 1866 2577 caeteris
1893 2524 1969 2577 rei

397 2616 597 2672 essent,
627 2607 714 2676 qui
744 2622 813 2661 ne
846 2607 899 2660 in
940 2606 1179 2662 inimicos
1204 2607 1477 2675 Ecclesiae,
1506 2624 1637 2679 quos
1668 2611 1719 2664 in
1758 2611 1847 2665 illo
1871 2626 1969 2683 op-

396 2694 523 2765 pido
550 2694 832 2764 plurimum
863 2710 1019 2765 posse
1049 2705 1323 2761 noverant,
1343 2698 1394 2751 in
1422 2712 1481 2752 se
1498 2700 1842 2765 concitarent,
1865 2702 1972 2756 Deo

398 2784 707 2854 episcopum
728 2788 781 2839 et
802 2784 1090 2840 monachos
1116 2788 1356 2855 precibus
1374 2790 1747 2844 commendare
1771 2799 1852 2844 sat
1878 2784 1983 2845 ha-'

397 2874 628 2929 buerunt
659 2874 846 2947 (Epist.
875 2876 965 2942 91,
993 2892 1045 2929 n.
1076 2876 1129 2942 9,
1157 2885 1203 2931 et
1228 2875 1392 2946 Epist.
1425 2879 1545 2942 104,
1577 2895 1629 2932 n.
1665 2879 1785 2951 17).
1821 2881 1970 2937 Unde

397 2967 616 3037 ignavos
636 2968 765 3022 istos
794 2976 846 3021 et
871 2968 1206 3023 meticulosos
1237 2969 1473 3023 homines
1499 2983 1529 3023 e
1548 2969 1971 3027 Christianorum

398 3065 574 3111 tamen
601 3072 822 3112 numero
849 3056 1011 3113 fuisse
1040 3073 1143 3112 non
1170 3059 1298 3114 levis
1317 3059 1615 3128 conjectura
1637 3072 1736 3116 est.
1757 3062 1824 3117 Et
1842 3078 1970 3119 sane

397 3148 727 3219 Augustinus
762 3149 812 3202 in
844 3148 1107 3218 publicum
1148 3150 1274 3205 illud
1320 3162 1590 3220 peccatum
1629 3168 1692 3209 ex
1737 3155 1818 3211 his
1861 3173 1967 3213 non

395 3250 595 3307 paucos
634 3236 881 3293 incidisse
925 3248 1215 3305 memorat,
1245 3239 1356 3297 sive
1382 3240 1521 3311 quod
1549 3258 1703 3311 opem
1732 3246 1969 3301 ecclesia:

399 3325 742 3396 conﬂagranti
770 3342 873 3380 non
902 3327 1162 3393 tulissent,
1195 3329 1307 3385 sive
1330 3332 1485 3385 etiam
1513 3334 1733 3402 quodex
1764 3336 1848 3390 illa
1878 3354 1967 3391 sa-

395 3415 591 3487 crilega
626 3416 954 3487 Paganorum
995 3417 1169 3488 praeda
1203 3420 1442 3476 nonnihil
1484 3422 1817 3479 abstulissent
1842 3443 1855 3479 :
1880 3426 1966 3495 qui

395 3516 573 3562 tamen
603 3515 784 3580 postea
810 3508 1023 3577 culpam
1064 3522 1211 3563 suam
1254 3510 1605 3577 confessione,
1641 3516 1882 3583 precibus
1906 3532 1967 3571 ac

393 3597 720 3666 pcenitentim
766 3599 910 3653 luctu
956 3599 1199 3654 eluerunt
1232 3600 1420 3671 (Epist.
1450 3602 1573 3667 104,
1621 3620 1673 3657 n.
1711 3604 1788 3675 9).
1822 3606 1967 3661 llane

394 3688 668 3745 historiam
696 3691 760 3745 ad
787 3705 981 3745 annum
1006 3692 1429 3747 trecentesimum
1448 3697 1841 3765 nonagesimum
1866 3715 1963 3753 no-

394 3793 523 3833 num
547 3789 667 3850 post
703 3780 836 3835 latas
860 3782 927 3835 ab
953 3781 1185 3835 Honorio
1212 3783 1357 3853 leges
1382 3784 1635 3841 adversus
1662 3787 1966 3845 idololatras

392 3868 553 3923 refert
595 3869 851 3927 Baronius
873 3869 1164 3942 (Duronius,
1185 3873 1253 3925 ad
1287 3888 1473 3926 annum
1498 3874 1621 3938 599,
1649 3893 1701 3930 n.
1731 3878 1838 3947 78).
1871 3879 1963 3932 Ni-

390 3957 683 4013 hilominus
708 3959 1035 4028 Paganorum
1066 3960 1196 4015 festa
1227 3961 1433 4031 legibus.
1459 3965 1581 4018 anni
1609 3970 1963 4024 trecentesimi

390 4048 719 4117 nonagesimi
767 4051 892 4103 noni
939 4051 1156 4105 minime
1199 4053 1687 4120 proseribebantur;
1728 4058 1964 4126 quinimo

389 4137 511 4208 lege
538 4138 745 4194 decimo
768 4141 923 4194 tertio
948 4139 1199 4195 kalendas
1230 4144 1559 4212 septembres
1595 4148 1716 4200 anni
1750 4157 1960 4203 trecen-

391 4228 568 4283 tesimi
613 4229 942 4298 nonogesimi
1001 4230 1124 4283 noni
1188 4231 1306 4285 data
1370 4232 1713 4288 firmabantur
1758 4237 1963 4305 (Codice

388 4316 610 4385 Theod.,
638 4319 700 4372 de
728 4318 965 4390 Paganis,
983 4319 1214 4393 legs”).
1237 4321 1735 4387 Quaobservationc
1763 4327 1958 4383 inducti

388 4408 622 4479 quidam,
650 4425 833 4465 eorum
876 4412 1320 4482 proscriptionem
1368 4413 1466 4484 legi
1510 4415 1577 4469 ad
1612 4418 1851 4473 Curtium
1881 4422 1962 4474 in-

313 4536 318 4541 .
387 4500 599 4571 scriptae
626 4498 809 4575 (lbid.,
835 4501 944 4572 lege
969 4500 1079 4573 l9),
1111 4510 1360 4573 tanquam
1374 4505 1612 4561 omnium
1638 4507 1690 4561 in
1707 4522 1823 4564 eam
1845 4525 1955 4566 rem

383 4592 599 4663 primae,
619 4593 939 4649 adscribunt.

456 4683 513 4737 4.
551 4682 819 4737 Calamam
839 4698 945 4738 non
967 4682 1040 4737 ita
1060 4683 1226 4738 multo
1246 4692 1363 4753 post
1384 4692 1487 4738 tam
1515 4685 1730 4756 impium
1752 4687 1956 4745 facinus

381 4773 709 4845 Augustinus
744 4772 1115 4844 proﬁciscitur.
1166 4772 1241 4827 Ut
1272 4774 1460 4841 nostri,
1505 4776 1702 4845 inquit,
1753 4779 1808 4831 in
1852 4789 1956 4833 tam

382 4863 524 4933 gravi
548 4864 720 4918 dolore
741 4862 818 4917 vel
841 4863 1215 4918 consolarentur
1238 4864 1422 4933 amicti,
1454 4865 1531 4918 vel
1554 4866 1845 4920 sedarentur
1868 4885 1956 4921 ac-

382 4954 519 5008 censi
535 4969 556 5017 ,°
582 4963 825 5024 quantum
867 4953 1117 5023 potuimus
1136 4992 1150 5019 ,
1181 4953 1316 5024 quod
1350 4954 1405 5007 in
1434 4963 1654 5026 tempore
1677 4960 1958 5026 oportuisse

382 5044 811 5112 eristimavimus,
855 5060 971 5100 cum
999 5045 1301 5100 Christianis
1337 5048 1545 5117 egimus.
1588 5047 1780 5103 Deinde
1805 5052 1955 5105 etiam

381 5133 521 5202 ipsos
544 5133 783 5205 Paganos
805 5176 821 5203 ,
850 5137 972 5190 mali
995 5137 1123 5190 tanti
1150 5146 1301 5208 caput
1329 5147 1375 5192 et
1402 5154 1626 5205 causam,
1657 5150 1871 5210 petentes
1897 5153 1954 5203 ut

382 5225 448 5279 ob
472 5226 545 5280 eis
562 5228 859 5294 videremur,
886 5229 1203 5295 admisimus,
1233 5239 1289 5283 ut
1317 5232 1411 5283 hac
1438 5232 1697 5285 occasione
1713 5233 1954 5289 admone-

364 5330 549 5377 remus
569 5330 670 5379 eos,
696 5317 817 5385 quid
835 5321 999 5388 facere
1023 5317 1269 5384 deberent,
1301 5320 1343 5373 si
1361 5330 1606 5390 saperent,
1641 5338 1739 5376 non
1759 5332 1952 5379 tantum

380 5420 477 5475 pro
500 5405 795 5460 removenda
814 5408 1045 5475 praesenti
1064 5409 1419 5474 sollicitudine,
1449 5410 1704 5480 siquidem
1732 5427 1837 5468 non
1868 5414 1950 5469 in-

379 5493 518 5564 juria
562 5496 900 5561 metuebant,
941 5513 1009 5552 ne
1037 5512 1134 5567 pro
1170 5506 1317 5554 tanto
1341 5501 1541 5557 scelere
1578 5516 1760 5572 poenas
1792 5520 1949 5574 quam

382 5584 726 5655 gravissimas
753 5586 960 5652 darent,
990 5604 1161 5643 verum
1188 5591 1338 5645 etiam
1362 5608 1453 5661 pro
1470 5593 1768 5663 inquirenda
1792 5602 1954 5653 salute

379 5684 643 5748 perpetua.
690 5676 858 5732 Multa
886 5694 919 5731 α
942 5679 1083 5734 nobis
1116 5681 1401 5751 audierunt,
1432 5686 1643 5738 multum
1666 5686 1813 5740 etiam
1852 5688 1951 5758 ipsi

3566 322 3681 381 37'!

2091 430 2423 487 rogaverunt;
2447 421 2536 475 sed
2558 420 2713 486 absit,
2749 431 2803 476 ut
2827 423 2951 479 tales
2968 426 3097 480 servi
3121 427 3310 498 simus,
3332 447 3459 503 quos
3492 437 3557 490 ab
3594 439 3673 491 eis

2089 511 2259 578 rogari
2286 510 2491 565 delectet
2512 552 2526 576 ,
2558 528 2590 565 a
2621 511 2799 581 quibus
2837 523 3006 569 noster
3038 515 3287 575 Dominus
3325 538 3425 575 non
3459 535 3674 593 rogatur

2090 597 2288 668 (Epist.
2314 601 2413 668 91,
2444 618 2497 655 n.
2544 602 2656 671 10).
2700 602 2975 659 Nectarius
2997 647 3012 667 ,
3042 608 3195 676 cujus
3238 608 3461 665 fecimus
3499 628 3666 682 supra

2088 693 2409 748 mentionem
2426 735 2441 760 ,
2469 694 2608 749 inter
2634 696 2930 765 praecipuos
2957 697 3099 753 cives
3124 699 3363 769 ejusdem
3390 703 3535 758 urbis
3564 722 3671 758 nu-

2087 781 2369 837 merandus
2389 824 2405 849 ,
2433 782 2675 839 ethnicus
2700 783 2813 853 ipse
2852 785 3058 855 (Epist.
3089 788 3204 857 90),
3237 790 3359 845 licet
3387 801 3533 860 patre
3557 794 3668 849 sni-

2087 881 2193 926 tem
2234 882 2357 928 ante
2397 873 2597 928 obitum
2624 874 2914 930 christiano
2953 875 3163 947 (Epist.
3195 878 3285 943 9i,
3317 898 3369 934 n.
3414 881 3506 952 2),
3537 898 3666 938 cum

2086 962 2305 1031 patriam
2329 978 2480 1017 suam
2505 962 2575 1017 ob
2595 964 2735 1018 illam
2763 965 3099 1031 seditionem,
3123 972 3275 1038 cujus
3300 971 3510 1039 quidem
3536 988 3670 1041 par-

2084 1054 2294 1123 ticipem
2328 1069 2449 1109 eum
2477 1071 2582 1109 non
2613 1055 2776 1111 fuisse
2806 1058 3064 1113 credibile
3103 1070 3207 1124 est,
3244 1071 3390 1116 tanto
3424 1066 3673 1132 periculo

2081 1146 2363 1201 obnoxiam
2401 1154 2644 1203 cerneret
2662 1188 2679 1209 ,
2710 1148 2776 1202 ad
2802 1149 3152 1219 Augustinum
3176 1191 3197 1216 ,
3225 1151 3399 1205 fratris
3419 1168 3541 1208 eum
3564 1170 3666 1207 vo-

2080 1237 2268 1292 cabulo
2287 1238 2633 1307 compellans,
2656 1238 2871 1309 scripsit
2892 1257 2907 1294 :
2930 1239 3205 1309 fassusque
3226 1243 3489 1297 Calamam
3506 1248 3665 1313 juxta

2080 1326 2221 1398 leges
2245 1328 2594 1383 severissima:
2623 1344 2794 1398 pinnae
2818 1345 2966 1385 ream
2994 1333 3161 1385 teneri
3185 1349 3199 1396 ;
3234 1332 3403 1397 illum,
3435 1344 3667 1389 utamu-

2078 1432 2192 1471 rem
2216 1419 2635 1473 mansuetudinis
2660 1422 2910 1491 episcopo
2943 1430 3218 1493 tantopere
3249 1426 3666 1481 convenientem

2079 1520 2190 1575 prze
2211 1522 2270 1562 se
2298 1507 2451 1575 ferat,
2479 1509 2793 1564 obtestatur.
2828 1512 3047 1578 Rerum,
3078 1529 3196 1583 qua:
3219 1517 3504 1583 perierant,
3540 1518 3664 1586 ple-

2078 1612 2201 1652 nam
2241 1598 2398 1653 offert
2439 1608 2596 1671 atque
2640 1602 2896 1672 integram
2924 1606 3319 1673 reparationem
3345 1626 3358 1661 :
3388 1624 3450 1662 ac
3481 1625 3546 1663 ne
3570 1610 3661 1663 in-

2077 1700 2328 1746 nocentes
2353 1706 2473 1746 cum
2502 1694 2813 1749 nocentibus
2840 1695 3195 1761 involvantur,
3235 1714 3367 1755 neve
3397 1702 3661 1770 supplicia

2075 1781 2444 1847 adhibeantur,
2469 1785 2710 1852 exposcit
2734 1783 2939 1855 (Epist.
2980 1787 3092 1857 90).
3124 1789 3348 1858 Arrepta
3375 1792 3666 1846 occasione

2076 1887 2141 1927 ex
2167 1887 2254 1939 eo,
2276 1873 2416 1943 quod
2445 1874 2497 1928 in
2522 1876 2744 1944 patriam
2774 1876 3119 1945 ostendebat,
3148 1879 3327 1934 studio
3351 1920 3368 1947 ,
3391 1881 3535 1936 illum
3555 1882 3657 1937 ad-

2076 1962 2318 2019 hortatur
2344 1966 2395 2019 in
2433 1981 2526 2020 sua
2552 1969 2897 2036 responsione
2924 1968 3277 2039 Augustinus,
3308 1984 3366 2026 ut
3393 1984 3447 2027 et
3472 1989 3660 2029 veram

2075 2056 2298 2126 patriam
2311 2055 2516 2127 diligat,
2531 2066 2585 2112 et
2600 2057 2944 2113 christianam
2963 2060 3274 2130 religionem
3294 2072 3397 2117 tam
3415 2073 3661 2120 sanctam

2076 2156 2289 2218 tamque
2308 2148 2590 2203 salutarem
2605 2150 2972 2218 amplectatur.
3004 2151 3080 2206 De
3100 2152 3397 2208 Calainensi
3420 2169 3547 2209 vero
3567 2170 3659 2210 se-

2075 2236 2274 2293 ditione
2312 2238 2628 2308 respondet,
2659 2240 2910 2296 statuisse
2946 2241 3227 2311 episcopos
3250 2257 3367 2298 eam
3410 2245 3657 2298 animad-

2076 2330 2372 2384 versionem
2400 2330 2680 2400 prosequi,
2712 2345 2830 2400 qua:
2860 2331 3089 2401 reliquas
3114 2332 3272 2387 urbes
3304 2334 3371 2389 ab
3398 2334 3663 2389 imitando

2076 2419 2238 2474 hocce
2280 2420 2551 2475 teterrimo
2577 2422 2821 2490 exemplo
2850 2420 3163 2489 deterreret,
3197 2439 3365 2493 neque
3387 2432 3561 2478 tamen
3584 2426 3656 2478 li-

2075 2510 2231 2563 mites
2274 2510 2561 2564 transiliret
2601 2508 2835 2565 lenitatis
2872 2511 3177 2567 christiana:
3205 2528 3268 2567 ac
3303 2515 3653 2586 episcopalis,

2074 2600 2158 2653 cui
2186 2599 2395 2669 quidem
2426 2615 2530 2655 non
2572 2600 2793 2669 injurias
2820 2602 3003 2656 ulcisci
3034 2608 3358 2672 propositum
3386 2614 3466 2659 est
3487 2646 3503 2671 ,
3553 2606 3654 2660 sed

2074 2690 2403 2757 peccantium
2430 2691 2744 2745 correctioni
2766 2691 3027 2761 salutique
3044 2694 3323 2749 consulere
3347 2694 3536 2767 (Epist.
3555 2696 3615 2752 91
3629 2736 3653 2763 ,

2075 2795 2127 2832 n.
2159 2780 2247 2850 6);
2277 2778 2489 2834 demum
2525 2782 2630 2835 reis
2656 2781 2813 2836 vitam
2834 2823 2849 2847 ,
2882 2782 3109 2853 vitaeque
3151 2786 3528 2840 conservanda:
3557 2802 3655 2841 ne-

2074 2869 2300 2922 cessaria
2329 2869 2561 2923 subsidia
2583 2910 2597 2935 ,
2624 2872 2832 2927 tametsi
2872 2873 3187 2942 resipiscere
3213 2876 3450 2942 nollent,
3482 2878 3653 2933 relin-

2074 2975 2255 3029 quere,
2291 2961 2354 3015 iis
2381 2969 2581 3016 tantum
2606 2962 2868 3033 ademptis
2897 2966 3090 3034 quibus
3123 2965 3187 3021 ad
3216 2967 3491 3024 malefacta
3513 2971 3652 3025 abu-

2077 3051 2347 3116 tebantur;
2379 3052 2485 3106 imo
2504 3052 2642 3122 quod
2659 3054 2723 3108 ad
2748 3054 3143 3124 inquisitionem
3161 3058 3476 3161 pertinel'at,
3495 3063 3656 3131 quid-

2072 3140 2198 3210 quid
2232 3157 2337 3195 non
2378 3150 2558 3211 posset
2581 3143 2681 3198 nisi
2722 3144 2776 3198 vi
2815 3154 3200 3203 tormentorum
3231 3140 3490 3220 exprin'Ii,
3523 3161 3652 3221 puta

2073 3233 2285 3301 quinam
2316 3233 2466 3302 primi
2504 3234 2779 3291 seditionis
2814 3250 3057 3295 auctores
3096 3239 3348 3307 fuissent,
3380 3244 3649 3300 omittere.

2072 3322 2142 3376 At
2170 3338 2297 3377 vero
2325 3338 2445 3377 cum
2490 3323 2543 3378 id
2582 3324 2919 3395 Imperatoris
2961 3337 3016 3383 et
3052 3330 3284 3385 civilium
3315 3332 3552 3402 judicum
3591 3334 3653 3389 in

2072 3414 2314 3468 manibus
2341 3423 2396 3469 et
2422 3414 2637 3471 arbitrio
2662 3426 2833 3481 esset;
2858 3419 3054 3485 subdit,
3078 3421 3123 3475 si
3155 3422 3266 3476 Deo
3286 3424 3559 3492 placuerit,
3587 3432 3653 3483 ut

2072 3504 2197 3558 illud
2228 3505 2427 3560 crimen
2448 3506 2531 3561 vel
2558 3509 2792 3564 severius
2818 3511 3065 3579 pun‘iatur
3088 3552 3102 3577 ,
3134 3514 3215 3567 vel
3260 3514 3311 3568 in
3339 3517 3653 3584 prtesentia-

2072 3612 2189 3650 rum
2216 3612 2307 3666 per
2333 3599 2627 3667 graviorem
2656 3600 2823 3670 ipsius
2848 3603 2980 3657 iram
3008 3604 3322 3671 impunitum
3350 3615 3646 3674 remaneat,

2073 3698 2181 3743 tum
2212 3690 2476 3761 episcopis
2500 3692 2628 3746 nihil
2654 3692 2793 3747 aliud
2820 3696 3135 3762 permissum
3163 3697 3258 3761 iri,
3287 3713 3447 3768 quam
3467 3699 3655 3755 divino

2070 3781 2291 3835 consilio
2320 3791 2551 3837 mentem
2578 3784 2925 3851 submittere;
2953 3801 3016 3842 ac
3035 3802 3094 3841 se
3134 3788 3275 3856 ipsos
3304 3790 3426 3844 inde
3454 3806 3650 3845 conso-

2069 3869 2188 3936 lari,
2216 3870 2356 3938 quod
2382 3886 2498 3925 eam
2526 3888 2637 3927 rem
2656 3873 2871 3930 efﬁcere
2892 3877 3068 3931 conati
3098 3879 3310 3942 fuerint,
3329 3896 3485 3949 quam
3504 3883 3650 3950 opti-

2069 3976 2208 4014 mam
2237 3961 2372 4016 lactn
2396 3971 2553 4032 atque
2576 3965 2903 4020 utilissimam
2933 3966 3236 4036 judicarant
3259 3968 3441 4039 (Ibid.,
3476 3988 3527 4025 n.
3561 3971 3645 4042 9).

2069 4050 2364 4118 Epistolam
2395 4051 2529 4107 hanc
2551 4063 2670 4107 octo
2710 4054 2820 4110 fere
2856 4056 3127 4111 mensibus
3164 4068 3288 4113 ante
3312 4068 3515 4115 sextum
3543 4061 3647 4116 ka-

2068 4140 2250 4194 lendas
2290 4144 2481 4211 apriles
2502 4185 2517 4209 ,
2548 4144 2649 4199 hoc
2674 4154 2784 4210 est,
2813 4147 2913 4200 sub
2943 4150 3142 4203 mensis
3175 4150 3383 4220 augusti
3412 4152 3643 4220 initium,

2067 4233 2303 4287 exaravit
2329 4233 2349 4304 (
2374 4234 2536 4303 Epist.
2569 4236 2697 4297 104,
2718 4254 2771 4290 n.
2805 4238 2879 4308 1);
2910 4239 2996 4293 cui
3025 4254 3119 4308 per
3148 4249 3313 4295 totum
3347 4243 3476 4299 illud
3505 4254 3645 4300 tem-

2067 4325 2211 4393 poris
2243 4327 2471 4395 spatium
2504 4344 2606 4382 non
2629 4332 2901 4399 respondit
2936 4332 3230 4389 Nectarius.
3254 4335 3402 4402 Quod
3423 4338 3645 4407 quidem

2065 4414 2195 4468 satis
2222 4417 2500 4472 commode
2523 4418 2574 4472 in
2592 4434 2785 4474 annum
2803 4422 3372 4493 quadringentesimum
3394 4437 3642 4484 octavum

2064 4503 2319 4571 quadrat;
2362 4522 2466 4576 quo
2498 4516 2761 4578 tempore,
2789 4520 2849 4566 ut
2872 4512 3167 4568 videbimus
3187 4557 3201 4580 ,
3231 4518 3386 4587 vulgo
3412 4529 3605 4574 conten

2062 4592 2257 4648 debant
2279 4595 2726 4668 divulgabantque
2750 4640 2765 4667 ,
2796 4600 2941 4671 leges
2965 4619 3084 4672 qua:
3105 4604 3323 4661 ﬂorente
3345 4608 3642 4666 Stilichone

2062 4680 2197 4738 data:
2227 4684 2461 4750 fuerant,
2481 4687 2546 4741 ab
2575 4688 2689 4755 ejus
2720 4704 2844 4744 nece
2871 4707 2987 4761 qua:
3019 4693 3119 4748 hoc
3154 4711 3293 4750 anno
3331 4713 3511 4753 mense
3534 4716 3636 4755 αα-

2060 4786 2214 4846 gusto
2248 4779 2501 4848 contigit,
2541 4779 2702 4835 fuisse
2742 4784 3059 4854 antiquatas.
3085 4787 3417 4859 Quapropter
3446 4792 3608 4848 Necta

2062 4870 2172 4922 rius
2223 4877 2371 4923 ratus
2403 4868 2664 4937 fortasse,
2712 4881 2818 4927 tum
2865 4891 2981 4929 eam
3020 4878 3089 4933 ob
3130 4894 3375 4945 causam,
3414 4890 3523 4938 tum
3561 4886 3638 4941 ob

2062 4960 2241 5014 turbas
2278 4960 2379 5014 hoc
2416 4961 2531 5030 ipso
2561 4970 2799 5033 tempore
2835 4976 3073 5035 exortas,
3105 4970 3337 5026 futurum
3382 4984 3437 5029 ut
3472 4976 3634 5030 Cala-

2060 5052 2257 5107 mensis
2303 5054 2556 5110 tumultus
2598 5055 2902 5125 excideret,
2951 5060 3246 5131 Augustino
3290 5066 3488 5121 instare
3536 5082 3630 5122 su-

2060 5142 2311 5212 persedit.

2129 5234 2184 5289 5.
2228 5234 2357 5289 Erat
2399 5235 2570 5291 adhuc
2597 5236 2647 5291 in
2674 5237 2848 5293 Alrica
2873 5240 3174 5309 Possidius,
3203 5258 3325 5299 cum
3352 5246 3415 5299 ad
3437 5246 3633 5303 Necta-

2058 5324 2196 5378 rium
2225 5325 2548 5396 Augustinus
2570 5329 2780 5398 scripsit
2807 5331 2825 5400 (
2857 5329 3053 5403 Ibid):
3077 5341 3134 5387 at
3176 5344 3357 5404 postea
3401 5338 3630 5407 trajecta

2058 5415 2192 5470 mari
2222 5416 2287 5471 ad
2328 5418 2651 5487 imperialem
2681 5421 2853 5475 aulam
2899 5436 2956 5477 se
2984 5425 3224 5492 contulit,
3245 5441 3455 5481 causam
3478 5444 3628 5483 suam

2058 5515 2243 5561 contra
2287 5507 2623 5565 Calamenses
2672 5510 2978 5567 idololatras
3038 5524 3252 5570 acturus
3279 5556 3295 5582 ,
3359 5532 3492 5587 quos
3534 5535 3627 5573 ve-

2058 5598 2170 5654 rius
2209 5600 2546 5672 sanctiusque
2578 5601 2860 5671 diligebat,
2882 5618 3038 5673 quam
3073 5606 3162 5675 qui
3199 5622 3382 5661 eorum
3420 5610 3631 5665 crimen

2056 5690 2371 5761 impunitum
2394 5706 2512 5748 esse
2538 5692 2847 5750 voluissent.
2869 5694 3216 5761 Quandouam
3237 5696 3365 5752 illud
3386 5697 3487 5755 iter
3507 5714 3623 5755 sus-
