4042 6360
312 251 443 313 573

311 549 622 619 quidquam
644 590 660 614 ,
689 547 922 602 nondum
950 547 1329 617 comperisset,
1357 546 1503 603 credi
1541 562 1648 602 non
1688 546 1917 602 absurde

309 649 531 710 potest,
564 637 772 693 nonnisi
802 637 904 691 hoc
923 645 1165 692 vertente
1191 652 1350 703 anno,
1373 637 1456 692 vel
1482 637 1641 692 etiam
1674 637 1915 707 sequenti

310 735 553 788 ineunte
582 730 875 804 profectum
899 746 1037 787 esse.
1063 732 1127 786 Et
1151 732 1323 800 reipsa
1348 746 1468 801 qua:
1498 746 1593 801 per
1616 730 1913 785 Possidium

310 824 505 893 ipsum
527 865 546 891 ,
574 832 665 878 aut
690 837 819 878 sane
852 821 993 877 haud
1030 822 1199 876 multo
1227 830 1348 891 post
1376 821 1493 890 ejus
1530 819 1913 891 profectionem

307 918 489 971 inissa
542 925 624 972 est
665 914 731 970 ad
775 913 1050 969 Paulinum
1080 912 1301 982 epistola
1351 912 1557 984 (Epist.
1605 912 1709 979 95,
1738 930 1792 967 n.
1823 912 1910 985 l),

308 1008 441 1062 bzec
470 1023 571 1077 per
596 1007 823 1061 hiemem
849 1047 863 1073 ,
895 1020 1053 1076 quam
1092 1004 1419 1076 Augustinus
1459 1004 1776 1076 Carthagine
1807 1014 1912 1059 tra-

306 1100 475 1154 duxit
506 1098 715 1170 (Epist.
748 1097 871 1165 121,
902 1115 955 1151 η.
986 1096 1111 1169 is),
1144 1097 1342 1167 scripta
1369 1106 1471 1154 est.
1505 1098 1577 1153 Ea
1606 1112 1767 1168 porro
1794 1098 1910 1168 epi-

306 1192 456 1246 stola
506 1192 585 1247 illi
634 1190 960 1261 respondet,
1001 1206 1160 1261 quam
1198 1191 1265 1246 ad
1307 1207 1366 1248 se
1402 1207 1433 1247 a
1478 1191 1695 1247 Paulino
1738 1192 1910 1247 idibus

306 1283 477 1337 maiis
502 1282 681 1339 datam
708 1282 964 1338 diaconus
988 1282 1215 1349 Quintus
1249 1280 1534 1349 detulerat,
1560 1284 1909 1354 quemadmo-

306 1372 445 1428 dum
468 1388 541 1428 ex
569 1373 699 1443 ipsis
726 1372 963 1444 ejusdem
1004 1373 1211 1428 Paulini
1235 1374 1412 1430 verbis
1450 1374 1504 1429 in
1533 1391 1593 1430 ea
1623 1375 1796 1431 citatis
1823 1376 1908 1431 in-

306 1463 569 1534 telligere
592 1473 695 1521 est.
736 1463 789 1518 In
812 1465 999 1521 eadem
1026 1481 1132 1521 non
1163 1466 1280 1521 sine
1303 1464 1505 1521 doloris
1532 1482 1692 1523 sensu
1720 1483 1907 1523 neces-

304 1554 575 1620 sitatem,
628 1570 729 1626 qua
778 1555 1052 1611 Possidius
1100 1555 1153 1610 in
1205 1555 1405 1611 Italiam
1462 1557 1902 1627 pertrahehatur,

308 1646 553 1713 indicat;
602 1662 700 1702 nec
741 1657 916 1703 tamen
959 1647 1116 1702 aliter
1138 1648 1421 1718 exprimit,
1454 1664 1613 1718 quam
1654 1648 1902 1716 dicendo,

305 1740 657 1794 inﬁrmorum
685 1741 886 1795 servire
925 1740 1267 1811 languoribus
1289 1782 1303 1806 ,
1328 1756 1447 1795 eum
1476 1749 1622 1795 tanto
1658 1741 1906 1811 imperio-

306 1832 428 1886 sius
447 1832 593 1902 cogi,
617 1842 815 1902 quanto
838 1832 1183 1902 periculosius
1202 1841 1481 1901 mgrotant.
1511 1833 1757 1887 Attamen
1784 1848 1904 1903 pro-

307 1921 505 1976 ﬁtetur
550 1921 653 1976 sibi
698 1920 887 1976 solatio
940 1936 1059 1977 esse
1110 1921 1347 1979 laetitiam
1397 1922 1581 1990 illam,
1629 1938 1788 1993 quam
1836 1939 1901 1981 ex

305 2013 529 2071 Paulini
557 2022 845 2086 conspectu
872 2014 1012 2084 capit
1040 2014 1330 2070 Possidius.
1370 2014 1451 2070 Ex
1480 2031 1544 2071 eo
1568 2016 1683 2071 loco
1705 2016 1901 2073 intelli-

308 2121 508 2178 gamus
536 2104 679 2170 licet,
711 2120 816 2175 quo
835 2106 1013 2161 animo
1031 2114 1134 2160 tam
1157 2105 1466 2177 frequenter
1492 2107 1557 2161 ad
1582 2106 1900 2165 Comitatum

308 2198 488 2253 sancti
528 2197 605 2253 illi
635 2194 870 2252 Africani
900 2196 1163 2252 antistites
1200 2196 1686 2267 proficiscebantur.
1716 2199 1903 2255 Testa-

311 2298 401 2345 tur
421 2290 621 2346 ibidem
648 2289 976 2362 Augustinus
994 2332 1009 2358 ,
1036 2305 1095 2347 se
1118 2289 1272 2346 facile
1308 2290 1425 2347 solo
1460 2290 1668 2347 vivendi
1697 2293 1899 2348 Paulini

308 2380 582 2437 desiderio
631 2380 698 2437 ad
744 2380 1096 2451 navigandum
1142 2382 1195 2437 in
1237 2381 1440 2437 Italiam
1487 2382 1758 2438 inductum
1802 2382 1894 2449 iri,

309 2472 367 2527 ni
404 2472 645 2527 muneris
693 2472 776 2528 sui
818 2472 1009 2529 officiis
1047 2472 1392 2529 detineretur.
1436 2473 1572 2528 Dum
1610 2486 1787 2530 autem
1830 2476 1898 2531 de

308 2565 475 2622 rebus
494 2607 511 2633 ,
539 2581 659 2636 qua:
697 2565 995 2621 Possidium
1016 2565 1082 2621 ad
1108 2566 1487 2638 profectionem
1525 2568 1760 2623 Italicam
1796 2570 1898 2624 im-

307 2656 613 2729 pellebant,
664 2656 939 2726 loquitur:
975 2657 1157 2714 Utrum
1194 2675 1513 2713 exerceantur
1552 2660 1649 2725 Itis,
1696 2660 1895 2732 inquit,

307 2762 379 2802 an
402 2748 575 2818 potius
606 2748 910 2818 plectamur,
950 2748 1148 2813 nescio;
1185 2747 1280 2802 nisi
1321 2748 1456 2819 quod
1486 2766 1587 2804 non
1624 2752 1899 2807 secundant

311 2847 518 2908 peccata
546 2848 720 2892 nostra
757 2839 883 2910 facit
919 2839 1062 2894 nobis
1082 2880 1099 2907 ,
1127 2855 1286 2911 neque
1312 2839 1585 2894 secundum
1612 2841 1897 2910 iniquitates

311 2938 513 2981 nostras
533 2928 767 2982 retribuit
790 2927 953 2996 nobis,
974 2930 1062 2999 qui
1079 2938 1218 2984 tanta
1233 2930 1416 2984 solatia
1435 2930 1692 2987 doloribus
1707 2933 1895 3000 miscet,

307 3019 511 3089 agitque
533 3017 754 3073 mirabili
784 3018 1052 3087 medicina,
1081 3036 1143 3074 ne
1170 3036 1393 3075 amemus
1417 3022 1659 3077 mundum
1678 3065 1694 3091 ,
1724 3040 1785 3077 ne
1812 3024 1899 3079 de-

308 3108 543 3177 ﬁciamus
562 3109 616 3163 in
637 3109 825 3163 mundo
856 3108 1049 3181 (Epist.
1080 3110 1171 3179 95,
1199 3128 1252 3165 η.
1280 3112 1355 3183 1).

377 3199 432 3255 6.
454 3199 655 3255 Deinde
670 3201 863 3255 litteris
873 3201 1078 3257 Paulini
1096 3202 1380 3274 respondet
1394 3201 1577 3277 (Ibid,
1596 3221 1647 3259 η.
1662 3204 1698 3259 2
1713 3205 1893 3278 seqq.):

306 3306 541 3363 eumque
565 3291 709 3347 idem
737 3302 952 3348 sanctus
974 3293 1226 3363 dixisset,
1253 3295 1419 3351 satius
1456 3311 1575 3352 esse
1602 3312 1707 3367 quo
1743 3306 1897 3368 pacto

307 3384 395 3439 hic
416 3385 601 3440 vivere
618 3384 824 3453 deceat,
849 3402 1006 3456 quam
1028 3386 1146 3458 quis
1166 3396 1348 3443 noster
1368 3387 1574 3445 futurus
1593 3390 1661 3444 sit
1686 3391 1736 3444 in
1758 3391 1896 3447 coelo

303 3484 497 3539 status,
528 3475 829 3545 inquirere;
854 3476 991 3533 hanc
1017 3479 1342 3549 Augustinus
1357 3481 1542 3551 arripit
1561 3481 1895 3539 occasionem

304 3565 670 3635 proponenda:
706 3566 1015 3637 qumstionis
1035 3609 1050 3633 ,
1082 3567 1224 3624 haud
1260 3569 1388 3625 levis
1412 3611 1428 3639 ,
1459 3580 1516 3625 ut
1552 3571 1651 3641 ipsi
1679 3572 1892 3643 quidem

304 3654 608 3723 videbatur,
631 3658 909 3724 momenti,
937 3674 1036 3729 qua
1059 3660 1264 3715 scilicet
1289 3661 1495 3715 ratione
1524 3662 1804 3718 vivendum
1826 3664 1895 3719 sit

302 3747 449 3803 inter
474 3764 569 3805 eos
595 3765 657 3804 ac
682 3759 899 3821 propter
919 3766 1011 3807 eos
1031 3793 1048 3819 ,
1078 3753 1169 3823 qui
1200 3753 1435 3809 nondum
1462 3770 1492 3808 a
1520 3755 1893 3826 cupiditatibus

302 3840 467 3894 soluti
504 3842 615 3896 sint
652 3854 706 3898 et
744 3842 937 3898 liberi:
970 3853 1129 3915 atque
1168 3844 1295 3901 hine
1336 3846 1497 3901 animi
1522 3848 1602 3903 sui
1631 3849 1685 3903 in
1713 3850 1893 3907 multis

302 3933 427 3986 vitae
468 3932 661 3988 ofﬁciis
698 3935 1146 4005 sollicitudinem,
1186 3939 1507 3995 anxietatem
1542 3955 1606 3997 ac
1644 3942 1890 3999 timorem

301 4024 580 4094 professus
601 4067 619 4093 ,
663 4036 816 4098 rogat
852 4036 909 4083 ut
948 4044 1011 4084 ea
1040 4029 1107 4086 de
1147 4045 1208 4086 re
1235 4033 1591 4090 communicet
1626 4049 1749 4090 cum
1777 4036 1892 4092 viro

301 4117 557 4187 quopiam
590 4133 714 4174 vere
742 4120 830 4190 pio
848 4161 864 4188 ,
898 4135 994 4176 seu
1018 4133 1295 4178 mansueto
1318 4164 1333 4189 ,
1359 4134 1414 4179 ut
1439 4124 1687 4195 loquitur,
1714 4126 1891 4183 cordis

302 4208 534 4275 medico,
568 4225 726 4280 quem
746 4220 836 4267 aut
862 4210 1009 4267 Nola:
1030 4213 1116 4268 ubi
1143 4213 1305 4285 degit,
1327 4224 1418 4269 aut
1441 4215 1626 4271 Roma:
1649 4232 1753 4287 quo
1783 4218 1892 4274 sin-

301 4301 440 4372 gulis
468 4302 626 4358 annis
667 4304 867 4373 pergit,
900 4305 1193 4377 repererit;
1222 4306 1470 4377 quodque
1511 4307 1609 4377 ipsi
1637 4309 1890 4365 Dominus

300 4396 609 4462 aperuerit,
646 4396 842 4450 scribat
880 4397 1000 4452 sibi.
1035 4397 1222 4454 Postea
1252 4413 1378 4454 vero
1405 4399 1667 4455 delabitur
1692 4402 1756 4456 ad
1784 4414 1891 4458 sta-

303 4486 414 4533 tum
435 4480 868 4550 resurrectionis,
897 4482 948 4535 in
978 4481 1043 4536 iis
1068 4481 1296 4538 maxime
1319 4500 1437 4553 qua:
1459 4483 1527 4539 ad
1552 4499 1742 4556 corpus
1768 4502 1885 4558 pcr-

303 4571 495 4626 tincnt.
524 4572 699 4643 Atque
726 4575 884 4629 etiam
927 4574 1275 4645 quarslionem
1316 4575 1509 4647 agitat,
1552 4593 1676 4632 num
1704 4579 1886 4648 Angeli

302 4661 539 4720 habeant
558 4679 779 4735 corpora
805 4667 914 4721 suis
935 4666 1122 4722 officiis
1142 4666 1568 4735 accommodata;
1590 4685 1675 4740 (ιυι
1697 4668 1731 4724 d
1755 4670 1889 4724 Pau-

304 4756 446 4812 linus
480 4771 577 4813 eos
613 4772 733 4814 esse
762 4768 1035 4814 creaturas
1063 4760 1370 4830 simpliciter
1397 4761 1698 4831 spirituales
1721 4803 1735 4827 ,
1769 4770 1885 4816 tan-

302 4862 462 4916 quam
507 4863 624 4903 rem
669 4857 866 4903 certam
899 4850 1183 4918 posuisset.
1224 4851 1354 4905 Orat
1400 4852 1575 4922 igitur,
1606 4862 1663 4907 ut
1700 4852 1887 4910 beatus

301 4944 391 5000 ille
416 4946 499 4999 vir
518 4946 620 4999 sibi
650 4955 757 5000 tum
784 4961 846 5002 ea
874 4946 942 5001 de
972 4961 1050 5015 re,
1084 4956 1193 5003 tum
1219 4947 1287 5004 de
1312 4947 1419 5003 alio
1440 4949 1612 5019 capite
1634 4948 1686 5003 in
1722 4964 1885 5019 supe-

303 5036 432 5113 rioqi
460 5052 559 5092 sua
586 5038 809 5108 cpistola
846 5039 987 5095 circa
1017 5039 1361 5095 christianum
1392 5041 1557 5096 otium
1590 5040 1657 5097 ad
1696 5056 1885 5111 capes-

302 5130 524 5184 sendam
552 5130 864 5199 sapientiam
893 5131 1164 5201 pr0posito
1198 5132 1487 5188 satisfaciat
1511 5150 1525 5187 :
1552 5133 1884 5205 quandoqui-

303 5218 423 5275 dem
450 5220 675 5275 Paulino
699 5236 797 5291 per
824 5230 1140 5275 maturatum
1162 5221 1342 5290 Quinti
1370 5222 1596 5278 reditum
1617 5223 1683 5277 ad
1707 5223 1883 5279 omnia

302 5311 630 5380 respondere
668 5312 975 5384 neutiquam
1020 5312 1264 5368 licuerat.
1312 5314 1505 5369 Putant
1537 5314 1674 5371 hanc
1714 5316 1881 5386 ipsam

304 5418 422 5459 esse
447 5403 518 5460 de
553 5404 723 5459 forma
752 5404 1159 5461 resurrectionis
1186 5405 1470 5475 epistolam
1494 5406 1699 5477 (Epist.
1744 5408 1837 5463 121
1863 5449 1880 5476 ,

303 5514 354 5554 n.
382 5498 531 5571 14),
562 5514 721 5571 quam
765 5498 834 5553 ad
875 5498 1165 5554 secundam
1194 5498 1400 5555 Paulini
1441 5500 1882 5556 consultationem

303 5590 657 5660 rescripserat
682 5589 1007 5662 Augustinus
1027 5630 1042 5656 ,
1082 5589 1133 5644 in
1160 5604 1263 5660 qua
1293 5588 1692 5645 tractaveratde
1712 5605 1882 5645 mem—

304 5679 524 5738 brorum
552 5698 684 5752 usu;
726 5693 782 5741 et
805 5698 964 5754 quam
993 5683 1092 5741 sibi
1120 5682 1309 5739 iterum
1350 5691 1406 5738 ut
1439 5682 1631 5750 mittat,
1663 5684 1794 5754 petit
1818 5684 1885 5742 ab

478 5834 523 5895 9(

1719 245 1920 306 LIBER
1949 244 2233 306 SEXTUS.

310 366 574 436 ceperit,
607 380 713 420 non
738 364 1058 436 reperimus.
1092 363 1469 421 Verumtamen
1510 378 1630 420 cum
1672 364 1920 436 Augusti-

311 474 435 515 nus
475 466 631 514 sexto
672 456 929 512 kalendas
967 456 1187 529 aprilis,
1239 465 1415 513 utrum
1453 456 1542 511 ille
1585 457 1920 527 impetrasset

3501 265 3610 323 373
3646 270 3659 279 ³

2028 361 2219 417 eodem
2247 362 2497 421 Paulinus
2530 384 2544 422 :
2576 370 2816 438 quamvis
2845 384 2961 427 eam
2998 372 3213 432 brevem
3251 375 3411 440 [uisse
3437 379 3603 450 signi-

2027 450 2148 506 ficet
2173 452 2362 524 (Epist.
2395 454 2482 523 95,
2516 473 2569 510 η.
2599 458 2663 525 7;
2696 458 2861 531 Epist.
2891 461 3013 529 149,
3040 481 3095 517 n.
3122 464 3200 536 2).
3224 465 3427 537 Quippe
3456 470 3602 525 illam

2026 556 2131 595 non
2158 544 2312 599 aliter
2349 544 2567 601 brevem
2608 548 2676 603 ab
2703 565 2770 605 eo
2795 550 2899 605 dici
2939 552 3271 609 manifestum
3302 566 3412 623 est,
3444 574 3602 627 quam

2022 644 2327 703 comparate
2366 636 2434 691 ad
2459 652 2522 692 ea
2550 640 2743 709 scripta
2771 656 2889 711 qum
2928 642 3091 698 libros
3124 644 3432 701 conficiunt.
3470 648 3600 704 Bre-

2019 738 2139 779 vem
2169 741 2410 797 quoque,
2447 744 2543 799 pro
2570 730 2834 801 dogmatis
2864 734 2984 789 ﬁdei
3011 735 3203 807 quibus
3228 747 3342 793 erat
3375 737 3595 804 referta,

2018 814 2196 872 dicere
2216 816 2357 874 haud
2379 819 2537 876 dubie
2564 821 2773 878 licebat.

2088 906 2141 961 7.
2175 906 2317 963 Inter
2334 910 2599 966 antistites
2622 913 2915 983 Augustino
2934 910 3228 972 litterarum
3253 917 3442 976 officiis
3462 937 3597 977 con-

2012 994 2377 1065 junctissimos
2404 1009 2519 1055 erat
2542 1000 2763 1069 Memor,
2787 1017 2881 1059 seu
2907 1005 3213 1076 Memorius,
3235 1007 3427 1064 Iuliani
3453 1012 3596 1068 illius

2016 1102 2183 1158 pater,
2221 1090 2309 1161 qui
2340 1100 2518 1161 postea
2568 1093 2620 1148 in
2670 1094 3070 1166 Pelagianorum
3117 1098 3361 1156 hmresim
3403 1104 3596 1160 misere

2015 1181 2295 1251 prolapsus
2322 1193 2405 1239 est
2428 1182 2648 1258 (Contra
2676 1186 2973 1256 lulianum,
3015 1191 3082 1245 lib
3107 1231 3121 1245 .
3156 1193 3217 1259 1,
3246 1211 3300 1248 n.
3334 1194 3454 1267 12).
3488 1196 3595 1254 Sed

2014 1272 2197 1328 infelix
2223 1272 2317 1329 filii
2342 1292 2495 1331 casus
2525 1294 2853 1350 nequaquam
2896 1281 3275 1353 impedimento
3306 1287 3422 1355 fuit,
3455 1306 3592 1361 quo-

2013 1365 2189 1419 minus
2223 1366 2338 1436 ejus
2377 1379 2623 1439 parentes
2670 1380 2918 1443 tanquam
2956 1375 3245 1433 catholicos
3268 1379 3591 1439 christianos

2012 1471 2225 1529 semper
2248 1459 2585 1518 honorabiles
2612 1465 2932 1536 Augustinus
2952 1468 3212 1539 habuerit,
3242 1477 3593 1542 reputaverit-

2011 1562 2114 1618 que
2142 1550 2193 1603 in
2216 1550 2318 1606 hoc
2347 1551 2671 1624 fortunatos,
2705 1557 2845 1627 quod
2870 1567 2995 1616 ante
3020 1560 3254 1618 defuncti
3279 1565 3405 1634 sint,
3428 1583 3587 1637 quam

2013 1638 2320 1697 hmreticum
2362 1643 2528 1700 ﬁlium
2560 1646 2801 1704 viderent
2826 1649 3042 1721 (Operis
3089 1653 3366 1725 imperfecti
3410 1658 3497 1713 lib.
3532 1660 3586 1727 1⁹

2008 1749 2123 1805 cap.
2157 1735 2223 1790 68
2248 1736 2289 1808 ).
2324 1736 2526 1793 Memor
2554 1738 2712 1810 igitur
2737 1740 2940 1797 litteras
2966 1743 3034 1799 ad
3070 1745 3422 1816 Augustinum
3451 1751 3587 1805 scri-

2006 1836 2188 1898 pserat
2220 1831 2418 1887 amoris
2454 1831 2605 1903 juxta
2631 1843 2686 1889 et
2712 1834 2931 1890 honoris
2960 1836 3174 1905 plenas,
3203 1848 3386 1909 petens
3420 1842 3586 1898 libros

1959 1970 1980 1988 ,,
2005 1923 2074 1977 ab
2102 1939 2167 1979 eo
2195 1927 2516 1997 compositos
2539 1926 2606 1983 de
2626 1928 2822 1984 Musica
2849 1929 3037 2003 (Epist.
3068 1931 3210 2003 101).
3234 1933 3338 1988 llos
3363 1935 3588 2006 castiga—

2007 2022 2182 2069 turum
2212 2031 2270 2070 se
2292 2056 2306 2081 ,
2337 2031 2541 2073 necnon
2570 2018 2644 2072 illi
2671 2019 2957 2074 missurum
2981 2062 2997 2087 ,
3026 2032 3240 2078 sanctus
3282 2023 3475 2078 Doctor
3502 2040 3588 2080 νου

2006 2113 2240 2173 ceperat.
2271 2103 2378 2162 Sed
2418 2121 2539 2162 cum
2566 2116 2709 2164 esset
2741 2110 2963 2181 negotiis
2992 2110 3411 2207 distu'nissimus
3430 2154 3446 2180 ,
3476 2130 3581 2170 non

2006 2193 2179 2249 solum
2220 2195 2270 2251 ei
2316 2211 2423 2252 non
2448 2197 2656 2253 vacavit
2686 2196 2810 2253 huic
2837 2193 3195 2257 emcndatio'ni
3239 2203 3583 2271 incumbere;

2004 2285 2099 2340 sed
2129 2300 2229 2341 nec
2268 2286 2387 2343 illos
2424 2288 2637 2358 quidem
2664 2328 2679 2355 ,
2715 2290 2899 2344 saltem
2935 2291 3166 2361 quinque
3202 2293 3437 2363 primos,
3485 2293 3587 2349 nisi

2003 2394 2143 2449 a‘gre
2168 2380 2405 2450 reperire
2430 2381 2599 2450 potuit
2623 2400 2636 2437 :
2660 2382 2793 2437 adeo
2818 2382 3045 2453 spatium
3072 2383 3376 2456 indulgendi
3404 2385 3587 2457 hujus-

2004 2468 2148 2526 modi
2190 2470 2602 2528 relaxationihus
2640 2473 2688 2528 ei
2737 2487 2847 2529 sure
2887 2475 3260 2544 occupationes
3298 2476 3578 2547 negabant.

2002 2558 2136 2614 Cum
2189 2567 2364 2616 tamen
2411 2561 2707 2617 Possidium
2749 2561 2803 2617 in
2850 2578 2967 2617 eam
3008 2565 3277 2635 regionem
3317 2566 3582 2637 proficisci

2002 2651 2188 2720 nollet,
2216 2652 2341 2723 quin
2370 2652 2516 2708 illum
2546 2653 2597 2707 in
2626 2654 2981 2725 cognitionem
3010 2654 3259 2711 Memoris
3282 2657 3577 2727 induceret,

2003 2742 2217 2798 abeunti
2247 2751 2454 2799 sextum
2486 2744 2681 2801 librum
2707 2745 2805 2816 ipsi
2831 2745 3177 2802 deferendum
3206 2747 3452 2815 tradidit;
3479 2750 3578 2804 ad-

1998 2832 2128 2904 jecit
2156 2850 2365 2905 quoque
2386 2835 2687 2906 epistolam,
2713 2837 2767 2891 in
2791 2853 2891 2908 qua
2919 2838 3173 2893 nonnulla
3200 2838 3266 2894 de
3292 2839 3582 2911 disciplinis

2002 2925 2266 2991 edisserit,
2291 2942 2410 2997 qua:
2434 2925 2569 2983 falso
2588 2927 2924 2999 plerumque,
2949 2944 3067 2984 cum
3085 2928 3223 2985 absit
3243 2946 3368 2987 vera
3391 2932 3577 3001 pietas,

2003 3015 2251 3072 liberales
2271 3017 2567 3072 vocitantur
2591 3036 2603 3071 :
2628 3033 2689 3074 ac
2712 3017 3002 3075 Memorem
3032 3029 3201 3091 rogat,
3227 3029 3285 3076 ut
3307 3022 3373 3076 ad
3402 3038 3460 3078 se
3479 3023 3576 3078 Ju-

2001 3108 2200 3164 lianum
2230 3109 2392 3164 filium
2420 3118 2545 3166 tunc
2581 3110 2860 3167 diaconum
2901 3112 3076 3168 mittat
3104 3128 3284 3168 secum
3324 3114 3583 3185 tantisper

2001 3209 2471 3256 commoraturum.
2499 3200 2813 3257 Sciscitatus
2840 3200 2908 3256 ah
2936 3217 3001 3258 eo
3026 3201 3200 3257 fuerat
3223 3203 3446 3270 Memor,
3472 3204 3582 3275 qui-

2000 3292 2223 3348 busnam
2266 3293 2505 3348 numeris
2533 3293 2889 3349 consisterent
2918 3292 3153 3348 Davidici
3176 3310 3396 3349 versus:
3431 3296 3581 3366 inge-

1999 3398 2104 3438 nue
2133 3384 2324 3439 fatetur
2352 3383 2403 3438 id
2424 3384 2524 3439 sibi
2547 3384 2780 3455 ignotum
2807 3398 2949 3451 esse,
2981 3393 3163 3454 utpote
3184 3383 3418 3440 hebraici
3442 3386 3579 3442 idio-

1999 3476 2155 3529 matis
2185 3474 2462 3545 imperito;
2504 3474 2605 3531 sibi
2634 3481 2811 3531 tamen
2837 3474 2904 3530 ab
2940 3474 3159 3545 hujusce
3191 3476 3382 3547 lingua:
3408 3476 3579 3537 doctis

1998 3564 2340 3635 affirmatum,
2374 3566 2494 3621 illos
2520 3566 2736 3621 omnino
2761 3566 2920 3622 certis
2949 3566 3183 3623 numeris
3202 3575 3467 3623 constare.

2596 3654 2821 3713 CAPUT
2860 3654 2946 3710 VI.

1999 3746 2023 3801 1
2066 3744 2127 3801 1η
2154 3746 2450 3801 Stilichonis
2472 3747 2818 3800 auctoritatem
2837 3746 3055 3801 succedit
3084 3745 3367 3819 Olympius.
3388 3746 3423 3801 2
3444 3746 3579 3805 Huic

2069 3836 2122 3891 in
2167 3834 2424 3909 Bonifacii
2470 3836 2798 3906 Cataquensis
2850 3836 3072 3907 episcopi
3125 3837 3325 3908 negotio
3386 3837 3578 3893 litteras

2067 3930 2216 3984 mittit
2241 3927 2569 4000 Augustinus.
2608 3929 2642 3985 5
2669 3927 2921 3997 Bonifacii
2948 3928 3171 3999 episcopi
3191 3930 3488 3999 quwstiones
3516 3931 3580 3985 ab

2067 4021 2347 4093 Augustino
2366 4028 2704 4092 exponuntur.
2733 4021 2767 4076 4
2795 4018 2922 4074 Post
2957 4019 3255 4075 Stilicltonis
3280 4038 3447 4076 necem
3490 4032 3576 4077 tu-

2068 4112 2427 4167 multuantibus
2469 4113 2699 4167 Ethnicis
2745 4121 2792 4166 et
2821 4112 3088 4168 Htereticis
3134 4114 3450 4183 perturbatur
3480 4116 3579 4170 Ec-

2067 4206 2235 4260 clesia.
2266 4207 2300 4262 5
2330 4204 2492 4259 Nova:
2531 4205 2585 4259 in
2621 4221 2705 4259 eos
2744 4205 2876 4276 leges
2912 4204 2973 4258 ab
3001 4203 3317 4279 Imperatore
3341 4207 3572 4262 obtenta.

2066 4298 2099 4353 6
2124 4296 2381 4351 Donatum
2418 4305 2561 4368 rogat
2590 4297 2930 4367 Augustinus,
2960 4306 3015 4351 ut
3041 4297 3259 4354 lenitatis
3286 4300 3575 4356 christiana

2068 4406 2278 4457 memor,
2309 4387 2603 4442 Donatistas
2630 4388 2702 4443 sic
2726 4388 2846 4441 data
2866 4389 2961 4443 sibi
2985 4396 3225 4460 potestate
3248 4402 3493 4459 coerceat,
3518 4404 3573 4448 ut

2065 4499 2165 4537 non
2207 4481 2420 4537 occidat.
2453 4482 2484 4535 7
2533 4481 2614 4535 Ad
2643 4480 2876 4535 Italicam
2917 4482 2980 4537 de
3010 4482 3223 4538 videndo
3263 4482 3373 4539 Deo
3411 4502 3469 4539 ac
3516 4486 3578 4541 ds

2071 4577 2221 4633 Urbis
2248 4576 2505 4631 obsidione
2532 4575 2720 4631 scribit.

2063 4669 2106 4725 Ι.
2145 4667 2280 4725 Cum
2321 4667 2583 4724 Ilonorius
2616 4676 2855 4723 extremo
2908 4667 3050 4724 maio
3093 4667 3262 4723 Roma
3305 4669 3571 4740 profectus

1993 4771 2156 4829 esset,
2182 4770 2397 4830 accepta
2417 4760 2564 4830 prius
2590 4759 2642 4814 in
2679 4758 3073 4813 matrimonium
3090 4759 3433 4815 Thcrmantia
3461 4758 3574 4814 Sti-

1992 4854 2217 4911 lichonis
2248 4851 2478 4909 secunda
2511 4851 2636 4917 lilia,
2665 4850 3110 4922 quemadmodum
3140 4865 3281 4905 anno
3309 4858 3573 4905 trecente-

1993 4948 2130 5003 simo
2166 4946 2510 5016 nonagesimo
2534 4953 2721 5000 octavo
2761 4943 2976 4999 Mariam
3015 4944 3129 5013 ejus
3159 4952 3284 4997 natu
3313 4942 3568 5012 majorem

1991 5038 2250 5094 duxerat:
2283 5035 2371 5091 ubi
2402 5036 2641 5091 Ticinum
2664 5034 2923 5106 pervenit,
2942 5034 3248 5104 gravissima
3278 5042 3460 5089 coorta
3482 5049 3572 5090 se-

1991 5124 2190 5188 ditione
2216 5130 2407 5184 milites
2434 5126 2711 5198 przccipuis
2742 5124 2951 5195 Imperii
2979 5123 3243 5193 praefectis
3270 5139 3455 5179 necem
3484 5132 3568 5179 at-

1995 5222 2164 5277 tulere
2196 5238 2209 5275 :
2241 5220 2391 5290 cujus
2418 5217 2630 5288 quidem
2663 5216 2917 5270 tumultus
2956 5214 3041 5269 hic
3073 5214 3246 5269 exitus
3275 5214 3386 5280 fuit,
3416 5226 3473 5271 ut
3512 5216 3565 5271 in

1990 5313 2197 5369 vincula
2224 5311 2577 5381 conjiceretur
2598 5307 2709 5377 ipse
2730 5305 2969 5372 Stilicho,
2992 5313 3044 5359 et
3072 5303 3337 5361 Ravennae
3364 5306 3581 5362 decimo.

1993 5404 2245 5460 kalendas
2274 5399 2603 5471 septembres
2626 5396 2751 5452 anni
2768 5396 3270 5468 quadringentesimi
3291 5398 3461 5453 octavi
3475 5397 3567 5469 ju-

1991 5495 2279 5566 gularetur.
2300 5491 2599 5563 Olympium
2623 5487 2901 5545 Stilichoni
2927 5489 3143 5545 exitium
3169 5505 3400 5557 creasse,
3424 5505 3570 5546 com-

1992 5587 2168 5643 munis
2187 5594 2269 5641 est
2290 5584 2658 5639 historicorum
2684 5597 2996 5649 consensus,
3026 5598 3250 5652 quorum
3276 5582 3423 5637 illum
3444 5597 3570 5653 pro—

1996 5689 2176 5750 pterea
2224 5675 2443 5734 laudant
2481 5674 2591 5747 alii,
2617 5674 2706 5731 alii
2743 5674 3013 5732 damnant.
3034 5673 3390 5731 Christianum
3417 5674 3561 5734 illum
