4042 6360
459 401 621 459 fuisse
651 398 808 465 tradit
832 401 1175 473 Augustinus,
1206 404 1294 475 qui
1323 414 1377 459 et
1403 403 1739 459 commendat
1772 402 1887 472 ejus
1917 401 2031 471 pie-

460 503 642 561 tatcm,
688 509 912 565 eamque
942 510 1036 565 pro
1073 511 1198 550 vera
1227 510 1290 551 ac
1326 495 1492 551 solida
1542 495 1750 550 videtur
1786 494 2034 549 habuisse

456 582 646 655 (Epist.
678 583 766 649 9‘6,
800 602 851 638 η.
881 585 936 651 Ι,
960 594 1006 639 ει
1034 585 1198 655 Epist.
1232 586 1320 652 97,
1345 604 1396 640 η.
1430 584 1507 657 I).
1534 584 1662 641 Erat
1699 585 1749 640 ei
1784 601 1903 640 cum
1943 584 2034 639 illo

459 678 752 732 litterarum
782 678 1110 733 consuetudo
1136 695 1148 730 :
1175 694 1331 748 quem
1363 677 1497 733 forte
1521 694 1586 733 ex
1607 678 1868 747 episcopis
1891 676 2032 731 Afri-

455 767 623 832 canis,
647 768 734 837 qui
773 768 919 822 iIlum
958 768 1011 822 in
1052 768 1170 821 aula
1214 768 1472 832 viderant,
1512 778 1673 837 alque
1712 766 1779 821 ad
1816 781 2033 836 pronio-

456 858 626 913 venda
669 868 848 913 sancta
874 874 1057 914 eorum
1086 859 1305 913 concilia
1333 873 1655 929 propensum
1681 858 1885 929 experti
1914 857 2033 913 fue-

456 959 598 1016 rant,
635 951 905 1022 cognitum
943 951 1186 1006 habebat.
1228 951 1467 1006 Zosimus
1509 951 1605 1016 illi,
1643 951 1686 1005 si
1722 966 1848 1007 vere
1888 951 2033 1006 chri-

456 1040 685 1097 stianum
704 1041 937 1111 putabat,
952 1041 1249 1095 necessario
1266 1040 1522 1107 infensus,
1548 1041 1717 1111 ipsum
1732 1040 2033 1096 christiante

456 1129 668 1201 pietatis
718 1130 904 1187 ofﬁciis
959 1130 1224 1186 assiduam
1280 1130 1493 1186 dedisse
1533 1146 1750 1202 operam
1802 1130 2030 1198 fatetur;

454 1222 697 1291 quamvis
714 1230 989 1279 externam
1009 1221 1149 1276 illam
1168 1222 1402 1291 speciem
1428 1222 1713 1278 contendat
1728 1222 1775 1277 ei
1794 1236 2035 1292 persona:

456 1314 573 1369 loco
604 1313 783 1379 fuisse,
813 1328 914 1385 qua
943 1322 996 1368 et
1019 1313 1307 1383 nequitiam
1336 1322 1535 1384 tegeret
1563 1328 1711 1368 suam
1734 1356 1748 1379 ,
1778 1322 1830 1369 ct
1860 1312 2033 1384 Impe-

455 1407 648 1461 ratoris
684 1406 1007 1462 voluntatem
1034 1406 1101 1461 ad
1127 1421 1187 1462 se
1214 1406 1504 1476 pelliceret.
1529 1406 1671 1461 Idem
1703 1407 1881 1473 tradit,
1914 1422 2034 1461 eum

453 1496 616 1551 vcl‘uti
645 1496 871 1567 quodam
902 1497 1172 1568 reﬁgionis
1196 1496 1374 1553 ofﬁcio
1404 1506 1631 1567 aegrotos
1661 1498 1855 1552 milites
1900 1498 2035 1552 invi-

453 1604 570 1642 sere
596 1589 829 1643 solitum.
864 1588 1023 1643 Addit
1048 1598 1327 1660 przeterea,
1356 1588 1649 1643 Honorium
1694 1604 1790 1659 per
1824 1589 2035 1659 Imperii

451 1676 672 1731 discidia
700 1678 752 1731 in
775 1678 1024 1748 precibus
1051 1679 1202 1733 istius
1228 1677 1459 1749 Olympii
1487 1678 1730 1732 fiduciam
1755 1694 1902 1732 suam
1929 1677 2039 1731 coi-

452 1768 658 1824 lecasse
684 1768 961 1841 (Zosimus,
985 1770 1224 1825 Historia:
1247 1769 1372 1825 libro
1394 1770 1475 1842 5.)
1502 1770 1724 1825 Vivcnte
1748 1769 2039 1825 Stilichone

449 1863 559 1931 jam
582 1871 691 1917 tum
714 1862 1067 1933 amplissimos
1093 1864 1323 1919 honores
1344 1863 1568 1933 adeptus
1596 1871 1741 1927 erat;
1766 1878 1830 1917 eo
1859 1871 2038 1919 autem

454 1968 596 2009 czeso
620 1954 858 2025 magistri
891 1954 1206 2022 ofﬁciorum,
1247 1971 1405 2027 quem
1444 1956 1532 2011 alii
1567 1956 1821 2026 majorem
1860 1957 2037 2026 palatii

452 2052 665 2109 vocant,
701 2044 1008 2113 dignitatem
1040 2045 1298 2112 obtinuit;
1333 2061 1397 2101 ac
1439 2046 1649 2102 tandem
1688 2047 1888 2117 primus
1932 2047 2036 2101 nii-

455 2135 625 2189 nister
647 2141 702 2190 et
732 2135 1225 2193 rerttnﬁulicarum
1242 2137 1440 2192 arbiter
1460 2147 1543 2192 est
1567 2140 1903 2194 constitutus.
1930 2140 2041 2195 Au-

452 2227 694 2297 gustinus
721 2242 840 2282 eum
869 2226 969 2283 lioc
993 2227 1195 2283 honore
1214 2228 1428 2300 dignum
1444 2231 1728 2286 arbitratus
1757 2240 1839 2287 est
1862 2252 1874 2283 :
1894 2247 2043 2287 cum-

454 2332 559 2386 que
593 2332 697 2371 non
732 2317 999 2387 ignoraret
1025 2318 1279 2373 divinitus
1303 2320 1473 2389 ipsum
1499 2320 1773 2388 didicisse,
1800 2336 1907 2376 non
1934 2323 2039 2377 alta

454 2422 675 2475 sapere,
718 2409 811 2464 sed
852 2409 1142 2465 humilibus
1188 2413 1490 2467 consentire
1530 2412 1722 2484 (Epist.
1752 2414 1841 2481 96,
1870 2432 1922 2468 η.
1960 2417 2038 2486 l),

454 2501 673 2557 minime
711 2501 970 2557 dubitavit
999 2504 1124 2573 quin
1156 2504 1435 2573 temporali
1479 2503 1732 2561 felicitate
1772 2506 2042 2575 sapienter

453 2591 529 2647 ad
548 2601 745 2647 :etcrna
761 2594 1116 2662 comparanda
1144 2595 1332 2649 merita
1353 2604 1595 2649 uteretur
1613 2612 1628 2662 ;
1645 2604 1719 2664 et,
1742 2611 1862 2651 cum
1885 2613 2041 2655 verus

455 2691 598 2739 esset
625 2682 877 2741 Ecclesia:
916 2684 1075 2751 ﬁlius,
1103 2685 1151 2740 ei
1178 2701 1327 2741 suam
1357 2702 1574 2757 operam
1601 2688 1703 2743 hoc
1729 2690 1915 2759 majori
1958 2707 2044 2747 se-

456 2774 681 2830 dulitate
724 2775 1073 2846 impenderet,
1103 2793 1209 2847 quo
1237 2779 1355 2848 plus
1404 2779 1457 2834 in
1494 2780 1722 2850 Imperio
1772 2781 2042 2839 obtinebat

457 2868 807 2923 auctoritatis.
840 2868 1023 2939 Itaque
1051 2870 1137 2925 ubi
1156 2871 1385 2940 primum
1406 2872 1521 2942 ejus
1544 2878 1805 2943 promotio
1829 2876 1880 2930 in
1904 2876 2043 2930 Afri-

456 2973 573 3014 cam
604 2960 844 3015 nuntiata
885 2970 987 3026 est,
1033 2962 1258 3017 necdum
1304 2964 1463 3019 etiam
1504 2965 1583 3021 rei
1622 2967 1848 3023 veritate
1891 2968 2044 3037 plane

457 3052 866 3122 compcrta,lioc
889 3062 993 3120 est,
1019 3064 1075 3109 ut
1090 3055 1301 3126 quidem
1327 3057 1556 3125 videtur,
1576 3058 1790 3115 ineunte
1814 3070 2046 3130 septem-

456 3141 539 3197 bri
570 3142 651 3197 vel
682 3144 911 3210 circiter,
931 3145 1103 3200 eidem
1124 3146 1376 3202 Bonifacii
1395 3163 1608 3203 causam
1631 3152 2039 3207 commendavit.

528 3234 583 3288 2.
625 3234 723 3290 Hic
749 3236 1049 3291 Bonifacius
1074 3236 1324 3309 Cataqua:
1362 3238 1416 3293 in
1446 3239 1688 3295 Numidia
1708 3240 1927 3295 forsitan
1946 3258 2042 3313 po-

457 3326 573 3381 sitne
603 3328 902 3399 episcopus,
933 3330 1097 3385 Paulo
1141 3332 1217 3386 illi
1262 3341 1613 3398 successerat,
1658 3334 1811 3405 cujus
1854 3335 2043 3405 agendi

455 3420 717 3476 ratiOnem
748 3420 974 3477 vidimus
1004 3423 1073 3478 ab
1105 3424 1399 3494 Augustino
1426 3425 1803 3495 reprehensam
1825 3427 2040 3500 (Supra,

456 3525 573 3581 cap.
592 3512 645 3577 3,
674 3528 727 3565 η.
758 3511 835 3582 2).
874 3512 1069 3569 Paulus
1098 3530 1257 3583 porro
1292 3530 1397 3570 non
1420 3517 1590 3572 solum
1608 3516 1862 3585 quosdam
1887 3533 2044 3588 agros

457 3603 677 3671 pecunia
707 3618 737 3657 a
764 3618 822 3659 se
848 3603 976 3659 ﬁsco
1010 3605 1187 3661 debita
1217 3615 1426 3662 emerat
1455 3608 1555 3662 sub
1593 3609 1769 3663 alieno
1808 3610 2038 3674 nomine,

456 3705 642 3747 verum
682 3694 841 3749 etiam
882 3693 1080 3750 fructus
1122 3712 1370 3767 agrorum
1407 3697 1619 3752 illorum
1653 3699 1753 3754 sub
1790 3699 2044 3756 Ecclesia:

458 3783 674 3837 nomine
704 3782 1018 3852 percipiens,
1050 3785 1453 3857 haudquaquam
1475 3788 1797 3857 pependerat
1825 3791 2041 3857 tributa,

458 3872 649 3941 quibus
672 3874 740 3929 ob
761 3874 975 3930 eosdem
1004 3876 1133 3931 ﬁSco
1158 3877 1420 3934 obnoxius
1448 3888 1582 3933 erat.
1618 3879 1693 3935 De
1721 3878 1804 3934 his
1837 3881 2044 3935 tributis

459 3964 825 4031 persolvendis
852 3966 1221 4036 interpellatus
1254 3968 1466 4023 videtur
1495 3984 1771 4024 successor
1799 3971 1915 4040 ejus
1939 3971 2043 4025 Bo-

463 4055 709 4111 nifacius.
745 4057 811 4112 Et
840 4058 929 4113 ille
964 4058 1178 4128 quidem
1206 4075 1328 4115 cum
1356 4070 1541 4131 posset
1566 4061 1949 4118 immunitatem
1980 4064 2046 4117 ab

461 4148 563 4205 hac
589 4163 792 4205 summa
825 4151 1203 4221 Imperatorem
1233 4167 1441 4222 rogare,
1463 4168 1526 4208 ac
1552 4153 1742 4209 deinde
1768 4156 1904 4210 bona
1926 4171 2044 4227 qua:

461 4254 757 4310 praecessor
786 4241 951 4311 ipsius
975 4252 1393 4311 comparaverat,
1424 4252 1480 4299 et
1520 4244 1619 4299 sub
1655 4244 1910 4300 Ecclesia:
1949 4262 2045 4301 no-

467 4330 613 4386 mine
641 4332 1029 4403 possiderejam
1057 4343 1311 4403 ccepcrat,
1334 4344 1724 4406 consequenter
1748 4337 1906 4392 etiam
1933 4338 1946 4391 i
1952 4354 2044 4408 pse

465 4422 582 4476 sine
607 4422 711 4476 ulla
741 4422 1120 4494 disceptatione
1154 4426 1414 4491 retinere;
1443 4424 1682 4481 fraudem
1709 4435 1883 4483 tamen
1915 4428 2045 4483 ﬁsco

464 4514 658 4570 factam
679 4508 1012 4572 dissimulare
1049 4534 1155 4573 non
1200 4518 1466 4584 sustinuit,
1501 4528 1592 4574 aut
1624 4520 1857 4574 animum
1890 4536 2042 4576 suum

466 4604 567 4661 hac
595 4605 853 4677 religione
880 4608 1025 4677 angi,
1051 4617 1108 4662 ut
1134 4608 1271 4662 bona
1301 4608 1424 4663 dolo
1459 4610 1599 4663 malo
1627 4620 1930 4680 comparata
1961 4627 2044 4665 re-

462 4694 675 4750 tineret.
701 4695 881 4766 Itaque
909 4711 1011 4765 qua
1038 4696 1239 4751 ratione
1269 4713 1357 4752 res
1382 4707 1593 4767 peracta
1620 4709 1779 4764 esset,
1804 4701 2044 4754 declara-

462 4786 567 4852 vit;
593 4794 646 4842 et
671 4786 985 4843 corumdem
1024 4802 1273 4858 agrorum
1313 4802 1466 4844 usum
1499 4788 1567 4843 ab
1599 4788 1917 4859 lmperatore
1946 4805 2043 4859 po-

464 4876 668 4946 poscit;
716 4878 880 4934 satius
919 4893 1037 4933 esse
1066 4878 1267 4933 ducens
1311 4894 1404 4934 eos
1452 4878 1746 4934 manifesta:
1788 4880 2045 4951 Principis

464 4969 795 5040 benignitati,
833 4984 988 5039 quam
1015 4969 1239 5024 occultae
1275 4969 1616 5039 praecessoris
1647 4970 1929 5041 iniquitati,
1960 4986 2045 5027 re-

466 5056 593 5112 ferri
618 5068 886 5129 acceptus.
918 5059 1055 5127 Quin
1082 5059 1181 5115 etsi
1219 5058 1571 5129 contingeret,
1608 5068 1665 5114 ut
1690 5060 1953 5130 repulsam
1982 5076 2044 5115 ea

465 5146 519 5200 in
552 5164 612 5201 re
637 5160 922 5217 pateretur,
952 5149 1121 5205 servis
1148 5148 1243 5205 Dei
1270 5150 1460 5204 melius
1484 5165 1604 5205 esse
1632 5150 1906 5220 judicabat
1924 5151 2044 5205 ino-

464 5237 567 5308 piae
587 5236 820 5293 laborem
848 5242 1093 5305 tolerare,
1126 5255 1281 5311 quam
1309 5240 1408 5295 sibi
1435 5241 1732 5295 necessaria
1762 5256 1881 5297 cum
1911 5255 2043 5295 con-

464 5328 687 5382 scientia
710 5329 908 5385 fraudis
927 5332 1183 5387 obtinere.
1208 5332 1325 5387 Jam
1345 5332 1413 5386 ab
1435 5332 1758 5402 lmperatore
1786 5333 2043 5403 quosdam

466 5418 739 5473 codicillos
783 5421 880 5473 hac
920 5419 987 5475 de
1024 5436 1083 5475 re
1130 5421 1461 5488 obtinuerat;
1508 5421 1665 5492 idque
1711 5433 1769 5476 ut
1813 5421 2040 5490 videtur,

464 5508 765 5579 Augustini,
788 5524 817 5563 a
846 5524 950 5579 quo
972 5509 1143 5564 fuerat
1161 5510 1406 5583 Olympio
1431 5512 1851 5579 commendatus,
1885 5514 2045 5568 bene-

464 5598 589 5656 ﬁcio
622 5616 637 5655 t
678 5600 770 5657 sed
800 5610 974 5655 tamen
1006 5615 1095 5656 res
1122 5617 1224 5657 non
1254 5603 1472 5658 omnino
1502 5620 1566 5659 ex
1593 5605 1752 5659 animi
1780 5606 2043 5660 sententia

465 5700 802 5763 processerat
836 5686 1020 5766 (Ibid,
1045 5709 1097 5749 η.
1127 5692 1205 5766 5).
1228 5688 1559 5766 Quapropter
1587 5710 1708 5752 cum
1733 5694 1787 5751 bi
1815 5696 2043 5753 codicilli

1551 290 1709 345 VITA
1746 291 1804 347 S.
1845 285 2215 348 AUGUSTINI
2254 287 2577 349 EPISCOPI.

3610 285 3728 347 576

2141 401 2356 455 minimc
2382 402 2683 456 sufficerent
2700 419 2712 455 :
2729 400 2792 455 iis
2815 400 2912 465 uti,
2935 413 3040 471 quo
3058 412 3233 476 posset
3248 401 3381 458 alios
3407 402 3723 472 impetrare,
3766 384 3771 388 9

2139 494 2307 548 noluit
2336 493 2652 548 Bonifacius.
2676 493 3028 559 Quamobrem
3059 494 3379 564 Augustinus
3401 494 3519 563 ejus
3545 496 3727 564 gratia

2138 583 2382 655 Olympio
2420 586 2649 655 scripsit,
2678 601 2903 654 eumque
2937 587 3157 655 rogavit,
3185 595 3241 639 ut
3271 585 3443 641 eidem
3459 587 3721 655 episcow

2138 678 2203 731 ad
2224 678 2564 732 obtinendum
2585 678 2684 731 hoc
2701 676 3010 731 beneﬁcium
3035 676 3265 742 faveret;
3287 677 3375 735 vel
3392 676 3490 730 sibi
3510 692 3698 746 posses

2138 769 2316 822 siones
2348 768 2464 821 illas
2494 768 2605 836 ipse
2633 777 2857 837 peteret,
2893 782 3023 837 quas
3057 775 3237 836 postea
3262 766 3582 837 Cataquensi
3612 767 3719 823 Ec.

2138 860 2313 915 elesia:
2338 859 2476 914 dono
2497 860 2663 915 daret.
2687 859 2965 930 Reperitur
2984 860 3034 913 in
3053 860 3345 915 Collatione
3363 861 3722 930 Cataquensis

2139 952 2277 1006 illius
2306 951 2557 1006 Bonifacii
2584 953 2783 1006 mentio
2810 949 3012 1019 (Collat.
3044 949 3288 1023 Cartltag.
3316 952 3369 1019 l,
3404 969 3518 1021 cap.
3558 952 3694 1022 142)

2138 1044 2214 1098 Ex
2242 1058 2324 1105 ea,
2363 1058 2518 1111 quam
2567 1042 2617 1096 in
2661 1052 2770 1097 toto
2802 1041 2905 1097 hoc
2944 1043 3155 1113 negotio
3184 1058 3294 1113 prze
3324 1058 3383 1098 se
3422 1044 3562 1111 tulit,
3593 1059 3701 1098 con

2138 1135 2372 1191 scientia:
2418 1134 2754 1202 integritate.
2812 1134 2955 1188 haud
3005 1150 3281 1207 perperam
3324 1135 3730 1205 augurabimur,

2137 1241 2257 1280 eum
2296 1226 2468 1295 ipsum
2495 1239 2615 1279 esse
2644 1225 2968 1297 Bunifacium
3006 1242 3035 1281 a
3067 1228 3343 1283 mendacio
3372 1228 3733 1284 vehementer

2138 1317 2534 1383 abhorrentem,
2563 1316 2629 1371 ad
2653 1316 2804 1387 cujus
2834 1318 3203 1389 inquisitiones
3226 1321 3510 1390 respondet
3541 1322 3731 1392 Augu-

2138 1409 2306 1464 stinus
2334 1410 2523 1482 (Epist.
2550 1409 2641 1477 98,
2672 1426 2727 1464 η.
2756 1408 2847 1481 7):
2880 1410 2970 1480 qui
2997 1412 3155 1465 variis
3198 1412 3248 1466 in
3281 1410 3410 1467 locis
3438 1412 3505 1467 de
3538 1421 3735 1468 sancto

2140 1499 2302 1555 fratre
2332 1516 2427 1554 suo
2456 1501 2727 1557 Bonifacio
2756 1501 2986 1570 loquitur
3008 1502 3198 1572 (Epist.
3224 1504 3313 1569 97,
3348 1521 3400 1557 η.
3432 1501 3519 1574 5);
3553 1519 3615 1558 ac
3647 1512 3732 1559 te.

2140 1602 2311 1647 statur
2336 1593 2551 1659 alicubi,
2579 1592 2721 1663 apud
2752 1594 2901 1648 illum
2926 1610 3045 1649 sese
3072 1610 3212 1648 anno
3233 1596 3443 1650 circiter
3469 1596 3700 1666 quadrin
3724 1625 3733 1631 -

2140 1683 2433 1754 gentcsimo
2453 1683 2663 1739 decimo
2686 1692 2874 1754 quarto
2905 1685 3063 1739 luisse
3084 1685 3276 1755 (Epist.
3307 1686 3428 1751 H9,
3462 1703 3512 1739 η.
3538 1680 3623 1756 ⁷2).

2212 1774 2264 1827 5.
2306 1773 2456 1839 Quod
2490 1790 2613 1829 vero
2638 1784 2843 1845 spectat
2878 1774 2945 1829 ad
2979 1777 3298 1844 qutcstiones
3328 1776 3597 1840 Bonifacii,
3644 1776 3733 1831 has

2141 1865 2260 1922 dua:
2284 1876 2453 1921 erant.
2484 1867 2658 1921 Prima
2684 1868 2907 1932 scilicet,
2933 1879 3102 1921 utrum
3134 1878 3377 1937 parentes
3401 1870 3581 1924 liberis
3605 1869 3724 1923 suis

2144 1959 2393 2026 parvulis,
2419 1958 2629 2030 quando
2649 1973 2832 2013 eorum
2861 1959 3214 2013 sanandorum
3244 1974 3403 2014 causa
3431 1961 3513 2014 vel
3550 1974 3735 2016 reme-

2143 2049 2226 2103 dia
2254 2049 2617 2119 superstitiosa
2648 2048 2734 2103 vel
2758 2049 2991 2103 inanium
3020 2050 3239 2104 deorum
3278 2050 3534 2104 sacriﬁcia
3561 2050 3726 2104 adhi-

2144 2140 2289 2202 bent,
2312 2140 2615 2195 detrimenti
2645 2140 2915 2210 quidpiam
2942 2140 3163 2193 all‘erant
3198 2158 3210 2194 :
3236 2155 3355 2195 cum
3393 2150 3609 2210 negaret
3636 2141 3729 2195 in-

2146 2229 2379 2299 telligere
2408 2246 2486 2295 se,
2527 2230 2650 2299 quid
2693 2239 2874 2307 esset“
2898 2229 3035 2299 quod
3078 2229 3363 2283 infantibus
3392 2230 3458 2283 ad
3491 2230 3731 2285 viviﬁcas

2145 2320 2481 2391 Baptismatis
2508 2335 2668 2390 aquas
2698 2321 2890 2376 oblatis
2918 2331 3192 2389 parentum
3236 2320 3366 2374 fides
3409 2320 3685 2389 prodesset
3710 2338 3725 2385 ;

2144 2410 2187 2464 si
2218 2410 2428 2480 quidem
2458 2411 2535 2465 eis
2557 2412 2766 2465 illorum
2792 2412 3009 2482 perﬁdia
3039 2411 3166 2464 nihil
3190 2419 3405 2465 noceret
3425 2410 3612 2481 (Epist.
3630 2412 3729 2477 98,

2144 2518 2197 2555 η.
2224 2502 2300 2572 l).
2332 2502 2577 2556 Defendit
2617 2503 2976 2573 Augustinus,
3005 2503 3236 2572 parvulis
3279 2502 3603 2572 spiritualem
3650 2503 3735 2556 vi-

2146 2601 2252 2646 tam
2279 2592 2410 2662 eripi
2445 2608 2474 2645 a
2512 2595 2821 2663 parentibus
2858 2594 3003 2648 nullo
3029 2593 3186 2649 modo
3224 2609 3415 2663 posse:
3445 2593 3565 2647 dt-in
3595 2594 3731 2649 locis

2145 2688 2460 2757 quibusdam
2482 2688 2821 2742 abstrusioris
2846 2686 3204 2756 intelligentia:
3230 2702 3293 2740 ex
3315 2685 3577 2756 Cypriano
3593 2686 3737 2755 peti-

2148 2784 2213 2832 tis
2240 2778 2543 2847 respondet.
2573 2779 2832 2832 Observat
2854 2786 3129 2847 przutcrea,
3162 2777 3388 2831 infantes
3411 2777 3478 2831 ab
3512 2776 3575 2830 iis
3605 2778 3732 2847 qui-

2145 2868 2288 2933 dem,
2321 2883 2548 2938 quorum
2569 2876 2844 2937 gestantur
2868 2867 3112 2921 manibus
3131 2908 3145 2933 ,
3168 2866 3212 2921 si
3243 2881 3369 2921 vere
3391 2866 3572 2920 ﬁdeles
3598 2868 3729 2933 sint,

2146 2957 2322 3011 offerri
2344 2957 2409 3011 ad
2433 2958 2791 3026 Baptismum;
2819 2956 2914 3010 sed
2936 2956 3164 3010 maxime
3190 2964 3364 3009 tamen
3393 2955 3458 3009 ab
3483 2956 3732 3011 universa

2147 3055 2447 3101 sanctorum
2478 3055 2636 3116 atque
2678 3045 2909 3100 ﬁdelium
2952 3045 3226 3099 societate.
3272 3044 3328 3099 ld
3374 3054 3549 3098 autem
3601 3060 3731 3100 cum

2147 3139 2344 3193 sentire
2388 3137 2689 3193 Bonifacius
2737 3137 3026 3205 videretur,
3072 3139 3320 3209 parvulos
3378 3139 3445 3193 ab
3484 3139 3734 3209 originali

2148 3229 2351 3283 macula
2378 3244 2482 3283 non
2508 3229 2745 3299 expiari,
2774 3230 2874 3283 nisi
2899 3229 2964 3284 ab
2994 3238 3217 3299 utroque
3247 3238 3523 3298 parentum
3548 3229 3614 3282 ad
3639 3243 3735 3282 sa-

2146 3319 2385 3375 lutiferas
2414 3334 2577 3389 aquas
2604 3320 2846 3385 delatos;
2876 3320 2924 3373 ei
2955 3320 3280 3389 Augustinus
3322 3334 3477 3388 posse
3518 3333 3735 3388 quoque

2148 3414 2315 3467 illosa
2340 3413 2664 3483 quibuslibet
2710 3412 2889 3466 offerri
2924 3429 2988 3467 ex
3030 3413 3293 3467 constanti
3337 3412 3593 3467 Ecclesiae
3631 3426 3735 3466 usu

2146 3503 2495 3557 demonstrat.
2524 3504 2702 3557 Altera
2734 3502 2987 3557 Bonifacii
3007 3504 3228 3573 quznstio
3247 3512 3380 3569 erat,
3398 3518 3499 3573 qua
3526 3502 3737 3557 ratione

2150 3597 2473 3661 tarentibus,
2506 3596 2631 3651 dum
2682 3596 2748 3650 ad
2786 3612 2967 3651 sacros
3012 3596 3184 3651 fontes
3224 3596 3471 3665 parvulos
3513 3595 3734 3662 sistunt,

2147 3702 2240 3741 eos
2267 3686 2508 3751 credere,
2539 3689 2773 3757 itemque
2790 3686 2855 3741 ad
2884 3687 3031 3752 alias,
3058 3702 3171 3756 qua:
3200 3686 3311 3741 fieri
3338 3688 3532 3752 solent,
3565 3686 3737 3739 inter-

2148 3779 2476 3848 rogationes,
2506 3778 2827 3848 reSpondere
2858 3778 3013 3833 liccat
3053 3776 3249 3847 (lbia‘.,
3281 3795 3332 3830 η.
3373 3779 3451 3846 7).
3500 3778 3625 3831 llmc
3680 3777 3735 3832 ei

2146 3870 2387 3937 quaestio,
2422 3878 2698 3939 propterea
2718 3870 2859 3940 quod
2898 3885 2927 3923 a
2960 3869 3237 3925 mendacio
3264 3870 3486 3923 multum
3530 3868 3733 3923 abhor-

2148 3962 2316 4027 rebat,
2346 3961 2627 4015 videbatur
2656 3961 2903 4016 difﬁcilis.
2934 3962 3281 4031 Augustinum
3328 3962 3389 4015 in
3428 3962 3731 4015 litterarum

2148 4054 2293 4108 calce
2322 4054 2561 4123 rogabat,
2590 4064 2647 4109 ut
2681 4054 2793 4109 suis
2819 4054 3231 4109 dubitationibus
3266 4052 3630 4124 responderet,
3677 4053 3735 4109 in

2147 4145 2199 4198 id
2230 4160 2337 4198 non
2368 4145 2480 4199 sola
2506 4145 2906 4200 consuetudinis
2937 4145 3269 4209 auctoritate,
3294 4144 3385 4198 sed
3406 4143 3736 4213 argumentis

2146 4252 2208 4291 ex
2239 4238 2349 4305 ipsa
2377 4239 2581 4291 ratione
2604 4238 2860 4291 adductis.
2884 4238 2983 4306 Ipsi
3010 4238 3167 4307 igitur
3188 4246 3244 4291 ut
3273 4237 3538 4292 cumulate
3566 4237 3735 4290 satis-

2148 4328 2300 4381 faciat
2325 4329 2667 4397 Augustinus,
2693 4344 2819 4382 usus
2853 4327 3205 4383 ecclesiastici
3234 4316 3494 4382 rationem
3513 4367 3526 4392 ,
3554 4326 3733 4395 quoad

2145 4429 2259 4475 erat
2288 4436 2586 4484 necessum,
2608 4423 2844 4490 exponit.

2215 4513 2269 4567 ι.
2309 4514 2437 4579 Qum
2474 4514 2785 4567 Slilichonis
2825 4527 3006 4567 casum
3049 4512 3101 4566 in
3133 4512 3252 4565 aula
3281 4518 3581 4566 consecutae
3606 4517 3735 4563 sunt

2146 4605 2333 4668 turhre,
2362 4604 2561 4658 eaedem
2591 4604 2722 4657 alias
2752 4619 2964 4673 quoque
2994 4606 3045 4657 in
3074 4603 3317 4657 Africana
3353 4602 3591 4657 Ecclesia
3617 4610 3735 4655 tur—

2145 4694 2239 4748 bas
2264 4694 2517 4748 continuo
2540 4704 2873 4764 pepererunt.
2903 4694 3140 4761 Namque
3158 4693 3349 4762 Pagani
3372 4702 3423 4746 et
3443 4691 3733 4745 Donatistae

2148 4783 2296 4854 leges
2318 4785 2526 4839 vivente
2553 4782 2845 4840 Stilichone
2871 4784 3003 4838 latas
3030 4798 3155 4838 cum
3175 4798 3240 4837 eo
3264 4783 3421 4837 simul
3444 4781 3735 4835 exstinctus

2145 4876 2317 4945 palam
2343 4876 2613 4944 jactabant
2652 4874 2853 4948 (Epist.
2876 4875 2964 4940 97,
2988 4873 3113 4938 n.2,
3141 4882 3187 4927 et
3208 4872 3373 4943 Epist.
3402 4872 3523 4937 100,
3547 4888 3597 4923 η.
3634 4870 3730 4939 2);

2148 4972 2328 5035 utpote
2354 4982 2471 5035 qua:
2493 4966 2603 5019 sola
2633 4965 2851 5034 hujusce
2873 4965 3097 5019 ministri
3128 4964 3466 5028 auctoritate,
3496 4961 3733 5031 Impera-

2149 5064 2263 5109 tore
2309 5055 2481 5109 inscio
2517 5064 2610 5108 aut
2646 5056 2804 5109 etiam
2848 5054 3034 5120 invito,
3081 5053 3427 5123 promulgatae
3473 5050 3729 5117 fuissent;

2147 5154 2305 5214 atque
2342 5145 2474 5199 adeo
2503 5145 2612 5215 jam
2652 5146 2781 5199 nihil
2808 5145 2985 5199 valere
3011 5159 3101 5199 eas
3134 5145 3464 5207 sanctiones,
3497 5158 3614 5212 qttze
3646 5144 3730 5197 vel

2147 5235 2213 5289 ad
2235 5234 2513 5289 luereticos
2545 5236 2909 5305 reprimendus
2952 5236 3036 5289 vel
3065 5235 3130 5288 ad
3166 5233 3303 5289 idola
3347 5233 3731 5299 confringeuda

2146 5326 2506 5396 pertinerent:
2528 5328 2652 5396 quin
2674 5329 2833 5382 etiam
2861 5326 3073 5396 vulgata
3096 5325 3191 5379 fuit
3212 5341 3242 5378 a
3274 5326 3559 5379 Donatistis
3584 5323 3721 5377 falsa

2148 5421 2388 5490 quaedam
2412 5421 2627 5474 Honorii
2649 5420 2700 5474 in
2725 5435 2907 5475 eorum
2932 5419 3153 5489 gratiam
3183 5416 3509 5486 indulgentia
3532 5414 3724 5485 (Epist.

2150 5512 2269 5578 105,
2301 5528 2353 5564 n.
2383 5512 2472 5582 6).
2513 5510 2642 5565 Vani
2694 5509 3058 5580 hujuscemodi
3103 5523 3347 5563 rumores
3380 5508 3448 5561 ab
3475 5505 3728 5560 Ecclesire

2148 5600 2467 5657 adversariis
2493 5602 2663 5671 sparsi
2688 5600 3051 5671 dissipatique,
3088 5608 3251 5653 totam
3284 5596 3517 5652 Africam
3546 5594 3728 5650 Subito

2151 5704 2516 5766 pervaserunt,
2544 5704 2598 5750 ct
2634 5694 2873 5765 ingentes
2917 5686 3409 5765 ubique-"tumultus
3439 5686 3628 5755 edere,
3655 5699 3725 5744 ac
