4042 6360
294 316 405 373 δτι

291 436 510 491 animos
536 432 789 486 adversus
813 427 1078 485 antistites
1099 425 1168 481 ita
1189 424 1457 480 concitare
1479 428 1782 490 cmperunt,
1814 426 1871 474 ut

292 524 372 581 illi
399 523 478 579 de
503 523 671 578 salute
698 536 791 576 sua
820 535 926 574 non
953 525 1133 574 essent
1163 515 1276 570 ullo
1312 513 1471 569 modo
1518 511 1710 566 securi.
1738 509 1874 563 Tum

291 630 467 685 porro
493 613 661 668 necati
683 619 807 666 sunt
831 625 863 664 a
882 606 1107 678 Paganis
1144 614 1236 660 aut
1265 601 1530 658 lucreticis
1563 613 1748 654 mense
1773 597 1878 651 cir-

289 708 434 761 citer
456 702 740 775 septembri
771 701 1001 757 Severus
1022 706 1075 754 et
1106 697 1362 752 Macarius
1387 710 1399 746 :
1421 691 1650 747 Evodius
1680 698 1875 753 autem,

292 794 563 850 Theasius
598 807 662 846 ac
689 791 868 846 Victor
894 787 1130 859 episcopi
1160 784 1466 841 verberibus
1494 797 1557 835 ac
1592 779 1756 850 plagis
1784 794 1877 832 ex-

292 885 439 953 cepti
462 884 607 939 fuere
628 881 830 953 (Codice
842 880 1101 934 (Iunonum
1118 876 1422 946 Afric.,can.
1444 872 1590 941 106).
1614 868 1883 940 Appendi-

294 978 379 1030 eis
408 975 478 1029 ad
506 974 741 1029 codicem
779 968 1205 1027 Theodosianum
1235 965 1436 1020 decima
1472 972 1658 1032 quarta
1687 962 1882 1017 consti-

294 1068 437 1122 tutio
465 1068 509 1121 si
540 1073 647 1120 tota
674 1063 739 1117 ad
762 1078 841 1125 ea,
872 1076 989 1131 qua:
1013 1075 1107 1128 per
1126 1057 1360 1112 Africam
1383 1069 1448 1109 eo
1471 1064 1707 1122 tempore
1735 1058 1882 1121 gesta

297 1167 449 1219 sunt,
492 1164 722 1227 spectat;
761 1154 834 1209 ibi
865 1150 1146 1210 manifesto
1186 1148 1371 1202 videre
1398 1154 1478 1200 est
1514 1146 1881 1213 episcoporum

298 1251 442 1305 alios
472 1264 565 1319 per
594 1249 699 1302 vim
723 1262 787 1301 ex
808 1245 917 1300 suis
933 1243 1153 1306 uadibus,
1180 1242 1293 1294 imo
1314 1239 1471 1293 etiam
1490 1253 1519 1292 e
1536 1236 1746 1306 templis
1771 1233 1886 1288 abs-

300 1349 527 1405 tractos,
569 1353 633 1392 ac
665 1336 887 1391 diversis
908 1335 1125 1402 insuper
1166 1329 1439 1399 suppliciis
1454 1327 1669 1382 allectos
1686 1323 1880 1379 fuisse:

298 1430 440 1484 alios
469 1444 598 1483 vero
616 1429 789 1482 minus
808 1424 1020 1496 quidem
1041 1421 1348 1485 crudeliter,
1380 1419 1472 1474 sed
1502 1417 1669 1488 magis
1695 1427 1883 1471 contu-

298 1521 526 1576 meliose
583 1525 867 1581 tractatos;
922 1515 1117 1585 quippe
1166 1512 1357 1581 quibus
1397 1509 1711 1578 capillorum
1762 1522 1886 1576 pars

298 1612 511 1675 evulsa,
542 1622 597 1665 et
620 1610 782 1665 varize
802 1609 855 1663 in
879 1606 1187 1662 christianre
1214 1604 1334 1658 ﬁdei
1359 1603 1609 1672 probrum
1635 1616 1698 1655 ac
1719 1600 1884 1654 dede-

299 1718 397 1758 cus
440 1702 603 1755 illata:
639 1709 762 1756 sunt
791 1698 999 1767 injuria:
1025 1714 1038 1750 :
1069 1705 1227 1765 atque
1270 1694 1384 1748 haec
1424 1693 1648 1757 scelera,
1679 1690 1885 1745 tametsi

298 1796 495 1851 mediis
524 1796 577 1849 in
603 1794 823 1849 urbibus
850 1799 1147 1862 perpetrata
1186 1788 1585 1859 magistratuum
1627 1786 1885 1855 cognitio-

297 1902 422 1941 nem
455 1884 647 1954 fugere.
677 1897 780 1938 non
808 1889 1070 1953 poterant,
1108 1879 1267 1933 nullis
1303 1886 1480 1931 tamen
1521 1876 1696 1946 ptenis
1731 1890 1885 1930 coer-

298 1976 405 2029 cita
454 1975 522 2028 ab
552 1975 655 2028 illis
692 1986 835 2038 esse,
864 1985 927 2026 ac
967 1985 1033 2024 ne
1060 1969 1274 2039 quidem
1305 1967 1505 2037 perlata
1545 1967 1598 2019 in
1640 1965 1882 2020 notitiam

295 2064 663 2136 Imperatoris.
1084 2072 1087 2076 '

370 2157 425 2213 5.
454 2157 549 2212 llis
579 2156 801 2226 permoti
833 2156 883 2210 in
913 2152 1316 2223 Cartltaginensi
1339 2151 1542 2222 synodo
1570 2152 1824 2221 episeOpi.
1855 2165 1886 2205 e

296 2266 399 2308 suo
418 2253 641 2322 collegio
660 2251 984 2307 Florentium
1005 2264 1066 2303 ac
1088 2247 1401 2303 Restitutum
1424 2248 1580 2301 tertio
1603 2246 1716 2300 idus
1741 2254 1889 2299 octo-

296 2341 411 2398 hris
449 2344 501 2397 in
543 2343 720 2395 aulam
762 2341 1017 2395 adversus
1051 2338 1356 2392 idololatras
1402 2346 1559 2405 atque
1607 2334 1887 2388 haereticos

298 2436 636 2490 destinarunt
695 2433 716 2504 (
736 2432 915 2504 lbid.).
946 2431 1053 2485 Nec
1078 2430 1286 2484 videtur
1327 2427 1471 2481 aliud
1519 2427 1753 2480 innuisse
1780 2428 1886 2479 Att-

297 2530 714 2598 gustiuus,cum
761 2525 827 2579 ab
875 2522 1136 2592 episcopis
1195 2519 1261 2573 ad
1302 2519 1677 2587 imperatorem
1713 2516 1887 2570 missis

298 2616 525 2673 indicari
568 2630 719 2686 posse
754 2613 911 2668 tradit
938 2612 1072 2666 viam
1113 2610 1340 2680 aliquam
1386 2608 1470 2662 his
1505 2607 1658 2661 malis
1704 2621 1889 2660 occur-

295 2708 476 2773 rendi,
538 2714 693 2775 prout
745 2701 1015 2758 communi
1058 2700 1381 2768 collegarum
1417 2697 1638 2751 consilio
1664 2696 1888 2765 diligen-

296 2799 407 2852 tius
450 2796 799 2852 deliberatum
837 2794 1025 2855 fuerat,
1065 2799 1314 2859 quantum
1378 2787 1633 2856 temporis
1670 2786 1890 2855 permit-

301 2890 448 2944 tebat
499 2886 743 2957 angustia
812 2883 1015 2957 (Epist.
1075 2882 1164 2943 97,
1200 2878 1349 2949 m3)
1403 2896 1417 2933 :
1463 2877 1561 2932 sibi
1597 2892 1724 2931 vero
1761 2891 1888 2930 con-

298 2981 480 3035 silium
497 2994 617 3034 cum
638 2978 744 3032 illis
768 2976 1159 3031 communicare
1179 2986 1281 3025 non
1306 2970 1519 3025 licuisse
1538 2969 1718 3035 (lbid.,
1737 2986 1788 3023 η.
1804 2967 1882 3041 2).

299 3070 504 3141 Quibus
530 3070 706 3124 verbis
726 3064 1124 3136 Cartliaginensi
1146 3063 1220 3118 illi
1242 3061 1464 3133 synodo,
1493 3076 1650 3131 quam
1675 3060 1887 3130 provin-

299 3162 491 3216 cialem
528 3168 733 3213 tantum
771 3157 931 3211 fuisse
959 3154 1088 3209 satis
1111 3152 1395 3209 verisimile
1429 3159 1511 3205 est
1532 3190 1547 3215 ,
1579 3150 1749 3219 ipsum
1779 3165 1887 3204 non

299 3250 605 3307 interfuisse
636 3248 951 3303 declaratur.
973 3245 1142 3301 Simul
1165 3244 1323 3299 etiam
1345 3242 1577 3297 aﬁirmat
1594 3241 1731 3296 bene
1750 3241 1888 3294 mul-

298 3350 386 3398 tos
407 3341 674 3396 antistites
702 3338 899 3409 ingenti
921 3337 1012 3391 illo
1037 3334 1290 3390 Ecclesiae
1317 3332 1540 3388 tumultu
1566 3346 1628 3386 ac
1653 3330 1882 3400 trepida-

300 3434 465 3498 tione,
499 3442 559 3487 ut
588 3434 640 3487 in
676 3432 850 3486 aulam
880 3427 1284 3491 contenderent,
1311 3440 1373 3479 ac
1396 3422 1775 3493 prepemodum
1806 3420 1887 3475 fu-

301 3538 517 3597 gerent,
560 3521 1018 3593 coactos,(lbid.)
1048 3537 1061 3573 :
1092 3534 1210 3574 cum
1260 3518 1314 3572 lii
1356 3516 1539 3587 procul
1573 3514 1760 3579 dubio,
1796 3512 1884 3583 qui

300 3617 634 3671 vexabantur
659 3613 910 3676 atrocius,
936 3626 1055 3666 sese
1076 3609 1262 3679 legatis
1282 3607 1472 3678 synodi
1499 3605 1883 3675 adjunxissent.
1928 3628 1931 3633 -

301 3706 343 3761 li
363 3707 533 3760 Roma
558 3705 783 3759 transire
804 3702 1205 3757 constituerant.
1228 3700 1426 3754 Horum
1448 3697 1657 3767 quidem
1686 3697 1888 3750 incom-

301 3799 586 3853 modorum
614 3798 668 3851 in
697 3795 916 3865 epistola
937 3836 952 3860 ,
981 3808 1138 3863 quam
1168 3791 1231 3846 ad
1257 3790 1557 3861 Olympium
1577 3788 1645 3843 de
1674 3787 1885 3842 Bonifa-

303 3889 385 3943 cio
415 3888 709 3957 scripserat
736 3885 1059 3955 Augustinus
1078 3925 1092 3949 ,
1121 3881 1263 3937 nulla
1293 3880 1461 3935 fuerat
1486 3880 1617 3934 facta
1649 3877 1883 3943 mentio;

304 3982 535 4037 necdum
562 3981 703 4034 enim
732 3977 821 4033 illa
846 3976 1129 4046 contigisse
1157 3973 1413 4028 audierat.
1447 3971 1552 4027 Sed
1582 3987 1701 4026 cmn
1735 3980 1886 4040 post-

302 4087 363 4128 ea
395 4073 602 4126 litteras
630 4068 857 4141 Olympii
896 4066 1210 4135 accepisset,
1241 4078 1360 4117 eum
1391 4064 1531 4117 ultro
1558 4060 1887 4130 compellan-

303 4164 401 4227 tis,
426 4171 487 4216 ut
521 4161 591 4216 de
620 4161 780 4214 rebus
816 4157 1068 4213 Ecclesiae
1115 4152 1394 4210 commodo
1422 4151 1752 4216 necessariis,
1782 4166 1887 4221 quo

304 4250 664 4322 procurandis
688 4250 792 4303 illis
832 4263 1049 4318 operam
1077 4258 1279 4300 navare
1311 4258 1459 4298 suam
1488 4250 1697 4312 posset,
1726 4241 1793 4296 ab
1821 4256 1887 4297 eo

304 4345 500 4398 certior
527 4344 677 4397 ﬁeret
694 4339 876 4413 (Ibid.,
898 4356 950 4392 η.
972 4339 1023 4407 1)
1048 4355 1060 4391 :
1085 4343 1433 4406 opportunam
1456 4333 1664 4387 tandem
1683 4334 1890 4402 episco-

306 4448 372 4503 po
396 4434 597 4489 Severo
613 4439 929 4501 procurante
959 4428 1291 4484 occasionem
1316 4433 1500 4481 nactus
1521 4423 1569 4494 (1
1578 4422 1709 4488 bid.,
1728 4440 1781 4477 η.
1809 4424 1887 4489 5),-

305 4524 597 4579 Hilevitani
625 4522 826 4576 scilicet
848 4518 1178 4591 presbyteri,
1210 4518 1299 4587 qui
1325 4520 1544 4585 urgente
1569 4515 1887 4570 necessitate

306 4629 400 4682 pro
443 4614 623 4667 salute
661 4611 790 4665 civis
828 4610 907 4664 sui
930 4609 996 4664 ad
1028 4609 1143 4663 illas
1171 4617 1355 4677 partes
1377 4605 1639 4675 proficisci
1663 4645 1679 4671 ,
1716 4618 1886 4673 quau-

308 4721 463 4775 quam
491 4705 665 4759 media
698 4705 892 4768 hieme,
923 4700 1357 4771 compellebatur,
1380 4714 1446 4751 co
1465 4712 1593 4752 usus
1612 4705 1696 4752 est
1721 4696 1890 4751 tabel-

307 4797 459 4861 lario,
485 4806 541 4850 ut
560 4795 838 4865 epistolam
864 4793 1081 4847 alteram
1102 4790 1347 4861 Olympio
1374 4790 1627 4852 mitteret,
1658 4802 1759 4857 qna
1786 4786 1889 4853 illi,

309 4903 468 4956 quam
511 4886 869 4940 necessarium
915 4892 1057 4937 esset
1095 4879 1347 4935 Ecclesia:
1397 4877 1657 4933 Africana:
1701 4876 1886 4947 ρι’ωεί-

308 4979 470 5041 dium,
498 4976 639 5047 quod
659 4975 835 5030 eidem
857 4974 923 5027 ab
952 4974 1074 5042 ipso
1093 4979 1283 5041 sponte
1302 4970 1539 5025 oblatum
1567 4968 1760 5031 fuerat,
1789 4982 1886 5021 ex-

312 5072 473 5140 ponit.
504 5071 561 5123 ln
593 5068 685 5123 illo
726 5074 985 5137 quantum
1023 5063 1227 5118 ﬁducizc
1263 5069 1575 5131 reponeret,
1606 5075 1666 5114 ea
1701 5075 1760 5113 re
1787 5059 1885 5113 de-

314 5166 607 5223 monstrat,
637 5156 775 5228 quod
817 5171 922 5210 non
965 5154 1170 5209 dubitet
1207 5153 1365 5208 simul
1403 5151 1889 5217 commonitorium,

315 5265 416 5318 quo
439 5249 565 5319 quid
584 5248 846 5317 agendum
872 5253 1118 5301 censeret
1136 5245 1455 5314 explicabat,
1476 5242 1540 5296 ad
1561 5258 1683 5296 eum
1715 5240 1887 5310 perfe-

315 5338 539 5392 rendum
565 5338 714 5400 dare,
746 5335 888 5405 quod
930 5334 1218 5405 episc0pis,
1253 5342 1591 5403 posteaquam
1632 5334 1684 5386 in
1711 5334 1884 5388 aulam

315 5429 679 5497 pervenerint,
730 5425 918 5480 reddat
946 5426 963 5495 (
989 5424 1149 5491 Μήτι,
1178 5443 1231 5480 n.
1264 5426 1299 5479 4
1333 5424 1373 5497 ).
1414 5424 1623 5479 Etenim
1671 5426 1887 5494 putabat

315 5516 448 5581 fore,
479 5528 535 5571 ut
560 5518 636 5572 illi
660 5533 688 5570 a
718 5516 1047 5586 presbytero,
1078 5531 1377 5586 quanquam
1406 5516 1579 5570 itineri
1606 5517 1807 5583 priores
1827 5532 1887 5572 se

317 5606 615 5670 dedissent,
662 5615 1122 5676 prmverterentur.
1168 5606 1258 5662 Sic
1308 5617 1489 5662 tamen
1529 5608 1748 5661 consilia
1791 5624 1887 5662 sua

317 5696 549 5765 eonlert,
589 5705 648 5752 ut
674 5697 871 5767 quibus
894 5695 991 5753 viis
1030 5697 1279 5754 Ecclesiae
1317 5698 1520 5753 consuli
1556 5698 1885 5755 commodius

1642 303 1839 360 LIBER
1874 302 2158 361 SEXTUS.

3454 317 3559 374 578

1978 418 2175 487 possit,
2206 417 2521 489 praesulibus
2554 421 2739 478 iisdem
2770 421 3032 495 relinquat
3057 429 3448 496 exponendum.
3481 434 3552 487 At

1977 525 2105 565 vero
2135 511 2293 580 petit,
2323 512 2602 578 obsecrat,
2627 512 2861 584 flagitat,
2893 525 2949 569 ut
2975 517 3085 585 ipse
3116 518 3346 587 publicis
3372 536 3557 589 quam-

1981 603 2206 671 primum
2234 602 2565 659 documentis
2595 604 2851 673 declaret,
2886 607 3050 677 lcges,
3082 624 3200 677 quae
3222 610 3272 663 in
3300 609 3555 680 Paganos,

1982 693 2361 765 lucreticosque
2397 698 2682 765 proposita!
2728 699 2966 765 fuerant,
3007 701 3074 755 ab
3107 694 3428 771 Imperatore
3468 719 3559 758 vo.

1981 783 2121 839 lente
2157 800 2219 838 ac
2262 786 2463 840 sciente
2504 787 2662 841 fuisse
2703 787 3008 858 profectas,
3040 806 3140 845 nec
3184 793 3399 861 proinde
3447 793 3560 849 illas

1981 872 2281 929 Stilichonis
2315 887 2485 929 morte
2521 876 2755 945 potuisse
2798 878 3075 948 abrogari;
3121 895 3297 949 opem:
3327 882 3555 950 pretium

1983 980 2121 1030 esse,
2144 974 2201 1020 ut
2225 967 2338 1021 sine
2359 967 2461 1021 ulla
2487 970 2960 1037 procrastinatione
2982 972 3033 1026 id
3065 973 3172 1037 ﬁat,
3194 989 3292 1029 nec
3320 975 3547 1031 adventu

1984 1056 2193 1125 quidem
2217 1058 2579 1126 episcoporum
2597 1059 2647 1112 in
2669 1060 2839 1113 aulam
2863 1071 3165 1131 exspectato
3185 1063 3367 1138 (Ibid.,
3388 1083 3438 1119 η.
3463 1068 3520 1128 5i
3543 1086 3556 1122 :

1987 1156 2261 1215 propterea
2286 1147 2425 1217 quod
2452 1164 2513 1202 ea
2537 1151 2763 1219 procella
2790 1151 2841 1205 in
2862 1153 3045 1208 salutis
3070 1156 3359 1224 periculum
3387 1158 3559 1212 addu-

1986 1247 2234 1293 cerentur
2282 1240 2473 1293 inﬁrmi
2519 1243 2853 1311 complures,
2897 1245 3087 1314 quibus
3125 1262 3219 1315 per
3257 1248 3398 1303 vires
3439 1249 3559 1303 ﬁdci

1988 1328 2217 1382 nondum
2237 1329 2429 1384 licebat
2450 1344 2606 1399 supra
2630 1332 2855 1387 humana
2874 1348 2994 1389 sese
3013 1336 3271 1392 attollere.
3294 1336 3411 1407 Ipse
3435 1352 3563 1393 vero

1985 1433 2086 1488 qua
2117 1421 2323 1475 ratione
2344 1419 2671 1477 difﬁcillimis
2698 1423 2843 1478 hisce
2871 1426 3195 1495 temporibus
3216 1428 3394 1482 animo
3416 1443 3563 1484 com-

1986 1518 2200 1579 paratus
2224 1509 2399 1578 fuerit,
2426 1513 2654 1582 explicat
2681 1515 2733 1568 in
2756 1515 2898 1570 hunc
2923 1517 3172 1571 modum:
3201 1518 3419 1573 Multum
3440 1537 3563 1574 sane

1987 1600 2050 1654 de
2086 1603 2418 1669 quorumdam
2442 1644 2457 1669 ,
2500 1620 2660 1673 neque
2703 1622 2980 1673 paucorum
3003 1608 3105 1675 ﬁde
3138 1610 3287 1677 ﬁrma
3315 1619 3361 1664 et
3394 1610 3562 1664 stabili

1985 1690 2320 1761 gratulamur,
2344 1693 2429 1761 qui
2455 1709 2516 1747 ea:
2541 1695 2802 1747 occasione
2821 1696 2987 1766 legum
3007 1697 3231 1767 ipsarum
3255 1699 3322 1751 ad
3336 1699 3562 1753 christia-

1986 1800 2103 1838 nam
2127 1785 2417 1855 religionem
2436 1786 2511 1839 vel
2536 1786 2834 1839 catholicam
2859 1803 3031 1857 pacem
3052 1791 3272 1843 conversi
3295 1799 3407 1843 sunt
3428 1806 3447 1853 ;
3465 1807 3556 1860 pro

1986 1889 2196 1943 quorum
2237 1876 2400 1929 salute
2435 1876 2735 1943 sempiterna
2782 1893 2873 1931 nos
2915 1878 2969 1930 in
2993 1878 3089 1931 hac
3121 1880 3381 1947 temporali
3408 1882 3559 1933 etiam

1987 1964 2262 2036 periclitari
2285 1966 2514 2018 delectat.
2550 1964 2827 2035 Propterea
2858 1966 2989 2019 enim
3022 1969 3238 2021 maxime
3259 1969 3320 2023 ab
3349 1970 3562 2022 homini-

1988 2057 2077 2109 bus
2100 2056 2309 2108 nimium
2331 2055 2551 2125 dareque
2577 2056 2817 2124 perversis
2843 2097 2857 2119 ,
2889 2073 3021 2110 nunc
3045 2058 3416 2112 inimicitiarum
3441 2075 3563 2130 gra-

1986 2146 2147 2199 viores
2171 2146 2380 2213 impetus
2408 2146 2706 2199 sustinemus
2733 2144 2917 2217 (lbid.,
2947 2164 2999 2199 η.
3022 2148 3057 2201 4
3076 2148 3114 2217 ).
3144 2148 3392 2213 Quamvis
3419 2164 3565 2204 asse-

1989 2246 2068 2291 rat
2103 2237 2423 2305 Augustinus
2472 2236 2750 2304 epistolam
2797 2238 2935 2290 illam
2981 2254 3131 2292 suam
3174 2240 3343 2294 media
3391 2240 3564 2295 hieme

1988 2336 2254 2381 exaratam
2286 2324 2484 2393 (lbid.,
2528 2344 2579 2378 η.
2607 2326 2642 2378 ‘2.
2664 2325 2714 2394 );
2761 2342 2865 2380 non
2895 2327 3084 2381 desunt
3112 2336 3287 2385 tamen
3324 2330 3410 2399 qui
3449 2332 3564 2399 ejus

1988 2431 2145 2471 causa
2170 2417 2389 2485 (procul
2417 2416 2578 2470 dubio
2608 2426 2803 2486 quanta
2833 2418 2981 2472 licuit
3010 2418 3277 2487 diligentia
3310 2420 3562 2493 perlatae)

1990 2508 2180 2563 factum
2209 2519 2481 2572 censeant,
2515 2509 2757 2579 utlegcm
2796 2509 2896 2563 hoc
2935 2510 3050 2578 ipso
3086 2526 3225 2564 anno
3251 2522 3441 2566 octavo
3465 2511 3563 2567 ka-

1988 2598 2171 2652 lendas
2198 2598 2509 2652 decembres
2551 2598 2727 2652 datam
2751 2640 2765 2663 ,
2810 2614 2873 2653 ac
2904 2599 3104 2653 Donato
3134 2600 3185 2654 id
3232 2603 3480 2671 temporis
3510 2602 3563 2657 in

1987 2688 2163 2745 Africa
2187 2691 2555 2760 proconsulem
2584 2691 2758 2759 agenti
2790 2692 3094 2761 inscriptam
3122 2691 3324 2761 (Codice
3343 2692 3562 2760 Tlieod.,

1989 2783 2051 2836 de
2075 2782 2354 2848 ercticis,
2386 2783 2492 2853 lege
2511 2783 2636 2849 44),
2665 2783 2857 2837 sanciri
2886 2793 3097 2839 curaret
3128 2783 3404 2857 Olympius
3426 2803 3439 2837 :
3463 2801 3565 2855 qua

1988 2874 2199 2943 quidem
2230 2874 2344 2942 lege
2368 2882 2621 2927 statutum
2650 2874 2975 2944 intelligitur,
3009 2883 3066 2929 ut
3086 2875 3130 2928 si
3151 2875 3269 2944 quis
3294 2876 3344 2928 in
3366 2876 3569 2945 religio-

1991 2981 2109 3020 nem
2140 2965 2333 3035 aliquid
2361 2972 2663 3026 attentaret,
2693 2974 3090 3020 sacramentave
3116 2966 3437 3036 prolauarct,
3468 2982 3566 3022 ex-

1989 3058 2184 3127 pressis
2223 3058 2530 3111 nominatim
2562 3057 2848 3113 Donatistis
2872 3100 2885 3120 .
2918 3058 2967 3112 iu
2995 3074 3117 3114 eum
3153 3076 3218 3114 ex
3251 3059 3421 3129 legum
3446 3059 3568 3129 jure

1987 3148 2513 3205 animadverteretur.
2554 3149 2769 3204 Decimo
2806 3160 2991 3204 octavo
3034 3149 3287 3206 kalendas
3327 3150 3567 3219 ejusdem

1989 3239 2186 3293 mensis
2210 3238 2318 3308 jam
2355 3237 2527 3294 fuerat
2569 3239 2635 3293 ab
2670 3238 2902 3294 Honorio
2938 3240 3301 3311 prohibitum,
3340 3258 3409 3297 ne
3447 3242 3569 3312 quia

1987 3329 2086 3399 ipsi
2126 3328 2247 3383 ﬁdei
2289 3330 2662 3399 religionisque
2689 3329 2903 3384 vinculo
2942 3346 3046 3385 non
3087 3332 3400 3401 conjunctus
3423 3371 3438 3396 ,
3466 3332 3569 3388 boc

1988 3427 2089 3483 est,
2116 3434 2181 3473 ex
2206 3419 2523 3475 adversariis
2544 3418 2781 3474 veritatis
2806 3420 3080 3474 catholica:
3098 3461 3114 3484 ,
3142 3422 3246 3476 ulla
3269 3420 3568 3491 imperialis

1988 3511 2123 3564 aula:
2154 3525 2369 3564 munera
2397 3518 2696 3579 capesseret
2725 3507 2909 3580 (lbid.,
2940 3509 3047 3579 lege
3071 3507 3191 3580 42).
3216 3510 3348 3575 Hinc
3373 3511 3564 3565 Ethniv

1989 3600 2065 3653 cis
2104 3615 2169 3653 eo
2213 3608 2453 3667 tempore
2492 3598 2853 3667 hujuscemodi
2894 3599 3182 3655 honoribus
3224 3600 3564 3656 interdictum

1990 3689 2151 3745 fuisse
2206 3698 2428 3744 testatur
2472 3689 2710 3743 Zosimus
2746 3689 3045 3761 (Zosimus,
3092 3688 3329 3745 Historia:
3356 3691 3441 3744 lib.
3475 3690 3564 3762 5).

1988 3784 2069 3838 Ad
2087 3783 2202 3838 bmc
2222 3783 2486 3837 Honorius
2504 3782 2784 3837 Theodoro
2806 3783 3038 3853 praetorii
3064 3782 3315 3853 praefecto
3334 3783 3567 3838 edictum

1989 3878 2171 3946 quinto
2196 3874 2449 3930 kalendas
2467 3874 2705 3945 ejusdem
2727 3875 2923 3929 mensis
2941 3875 3105 3939 dedit,
3130 3890 3237 3945 quo
3256 3873 3569 3939 defensores

1990 3968 2274 4038 cieterique
2315 3968 2655 4037 magistratus
2692 3968 2966 4022 universos
3009 3982 3040 4021 a
3086 3968 3457 4022 communione
3482 3981 3570 4022 ca-

1992 4060 2313 4115 tholicorum
2338 4060 2631 4114 antistitum
2660 4060 2863 4114 alienos
2901 4074 2929 4111 a
2959 4058 3145 4128 quavis
3172 4059 3429 4113 concione
3457 4058 3570 4114 sive

1990 4152 2043 4205 in
2092 4151 2307 4206 urbibus
2362 4164 2461 4207 seu
2482 4151 2594 4205 ruri
2634 4150 2870 4205 habenda
2916 4150 3292 4219 prohiberent,
3326 4150 3570 4207 universa

1991 4240 2105 4295 loca
2125 4281 2141 4307 ,
2171 4241 2224 4294 in
2251 4240 2441 4309 quibus
2469 4239 2765 4294 istiusmodi
2806 4240 2971 4295 illiciti
2999 4250 3168 4295 eteius
3194 4239 3453 4295 celebrati
3481 4254 3569 4294 es.

1991 4341 2129 4397 sent,
2164 4330 2291 4386 ﬁsco
2320 4331 2665 4396 addicerent;
2697 4341 2853 4400 atque
2878 4331 3013 4385 adeo
3038 4330 3158 4385 illos
3184 4331 3571 4400 proscriberent

1991 4429 2344 4491 cogeremque
2380 4421 2445 4474 ad
2479 4423 2647 4476 solum
2686 4420 3026 4486 vertendum,
3057 4421 3146 4490 qui
3179 4420 3472 4477 doctrinam
3502 4421 3571 4478 ab

1991 4528 2074 4580 ea,
2113 4530 2270 4583 quam
2298 4513 2547 4568 divinitus
2587 4514 2920 4580 accepimus,
2959 4513 3362 4569 condemnatam
3399 4513 3571 4569 trade-

1993 4615 2109 4660 rent
2137 4604 2339 4674 (Codice
2361 4604 2575 4669 Theod.,
2600 4604 2663 4657 de
2681 4603 2959 4668 Uwreticis,
2989 4605 3095 4674 lege
3111 4606 3220 4675 45).
3249 4606 3358 4659 Hoc
3383 4606 3571 4660 eodem

1992 4694 2078 4749 die
2097 4736 2111 4759 ,
2143 4694 2187 4748 si
2212 4693 2535 4749 credendum
2562 4694 2946 4749 Sirmnndiamc
2976 4694 3263 4763 Appendici
3295 4694 3567 4765 (Append.

1991 4784 2115 4841 Cod.
2140 4785 2357 4851 Theod.,
2378 4801 2492 4854 cap.
2520 4785 2588 4855 9)
2608 4801 2622 4849 ;
2641 4786 2720 4839 vel
2751 4784 2990 4839 kalendis
3009 4785 3327 4844 decembris.
3347 4786 3389 4838 si
3414 4783 3569 4838 Codi-

1990 4877 2068 4930 eis
2103 4876 2319 4930 editioni
2339 4874 2585 4929 standum
2620 4874 2824 4946 (Codice
2844 4875 3060 4941 Tlteod.,
3082 4875 3144 4928 de
3162 4874 3445 4944 Episcopis,
3465 4875 3568 4943 lege

1992 4968 2116 5037 59),
2146 4968 2410 5021 Honorius
2438 4966 2773 5021 demandavit
2801 4968 2972 5022 eidem
3001 4966 3278 5021 Theodoro
3299 4966 3556 5020 constitu-

1967 5061 2187 5133 itioncm
2213 5060 2367 5114 aliam
2389 5102 2404 5125 ,
2439 5075 2539 5129 qua
2583 5058 2913 5128 disciplinam
2955 5056 3362 5112 ecclesiasticam
3400 5060 3569 5111 sancit

1992 5165 2056 5205 ac
2082 5151 2276 5216 ﬁrmat,
2296 5150 2574 5214 cdieendo,
2609 5159 2667 5203 ut
2693 5149 2784 5219 qui
2809 5148 2876 5203 ab
2898 5148 3425 5222 episcopisclcricatu
3457 5146 3564 5201 foe.

1993 5242 2098 5296 rint
2122 5242 2371 5306 abdicati,
2406 5242 2487 5295 vel
2509 5256 2629 5295 eum
2652 5249 2836 5307 suapte
2862 5248 3051 5308 sponte
3076 5238 3429 5305 deseruerint,
3454 5238 3570 5307 ejus

1994 5334 2153 5388 etiam
2186 5332 2472 5403 privilegiis
2496 5331 2766 5394 caderent,
2799 5328 2990 5384 muniis
3018 5329 3370 5397 oncribusque
3400 5329 3572 5398 publi-

1994 5428 2070 5480 cis
2098 5426 2348 5479 laicornm
2377 5425 2541 5478 instar
2567 5421 2883 5492 mancipati;
2909 5419 3004 5474 sed
3032 5420 3133 5475 illis
3156 5420 3372 5474 omnino
3396 5418 3572 5474 aditus

1992 5515 2057 5570 ad
2101 5515 2381 5583 dignitates
2423 5514 2675 5568 militares
2717 5511 3173 5568 intercluderetur.
3216 5509 3397 5579 Neque
3425 5510 3571 5565 enim

1993 5606 2294 5660 hominibus
2340 5604 2522 5658 fideles
2567 5613 2819 5674 prmstat‘e
2849 5620 2907 5660 se
2948 5602 3058 5660 ullo
3087 5601 3243 5659 modo
3270 5614 3449 5673 posse,
3475 5599 3569 5669 qui

2000 5697 2157 5754 ﬁdem
2185 5698 2292 5753 Deo
2322 5695 2617 5767 fregissent.
