4042 6360
222 301 321 358 381

222 412 452 474 ΤΙιεοά..
489 411 551 465 de
583 408 881 475 ﬂlereticis,
924 408 1031 481 lege
1064 404 1176 477 51).
1204 404 1320 473 Quo
1356 413 1509 475 pacto
1543 405 1701 476 igitur
1735 406 1807 461 ibi

222 516 334 560 tum
355 546 373 568 ,
402 519 522 560 cum
550 511 699 571 capta
726 509 808 557 est
826 541 840 565 ,
870 500 1028 570 legati
1059 498 1222 553 fuisse
1249 496 1457 552 dicendi
1489 497 1648 551 sunt?
1675 496 1806 552 Nam

223 601 368 671 quod
398 598 465 652 ad
494 612 689 651 annum
717 592 1290 666 quadringentesimum
1314 606 1532 654 nonum,
1556 605 1662 661 quo
1681 590 1807 645 item

219 707 367 744 anno
396 690 589 745 Urbem
623 688 864 742 Alaricus
891 686 1059 755 copiis
1088 684 1286 748 cinxit,
1322 682 1568 738 Afrorum
1604 682 1812 736 antisti-

228 791 344 835 tum
398 782 452 835 in
496 779 679 841 Italia,
721 777 859 847 quod
908 775 1120 845 quidem
1165 773 1386 843 legendo
1433 773 1805 839 didicerimus,

223 875 409 927 nullus
439 873 550 925 fuit.
589 870 818 925 Italicam
857 869 997 923 illam
1016 909 1031 932 ,
1061 882 1216 937 quam
1244 867 1562 937 Augustinus
1590 866 1806 935 religio.

222 966 495 1018 si~simam
525 978 586 1016 ac
613 963 805 1017 merito
840 960 1153 1015 laudabilem
1181 959 1274 1014 Dei
1302 959 1548 1014 famulam
1580 958 1810 1028 appellat

225 1052 422 1125 (Epist.
447 1053 559 1123 99),
586 1067 690 1105 non
722 1052 817 1105 abs
846 1065 902 1105 re
928 1048 1167 1104 eamdem
1198 1062 1316 1103 esse
1343 1056 1586 1117 putamus
1609 1087 1624 1113 ,
1650 1062 1806 1116 quam

222 1142 656 1214 Carysostomus,
689 1141 1067 1195 malevolorum
1097 1140 1390 1208 exagitatus
1418 1138 1647 1207 nequitia
1669 1178 1683 1203 ,
1716 1151 1811 1205 per

224 1234 432 1287 litteras
458 1233 523 1285 ad
554 1248 769 1301 operam
798 1246 946 1285 suam
976 1229 1357 1300 componendis
1391 1227 1674 1283 Orientalis
1709 1227 1810 1282 Ec-

225 1323 404 1377 clesia:
442 1322 677 1378 discidiis
703 1320 1057 1391 prmstandam
1087 1319 1463 1373 adhortabatur
1488 1317 1506 1389 (
1524 1318 1806 1389 Cltrgsost.,

228 1415 395 1483 Epist.
441 1414 565 1482 '70).
607 1414 735 1467 Eam
783 1413 967 1466 Roma:
1008 1421 1131 1466 tunc
1168 1410 1432 1465 exstitisse
1471 1409 1682 1464 disertis
1721 1409 1810 1464 ille

226 1507 405 1561 verbis
432 1506 645 1569 indicat,
671 1506 765 1560 sed
788 1515 1043 1574 praeterea
1064 1504 1195 1559 nihil
1217 1503 1382 1557 addit.
1407 1503 1567 1556 Erant
1586 1502 1634 1557 ei
1654 1510 1811 1558 relate

228 1596 468 1651 nondum
513 1596 691 1650 adulta
731 1596 903 1660 liberi,
944 1610 1096 1664 quos,
1142 1594 1402 1663 praeterita
1444 1592 1615 1647 mariti
1655 1608 1809 1647 men-

230 1689 395 1753 tione,
428 1688 482 1740 in
508 1701 763 1755 responso
783 1685 848 1739 ad
871 1701 989 1740 eam
1011 1700 1151 1739 nunc
1172 1684 1335 1739 misso
1354 1684 1545 1738 salutat
1565 1683 1812 1753 Augusti-

230 1778 544 1849 nns(Epist.
568 1777 657 1841 99,
688 1795 740 1830 η.
772 1777 849 1847 5).
873 1777 939 1831 Ει
968 1776 1111 1840 hinc,
1134 1776 1241 1846 jam
1266 1786 1388 1831 ante
1412 1776 1712 1845 ademptum
1735 1775 1809 1829 illi

232 1870 396 1924 fuisse
437 1869 746 1939 conjugem,
785 1866 981 1937 liquido
1016 1874 1256 1932 constat;
1295 1866 1640 1936 eamdemque
1675 1865 1813 1921 hanc

229 1976 348 2015 esse
369 2002 385 2025 ,
425 1975 583 2030 quam
614 1957 681 2013 de
715 1956 954 2028 conjugis
986 1958 1132 2013 obitu
1168 1958 1218 2012 in
1253 1957 1470 2012 exordio
1502 1957 1717 2011 alterius
1744 1956 1811 2011 ad

230 2051 464 2106 Italicam
494 2047 733 2120 cpistola:
764 2050 1067 2105 consolatur
1089 2049 1276 2120 (Epist.
1301 2048 1389 2113 92,
1413 2066 1465 2101 η.
1491 2047 1566 2118 1),
1590 2048 1676 2101 ubi
1697 2047 1814 2117 ejus

230 2156 445 2210 quoque
467 2140 646 2193 liberis
664 2139 886 2196 salutem
904 2140 1080 2195 verbis
1095 2140 1205 2193 suis
1224 2138 1448 2193 nuntiari
1463 2138 1614 2207 jubet
1629 2136 1811 2207 (lbid.,

231 2250 282 2285 τι.
312 2232 402 2300 6).
436 2232 492 2285 In
523 2232 620 2289 hac
648 2249 809 2304 porro
837 2240 977 2287 totus
1005 2233 1168 2286 ferme
1196 2240 1279 2287 cst
1304 2232 1355 2285 in
1384 2230 1683 2285 refellendis
1712 2230 1775 2284 iis
1795 2272 1809 2296 ,

234 2324 321 2391 qui
359 2322 529 2375 Deum
564 2324 730 2378 videri
767 2323 935 2377 oculis
968 2322 1239 2390 corporeis
1272 2336 1428 2390 posse
1459 2320 1812 2374 allirntabant.

233 2415 461 2485 Quinam
501 2417 589 2471 isti
627 2424 825 2479 essent,
865 2415 1106 2469 consulto
1144 2428 1249 2467 non
1287 2411 1521 2467 indicat:
1556 2428 1673 2465 nam
1703 2420 1817 2466 erat

234 2514 373 2568 inter
413 2527 508 2566 eos
544 2510 822 2564 Africanus
848 2507 1061 2577 quidam
1091 2507 1405 2575 episcopus,
1436 2505 1585 2574 cujus
1616 2505 1814 2558 nomini

234 2602 563 2675 parcendum
606 2599 927 2655 existimavit
968 2598 1168 2669 (Epist.
1213 2597 1332 2661 MS,
1378 2614 1463 2651 nn.
1512 2598 1565 2663 1,
1607 2597 1677 2669 4)
1708 2615 1721 2649 :
1754 2613 1816 2653 ac

237 2708 423 2747 eorum
471 2690 637 2761 aliqui
679 2706 800 2744 eum
839 2698 992 2743 antea
1036 2698 1233 2742 tantum
1276 2688 1562 2753 dixissent,
1606 2688 1817 2743 Christo

234 2786 537 2854 prmstitum
588 2792 645 2836 ut
686 2782 923 2851 corporis
967 2781 1154 2834 intuitu
1198 2780 1427 2833 divinam
1470 2779 1816 2833 substantiam

236 2875 608 2944 conspiceret,
635 2888 700 2927 eo
730 2871 941 2927 demum
982 2870 1243 2941 progressi
1280 2870 1517 2934 fuerant,
1551 2880 1605 2925 ut
1632 2886 1818 2927 omnes

237 2972 359 3033 post
409 2962 862 3017 resurrectionem
910 2969 1122 3014 sanctos
1172 2959 1356 3014 eodem
1405 2960 1563 3014 modo
1613 2961 1818 3018 visuros

239 3059 407 3114 Deum
441 3065 764 3121 assercrent,
794 3056 900 3108 imo
931 3055 1081 3107 istam
1108 3054 1263 3107 etiam
1296 3053 1469 3123 impiis
1494 3053 1702 3108 videndi
1728 3054 1818 3109 Dei

236 3150 647 3221 possibilitatem
683 3149 943 3203 donarent
978 3146 1177 3219 (Epist.
1207 3146 1276 3201 92
1296 3188 1311 3213 ,
1344 3164 1396 3200 η.
1423 3148 1509 3217 4).
1540 3148 1645 3201 llos
1674 3148 1820 3204 duris

234 3240 522 3296 admodum
545 3221 702 3310 atque
723 3239 1029 3307 asperrimis
1050 3238 1223 3291 verbis
1244 3238 1484 3305 castigat,
1502 3239 1698 3290 veritus
1718 3238 1823 3292 sci-

236 3334 362 3389 licet
400 3348 470 3386 ne
509 3331 734 3386 subinde
773 3330 913 3384 Deus
951 3330 1061 3397 ipse
1094 3342 1383 3397 corporeus
1416 3334 1469 3381 et
1505 3341 1598 3395 per
1636 3328 1820 3381 localia

237 3423 408 3492 spatia
438 3420 717 3475 divisihilis
742 3419 1045 3474 crederetur
1067 3416 1251 3489 (Ibid.,
1275 3434 1326 3469 n.
1351 3418 1404 3481 5,
1430 3426 1474 3470 et
1501 3417 1663 3487 Epist.
1697 3418 1819 3484 I48,

236 3530 290 3567 ιι.
316 3515 394 3581 1).
421 3513 591 3581 Rogat
614 3512 842 3564 Italicam
867 3518 922 3563 ut
940 3509 1039 3574 eis,
1066 3509 1323 3577 siquidem
1352 3507 1495 3576 ipsos
1515 3508 1652 3576 apud
1680 3509 1823 3562 illam

239 3605 306 3658 de
345 3604 463 3657 suis
505 3600 867 3656 deliramentis
911 3600 1174 3654 disserere
1212 3599 1505 3668 contingat,
1547 3600 1823 3668 epistolam

240 3694 375 3748 hanc
403 3707 559 3747 suam
591 3692 763 3760 legat,
796 3689 1000 3759 sibique
1030 3689 1092 3742 ad
1123 3705 1236 3743 eam
1267 3689 1392 3758 quid
1423 3690 1823 3760 responderint,

239 3784 502 3839 rescribat
528 3781 718 3853 (Epist.
745 3781 835 3847 92,
868 3798 921 3833 n.
950 3778 1029 3852 6).
1063 3780 1115 3833 In
1146 3780 1246 3832 alia
1272 3780 1562 3850 posteriore
1588 3782 1653 3836 ad
1683 3797 1830 3835 cam-

240 3877 359 3935 dem
386 3875 635 3947 epistola,
666 3881 918 3945 quantum
949 3871 1189 3928 dolorem
1217 3886 1282 3927 ex
1304 3870 1458 3927 Urbis
1482 3871 1828 3926 incommodis

238 3974 438 4043 capiat,
462 3969 700 4035 ostendit
723 3968 914 4039 (Epist.
941 3966 1030 4031 99,
1056 3983 1107 4017 n.
1134 3966 1208 4035 l).
1234 3965 1467 4032 Itemque
1496 3964 1829 4017 animadver-

240 4065 302 4118 tit
337 4063 541 4118 Italica:
582 4061 813 4127 liberos,
852 4075 915 4114 ex
956 4058 1022 4112 iis
1057 4072 1172 4126 qua:
1208 4056 1550 4124 contingunt,
1578 4055 1686 4123 jam
1719 4066 1827 4108 tum

241 4171 406 4227 posse
449 4156 501 4210 in
545 4153 759 4209 tctatula
802 4150 935 4205 adeo
986 4159 1168 4203 tenera
1214 4146 1522 4217 intelligere,
1562 4161 1719 4215 quam
1763 4147 1832 4200 sit

241 4264 395 4303 amor
429 4246 592 4317 hujus
630 4244 811 4299 smculi
846 4242 1175 4312 periculosus
1211 4248 1265 4293 et
1298 4241 1504 4292 noxius.
1538 4239 1697 4309 Atque
1734 4240 1831 4291 uti-

241 4357 360 4394 nam
379 4381 397 4407 ,
427 4338 637 4407 inquit,
666 4353 781 4389 cum
808 4351 989 4404 magna
1017 4342 1062 4386 et
1089 4332 1221 4386 dura
1253 4332 1576 4401 quatiuntur,
1606 4348 1759 4399 parva
1785 4340 1833 4385 et

245 4432 498 4502 ﬂexibilia
523 4430 844 4500 corrigantur
869 4424 1051 4498 (lbid.,
1074 4441 1126 4477 n.
1159 4423 1238 4492 5).

894 4514 1117 4575 CAPUT
1158 4512 1268 4568 VII.

252 4616 280 4670 1
313 4614 471 4685 Leges
500 4612 745 4665 adversus
774 4607 1015 4663 Etlmicos
1042 4615 1089 4659 et
1118 4604 1392 4658 Ilwreticos
1418 4604 1545 4657 latas
1572 4602 1834 4670 conﬁrmat

326 4705 632 4765 Honorius;
662 4714 956 4767 rursumque
982 4696 1246 4751 Nectarius
1266 4694 1602 4764 Augustinum
1628 4708 1718 4761 pro
1740 4690 1837 4745 Ca-

326 4795 637 4852 lamensibus
659 4802 819 4863 rogat.
851 4790 889 4844 2
917 4789 1140 4843 Libertas
1164 4785 1423 4839 Ilwreticis
1451 4793 1496 4837 et
1523 4782 1749 4853 Pagnnis
1773 4784 1837 4837 ab

328 4887 561 4944 Honorio
586 4884 805 4938 indulta.
832 4883 867 4937 5
896 4881 975 4934 Ad
999 4878 1291 4932 Donatista:
1317 4876 1485 4930 scribit
1507 4875 1833 4943 Augustinus.

328 4978 363 5033 ι
389 4976 609 5031 Necnon
637 4975 703 5027 ad
729 4972 955 5026 Festum.
986 4971 1019 5025 5
1049 4969 1378 5037 Summopere
1405 4966 1652 5019 contendit
1671 4984 1701 5017 α
1724 4964 1840 5017 Μαρ-

328 5070 527 5135 erobio,
574 5075 629 5121 ut
670 5082 731 5119 ne
772 5064 1121 5119 Rusticianum
1160 5059 1519 5113 subdiaconum
1560 5065 1839 5125 apostatam

330 5161 622 5232 rebaptizet.
664 5158 697 5213 6
740 5148 958 5211 Litteras
995 5155 1062 5206 ad
1102 5152 1265 5205 varios
1310 5148 1477 5203 scribit
1511 5151 1564 5200 in
1609 5146 1841 5201 Furentii

331 5253 565 5325 gratiam.
593 5251 625 5304 7
662 5247 1007 5303 Victorianunt
1033 5244 1094 5297 ob
1116 5241 1453 5297 intolerabiles
1477 5238 1609 5293 orbis
1632 5239 1841 5293 caterui-

335 5352 458 5396 tates
484 5340 657 5394 animo
681 5343 902 5410 fractum
928 5334 1236 5389 corroborat.

336 5434 392 5488 1.
415 5432 613 5502 Legem
638 5429 793 5484 nobis
813 5425 1212 5481 Thcodosianus
1234 5419 1397 5476 codex
1420 5417 1839 5489 suppeditatjam

268 5542 301 5581 a
311 5525 518 5581 decimo
532 5524 758 5592 septimo
776 5519 1030 5575 kalendas
1046 5515 1335 5573 februarias
1349 5514 1472 5567 anni
1493 5512 1843 5582 quadringen-

272 5616 443 5672 tesimi
468 5614 596 5669 noni
621 5613 689 5667 ab
714 5612 950 5667 Honorio
974 5609 1149 5665 datam
1172 5605 1379 5678 (Codice
1401 5603 1614 5669 Tlteod.,
1638 5602 1700 5656 de
1721 5601 1843 5656 Ha:-

269 5707 436 5763 reticis
454 5747 470 5777 ,
499 5706 609 5776 lege
634 5703 774 5775 46);
806 5717 965 5774 quam
996 5698 1208 5772 quidem
1239 5695 1569 5767 impetratam
1601 5701 1843 5763 putamus

1561 293 1759 350 LIBER
1771 315 1780 327 ι
1796 291 2082 351 SEXTUS.

3382 303 3489 360 38‘?

1913 405 2159 476 precibus
2195 407 2487 464 antistitum
2508 449 2522 474 ,
2559 410 2649 481 qni
2675 411 2741 467 ad
2773 411 2942 483 ipsum
2970 412 3184 469 decreto
3209 415 3482 488 Carthagi-

1912 497 2093 552 nensis
2135 500 2343 555 concilii
2389 501 2545 555 tertio
2587 501 2705 557 idus
2751 502 2984 559 octobris
3026 505 3151 558 anni
3198 507 3486 575 superioris

1912 585 2067 657 legati
2089 599 2230 655 sunt,
2254 590 2554 659 prmsidium
2575 606 2836 663 opemque
2861 594 3168 664 postulaturi
3182 604 3362 649 contra
3385 597 3485 651 Pa-

1910 691 2076 746 ganos
2102 689 2259 749 atque
2290 681 2564 737 hmretieos
2583 724 2598 750 ,
2632 700 2663 739 a
2693 685 2883 755 quibus
2911 686 3053 757 leges
3080 686 3132 740 in
3162 701 3220 742 se
3246 689 3483 757 promul-

1912 777 2061 837 gatas
2098 770 2392 827 Stilichone
2416 776 2680 830 exstincto
2710 777 2889 847 vigere
2911 777 3131 835 desiisse
3163 780 3479 849 jactabatur.

1912 858 1989 914 Ne
2023 862 2282 931 siquidem
2321 865 2608 921 Donatista:
2641 869 2801 923 aliive
2838 869 3074 926 liaaretici
3094 914 3109 937 ,
3138 872 3329 943 Pagani
3351 916 3366 941 ,
3396 884 3488 930 aut

1912 949 2079 1005 Judaei
2105 952 2173 1007 de
2196 955 2537 1025 abrogatione
2562 973 2745 1013 earum
2785 960 2959 1031 legum
2986 962 3085 1017 sibi
3115 963 3484 1033 blandiantur,

1913 1053 2205 1112 Imperator
2235 1047 2497 1101 universis
2530 1048 2822 1117 iudicibus,
2853 1059 2911 1105 ut
2935 1052 3146 1108 easdem
3177 1065 3485 1124 sequantur,

1912 1144 2068 1203 atque
2096 1136 2299 1191 illarum
2326 1140 2649 1194 exsecutioni
2674 1157 2830 1209 quam
2858 1141 3259 1213 diligentissime
3285 1146 3488 1216 prespi-

1913 1224 2083 1290 ciant,
2120 1226 2313 1292 edicit;
2354 1227 2469 1296 his,
2509 1231 2597 1300 qui
2636 1231 2889 1300 imperata
2929 1234 3101 1291 facere
3139 1235 3485 1306 negligerent,

1913 1318 2179 1384 proposita
2218 1319 2427 1374 mulctze
2465 1323 2812 1389 pecuniariae,
2854 1324 3160 1393 privationis
3202 1326 3485 1393 honorum,

1914 1422 2119 1462 necnon
2150 1410 2309 1464 etiam
2341 1411 2598 1466 bonorum
2630 1414 3000 1483 publicationis
3027 1424 3083 1471 et
3108 1418 3277 1471 exsilii
3308 1432 3485 1486 poena.

1913 1496 2043 1553 Cum
2070 1508 2245 1554 autem
2272 1500 2393 1556 inde
2424 1502 2701 1572 perspicue
2731 1505 3137 1575 intelligeretur,
3169 1522 3325 1575 quam
3353 1507 3489 1561 bene

1914 1590 1966 1645 in
1995 1592 2285 1647 Ecclesiam
2310 1594 2572 1649 animatus
2592 1606 2731 1650 esset
2757 1596 3073 1666 Imperator;
3103 1607 3216 1652 erat
3244 1613 3370 1653 sane
3393 1614 3491 1653 cur

1914 1693 2225 1739 vererentur
2250 1684 2542 1740 idololatra:
2566 1686 3015 1755 Calamenses,ne
3037 1689 3250 1743 meritas
3276 1698 3490 1759 propter

1914 1776 2205 1845 superioris
2231 1777 2355 1831 anni
2383 1778 2615 1833 nefarios
2633 1787 2852 1833 conatus
2873 1794 3055 1849 pmnas
3077 1781 3299 1835 luerent.
3320 1781 3488 1846 Quam

1914 1870 1984 1925 ob
2013 1885 2124 1924 rem
2151 1871 2385 1924 animum
2410 1870 2613 1925 induxit
2631 1870 2923 1938 Nectarius,
2949 1872 3016 1926 ad
3036 1887 3190 1943 opem
3213 1872 3496 1943 Augustini

1914 1959 2092 2014 denuo
2112 1960 2418 2031 confugere,
2440 1971 2493 2016 et
2512 1965 2742 2032 acceptis
2761 1963 2827 2017 ab
2851 1978 2916 2017 eo
2937 1972 3059 2018 ante
3082 1974 3283 2033 septem
3305 1974 3493 2019 octove

1916 2064 2125 2104 menses
2147 2050 2335 2105 litteris
2356 2051 2675 2121 respondere
2693 2052 2888 2123 (Epist.
2910 2054 3031 2119 104,
3049 2071 3101 2107 n.
3122 2055 3197 2121 1).
3224 2054 3497 2109 Universis

1917 2139 2027 2203 ille,
2057 2141 2146 2210 qui
2174 2156 2384 2212 quoquo
2411 2144 2568 2197 modo
2596 2144 2781 2198 sceleri
2810 2144 2897 2198 isti
2927 2144 3115 2199 aflines
3141 2145 3368 2210 fuerant,
3398 2161 3493 2200 ve-

1920 2232 2059 2286 niam
2090 2232 2375 2301 impetrare
2400 2234 2615 2299 nititur,
2650 2234 2795 2290 falsae
2822 2236 2976 2306 hujus
2999 2238 3264 2308 Opinionis
3292 2238 3496 2293 benefi-

1918 2324 2021 2389 cio,
2054 2324 2194 2395 quod
2225 2327 2399 2380 omnia
2431 2338 2641 2396 peccata
2669 2328 2813 2397 paria
2839 2329 2945 2382 sint
2970 2330 3160 2399 (Epist.
3185 2330 3307 2395 l05,
3334 2347 3385 2385 η.
3414 2328 3492 2402 5).

1920 2414 2045 2484 Ejus
2073 2416 2348 2486 epistolam
2389 2418 2710 2487 Augustinus
2738 2426 2887 2473 sexto
2916 2418 3168 2474 kalendas
3192 2421 3373 2489 aprilis
3402 2434 3495 2476 ac-

1921 2506 2064 2575 cepit
2088 2522 2103 2558 :
2134 2506 2200 2559 ad
2225 2521 2382 2576 quam
2413 2507 2757 2576 respondens,
2788 2509 3044 2579 principio
3071 2510 3213 2563 illum
3241 2518 3409 2579 rogat,
3438 2517 3496 2563 ut

1921 2596 1964 2650 si
1993 2596 2131 2667 quod
2156 2596 2387 2652 edictum
2413 2614 2566 2667 :equo
2591 2599 2828 2653 severius
2850 2600 3185 2669 impetratum
3206 2615 3234 2653 a
3257 2599 3498 2653 Possidio

1921 2685 2085 2741 fuisse
2115 2686 2252 2741 fama
2278 2688 2600 2756 praevolante
2630 2688 2901 2755 didicerit,
2932 2688 2981 2743 id
3012 2689 3111 2744 sibi
3136 2691 3361 2755 nuntiet,
3393 2704 3499 2759 quo

1922 2780 2225 2850 prospicere
2266 2779 2467 2846 valeat,
2508 2781 2591 2836 vel
2631 2781 2755 2850 quid
2796 2781 3054 2852 agendum
3102 2797 3170 2836 ne
3212 2782 3497 2851 quidquam

1922 2870 2163 2938 asperius
2193 2870 2301 2933 fiat,
2334 2871 2417 2925 vel
2447 2870 2570 2941 quid
2598 2872 3021 2941 respondendum
3052 2874 3115 2926 iis
3139 2875 3224 2942 qui
3255 2874 3387 2927 falso
3410 2890 3501 2928 ru-

1924 2960 2059 3038 mori
2100 2968 2299 3015 temere
2337 2961 2707 3017 credidissent.
2744 2962 2894 3028 Quod
2921 2979 3047 3017 vero
3075 2964 3141 3016 ad
3172 2964 3501 3033 pecuniarias

1925 3052 2147 3108 mulctas
2179 3054 2403 3118 attinet,
2438 3070 2659 3122 quarmn
2712 3055 3040 3109 incommoda
3093 3058 3285 3110 mirum
3337 3072 3502 3125 quan-

1928 3153 2035 3196 tum
2067 3145 2416 3213 amplilicarat
2444 3144 2716 3199 Nectarius
2737 3187 2752 3212 ,
2788 3147 2836 3201 ei
2858 3188 2871 3211 ,
2907 3163 3064 3216 quam
3101 3148 3217 3203 sine
3250 3162 3405 3202 causa
3436 3148 3503 3203 de

1926 3234 1991 3288 iis
2034 3242 2309 3305 tantopere
2352 3236 2646 3299 laboraret,
2691 3237 2819 3306 ipsis
2857 3238 3290 3307 philosophorum
3334 3239 3521 3293 docu-i

1930 3325 2123 3378 mentis
2164 3326 2490 3393 Augustinus
2525 3325 2873 3380 demonstrat.
2904 3327 3260 3396 Prmterquam
3290 3328 3429 3397 quod
3460 3329 3504 3381 is

1928 3432 2036 3470 non
2079 3427 2194 3471 erat
2232 3416 2654 3472 Christianorum
2699 3418 2934 3485 animus,
2979 3428 3035 3472 ut
3068 3434 3189 3473 reos
3223 3419 3289 3473 ad
3326 3434 3503 3473 rerum

1930 3508 2157 3577 inopiam
2210 3509 2624 3563 necessariarum
2668 3509 2864 3563 vellent
2906 3508 3168 3579 redigere.
3212 3510 3321 3563 Nec
3361 3510 3503 3563 enim

1930 3598 2034 3652 illis
2065 3597 2428 3666 propositum,
2458 3598 2639 3653 ulcisci
2671 3598 3022 3663 adversarios,
3051 3599 3142 3653 sed
3170 3614 3351 3653 eorum
3378 3613 3507 3653 con-

1931 3688 2103 3742 sulere
2127 3688 2303 3743 saluti.
2325 3688 2456 3742 Tum
2479 3730 2495 3755 ,
2517 3689 2657 3758 quod
2684 3690 2771 3744 ille
2793 3690 2861 3743 de
2887 3698 3218 3758 peccatorum
3244 3690 3506 3759 parilitate

1930 3780 2155 3843 dixerat,
2183 3789 2395 3835 sanctus
2424 3781 2617 3835 Doctor
2640 3780 2910 3836 confutat:
2939 3796 3001 3835 ac
3023 3796 3144 3836 eum
3172 3796 3509 3852 summopere

1931 3869 1996 3924 ad
2039 3870 2444 3939 amplexandam
2497 3872 2652 3926 Iidem
2709 3873 3050 3927 christianam
3108 3873 3366 3927 hortatur.
3413 3874 3509 3927 Po.

1931 3973 2133 4019 stremo
2165 3962 2231 4016 de
2262 3962 2370 4017 filio
2401 3963 2548 4032 ejus,
2585 3963 2668 4017 cui
2707 3978 2898 4017 nomen
2941 3963 3244 4031 Paradoxo,
3280 3964 3535 4017 mentior

1934 4068 2052 4108 neat
2090 4053 2324 4117 faciens,
2353 4068 2561 4109 rursum
2601 4069 2758 4123 quam
2798 4053 3092 4123 periculosa
3126 4055 3196 4109 sit
3220 4070 3342 4108 mox
3370 4054 3513 4109 dicta

1933 4146 2230 4200 Stoicorum
2276 4144 2343 4200 de
2391 4145 2620 4217 peccatis
2668 4144 2906 4200 doctrina
2929 4185 2946 4211 ,
2988 4145 3206 4200 dextere
3252 4145 3510 4215 approbat

1937 4235 2126 4304 (Epist.
2154 4234 2300 4304 104).

2006 4325 2060 4378 2.
2089 4325 2288 4379 Prreter
2327 4324 2439 4379 lucc
2463 4323 2725 4379 Ilonorius
2762 4324 3012 4379 Ecclesiae
3046 4326 3209 4395 gratia
3235 4334 3384 4379 sexto
3409 4326 3507 4380 Ita-

1938 4417 2124 4472 lendas
2145 4416 2304 4487 julias
2330 4416 2452 4470 anni
2480 4415 2694 4485 hujusce
2720 4416 3221 4486 quadringentesimi
3257 4415 3381 4469 noni
3413 4415 3513 4467 de-

1939 4508 2124 4571 crevit,
2155 4518 2231 4570 ut,
2260 4523 2377 4577 quae
2403 4507 2467 4561 ad
2496 4508 2637 4561 illam
2666 4508 3009 4576 pertinerent,
3036 4506 3242 4577 judices
3267 4506 3381 4560 sine
3409 4505 3539 4559 ulla

1942 4598 2419 4669 procrastinatione
2444 4606 2735 4651 statuerent
2759 4612 2773 4649 :
2799 4604 2960 4666 utque
2978 4596 3170 4662 edicta,
3191 4596 3232 4650 si
3256 4611 3356 4665 qua
3380 4594 3539 4647 forte.

1943 4687 2147 4757 legibus
2182 4688 2233 4742 in
2253 4686 2530 4741 haereticos
2546 4686 2657 4755 jam
2679 4687 2831 4742 toties
2850 4687 3050 4741 iteratis
3063 4686 3321 4740 contraria
3344 4685 3438 4738 abs
3457 4700 3516 4737 se

1944 4778 2385 4847 impetrarentur,
2427 4776 2573 4831 omni
2606 4776 2824 4832 omnino
2847 4777 2900 4831 vi
2925 4790 2989 4831 ac
3022 4775 3333 4829 auctoritate
3361 4787 3511 4825 care.

1944 4878 2080 4936 rent,
2113 4886 2212 4926 nec
2236 4871 2341 4926 ullo
2369 4870 2526 4925 modo
2554 4869 2880 4925 exsecutioni
2912 4868 3284 4923 mandarentur
3314 4862 3513 4933 (Codice

1944 4961 2162 5028 Tlteod.,
2193 4963 2255 5016 de
2282 4962 2561 5025 Ilwreticis,
2591 4964 2697 5033 lege
2724 4958 2835 5032 47).
2865 4960 3002 5015 Fore
3032 4957 3372 5029 pratsagiebat
3402 4954 3512 5006 for-

1946 5058 2102 5121 sitan,
2128 5057 2257 5110 utin
2280 5065 2422 5110 tanta
2443 5055 2653 5125 Imperii
2685 5052 3041 5108 imbecillitate
3071 5059 3282 5117 tamque
3308 5046 3517 5099 afﬂictis

1946 5148 2056 5202 suis
2101 5148 2299 5213 rebus,
2344 5146 2481 5201 inter
2524 5145 2817 5215 praecipuos
2864 5156 2992 5195 suos
3030 5138 3367 5193 administros
3411 5150 3515 5190 non

1947 5239 2223 5301 deessent,
2262 5252 2485 5306 quorum
2527 5236 2702 5306 pravis
2738 5230 3070 5288 suasionibus
3107 5228 3175 5282 ad
3217 5227 3413 5296 aliquid
3459 5240 3516 5279 Se

1947 5343 2148 5398 suaque
2176 5328 2429 5397 religione
2450 5326 2718 5395 indignum
2742 5322 3109 5378 adduceretur.
3137 5318 3247 5374 Nec
3269 5332 3391 5372 eum
3421 5316 3518 5369 hac

1950 5419 2002 5473 in
2031 5434 2089 5473 re
2118 5417 2300 5473 fefellit
2332 5418 2559 5471 animus.
2595 5414 2801 5470 Etenim
2835 5427 2899 5467 es
2937 5409 3165 5466 concilio
3202 5408 3520 5476 Carthagine

1948 5508 2155 5562 decimo
2192 5515 2378 5561 octavo
2410 5504 2663 5560 kalendas
2681 5504 2838 5573 julias
2861 5502 2985 5557 anni
3012 5498 3516 5571 quadringentesimi

1949 5599 2140 5655 decimi
2169 5597 2349 5653 habito
2370 5603 2577 5653 constat
2596 5637 2611 5662 ,
2637 5595 2689 5651 id
2718 5594 2973 5666 temporis
2998 5593 3112 5664 lege
3138 5601 3350 5648 cautum
3371 5605 3514 5656 esse,

1952 5706 2020 5747 ne
2040 5690 2158 5762 quis
2182 5689 2282 5746 nisi
2302 5687 2465 5746 libera
2491 5687 2761 5744 voluntate
2780 5683 3080 5744 christiauzc
3106 5682 3379 5756 religionis
3399 5681 3541 5737 cul-.
