4042 6360
498 282 607 343 885

503 414 612 453 tum
638 396 1049 468 amplecteretur
1068 394 1272 468 (Codice
1292 393 1554 450 Canomtm
1579 392 1764 460 Afric.,
1794 405 1907 443 can.
1932 386 2078 455 10⁸7).

501 488 651 558 Quod
677 489 889 559 quidem
915 503 1020 543 non
1048 487 1190 542 aliud
1218 495 1332 542 erat
1353 527 1365 549 ,
1392 500 1549 555 quam
1574 481 1739 537 cuivis
1768 480 2080 551 religionem

501 580 792 650 quamlibet
818 579 1071 650 sequendi
1100 579 1369 650 optionem
1398 576 1718 645 relinquere,
1756 587 1960 627 necnon
1992 586 2083 625 ea-

502 670 624 725 dem
655 685 813 740 opcra
848 669 1096 740 quidquid
1135 668 1202 723 ad
1240 683 1357 722 eam
1396 666 1538 721 diem
1575 672 1758 719 contra
1799 662 2080 717 lueretieos

503 761 809 831 Paganosve
847 762 1190 817 constitutum
1232 758 1431 820 fuerat,
1474 758 1767 826 antiquare.
1810 754 1865 807 ln
1905 753 2079 809 edicto

502 862 690 908 octavo
734 851 987 908 kalendas
1031 850 1348 920 Septembris
1398 849 1521 903 anni
1574 844 2078 917 quadringentesimi

502 941 694 997 decimi
719 941 843 997 dato
867 942 1105 1012 agnoscit
1132 939 1396 995 Honorius
1415 979 1429 1003 ,
1462 938 1739 993 hmreticos
1766 938 2078 1005 rescriptum

502 1034 571 1088 ab
596 1049 655 1089 se
684 1049 778 1105 per
804 1034 983 1088 dolum
1010 1034 1356 1101 expressisse,
1384 1048 1487 1101 quo
1516 1046 1641 1086 suos
1666 1031 1764 1086 sibi
1790 1042 2080 1086 conventus

501 1124 770 1181 celebrare
797 1124 982 1180 liceret
1010 1123 1219 1193 (Codice
1243 1122 1462 1188 Tlteod.,
1490 1121 1554 1176 de
1584 1120 1796 1186 litaret,
1831 1119 1938 1190 tege
1965 1121 2075 1191 51).

505 1214 637 1272 Item
659 1217 710 1272 in
732 1217 857 1284 alio,
888 1216 1027 1286 quod
1055 1215 1224 1287 pridie
1255 1214 1372 1269 idus
1396 1214 1626 1269 octobris
1654 1214 1818 1279 dedit,
1846 1214 2080 1270 declarat

501 1308 795 1380 Imperator
814 1350 828 1374 ,
860 1308 904 1362 si
932 1307 1057 1377 quid
1084 1308 1364 1375 statuerit,
1392 1306 1532 1377 quod
1564 1307 1613 1360 in
1644 1322 1756 1360 rem
1784 1321 1933 1361 suam
1958 1321 2079 1362 esse

501 1398 803 1457 existiment
829 1397 1015 1452 Donati
1045 1404 1357 1464 sectatores,
1388 1397 1440 1451 id
1465 1398 1515 1451 in
1545 1396 1647 1451 hoc
1673 1405 1872 1451 tantum
1899 1396 2078 1452 animo

500 1488 696 1545 factum
725 1488 918 1554 fuisse,
950 1499 1010 1543 ut
1034 1489 1245 1544 suavius
1278 1505 1460 1544 eorum
1498 1497 1702 1543 mentes
1731 1489 1795 1543 ad
1825 1492 2080 1559 supersti-

499 1582 670 1635 tiones
704 1581 1025 1650 abjieiendas
1059 1580 1505 1651 corrigendosque
1537 1595 1750 1636 errores
1786 1581 2077 1650 impelleret

499 1672 519 1737 (
541 1669 699 1737 Ibid.,
727 1673 789 1725 de
817 1671 1004 1742 lielig.,
1032 1672 1123 1727 sub
1158 1672 1265 1741 lege
1288 1671 1378 1741 5).
1409 1672 1600 1741 Legem
1646 1672 1787 1725 illam
1820 1672 2078 1728 libertatis

497 1772 734 1818 autumat
776 1764 1035 1819 Baronius
1079 1764 1305 1819 consilio
1348 1764 1505 1817 latam
1548 1763 1841 1819 lleracliani
1883 1762 2076 1819 Africae

498 1854 709 1908 comitis
733 1863 788 1908 et
809 1853 1058 1908 Macrobii
1084 1853 1447 1923 proconsulem
1474 1853 1543 1907 ibi
1574 1869 1713 1907 anno
1735 1853 2076 1925 quadringen-

499 1946 691 2000 tesimo
719 1944 926 2000 decimo
954 1945 1193 2014 agentis;
1224 1953 1278 1998 ut
1308 1959 1376 1999 ne
1406 1944 1651 1999 videlicet
1685 1945 2074 1999 Donatistarum

499 2035 780 2091 factionem
812 2038 1163 2107 gentilemque
1196 2049 1395 2091 sectam
1428 2037 1587 2090 nimia
1626 2039 1956 2106 superiorum
1996 2038 2075 2091 le-

494 2139 623 2195 gum
667 2127 948 2180 severitate
996 2126 1321 2191 abalienari,
1372 2126 1440 2179 ab
1484 2126 1754 2192 Honorio,
1804 2134 1962 2197 atque
2009 2126 2075 2182 ad

497 2213 662 2292 Attali
686 2224 862 2285 partes
884 2214 1083 2269 traduci
1100 2216 1446 2285 contingeret.
1475 2216 1817 2270 lleraclianus
1841 2217 2072 2285 quidem,

497 2306 704 2376 qualem
731 2322 852 2360 eum
883 2306 1235 2378 Hieronymus
1260 2307 1498 2377 depingit
1517 2306 1778 2377 (Hierom,
1810 2305 1973 2378 Epist.
1994 2309 2072 2378 8),

494 2410 564 2453 eo
598 2405 712 2452 erat
752 2397 995 2468 ingenio,
1036 2407 1093 2453 ut
1122 2401 1174 2456 id
1201 2401 1407 2455 consilii
1440 2414 1543 2454 non
1576 2399 1860 2455 difﬁculter
1883 2401 2070 2456 daret:

495 2486 791 2544 Macrobius
820 2505 947 2544 vero
974 2491 1054 2556 si,
1082 2492 1224 2561 quod
1262 2491 1501 2546 nonnulli
1545 2500 1760 2561 putant,
1790 2493 1929 2547 idem
1957 2504 2037 2549 est
2056 2537 2071 2563 ,

494 2580 584 2649 qui
608 2578 963 2635 Saturnalium
991 2582 1155 2638 libros
1182 2584 1368 2650 edidit,
1402 2583 1539 2638 haud
1562 2584 1785 2639 obscure
1812 2585 2073 2642 idolorum

496 2670 664 2727 cultui
714 2670 955 2726 addictus
997 2672 1434 2742 deprehenditur.
1481 2673 1563 2728 Ad
1608 2674 1850 2729 eamdem
1904 2677 2071 2747 legem

493 2770 763 2831 spectasse
806 2763 1014 2818 videtur
1057 2765 1323 2832 Zosimus,
1371 2766 1457 2820 ubi
1508 2766 1721 2820 tradidit
1762 2766 1960 2821 aditum
2007 2768 2072 2823 ad

493 2850 777 2921 dignitates
814 2860 924 2907 tum
968 2853 1243 2919 forenses,
1287 2864 1395 2909 tum
1440 2856 1699 2911 militares
1736 2857 1804 2911 ab
1841 2857 2072 2911 Honorio

492 2941 769 3011 omnibus,
800 2951 1004 2998 retenta
1033 2959 1125 2997 sua
1153 2943 1408 3015 cujusque
1434 2945 1687 3015 religione
1707 2988 1722 3012 ,
1757 2947 2070 3015 patefactum

492 3048 646 3100 esse;
671 3042 831 3104 atque
855 3034 925 3089 ob
948 3050 1065 3090 eam
1086 3052 1217 3100 rem,
1252 3036 1440 3107 legem,
1468 3051 1626 3106 quam
1650 3036 1858 3091 decimo
1882 3049 2071 3093 octavo

493 3121 748 3181 kalendas
776 3125 1073 3181 decembris
1096 3126 1221 3181 anui
1243 3127 1747 3197 quadringentesimi
1786 3128 1958 3182 octavi
1988 3139 2071 3183 tu-

491 3213 628 3270 lerat
652 3214 942 3284 (Zosimus,
965 3216 1103 3271 Hist.
1136 3218 1223 3271 lib.
1255 3217 1332 3289 5),
1366 3217 1691 3288 abrogatam.
1723 3218 1860 3274 Huic
1891 3228 2069 3275 autem

488 3304 818 3377 abrogationi
837 3322 1049 3363 causam
1068 3306 1280 3362 dedisse
1295 3307 1523 3363 afﬁrmat
1536 3307 1858 3364 Geueridum
1880 3325 2070 3380 querno

488 3394 610 3450 dam
632 3395 888 3467 religione
911 3411 1193 3468 paganum,
1216 3412 1373 3468 quem
1394 3414 1516 3453 cum
1538 3397 1833 3469 Imperator
1854 3400 2068 3455 Dalma-

487 3486 609 3541 ticis
638 3487 932 3557 legionibus
958 3488 1233 3558 praeﬁcere
1256 3489 1533 3556 voluisset,
1563 3490 1699 3545 facta
1718 3492 1766 3546 ei
1790 3492 1942 3563 legis,
1965 3509 2067 3563 qua

487 3578 691 3635 honore
719 3580 810 3635 illo
832 3580 1233 3647 excludebatur,
1256 3581 1446 3651 gratia,
1472 3582 1698 3637 delatam
1724 3583 1814 3638 ille
1837 3586 2066 3654 dignita-

486 3676 629 3737 tem,
669 3671 771 3725 nisi
805 3686 868 3727 ea
903 3670 986 3727 lex
1022 3671 1241 3726 omnino
1279 3673 1664 3743 antiquaretur,
1696 3677 1971 3730 recusarit.
2011 3677 2067 3731 ιιι

486 3760 575 3817 ille
604 3763 891 3832 contigisse
921 3764 1081 3819 tradit
1110 3764 1269 3834 paulo
1292 3772 1574 3836 antequam
1613 3769 1680 3823 ab
1713 3769 1924 3824 Alarico
1956 3770 2067 3825 Im-

485 3864 703 3926 perator
725 3865 998 3910 crearetur
1023 3856 1231 3911 Attalus
1258 3875 1272 3911 :
1300 3868 1457 3928 atque
1477 3857 1610 3913 adeo
1635 3874 1738 3913 non
1764 3860 1990 3915 absurde
2012 3863 2064 3917 iu

486 3944 721 3999 medium
769 3959 965 3998 annum
1006 3946 1587 4017 quadringentesimum
1633 3966 1829 4005 nonum
1878 3950 2065 4007 referri

487 4043 687 4105 posset.
710 4035 775 4090 Et
794 4050 920 4089 sane
950 4044 1134 4105 putant
1162 4036 1380 4092 Honorii
1404 4038 1456 4093 in
1484 4039 1760 4095 haereticos
1791 4041 2069 4113 indulgen-

486 4124 614 4178 tiam
657 4132 952 4193 postremos
986 4127 1108 4181 anni
1139 4127 1641 4199 quadringentesimi
1685 4133 1806 4186 noni
1852 4148 2065 4190 menses

488 4215 729 4282 durasse,
743 4232 805 4271 ac
824 4217 1113 4287 sequentis,
1130 4234 1319 4289 nempe
1334 4221 1835 4293 quadringentesimi
1852 4224 2061 4291 decimi,

489 4307 707 4377 primos.
728 4307 1000 4379 Olympius
1024 4324 1090 4364 eo
1111 4320 1348 4381 tempore
1374 4310 1711 4381 Imperatoris
1730 4316 1895 4385 gratia
1918 4320 2060 4373 exci-

488 4397 661 4464 derat,
684 4407 738 4453 et
755 4399 1007 4469 dignitate
1034 4409 1221 4455 exutus
1244 4402 1295 4455 in
1319 4402 1628 4458 Dalmatiam
1650 4406 1901 4462 secedere
1920 4423 2066 4462 com-

490 4490 676 4558 pulsus
701 4490 898 4555 fuerat;
922 4501 1079 4560 atque
1099 4492 1167 4547 ob
1186 4506 1301 4546 eam
1325 4508 1436 4547 rem
1456 4495 1757 4564 neutiquam
1780 4496 1829 4552 ei
1851 4497 2061 4566 licebat,

489 4577 778 4632 Honorium
804 4594 832 4633 a
862 4581 1062 4649 pravis,
1104 4597 1221 4651 quae
1267 4582 1364 4651 ipsi
1410 4584 1842 4653 suggerebantur,
1886 4589 2063 4643 consi-

488 4667 573 4723 liis
596 4679 835 4724 avertere
862 4670 1065 4743 (lbid.).
1098 4672 1204 4728 Illis
1233 4683 1405 4728 tamen
1434 4690 1536 4729 non
1567 4675 1655 4730 diu
1684 4678 1858 4746 paruit
1894 4679 2065 4749 Impe-

487 4771 656 4829 rator,
687 4778 749 4817 ac
775 4764 1017 4835 proximo
1036 4781 1175 4820 anno
1202 4768 1363 4821 visuri
1388 4784 1590 4836 sumus,
1621 4772 2063 4840 quemadmodum

486 4850 545 4906 in
595 4852 725 4924 ipsis
767 4856 1229 4911 turbulentissimis
1271 4858 1450 4927 rebus,
1496 4850 1612 4915 eam
1657 4861 1859 4932 legem,
1905 4880 2062 4934 quam

484 4945 582 5002 abs
613 4961 671 5001 se
698 4948 999 5018 extorqueri
1028 4949 1370 5018 prmposteris
1386 4950 1623 5006 consiliis
1654 4966 1841 5021 passus
1870 4951 2061 5021 fuerat,

486 5039 842 5107 abrogaverit.

560 5132 612 5185 5.
649 5131 830 5184 Datam
857 5129 1123 5184 credimus
1166 5129 1235 5184 ab
1278 5132 1565 5201 Augustino
1602 5133 1700 5187 sub
1736 5133 1892 5203 hujus
1941 5137 2065 5190 anni

492 5219 697 5272 initium
724 5220 1020 5287 epistolam,
1049 5236 1169 5289 qum
1197 5223 1484 5289 generatim
1511 5223 1755 5279 onmibus
1782 5226 2067 5282 Donatistis

495 5311 797 5365 inscribitur
822 5310 1013 5379 (Epist.
1044 5311 1189 5381 105).
1231 5311 1287 5366 In
1330 5327 1391 5366 ea
1428 5314 1568 5367 enim
1600 5316 1799 5369 mentio
1839 5317 1893 5370 ﬁt
1924 5316 2067 5372 falsa:

499 5401 645 5458 illius
682 5400 1018 5470 indulgentia:
1060 5416 1152 5455 seu
1199 5403 1553 5473 abrogationis
1600 5405 1823 5459 latarum
1873 5408 1924 5462 in
1974 5424 2067 5463 eos

504 5493 702 5561 legum,
733 5492 885 5561 cujus
910 5491 983 5545 illi
1011 5492 1201 5547 famam
1228 5503 1468 5549 vertente
1492 5510 1634 5549 anno
1656 5498 2068 5569 quadringente-

505 5582 647 5639 Simo
673 5593 859 5637 octavo
887 5592 1224 5654 sparserant;
1270 5584 1445 5654 ibique
1478 5586 1665 5657 recipit
1697 5598 1909 5643 sanctus
1938 5590 2068 5661 Epi-

504 5686 719 5745 scopus,
746 5673 1230 5729 demonstraturum
1256 5689 1336 5745 se,
1366 5676 1523 5733 modo
1545 5678 1643 5748 ipsi
1671 5681 1855 5737 venire
1884 5681 1934 5737 in
1958 5683 2068 5738 col-

1560 274 1711 332 VITA
1749 272 1807 330 S.
1845 264 2209 329 AUGUSTI!“
2248 265 2574 330 EPISCOPI.

3664 280 3776 340 38‘

2189 384 2425 456 loquium
2445 402 2550 442 non
2565 386 2881 454 detrectent,
2905 389 3146 460 quzedam
3170 391 3237 447 ad
3252 387 3521 450 Caeciliani
3548 410 3770 453 causam

2185 478 2536 547 pertinentia,
2580 494 2698 549 qua:
2747 478 3010 550 pr.ecipua
3036 482 3257 538 materia
3286 481 3436 541 fuere
3463 486 3771 545 collationis

2184 570 2615 641 Carthaginensis
2645 589 2659 624 :
2688 571 2753 627 de
2779 588 2882 643 qua
2910 574 3125 644 quidem
3152 577 3435 634 collatione
3473 596 3577 635 non
3604 582 3774 653 signi-

2185 664 2309 719 ﬁcat
2327 664 2593 736 quidpiam
2625 665 2797 721 adhuc
2827 665 2989 723 fuisse
3024 670 3386 725 constitutum.
3422 670 3688 729 Plurimos
3716 676 3769 728 in

2184 755 2423 825 epistola:
2470 756 2670 810 calcem
2717 758 2959 828 congerit
3000 758 3288 830 Scriptura:
3335 762 3520 828 locos,
3573 766 3775 835 quibus

2185 846 2477 902 Ecclesiam
2494 848 2809 903 catholicam
2828 865 2923 918 per
2933 865 3122 907 omnes
3136 862 3320 922 gentes
3337 854 3578 910 diffusam
3596 866 3774 911 osten-

2185 938 2275 993 dat
2303 956 2316 992 :
2345 940 2462 1009 ejus
2493 948 2668 995 tamen
2708 943 2993 997 maximam
3036 956 3240 1015 partem
3269 962 3335 1001 eo
3360 946 3557 1014 refert,
3598 959 3653 1003 ut
3696 949 3766 1004 ab

2184 1043 2368 1084 eorum
2388 1030 2843 1087 criminationibus
2860 1032 3034 1103 legum
3049 1034 3267 1091 Honorii
3288 1039 3622 1093 severitatem
3643 1040 3767 1094 vin-

2184 1124 2368 1182 dicet:
2401 1127 2541 1183 unde
2584 1127 2635 1182 id
2680 1129 2937 1199 scriptum
2988 1129 3249 1202 intelligas
3288 1143 3411 1188 ante
3460 1133 3763 1189 libertatem

2183 1218 2466 1289 cujuslibet
2504 1219 2741 1274 colenda:
2769 1219 3039 1290 religionis
3076 1221 3144 1275 ab
3185 1222 3416 1277 Honorio
3457 1239 3767 1279 concessam

2182 1318 2423 1364 extremo
2449 1310 2551 1364 isto
2566 1326 2705 1363 anno
2719 1310 3241 1381 quadringentesimo
3257 1328 3415 1369 nono.
3443 1314 3572 1369 lluic
3586 1324 3767 1370 autem

2184 1398 2477 1453 scribenda:
2499 1400 2691 1469 epistol
2710 1417 2739 1453 ι)
2766 1402 3102 1455 occasionem
3130 1403 3467 1471 pra-buerunt
3491 1405 3703 1473 quidam
3732 1419 3770 1461 ο

2186 1488 2370 1542 Donati
2389 1498 2539 1561 parte
2558 1490 2873 1562 presbyteri,
2901 1491 2989 1561 qui
3021 1492 3310 1546 renuntiari
3329 1494 3621 1563 Augustino
3644 1495 3767 1564 jus-

2182 1592 2300 1632 sere
2322 1578 2582 1648 ipsissima
2609 1579 2725 1634 haec
2755 1581 2916 1635 verba
2949 1599 2963 1635 :
2991 1580 3224 1636 Rcccdite
3247 1600 3278 1636 a
3306 1582 3528 1653 plebibus
3556 1586 3766 1656 nostris,

2182 1670 2227 1724 si
2254 1687 2355 1723 non
2378 1671 2527 1724 vultis
2551 1681 2604 1725 ut
2626 1672 2985 1741 inter/ieiunius
3006 1688 3092 1728 vos
3118 1672 3300 1745 (Ibid.,
3324 1693 3376 1728 η.
3404 1677 3477 1747 1).

2253 1764 2309 1817 4.
2338 1762 2540 1817 lnsanaa
2572 1763 2694 1830 illze,
2722 1780 2840 1835 qua:
2868 1766 2918 1819 in
2950 1766 3172 1820 exordio
3191 1768 3427 1836 epistol;e
3451 1768 3515 1821 ad
3547 1767 3766 1825 Festum

2182 1862 2685 1918 commemorantur,
2708 1855 3095 1910 Donatistarum
3121 1857 3276 1911 mina:
3296 1856 3483 1929 (Epist.
3500 1860 3588 1926 89,
3613 1878 3661 1913 η.
3681 1862 3762 1931 1),

2182 1942 2403 1999 forsitan
2427 1946 2553 2014 ipsm
2573 1954 2716 2010 sunt,
2744 1963 2875 2015 quas
2892 1964 2954 2002 ex
2977 1948 3131 2003 dictis
3154 1949 3430 2019 Augustini
3448 1949 3513 2004 ad
3540 1951 3761 2006 eosdem

2182 2034 2371 2089 litteris
2400 2036 2559 2090 modo
2585 2037 2881 2091 retulimus.
2912 2036 3255 2093 Tentationes
3281 2054 3429 2107 vero,
3452 2040 3640 2109 quibus
3667 2057 3763 2095 eos

2182 2125 2432 2194 probatos
2468 2125 2638 2193 dicit,
2683 2126 2770 2196 qui
2817 2126 2868 2180 in
2911 2128 3171 2197 gremium
3201 2127 3451 2182 Ecclesizn
3495 2130 3766 2184 redierant

2182 2214 2365 2287 (Ibid.,
2388 2233 2441 2269 η.
2465 2216 2541 2287 7),
2567 2231 2810 2286 perzeque
2825 2216 2890 2270 ad
2907 2233 2968 2271 ea
2990 2234 3107 2287 qum
3125 2218 3533 2273 autStilichonis
3548 2235 3760 2286 necem,

2178 2314 2272 2360 aut
2314 2305 2534 2360 Honorii
2559 2305 2813 2361 adversus
2852 2307 3152 2361 Donatistas
3190 2308 3459 2377 jussiones
3505 2310 3572 2364 ab
3613 2325 3759 2366 anno

2180 2396 2703 2467 quadringentesimo
2741 2398 2925 2467 quinto
2949 2407 3232 2453 consecuta
3263 2398 3492 2455 diximus
3513 2443 3528 2466 ,
3570 2401 3763 2459 referri

2180 2497 2399 2558 queunt.
2448 2488 2580 2543 Nam
2604 2505 2708 2559 quo
2743 2498 2983 2559 tempore
3010 2490 3130 2544 data
3156 2490 3255 2545 fuit
3281 2491 3395 2547 haec
3424 2494 3663 2563 epistola,
3694 2509 3765 2550 eo

2179 2586 2324 2634 certe
2344 2579 2395 2634 in
2419 2580 2541 2634 illos
2566 2596 2629 2635 ex
2654 2580 3016 2649 imperialibus
3035 2581 3223 2636 edictis
3250 2597 3353 2636 non
3375 2585 3605 2652 segniter
3631 2600 3763 2654 age-

2178 2670 2335 2725 batur
2364 2670 2544 2742 (Ibid.,
2574 2687 2664 2725 nn.
2698 2672 2749 2735 1,
2772 2670 2829 2737 2,
2852 2672 2905 2737 3,
2934 2670 3012 2743 6).
3036 2670 3347 2728 Collationis
3363 2682 3537 2727 autem
3566 2675 3616 2728 in
3645 2676 3761 2744 ipsa

2179 2762 2319 2816 nulla
2365 2762 2587 2816 mentio.
2635 2762 2826 2817 Festus
2854 2778 3013 2833 porro
3042 2764 3209 2819 laicus
3250 2773 3397 2831 erat,
3434 2781 3496 2819 ac
3538 2767 3764 2836 publicis

2178 2851 2424 2921 gerendis
2449 2852 2761 2907 muneribus
2788 2853 3106 2921 implicatus.
3140 2853 3275 2908 Huic
3302 2863 3453 2909 erant
3480 2855 3531 2909 iu
3563 2857 3763 2926 llippo—

2177 2942 2328 2996 nensi
2348 2950 2518 2995 tractu
2543 2957 2574 2997 e
2601 2942 2785 2997 Donati
2806 2952 2947 2998 secta
2974 2942 3169 2998 subditi
3195 2942 3381 3015 (lbid.,
3415 2963 3467 2999 η.
3499 2946 3554 3017 8)
3586 2965 3598 3001 :
3624 2963 3763 3017 quos

2175 3032 2389 3103 quidem
2418 3032 2508 3088 ille
2538 3033 2749 3102 scriptis
2790 3034 2980 3089 litteris
3008 3034 3075 3089 ad
3117 3036 3603 3092 reconciliationem
3634 3054 3761 3093 cum

2176 3122 2416 3179 Ecclesia
2456 3122 2631 3179 fuerat
2671 3123 3017 3191 cohortatus;
3058 3142 3243 3180 verum
3289 3128 3571 3196 quominus
3611 3127 3663 3183 id
3690 3146 3763 3185 ex

2174 3224 2301 3269 voto
2328 3215 2671 3283 succederet,
2702 3216 2937 3270 nonnihil
2968 3217 3205 3272 fortassis
3235 3218 3529 3273 obstiterat.
3558 3219 3762 3276 Horum

2176 3305 2362 3361 salutis
2382 3305 2652 3360 studiosus
2673 3314 2789 3359 erat
2818 3306 3141 3375 Augustinus
3163 3347 3179 3373 ,
3210 3322 3313 3361 non
3338 3307 3571 3377 ipsorum
3598 3310 3764 3365 modo

2174 3411 2354 3463 causa,
2383 3395 2476 3451 sed
2497 3396 2656 3450 etiam
2672 3395 2881 3450 illorum
2903 3396 2992 3465 qui
3017 3411 3137 3450 cum
3168 3396 3233 3451 ad
3258 3397 3569 3452 catholicam
3599 3399 3760 3454 ﬁdem

2174 3498 2233 3539 se
2256 3486 2597 3554 recepissent,
2625 3484 2859 3538 nonnihil
2902 3485 3181 3554 capiebant
3208 3500 3274 3540 ex
3312 3486 3534 3541 aliorum
3565 3489 3761 3543 vicinia

2173 3575 2495 3630 detrimenti.
2544 3576 2723 3645 Itaque
2744 3575 2809 3629 ad
2838 3575 3056 3630 Festum
3100 3577 3303 3631 litteras
3331 3577 3516 3641 dedit,
3564 3594 3763 3649 rogans

2175 3673 2232 3718 ut
2255 3665 2480 3734 aliquem
2511 3665 2671 3718 ﬁdum
2701 3679 2767 3720 ex
2791 3664 3127 3729 domesticis,
3172 3666 3255 3719 vel
3284 3681 3351 3720 ex
3378 3666 3564 3722 amicis
3590 3668 3765 3721 desti-

2174 3766 2343 3819 naret,
2368 3756 2456 3825 qui
2484 3769 2549 3810 eo
2576 3770 2679 3809 non
2706 3764 2849 3809 recta
2882 3771 3137 3826 pergens,
3168 3755 3235 3810 ad
3264 3770 3321 3810 se
3345 3758 3551 3811 czeteris
3576 3758 3763 3813 insciis

2173 3848 2462 3903 diverteret
2480 3888 2495 3913 ,
2538 3864 2644 3918 quo
2672 3848 3075 3903 communicatis
3101 3848 3339 3903 consiliis
3362 3890 3377 3914 ,
3414 3862 3514 3919 qua
3537 3850 3762 3920 potissi-

2174 3956 2317 3994 mum
2349 3941 2552 3995 ratione
2582 3941 2759 4010 pellici
2791 3940 2855 3996 ad
2882 3940 3174 3996 Ecclesiam
3203 3950 3419 4010 possent
3444 3941 3764 3997 decernere-

2174 4041 2279 4087 tur.
2310 4033 2376 4087 Et
2405 4048 2472 4087 ne
2489 4033 2609 4103 quis
2627 4032 2840 4087 Festum
2857 4032 2925 4086 ab
2943 4047 3009 4087 eo
3029 4031 3403 4087 dehortaretur
3425 4032 3619 4097 studio,
3649 4047 3762 4101 quo

2172 4126 2484 4181 revocandis
2530 4126 2595 4179 ad
2641 4125 2796 4180 ﬁdem
2843 4124 3066 4179 subditis
3110 4139 3327 4194 operam
3366 4140 3559 4179 navare
3602 4140 3759 4179 suam

2172 4226 2428 4287 cmperat,
2448 4232 2666 4271 causam
2686 4216 2859 4271 eidem
2881 4216 3097 4285 exponit
3117 4214 3437 4281 schismatis,
3458 4230 3761 4285 quonamve

2174 4306 2334 4361 modo
2363 4307 2430 4361 ad
2466 4322 2526 4361 se
2567 4306 2852 4361 redeuntes
2887 4305 3124 4360 Ecclesia
3163 4305 3400 4376 recipiat.
3432 4306 3511 4361 Ad
3538 4305 3762 4360 Festum

2176 4408 2363 4453 contra
2397 4399 2698 4453 Donatistas
2723 4398 2889 4451 sancti
2920 4396 3168 4452 Prtesulis
3185 4395 3643 4451 commonitorium
3657 4395 3759 4450 ad-

2175 4499 2322 4543 notat
2351 4488 2620 4543 Possidius
2648 4487 2736 4558 (In
2761 4487 3018 4553 Indiculo,
3047 4502 3160 4556 cap.
3191 4486 3277 4555 5).

2248 4584 2301 4639 5.
2327 4581 2780 4649 Quemadmodum
2804 4580 3125 4649 Augustinus
3151 4580 3201 4633 in
3220 4578 3270 4633 id
3293 4578 3628 4634 incumbebat
3644 4586 3764 4633 toto

2174 4674 2352 4728 animo
2380 4682 2435 4727 et
2458 4671 2632 4726 studio
2664 4670 2845 4737 omni,
2874 4680 2932 4725 ut
2966 4685 2997 4725 e
3030 4685 3125 4725 sua
3166 4670 3493 4739 Hipponensi
3538 4669 3759 4726 dimcesi

2175 4765 2408 4820 funditus
2427 4765 2810 4834 exstirparctur
2836 4763 3238 4817 Donatistarum
3262 4762 3483 4818 hmresis
3511 4778 3527 4814 :
3555 4762 3631 4815 sic
3656 4761 3761 4815 Do.

2175 4859 2383 4912 natistae
2412 4857 2642 4911 vicissim
2669 4856 2775 4909 illic
2801 4863 2857 4909 ut
2877 4869 2938 4909 ea
2971 4854 3271 4908 ﬁrmaretur
3297 4863 3455 4923 atque
3487 4853 3645 4908 etiam
3675 4852 3759 4905 in.

2174 4957 2505 5004 crementum
2536 4956 2780 5016 caperet,
2824 4960 2921 5015 pro
2948 4945 3149 4999 viribus
3185 4943 3541 4998 enitebautur.
3574 4942 3755 5013 Neque

2175 5043 2410 5110 profecto
2449 5040 2613 5094 valuit
2656 5038 3043 5109 vigilantissimi
3079 5052 3205 5092 cura
3238 5036 3491 5106 laborque
3526 5039 3757 5105 pastoris

2176 5134 2462 5204 impedire,
2496 5132 2779 5201 quominus
2805 5130 2873 5186 de
2901 5146 2999 5184 suo
3026 5144 3185 5200 grege
3212 5128 3520 5200 profligatus
3543 5128 3757 5198 aliquis,

2175 5237 2227 5279 et
2248 5225 2451 5279 scelere
2477 5223 2711 5292 perditus
2739 5238 2801 5277 ac
2826 5230 3081 5291 egestate,
3114 5220 3179 5275 ad
3206 5236 3390 5275 eorum
3421 5221 3601 5275 caulas
3633 5236 3758 5289 per-

2176 5316 2401 5387 fugeret.
2446 5314 2576 5368 Nam
2600 5329 2694 5383 per
2714 5313 2813 5367 hoc
2839 5315 3010 5382 ipsum
3032 5355 3048 5379 ,
3080 5312 3134 5367 in
3160 5327 3265 5382 quo
3289 5327 3594 5376 versamur,
3626 5320 3768 5365 tetu-

2177 5422 2274 5477 pus
2305 5405 2637 5459 Rusticianus
2662 5404 2872 5473 quidam
2905 5403 3255 5473 llippouensls
3275 5401 3522 5457 dimcesis
3540 5401 3765 5455 subdia-

2176 5511 2342 5552 conus
2367 5494 2661 5549 catholicus
2680 5534 2696 5560 ,
2737 5494 2823 5564 qui
2853 5493 2922 5547 ob
2953 5492 3222 5563 improbos
3248 5508 3424 5547 mores
3450 5508 3733 5545 cxcommu
3756 5523 3766 5532 ~

2176 5592 2382 5646 nicatus
2402 5605 2429 5643 a
2460 5588 2768 5659 presbytero
2789 5601 2885 5641 suo
2904 5596 3039 5651 erat,
3061 5599 3264 5640 necnon
3286 5586 3571 5639 multorum
3595 5585 3762 5639 etiam

2181 5680 2233 5738 in
2268 5681 2355 5737 illa
2389 5679 2605 5751 regione
2645 5676 2852 5733 debitor
2880 5674 3049 5732 factus
3070 5716 3085 5744 ,
3122 5675 3247 5732 dum
3277 5674 3470 5746 aliquid
3500 5673 3762 5746 praesidii,
