4042 6360
260 266 371 327 383

268 401 392 441 rum
412 383 669 441 adversus
698 381 990 442 creditores
1030 394 1155 439 suos
1174 422 1190 451 ,
1231 388 1341 439 tum
1382 389 1565 439 contra
1592 382 1845 439 Ecclesia!

268 476 604 546 disciplinam
626 489 815 545 parare
831 474 931 529 sibi
949 474 1115 545 copit,
1137 474 1390 545 optimum
1410 474 1549 530 factu
1571 475 1845 545 judicavit,

267 568 414 621 adire
436 566 503 620 ad
534 565 852 620 Macrobium
878 564 1337 619 schismaticorum
1375 564 1514 635 apud
1553 566 1847 636 Hipponem

267 658 577 727 episcopum
600 695 615 722 ,
664 662 718 711 et
746 656 973 709 alterum
999 654 1065 709 ab
1091 670 1157 709 eo
1182 655 1506 725 Baptismum
1534 657 1806 725 suscipere
1830 674 1843 711 :

270 762 377 813 quo
404 746 653 800 nimirum
686 745 853 811 fieret,
883 753 941 799 ut
963 745 1029 801 ab
1053 743 1575 801 Circumcellionibus
1600 747 1847 818 diligere-

267 847 351 890 tur
374 837 528 890 velut
556 836 935 891 mundissimus
955 877 970 903 ,
1011 844 1064 891 et
1090 835 1461 892 defenderetur
1491 835 1690 909 (Epist.
1723 837 1841 903 108,

268 946 319 981 ιι.
353 930 485 999 19).
514 929 834 1000 Augustinus
861 944 988 999 ergo
1009 928 1099 983 ubi
1130 928 1355 998 primum
1376 928 1652 983 consilium
1672 929 1849 984 Rusti-

265 1021 404 1075 ciani
436 1020 715 1085 intellexit,
748 1020 952 1074 litteras
972 1019 1182 1089 scripsit
1208 1019 1274 1073 ad
1298 1019 1638 1086 Macrobium,
1661 1020 1848 1075 breves

263 1112 381 1165 illas
408 1110 623 1181 quidem
647 1150 666 1176 ,
708 1109 800 1163 sed
853 1109 1196 1165 nihilominus
1239 1110 1619 1177 vehementes;
1658 1111 1848 1181 quibus

268 1204 415 1258 illum
467 1219 561 1272 per
586 1203 809 1257 salutem
836 1202 1026 1257 animas
1058 1202 1285 1271 adjurat,
1317 1218 1384 1257 ne
1414 1204 1655 1258 iteratum
1674 1204 1850 1273 Bapti-

265 1310 442 1349 smum
472 1294 557 1349 isti
574 1293 896 1349 subdiacono
911 1293 1168 1361 conferat,
1192 1303 1280 1349 aut
1300 1296 1484 1349 saltem
1502 1304 1557 1350 ut
1572 1295 1846 1366 quaestioni

266 1385 332 1439 de
360 1384 723 1455 Baptismate,
766 1384 906 1453 quod
950 1383 1249 1439 Felicianus
1289 1384 1748 1439 administraverat
1794 1383 1848 1440 in

264 1475 573 1530 Maximiani
600 1474 885 1529 schismate
906 1515 922 1541 ,
950 1474 1284 1545 reSpondeat.
1339 1474 1488 1542 Quod
1522 1484 1846 1544 postremum

262 1569 306 1621 si
338 1568 429 1622 ille
462 1566 782 1636 prmstiterit,
816 1575 1140 1636 paratum'se
1160 1575 1373 1620 sanctus
1390 1566 1585 1620 Doctor
1598 1566 1844 1628 afﬁrmat.

262 1659 329 1712 ad
372 1658 703 1729 Baptismum
752 1656 927 1711 denuo
974 1656 1368 1726 suscipiendum
1398 1674 1410 1710 :
1436 1657 1517 1710 sin
1564 1665 1737 1711 autem
1781 1656 1849 1713 de

266 1750 523 1805 Felieiani
556 1750 693 1805 facto
717 1751 961 1816 dubitet,
999 1750 1049 1805 id
1078 1766 1135 1806 sc
1166 1751 1511 1821 probaturum
1536 1766 1596 1804 ea
1619 1750 1733 1820 lege
1756 1765 1848 1804 re-

266 1842 425 1911 cipit,
455 1850 513 1896 ιιι
537 1843 589 1896 ni
620 1840 827 1908 fecerit,
858 1843 1159 1912 episcopatu
1182 1857 1279 1895 suo
1298 1841 1447 1896 cadat
1476 1839 1663 1912 (Epist.
1697 1840 1845 1911 106).

260 1932 493 1987 Maximo
527 1940 583 1987 et
623 1932 905 1987 Theodoro
946 1933 1226 2002 epistolam
1262 1931 1399 1986 hanc
1424 1931 1490 1986 ad
1527 1932 1844 1987 Macrobium

261 2022 611 2077 deferendam
642 2021 872 2077 tradidit.
914 2022 1010 2077 Hic
1032 2022 1262 2093 primum
1288 2022 1404 2077 illos
1427 2064 1443 2088 ,
1474 2037 1540 2077 ne
1568 2022 1845 2093 Augustini

261 2115 469 2169 litteras
494 2115 543 2170 ei
574 2114 875 2179 recitarent,
901 2114 1178 2169 admittere
1207 2115 1258 2169 in
1299 2114 1614 2184 colloquium
1646 2114 1843 2182 noluit;

263 2206 354 2261 sed
394 2204 611 2259 tandem
658 2200 965 2275 urgentibus
1006 2206 1203 2260 cedens
1226 2248 1240 2273 ,
1277 2220 1367 2261 eas
1397 2206 1496 2260 sibi
1530 2204 1633 2275 legi
1660 2220 1846 2275 passus

269 2303 369 2349 est.
392 2295 475 2349 Ad
499 2310 630 2365 quas
646 2296 760 2350 hare
778 2295 893 2367 ejus
914 2295 1009 2350 fuit
1030 2296 1306 2366 responsio
1338 2315 1351 2351 :
1374 2295 1490 2349 Non
1513 2313 1715 2367 possum
1750 2296 1849 2350 nisi

265 2385 331 2438 ad
360 2401 443 2439 me
465 2385 715 2439 venientes
738 2386 1018 2457 suscipere,
1047 2395 1092 2439 et
1114 2386 1290 2439 iisdem
1315 2385 1467 2454 fidem
1499 2403 1648 2457 quam
1676 2396 1847 2455 postu-

264 2478 475 2532 laverint
516 2476 640 2530 dare
673 2491 693 2531 :
721 2477 823 2531 hoc
862 2486 943 2531 est
991 2478 1235 2532 iteratum
1266 2476 1553 2546 Baptisma.
1600 2475 1751 2543 Quod
1779 2474 1846 2530 ad

263 2573 593 2630 Primianum
625 2581 831 2644 spectat
856 2614 871 2639 ,
913 2588 943 2627 a
974 2587 1077 2642 quo
1103 2580 1156 2626 et
1194 2571 1490 2625 Felicianus
1518 2578 1568 2625 et
1598 2585 1731 2641 quos
1761 2570 1847 2625 hic

261 2666 623 2736 baptizaverat
642 2664 857 2718 admissi
886 2662 1111 2729 fuerant,
1134 2678 1253 2718 eum
1282 2678 1310 2716 a
1333 2661 1558 2716 Maximo
1587 2677 1649 2715 ac
1674 2660 1849 2716 Theo-

264 2755 396 2811 doro
423 2758 784 2826 interrogatus
810 2764 972 2821 esset,
1000 2753 1126 2825 quid
1156 2753 1400 2824 responsi
1426 2752 1491 2806 ad
1522 2751 1574 2806 id
1602 2752 1842 2817 afferret;

262 2848 392 2902 dixit
422 2865 438 2904 :
468 2848 539 2902 Se
564 2863 723 2918 nuper
753 2846 1040 2900 ordinatum
1071 2847 1229 2916 patris
1254 2845 1333 2899 sui
1359 2844 1586 2917 judicent
1610 2860 1715 2897 esse
1746 2860 1848 2897 non

266 2958 433 3011 posse,
470 2940 559 2993 sed
583 2938 635 2993 in
659 2938 713 2991 id
739 2938 875 3008 quod
911 2954 942 2989 α
977 2936 1226 3008 prioribus
1254 2937 1357 2990 suis
1384 2936 1629 3005 acceperit
1648 2952 1847 3007 perma-

274 3048 392 3085 nere
422 3029 629 3100 (Epist.
659 3029 816 3100 107).
859 3028 1004 3082 Hanc
1029 3027 1275 3082 Macrobii
1302 3027 1698 3096 responsionem
1728 3039 1847 3079 cum

264 3121 338 3175 illi
369 3120 669 3189 Augustino
694 3117 1103 3189 significassent,
1130 3118 1174 3172 is
1201 3118 1392 3172 timore
1418 3116 1572 3171 simul
1594 3124 1647 3171 et
1665 3111 1849 3171 dolere

267 3222 545 3284 permotus
574 3211 639 3265 ad
663 3211 906 3265 eumdem
939 3210 1176 3280 pluribus
1215 3210 1550 3265 scribendum
1576 3207 1848 3278 judicavit.

268 3307 378 3359 llac
400 3305 550 3359 illum
580 3304 632 3358 in
658 3303 879 3374 epistola
900 3343 914 3367 ,
955 3311 1265 3371 argumento
1284 3318 1346 3355 ex
1368 3300 1554 3356 eodem
1586 3300 1724 3354 facto
1752 3300 1851 3354 Fe-

265 3397 445 3452 liciani
469 3407 630 3466 atque
657 3410 719 3451 ex
747 3395 866 3465 ipsa
894 3393 1145 3450 Primiani
1170 3402 1224 3448 et
1247 3391 1545 3447 Maximiani
1574 3406 1731 3446 causa
1762 3405 1852 3460 pe-

268 3489 399 3554 tito,
452 3503 642 3558 urgere
671 3487 877 3556 pergit,
928 3485 1198 3555 magisque
1235 3498 1460 3554 operose
1496 3482 1849 3550 demonstrat,

266 3578 520 3649 quidquid
553 3578 620 3632 ab
648 3592 713 3631 eo
734 3587 917 3631 contra
957 3575 1247 3630 Ecclesiam
1292 3573 1471 3628 afferri
1497 3571 1852 3642 excogitarive

265 3676 478 3741 posset,
522 3668 575 3723 id
603 3684 760 3723 omne
791 3668 889 3722 hac
936 3666 1088 3721 unica
1131 3666 1347 3720 historia
1387 3664 1647 3725 convelli,
1693 3677 1850 3734 quam

265 3771 549 3832 propterea
578 3761 850 3830 speculum
877 3760 1003 3830 ipsis
1020 3757 1364 3814 correctionis
1381 3772 1410 3811 a
1428 3756 1600 3810 divina
1622 3756 1853 3811 clemen-

265 3852 337 3906 tia
378 3853 452 3906 ob
496 3853 683 3906 oculos
717 3852 946 3922 positum
978 3858 1175 3905 vocat:
1208 3850 1281 3904 ita
1320 3858 1377 3903 ut
1416 3848 1589 3902 omnis
1635 3847 1853 3903 omnino

262 3944 553 3999 difficultas
585 3944 787 3998 sublata
832 3943 918 3997 sit.
949 3942 1127 4012 Itaque
1164 3957 1282 3996 eum
1313 3940 1621 3995 cohortatur
1642 3980 1656 4005 ,
1690 3946 1749 3992 ut
1784 3936 1853 3992 de

262 4037 522 4109 praedicta
569 4036 865 4105 objectionc
908 4042 1216 4105 cognoscat,
1262 4033 1542 4102 illamque,
1574 4031 1619 4086 si
1663 4030 1849 4101 possit,

263 4130 433 4183 diluat
466 4148 480 4183 :
511 4128 595 4181 sin
620 4143 746 4181 vero
776 4143 877 4180 non
906 4126 1109 4195 possit,
1137 4140 1204 4179 ne
1225 4132 1496 4193 susceptas
1526 4122 1711 4176 Donati
1733 4135 1855 4190 par-

262 4228 346 4273 tes
378 4219 475 4273 Dei
508 4217 686 4272 timori
720 4216 1050 4291 propriasque
1068 4214 1224 4270 saluti
1254 4220 1558 4282 anteponat.
1591 4212 1758 4280 Quam
1785 4211 1854 4265 ob

257 4324 484 4363 causam
529 4308 579 4362 ei
617 4316 727 4361 tum
767 4306 1067 4360 schismalis
1106 4304 1242 4358 mala
1278 4303 1526 4372 exponit,
1570 4312 1676 4356 tum
1715 4302 1852 4356 bona

267 4400 495 4452 unitatis
540 4396 738 4467 (Epist.
770 4395 931 4466 108).
975 4393 1190 4448 Dicendi
1235 4408 1399 4462 genus
1444 4406 1628 4461 magna
1660 4390 1854 4462 ubique

264 4491 487 4546 lenitate
526 4497 875 4559 temperatum
898 4503 1007 4542 non
1040 4488 1176 4541 male
1209 4485 1431 4555 quadrat
1460 4484 1509 4538 in
1543 4494 1750 4555 tempus
1775 4486 1854 4539 in-

266 4589 427 4642 dultae
452 4603 549 4656 per
574 4585 866 4639 Honorium
889 4582 1149 4638 libertatis
1166 4622 1180 4646 ,
1214 4580 1278 4634 ad
1305 4595 1462 4651 quam
1492 4578 1629 4633 haud
1658 4580 1853 4635 scimus

264 4693 333 4731 an
360 4676 638 4747 quidpiam
666 4682 806 4729 vetet
833 4672 1017 4727 referri
1040 4671 1177 4741 quod
1209 4675 1282 4724 ait
1316 4688 1330 4725 :
1355 4670 1484 4725 Ante
1506 4670 1653 4723 istaut
1676 4669 1850 4740 legem,
1899 4726 1905 4733 ,

263 4786 364 4835 qua
389 4767 625 4837 gaudetis
641 4766 774 4819 vobis
789 4763 1037 4818 redditam
1058 4761 1350 4815 libertatem.
1374 4760 1555 4832 Neque
1570 4761 1851 4830 euimjam,

265 4868 325 4911 ut
352 4860 424 4912 ab
452 4856 696 4911 iterando
720 4855 1042 4923 Daptismate
1067 4852 1360 4916 deterreat,
1404 4854 1578 4922 legum
1604 4852 1855 4908 severita-

265 4957 374 5002 tem
426 4945 730 5011 Macrobio,
763 4942 1205 5016 quemadmodum
1237 4944 1315 4997 vel
1358 4953 1495 5011 ante.
1521 4943 1653 4998 latas
1683 4953 1851 5015 poste-

266 5038 443 5091 riores
479 5035 765 5106 CriSpino,
814 5033 1092 5088 minitatur
1145 5033 1486 5103 Augustinus.
1547 5034 1853 5104 Quanquam

269 5128 517 5183 fortassis
543 5144 665 5200 erga
703 5126 847 5183 illum
880 5128 953 5183 ita
975 5142 1034 5184 se
1060 5127 1315 5198 gesserit,
1360 5142 1426 5183 ne
1456 5127 1592 5182 illius
1620 5128 1853 5181 animum

270 5221 652 5287 exaeerbaret,
686 5219 918 5274 futurum
951 5235 1192 5291 sperans,
1223 5226 1280 5272 ut
1303 5218 1707 5272 mansuetudine
1735 5219 1857 5274 faci-

272 5312 376 5367 iius
404 5321 816 5385 expugnaretur.
848 5310 1207 5379 Praeterquam
1229 5308 1367 5378 quod
1388 5308 1711 5367 Muerobium
1741 5308 1856 5364 exi-

273 5404 526 5458 stimabat
562 5403 715 5458 bona:
742 5401 938 5457 indolis
978 5399 1227 5471 juvenem
1262 5418 1274 5451 :
1306 5401 1389 5454 cui
1420 5399 1613 5470 ingenii
1648 5416 1857 5469 quoque

278 5508 338 5548 ac
363 5495 680 5564 eloquentiae
712 5492 926 5547 laudem
967 5490 1166 5545 tribuit.
1198 5488 1245 5544 Is
1272 5504 1459 5559 porro,
1486 5506 1604 5543 eum
1636 5490 1700 5543 ad
1735 5507 1855 5545 eum

278 5586 600 5653 Augustinus
630 5585 835 5637 litteras
862 5581 1035 5646 dedit,
1077 5597 1183 5635 non
1232 5581 1302 5635 ita
1344 5581 1543 5655 pridem
1587 5580 1858 5637 ordinatus

279 5672 467 5728 fuerat.
510 5675 802 5745 Hipponem
836 5672 1061 5729 solemni
1090 5687 1275 5742 pompa
1303 5672 1582 5742 perductus
1608 5682 1683 5727 est
1706 5714 1720 5740 ,
1745 5673 1858 5742 epi-

1574 263 1774 323 LIBER
1812 254 2096 325 SEXTUS.

3429 281 3536 340 386

1953 385 2148 457 scopali
2172 384 2245 444 ibi
2270 402 2490 445 munere
2511 387 2783 447 iuncturus
2808 391 3015 466 (Callet.
3036 394 3272 471 Carthag.
3297 401 3348 466 1,
3373 418 3531 475 capp.

1952 477 2072 539 158,
2105 477 2234 547 '20!)
2265 497 2277 531 :
2310 478 2362 534 in
2392 480 2489 535 bac
2517 481 2709 552 quippe
2731 482 2942 542 civitate
2966 487 3170 557 plebem
3208 505 3355 545 suam
3378 491 3536 549 babe-

1956 564 2044 621 bat
2076 567 2265 639 (Epist.
2300 570 2399 625 108
2420 612 2435 635 ,
2465 587 2553 627 nn.
2588 573 2654 627 17
2674 613 2687 636 ,
2714 572 2828 646 20).
2861 575 3242 645 Ingredientem
3288 580 3434 637 illum
3476 582 3532 639 in

1952 657 2137 711 urbem
2171 659 2664 717 Circumcellionum
2697 663 2862 720 duces
2900 666 3207 726 cohortibus
3236 672 3345 726 suis
3368 673 3533 743 stipa-

1954 756 2061 802 tum
2086 750 2352 805 deduxere
2371 794 2385 817 ,
2421 752 2529 806 Deo
2556 754 2770 811 laudes!
2803 755 2941 813 inter
2964 761 3168 815 cantica
3189 763 3529 819 conclaman-

1953 847 2030 893 tes
2050 838 2231 911 (lbid.,
2252 859 2303 895 η.
2330 842 2419 913 14)
2441 860 2455 908 ;
2486 843 2676 913 quibus
2694 847 2930 915 vocibus,
2956 858 3201 921 tanquam
3224 853 3528 922 proeliorum

1952 943 2166 984 suorum
2198 933 2319 986 tuba
2339 974 2354 998 ,
2391 934 2631 990 solebant
2656 950 2716 992 se
2741 938 2806 992 ad
2834 940 3007 996 caedes
3028 952 3212 998 mutuo
3236 946 3524 1003 cohortari.

1952 1017 2248 1076 Macrobius
2292 1032 2464 1078 tamen
2515 1040 2699 1080 eorum
2745 1030 3030 1097 petulantia
3070 1034 3237 1104 magis
3275 1036 3528 1105 offensus,

1952 1123 2107 1178 quam
2135 1110 2400 1181 obsequiis
2436 1112 2731 1171 delectatus
2755 1157 2771 1184 ,
2820 1133 3008 1189 aspera
3049 1122 3101 1177 in
3146 1140 3241 1180 eos
3278 1128 3530 1196 postridie

1954 1199 2399 1290 perintcrprete'm
2425 1204 2617 1275 lingua:
2632 1207 2836 1283 punicae
2855 1212 3013 1266 verba
3031 1216 3269 1285 protulit,
3292 1218 3529 1290 indigna-

1953 1288 2148 1345 tionem
2174 1307 2321 1345 suam
2353 1295 2622 1363 professus
2646 1312 2706 1351 ea
2734 1298 2999 1377 libertate,
3034 1320 3151 1374 quze
3173 1305 3341 1361 virum
3376 1288 3523 1379 inge-

1952 1395 2114 1435 nuum
2143 1389 2301 1451 atque
2322 1383 2600 1441 honestum
2628 1387 2841 1444 deceret
2868 1407 2881 1442 :
2909 1393 3052 1461 quod
3084 1394 3218 1450 adeo
3245 1396 3526 1467 impatien-

1953 1478 2035 1525 ter
2065 1474 2330 1539 tulerunt,
2378 1484 2437 1529 ut
2475 1486 2596 1531 ante
2634 1479 2859 1534 solutam
2904 1485 3213 1541 concionem
3257 1504 3360 1543 non
3408 1490 3525 1547 sine

1951 1564 2181 1619 motibus
2203 1565 2575 1635 indignationis
2599 1583 2659 1623 ac
2686 1569 2878 1626 furoris
2907 1573 3164 1631 indicibus
3187 1579 3526 1636 excederent.

1952 1655 2117 1726 Hujus
2161 1658 2240 1713 rei
2288 1666 2450 1713 testes
2501 1659 2781 1717 adfuerunt
2821 1664 3212 1724 Catholicorum
3260 1674 3526 1743 nonnulli,

1950 1748 2141 1815 quibus
2184 1748 2384 1818 pariter
2420 1752 2649 1819 egressis
2676 1794 2690 1817 ,
2734 1755 3096 1823 pavimentum
3124 1760 3210 1814 ubi
3247 1771 3525 1833 steterant,

1951 1837 2088 1891 salsa
2132 1854 2266 1908 aqua
2303 1839 2552 1895 Macrobii
2596 1842 2775 1897 clerici
2813 1844 3129 1917 abluerunt,
3176 1852 3313 1920 quod
3355 1854 3526 1923 ipsum

1950 1927 2205 1984 familiare
2225 1930 2329 1984 illis
2357 1932 2516 1987 fuisse
2536 1934 2687 1988 testis
2705 1944 2786 1989 est
2802 1933 3027 2004 Optatus
3054 1938 3314 2010 (Optatus,
3333 1943 3418 1997 lib.
3433 1943 3490 2014 6)
3510 1963 3527 2001 :

1949 2034 2106 2089 quem
2136 2035 2263 2074 vero
2302 2021 2473 2075 locum
2516 2022 2982 2081 Circumcelliones
3026 2040 3442 2100 occupaverant,
3481 2032 3531 2090 is

1947 2111 2015 2166 ad
2046 2113 2289 2167 eumdem
2318 2114 2531 2168 modum
2564 2132 2897 2187 nequaquam
2928 2120 3172 2189 expiatus
3201 2121 3314 2178 fuit.

2018 2205 2070 2259 6.
2103 2204 2366 2260 llonorius
2390 2204 2705 2261 duodecimo
2749 2207 3004 2265 kalendas
3059 2211 3349 2269 februarias
3385 2230 3527 2286 prte-

1948 2296 2111 2350 scntis
2139 2296 2260 2350 anni
2288 2296 2455 2366 legem
2484 2298 2672 2367 posuit,
2693 2314 2794 2368 qua
2834 2300 2972 2355 inter
2998 2310 3191 2358 cmtcra
3223 2303 3393 2373 jubet,
3433 2321 3529 2362 eos

1947 2388 2035 2456 qui
2060 2388 2382 2452 detinentur,
2409 2388 2603 2457 quique
2623 2389 2729 2444 alio
2743 2391 3078 2458 postmodum
3105 2402 3229 2448 sunt
3252 2395 3531 2452 traducen-

1947 2479 1998 2533 di
2032 2479 2307 2549 ntjudiciis
2326 2478 2695 2546 exhibeantur,
2728 2482 2877 2550 prius
2910 2485 3085 2555 rogari
3133 2501 3310 2541 coram
3358 2488 3528 2558 magi-

1950 2570 2226 2637 stratibus,
2252 2569 2487 2625 velintne
2518 2570 2631 2626 dies
2665 2572 2874 2643 triginta
2907 2574 2957 2628 in
2978 2590 3038 2630 ea
3085 2576 3294 2633 civitate
3336 2579 3387 2633 in
3426 2594 3530 2649 qua

1948 2660 2317 2731 comprehensi
2360 2670 2500 2727 sunt,
2548 2661 2647 2716 sub
2684 2663 2953 2718 moderata
2996 2667 3232 2721 custodia
3271 2669 3529 2738 residere,

1951 2760 2060 2805 tum
2080 2762 2131 2806 nt
2149 2751 2456 2807 domesticis
2473 2752 2762 2807 rationibus
2783 2756 3080 2820 consulant,
3095 2766 3203 2810 tum
3222 2766 3276 2811 ut
3291 2769 3533 2830 sumptus

1950 2840 2049 2893 sibi
2076 2842 2403 2895 necessarios
2426 2849 2643 2911 parent;
2676 2841 2847 2910 iisque
2876 2843 3002 2898 illud
3028 2846 3206 2914 spatii,
3230 2847 3274 2900 si
3300 2862 3364 2901 eo
3398 2849 3534 2904 velle

1951 2931 2026 2985 uti
2050 2932 2367 3002 signiﬁcent,
2399 2948 2463 2987 ex
2494 2932 2608 3004 lege
2648 2948 2678 2986 a
2729 2933 3051 3001 Theodosio,
3098 2938 3254 2992 tertio
3281 2937 3537 2996 kalendas

1945 3023 2213 3093 januarias
2228 3023 2352 3078 anni
2375 3024 2729 3079 trecentesimi
2747 3026 3055 3095 octogesimi
3078 3029 3405 3100 promulgata
3426 3045 3533 3086 non

1954 3114 2132 3185 negari
2145 3112 2295 3184 (Cod.
2313 3112 2526 3179 Tlteod.,
2541 3114 2604 3168 de
2619 3113 2925 3169 Exltibendis
2936 3118 3011 3170 vel
3022 3119 3409 3175 transmittendis
3418 3120 3536 3188 reis,

1954 3206 2059 3277 lege
2087 3206 2154 3276 6)
2181 3224 2194 3257 :
2232 3205 2311 3260 sin
2339 3220 2511 3272 secus,
2542 3207 2656 3261 illos
2684 3222 2714 3261 e
2738 3208 2957 3277 vestigio
2986 3224 3106 3263 cum
3144 3213 3538 3268 accusatoribus

1954 3297 2169 3367 perduci
2199 3312 2316 3350 eum
2344 3297 2395 3350 in
2418 3297 2928 3366 locum,quijudicio
2943 3299 3011 3351 sit
3029 3299 3323 3355 destinatus
3348 3299 3536 3372 (lbid.,

1954 3390 2061 3460 lege
2084 3386 2160 3461 ὃ).
2210 3388 2376 3458 Hujus
2419 3389 2746 3459 Augustinus
2774 3389 2907 3459 legis
2932 3390 2986 3444 in
3017 3391 3251 3460 pluribus
3278 3393 3537 3463 epistolis,

1955 3495 2111 3533 unam
2135 3479 2481 3549 eamdemque
2503 3479 2571 3533 ob
2587 3493 2801 3533 causam
2825 3480 3060 3550 scriptis,
3090 3483 3330 3537 meminit
3347 3483 3538 3555 (Epist.

1957 3570 2233 3639 115-115).
2260 3569 2543 3625 Faventius
2571 3586 2696 3640 ergo
2721 3571 2931 3640 quidam
2953 3572 3213 3627 conducto
3240 3574 3395 3639 saltu,
3417 3590 3540 3630 cum

1954 3661 2022 3715 ab
2048 3661 2162 3731 ejus
2193 3674 2500 3730 possessore
2524 3660 2791 3730 quidpiam
2821 3661 2918 3715 sibi
2952 3662 3181 3730 timeret,
3223 3661 3459 3733 confugit
3486 3664 3540 3721 in

1955 3752 2231 3807 ecclesiam
2260 3751 2675 3820 IIipponeusem,
2697 3751 2869 3821 ibique
2896 3752 3150 3821 tantisper
3174 3762 3535 3809 commoratus

1955 3851 2058 3910 est,
2087 3842 2210 3897 dum
2237 3843 2502 3912 negotium
2526 3841 2669 3905 illud,
2699 3851 2911 3897 sanctus
2939 3842 3140 3896 Prmsul
3172 3852 3535 3913 componeret.

1955 3936 2035 3991 Ile
2054 3945 2229 3990 autem
2255 3950 2455 3988 moram
2487 3934 2746 4000 trahente,
2789 3934 2985 3989 sensim
3012 3932 3180 3989 lactus
3204 3935 3353 4005 quasi
3382 3951 3535 3991 secu-

1956 4029 2084 4091 rior,
2124 4029 2203 4081 sui
2244 4026 2488 4082 servandi
2528 4038 2685 4095 atque
2714 4027 2850 4079 intra
2878 4026 3072 4081 limites
3096 4028 3331 4082 ecclesia:
3364 4028 3538 4084 conti-

1959 4118 2120 4173 nendi
2146 4133 2325 4173 curam
2356 4116 2521 4172 ferme
2567 4116 2852 4185 adjeccrat.
2893 4117 3027 4171 Ilinc
3080 4116 3295 4185 factum,
3338 4127 3396 4173 ut
3420 4134 3541 4174 cum

1957 4210 2240 4281 aliquando
2268 4210 2334 4264 ab
2358 4209 2548 4275 amico,
2576 4224 2801 4279 quocum
2830 4224 2930 4264 una
2966 4219 3291 4278 cmnaverat,
3322 4211 3540 4279 rediret,

1958 4318 2077 4357 cum
2122 4301 2461 4356 Florentinus
2503 4299 2715 4370 quidam
2766 4300 2986 4355 Comitis
3043 4300 3232 4357 Africae
3274 4303 3542 4372 apparitor

1957 4409 2076 4448 cum
2100 4393 2310 4448 militari
2330 4407 2487 4446 manu
2506 4391 2867 4460 interciperet,
2889 4400 2963 4454 et,
2983 4391 3239 4447 incertum
3260 4409 3384 4463 quo,
3414 4408 3540 4463 per-

1960 4485 2209 4540 traheret.
2234 4484 2346 4551 Qua
2382 4484 2432 4536 iu
2465 4499 2521 4536 rc
2544 4497 2646 4536 non
2676 4491 2912 4538 servatas
2952 4482 3116 4540 fuisse
3155 4485 3319 4555 leges,
3350 4487 3543 4542 asserit

1958 4576 2284 4648 Augustinus
2311 4572 2500 4647 (Epist.
2527 4572 2669 4645 115).
2704 4572 2771 4639 Is,
2802 4575 2890 4629 ubi
2931 4576 3155 4645 primum
3197 4577 3412 4646 hujusce
3453 4593 3543 4633 ra-

1958 4678 2078 4738 ptus
2117 4667 2283 4720 lactus
2324 4674 2407 4719 est
2453 4665 2667 4729 certior,
2719 4666 2866 4720 illum
2913 4667 3089 4721 statim
3117 4682 3213 4736 per
3237 4668 3542 4722 scbcdulam

1958 4757 2243 4814 Cresconio
2295 4757 2525 4824 tribuno,
2570 4758 2653 4811 cui
2695 4759 2961 4826 provincia
3007 4759 3185 4812 tuendi
3229 4761 3542 4813 maritimam

1959 4864 2107 4906 oram
2137 4850 2420 4905 commissa
2452 4847 2643 4915 fuerat,
2677 4850 2932 4904 nuntiavit
2954 4850 3138 4920 (Epist.
3162 4848 3283 4921 115)
3310 4869 3320 4903 :
3348 4851 3415 4903 ab
3441 4850 3544 4906 hoc

1959 4941 2109 4998 missi
2137 4942 2338 5011 aliquot.
2360 4955 2391 4996 e
2417 4940 2546 5005 suis,
2578 4940 2705 4995 nihil
2745 4956 2988 5011 reperere
3014 4941 3212 5010 (Epist.
3243 4942 3397 5010 115).
3444 4941 3545 4996 Po-

1960 5043 2103 5090 stero
2131 5034 2217 5090 die
2242 5050 2364 5089 cum
2386 5033 2682 5096 diluxissct,
2713 5032 3020 5087 Faventium
3052 5033 3101 5085 in
3135 5032 3294 5087 domo
3319 5032 3543 5101 quadam

1962 5134 2169 5179 noctem
2217 5125 2408 5192 egisse,
2459 5138 2522 5179 ac
2545 5138 2755 5180 summo
2782 5138 2937 5177 mane
2975 5132 3176 5176 certum
3226 5122 3277 5175 in
3312 5122 3484 5177 locum
3514 5139 3545 5178 a

1961 5216 2267 5271 Florentino
2298 5215 2591 5270 traductum
2630 5214 2790 5269 fuisse
2818 5214 3140 5282 Augustinus
3159 5215 3435 5285 comperit.
3469 5216 3546 5270 Eo

1961 5308 2241 5362 confestim
2261 5308 2454 5363 direxit
2477 5324 2635 5361 mium
2662 5322 2691 5360 e
2712 5307 2820 5359 suis
2848 5306 3166 5377 presbyteris
3198 5310 3411 5363 nomine
3427 5310 3548 5364 (Σω-

1963 5400 2230 5463 lestiuum,
2260 5400 2375 5471 lege
2404 5399 2740 5469 Imperatoris
2784 5398 3116 5465 instructum,
3153 5402 3239 5471 qui
3288 5401 3549 5457 Florenti-

1968 5506 2091 5543 num
2117 5490 2185 5544 de
2217 5491 2304 5543 illa
2332 5489 2658 5544 observanda
2701 5489 3064 5558 compellaret.
3116 5491 3372 5547 [incitavit
3398 5508 3444 5548 et
3471 5494 3550 5549 le-

1962 5596 2081 5651 gem
2110 5578 2463 5646 lecstinus;
2496 5580 2589 5634 sed
2620 5596 2686 5635 ne
2707 5581 2877 5652 potuit
2910 5583 3122 5652 quidem
3160 5584 3227 5637 ab
3269 5598 3335 5638 eo
3379 5585 3548 5653 impc-

1967 5679 2130 5740 trare,
2164 5681 2219 5727 ut
2243 5670 2339 5727 sibi
2367 5673 2630 5743 captivum
2661 5672 2870 5729 videndi
2901 5682 3131 5747 potestas
3170 5675 3319 5730 fieret
3347 5673 3546 5746 (Epist.
