  <div class='ocr_page' id='page_1' title='image "/cluster/home/n/w/nwhite01/storage/ocr_20150623/32/hvd.32044015706328/209.png"; bbox 0 0 4042 6360; ppageno 0'>
   <div class='ocr_carea' id='block_1_1' title="bbox 499 234 607 292">
    <p class='ocr_par' dir='ltr' id='par_1_1' title="bbox 499 234 607 292">
     <span class='ocr_line' id='line_1_1' title="bbox 499 234 607 292; baseline -0.028 0"><span class='ocrx_word' id='word_1_1' title='bbox 499 234 607 292; x_wconf 75' lang='lat'><strong>587</strong></span> 
     </span>
    </p>
   </div>
   <div class='ocr_carea' id='block_1_2' title="bbox 505 338 2081 419">
    <p class='ocr_par' dir='ltr' id='par_1_2' title="bbox 505 338 2081 419">
     <span class='ocr_line' id='line_1_2' title="bbox 505 338 2081 419; baseline -0.009 -16"><span class='ocrx_word' id='word_1_2' title='bbox 505 347 653 419; x_wconf 72' lang='grc' dir='ltr'><strong>ιη).</strong></span> <span class='ocrx_word' id='word_1_3' title='bbox 677 344 935 403; x_wconf 84' lang='lat' dir='ltr'><strong>Postridie</strong></span> <span class='ocrx_word' id='word_1_4' title='bbox 963 343 1077 415; x_wconf 95' lang='lat' dir='ltr'><strong>ejus</strong></span> <span class='ocrx_word' id='word_1_5' title='bbox 1104 342 1208 400; x_wconf 91' lang='lat' dir='ltr'><strong>diei</strong></span> <span class='ocrx_word' id='word_1_6' title='bbox 1234 343 1433 399; x_wconf 92' lang='lat' dir='ltr'><strong>litteras</strong></span> <span class='ocrx_word' id='word_1_7' title='bbox 1454 341 1519 398; x_wconf 91' lang='lat' dir='ltr'><strong>ad</strong></span> <span class='ocrx_word' id='word_1_8' title='bbox 1539 340 1785 398; x_wconf 89' lang='lat' dir='ltr'><strong>eumdem</strong></span> <span class='ocrx_word' id='word_1_9' title='bbox 1804 338 1947 393; x_wconf 91' lang='lat' dir='ltr'><strong>misit</strong></span> <span class='ocrx_word' id='word_1_10' title='bbox 1961 350 2081 392; x_wconf 93' lang='lat' dir='ltr'><strong>cum</strong></span> 
     </span>
    </p>
   </div>
   <div class='ocr_carea' id='block_1_3' title="bbox 504 428 2086 507">
    <p class='ocr_par' dir='ltr' id='par_1_3' title="bbox 504 428 2086 507">
     <span class='ocr_line' id='line_1_3' title="bbox 504 428 2086 507; baseline -0.006 -15"><span class='ocrx_word' id='word_1_11' title='bbox 504 436 590 492; x_wconf 90' lang='lat' dir='ltr'><strong>illa</strong></span> <span class='ocrx_word' id='word_1_12' title='bbox 614 438 724 507; x_wconf 89' lang='lat' dir='ltr'><strong>ipsa</strong></span> <span class='ocrx_word' id='word_1_13' title='bbox 753 436 868 507; x_wconf 89' lang='lat' dir='ltr'><strong>lege</strong></span> <span class='ocrx_word' id='word_1_14' title='bbox 886 436 1213 506; x_wconf 86' lang='lat' dir='ltr'><strong>eonjunctas,</strong></span> <span class='ocrx_word' id='word_1_15' title='bbox 1242 448 1432 504; x_wconf 85' lang='lat' dir='ltr'><strong>rogans</strong></span> <span class='ocrx_word' id='word_1_16' title='bbox 1457 441 1510 486; x_wconf 93' lang='lat' dir='ltr'><strong>et</strong></span> <span class='ocrx_word' id='word_1_17' title='bbox 1539 447 1631 502; x_wconf 89' lang='lat' dir='ltr'><strong>per</strong></span> <span class='ocrx_word' id='word_1_18' title='bbox 1654 429 1880 502; x_wconf 73' lang='lat' dir='ltr'><strong>propria:</strong></span> <span class='ocrx_word' id='word_1_19' title='bbox 1902 428 2086 483; x_wconf 87' lang='lat' dir='ltr'><strong>existi-</strong></span> 
     </span>
    </p>
   </div>
   <div class='ocr_carea' id='block_1_4' title="bbox 507 521 2087 598">
    <p class='ocr_par' dir='ltr' id='par_1_4' title="bbox 507 521 2087 598">
     <span class='ocr_line' id='line_1_4' title="bbox 507 521 2087 598; baseline -0.006 -14"><span class='ocrx_word' id='word_1_20' title='bbox 507 530 753 584; x_wconf 84' lang='lat' dir='ltr'><strong>mationis</strong></span> <span class='ocrx_word' id='word_1_21' title='bbox 781 544 959 583; x_wconf 88' lang='lat' dir='ltr'><strong>curam</strong></span> <span class='ocrx_word' id='word_1_22' title='bbox 976 536 1023 582; x_wconf 91' lang='lat' dir='ltr'><strong>et</strong></span> <span class='ocrx_word' id='word_1_23' title='bbox 1047 543 1143 598; x_wconf 90' lang='lat' dir='ltr'><strong>per</strong></span> <span class='ocrx_word' id='word_1_24' title='bbox 1166 525 1397 581; x_wconf 90' lang='lat' dir='ltr'><strong>debitum</strong></span> <span class='ocrx_word' id='word_1_25' title='bbox 1427 523 1675 593; x_wconf 85' lang='lat' dir='ltr'><strong>Principi,</strong></span> <span class='ocrx_word' id='word_1_26' title='bbox 1701 523 1848 593; x_wconf 82' lang='lat' dir='ltr'><strong>cujus</strong></span> <span class='ocrx_word' id='word_1_27' title='bbox 1876 522 1962 576; x_wconf 88' lang='lat' dir='ltr'><strong>ille</strong></span> <span class='ocrx_word' id='word_1_28' title='bbox 1986 521 2087 576; x_wconf 90' lang='lat' dir='ltr'><strong>mi-</strong></span> 
     </span>
    </p>
   </div>
   <div class='ocr_carea' id='block_1_5' title="bbox 504 613 2084 689">
    <p class='ocr_par' dir='ltr' id='par_1_5' title="bbox 504 613 2084 689">
     <span class='ocr_line' id='line_1_5' title="bbox 504 613 2084 689; baseline -0.004 -14"><span class='ocrx_word' id='word_1_29' title='bbox 504 621 670 675; x_wconf 78' lang='lat' dir='ltr'><strong>nister</strong></span> <span class='ocrx_word' id='word_1_30' title='bbox 694 628 829 683; x_wconf 90' lang='lat' dir='ltr'><strong>erat,</strong></span> <span class='ocrx_word' id='word_1_31' title='bbox 878 618 1206 689; x_wconf 84' lang='lat' dir='ltr'><strong>obsequium,</strong></span> <span class='ocrx_word' id='word_1_32' title='bbox 1247 628 1305 672; x_wconf 93' lang='lat' dir='ltr'><strong>ut</strong></span> <span class='ocrx_word' id='word_1_33' title='bbox 1328 615 1559 687; x_wconf 92' lang='lat' dir='ltr'><strong>episcopi</strong></span> <span class='ocrx_word' id='word_1_34' title='bbox 1597 629 1808 685; x_wconf 90' lang='lat' dir='ltr'><strong>quoque</strong></span> <span class='ocrx_word' id='word_1_35' title='bbox 1857 613 2084 669; x_wconf 83' lang='lat' dir='ltr'><strong>interve-</strong></span> 
     </span>
    </p>
   </div>
   <div class='ocr_carea' id='block_1_6' title="bbox 504 705 2085 781">
    <p class='ocr_par' dir='ltr' id='par_1_6' title="bbox 504 705 2085 781">
     <span class='ocr_line' id='line_1_6' title="bbox 504 705 2085 781; baseline -0.003 -16"><span class='ocrx_word' id='word_1_36' title='bbox 504 711 701 766; x_wconf 91' lang='lat' dir='ltr'><strong>nientis</strong></span> <span class='ocrx_word' id='word_1_37' title='bbox 722 726 781 765; x_wconf 90' lang='lat' dir='ltr'><strong>ac</strong></span> <span class='ocrx_word' id='word_1_38' title='bbox 811 710 1034 781; x_wconf 82' lang='lat' dir='ltr'><strong>benigne</strong></span> <span class='ocrx_word' id='word_1_39' title='bbox 1060 709 1395 779; x_wconf 77' lang='lat' dir='ltr'><strong>deprecantis</strong></span> <span class='ocrx_word' id='word_1_40' title='bbox 1435 706 1641 761; x_wconf 85' lang='lat' dir='ltr'><strong>ratione</strong></span> <span class='ocrx_word' id='word_1_41' title='bbox 1680 705 1879 771; x_wconf 89' lang='lat' dir='ltr'><strong>habita,</strong></span> <span class='ocrx_word' id='word_1_42' title='bbox 1908 707 2085 761; x_wconf 84' lang='lat' dir='ltr'><strong>vincto</strong></span> 
     </span>
    </p>
   </div>
   <div class='ocr_carea' id='block_1_7' title="bbox 507 796 2085 871">
    <p class='ocr_par' dir='ltr' id='par_1_7' title="bbox 507 796 2085 871">
     <span class='ocr_line' id='line_1_7' title="bbox 507 796 2085 871; baseline -0.003 -16"><span class='ocrx_word' id='word_1_43' title='bbox 507 818 613 856; x_wconf 93' lang='lat' dir='ltr'><strong>non</strong></span> <span class='ocrx_word' id='word_1_44' title='bbox 644 801 948 871; x_wconf 89' lang='lat' dir='ltr'><strong>denegaret,</strong></span> <span class='ocrx_word' id='word_1_45' title='bbox 981 800 1118 870; x_wconf 92' lang='lat' dir='ltr'><strong>quod</strong></span> <span class='ocrx_word' id='word_1_46' title='bbox 1139 800 1185 855; x_wconf 92' lang='lat' dir='ltr'><strong>ei</strong></span> <span class='ocrx_word' id='word_1_47' title='bbox 1213 800 1344 869; x_wconf 91' lang='lat' dir='ltr'><strong>legis</strong></span> <span class='ocrx_word' id='word_1_48' title='bbox 1369 812 1624 853; x_wconf 88' lang='lat' dir='ltr'><strong>concessu</strong></span> <span class='ocrx_word' id='word_1_49' title='bbox 1647 796 1955 852; x_wconf 85' lang='lat' dir='ltr'><strong>debebatur.</strong></span> <span class='ocrx_word' id='word_1_50' title='bbox 2000 797 2085 852; x_wconf 88' lang='lat' dir='ltr'><strong>Si-</strong></span> 
     </span>
    </p>
   </div>
   <div class='ocr_carea' id='block_1_8' title="bbox 506 887 2087 963">
    <p class='ocr_par' dir='ltr' id='par_1_8' title="bbox 506 887 2087 963">
     <span class='ocr_line' id='line_1_8' title="bbox 506 887 2087 963; baseline -0.003 -17"><span class='ocrx_word' id='word_1_51' title='bbox 506 892 613 947; x_wconf 90' lang='lat' dir='ltr'><strong>mul</strong></span> <span class='ocrx_word' id='word_1_52' title='bbox 644 902 696 948; x_wconf 90' lang='lat' dir='ltr'><strong>et</strong></span> <span class='ocrx_word' id='word_1_53' title='bbox 720 892 873 946; x_wconf 87' lang='lat' dir='ltr'><strong>aliam</strong></span> <span class='ocrx_word' id='word_1_54' title='bbox 894 892 1192 963; x_wconf 87' lang='lat' dir='ltr'><strong>epistolam,</strong></span> <span class='ocrx_word' id='word_1_55' title='bbox 1224 890 1320 945; x_wconf 87' lang='lat' dir='ltr'><strong>nisi</strong></span> <span class='ocrx_word' id='word_1_56' title='bbox 1347 887 1480 943; x_wconf 90' lang='lat' dir='ltr'><strong>forte</strong></span> <span class='ocrx_word' id='word_1_57' title='bbox 1505 887 1674 957; x_wconf 84' lang='lat' dir='ltr'><strong>idjam</strong></span> <span class='ocrx_word' id='word_1_58' title='bbox 1691 887 1860 957; x_wconf 87' lang='lat' dir='ltr'><strong>pridie</strong></span> <span class='ocrx_word' id='word_1_59' title='bbox 1883 887 2087 958; x_wconf 63' lang='lat' dir='ltr'><strong>praesti-</strong></span> 
     </span>
    </p>
   </div>
   <div class='ocr_carea' id='block_1_9' title="bbox 506 978 2087 1050">
    <p class='ocr_par' dir='ltr' id='par_1_9' title="bbox 506 978 2087 1050">
     <span class='ocr_line' id='line_1_9' title="bbox 506 978 2087 1050; baseline -0.001 -14"><span class='ocrx_word' id='word_1_60' title='bbox 506 991 657 1049; x_wconf 85' lang='lat' dir='ltr'><strong>terat,</strong></span> <span class='ocrx_word' id='word_1_61' title='bbox 691 978 1138 1039; x_wconf 82' lang='lat' dir='ltr'><strong>deditCresconio</strong></span> <span class='ocrx_word' id='word_1_62' title='bbox 1162 980 1522 1050; x_wconf 82' lang='lat' dir='ltr'><strong>deferendam,</strong></span> <span class='ocrx_word' id='word_1_63' title='bbox 1544 979 1615 1035; x_wconf 89' lang='lat' dir='ltr'><strong>illi</strong></span> <span class='ocrx_word' id='word_1_64' title='bbox 1650 980 1895 1035; x_wconf 86' lang='lat' dir='ltr'><strong>nimirum</strong></span> <span class='ocrx_word' id='word_1_65' title='bbox 1923 979 2087 1035; x_wconf 86' lang='lat' dir='ltr'><strong>tribu-</strong></span> 
     </span>
    </p>
   </div>
   <div class='ocr_carea' id='block_1_10' title="bbox 504 1070 2083 1140">
    <p class='ocr_par' dir='ltr' id='par_1_10' title="bbox 504 1070 2083 1140">
     <span class='ocr_line' id='line_1_10' title="bbox 504 1070 2083 1140; baseline -0.002 -13"><span class='ocrx_word' id='word_1_66' title='bbox 504 1086 596 1139; x_wconf 89' lang='lat' dir='ltr'><strong>no,</strong></span> <span class='ocrx_word' id='word_1_67' title='bbox 624 1072 707 1127; x_wconf 90' lang='lat' dir='ltr'><strong>cui</strong></span> <span class='ocrx_word' id='word_1_68' title='bbox 740 1072 979 1129; x_wconf 92' lang='lat' dir='ltr'><strong>custodia</strong></span> <span class='ocrx_word' id='word_1_69' title='bbox 1025 1073 1215 1128; x_wconf 91' lang='lat' dir='ltr'><strong>littoris</strong></span> <span class='ocrx_word' id='word_1_70' title='bbox 1256 1072 1569 1127; x_wconf 84' lang='lat' dir='ltr'><strong>demandata</strong></span> <span class='ocrx_word' id='word_1_71' title='bbox 1599 1070 1797 1137; x_wconf 81' lang='lat' dir='ltr'><strong>fuerat;</strong></span> <span class='ocrx_word' id='word_1_72' title='bbox 1828 1085 1948 1124; x_wconf 88' lang='lat' dir='ltr'><strong>nam</strong></span> <span class='ocrx_word' id='word_1_73' title='bbox 1973 1070 2083 1140; x_wconf 90' lang='lat' dir='ltr'><strong>jam</strong></span> 
     </span>
    </p>
   </div>
   <div class='ocr_carea' id='block_1_11' title="bbox 503 1161 2086 1233">
    <p class='ocr_par' dir='ltr' id='par_1_11' title="bbox 503 1161 2086 1233">
     <span class='ocr_line' id='line_1_11' title="bbox 503 1161 2086 1233; baseline -0.001 -16"><span class='ocrx_word' id='word_1_74' title='bbox 503 1176 627 1220; x_wconf 87' lang='lat' dir='ltr'><strong>ante</strong></span> <span class='ocrx_word' id='word_1_75' title='bbox 656 1163 721 1218; x_wconf 89' lang='lat' dir='ltr'><strong>ad</strong></span> <span class='ocrx_word' id='word_1_76' title='bbox 748 1164 891 1217; x_wconf 92' lang='lat' dir='ltr'><strong>illum</strong></span> <span class='ocrx_word' id='word_1_77' title='bbox 915 1163 1097 1218; x_wconf 88' lang='lat' dir='ltr'><strong>eadem</strong></span> <span class='ocrx_word' id='word_1_78' title='bbox 1115 1163 1179 1217; x_wconf 89' lang='lat' dir='ltr'><strong>de</strong></span> <span class='ocrx_word' id='word_1_79' title='bbox 1198 1178 1255 1217; x_wconf 92' lang='lat' dir='ltr'><strong>re</strong></span> <span class='ocrx_word' id='word_1_80' title='bbox 1275 1162 1562 1233; x_wconf 88' lang='lat' dir='ltr'><strong>scripserat</strong></span> <span class='ocrx_word' id='word_1_81' title='bbox 1586 1162 1925 1231; x_wconf 82' lang='lat' dir='ltr'><strong>Augustinus.</strong></span> <span class='ocrx_word' id='word_1_82' title='bbox 1952 1161 2086 1216; x_wconf 80' lang='lat' dir='ltr'><strong>Huic</strong></span> 
     </span>
    </p>
   </div>
   <div class='ocr_carea' id='block_1_12' title="bbox 504 1250 2087 1323">
    <p class='ocr_par' dir='ltr' id='par_1_12' title="bbox 504 1250 2087 1323">
     <span class='ocr_line' id='line_1_12' title="bbox 504 1250 2087 1323; baseline -0.002 -16"><span class='ocrx_word' id='word_1_83' title='bbox 504 1267 665 1323; x_wconf 90' lang='lat' dir='ltr'><strong>porro</strong></span> <span class='ocrx_word' id='word_1_84' title='bbox 688 1252 937 1320; x_wconf 78' lang='lat' dir='ltr'><strong>declarat,</strong></span> <span class='ocrx_word' id='word_1_85' title='bbox 970 1268 1090 1307; x_wconf 91' lang='lat' dir='ltr'><strong>cum</strong></span> <span class='ocrx_word' id='word_1_86' title='bbox 1119 1250 1403 1306; x_wconf 87' lang='lat' dir='ltr'><strong>Faventius</strong></span> <span class='ocrx_word' id='word_1_87' title='bbox 1432 1251 1497 1305; x_wconf 92' lang='lat' dir='ltr'><strong>ad</strong></span> <span class='ocrx_word' id='word_1_88' title='bbox 1526 1250 1772 1306; x_wconf 70' lang='lat' dir='ltr'><strong>Ecclesia:</strong></span> <span class='ocrx_word' id='word_1_89' title='bbox 1801 1264 1910 1305; x_wconf 70' lang='lat' dir='ltr'><strong>suae</strong></span> <span class='ocrx_word' id='word_1_90' title='bbox 1951 1264 2087 1318; x_wconf 79' lang='lat' dir='ltr'><strong>pra:-</strong></span> 
     </span>
    </p>
   </div>
   <div class='ocr_carea' id='block_1_13' title="bbox 504 1340 2084 1413">
    <p class='ocr_par' dir='ltr' id='par_1_13' title="bbox 504 1340 2084 1413">
     <span class='ocr_line' id='line_1_13' title="bbox 504 1340 2084 1413; baseline -0.002 -15"><span class='ocrx_word' id='word_1_91' title='bbox 504 1343 695 1398; x_wconf 90' lang='lat' dir='ltr'><strong>sidium</strong></span> <span class='ocrx_word' id='word_1_92' title='bbox 721 1342 1030 1413; x_wconf 90' lang='lat' dir='ltr'><strong>confugerit,</strong></span> <span class='ocrx_word' id='word_1_93' title='bbox 1075 1342 1173 1397; x_wconf 91' lang='lat' dir='ltr'><strong>sibi</strong></span> <span class='ocrx_word' id='word_1_94' title='bbox 1201 1341 1425 1395; x_wconf 91' lang='lat' dir='ltr'><strong>liberum</strong></span> <span class='ocrx_word' id='word_1_95' title='bbox 1455 1356 1557 1395; x_wconf 87' lang='lat' dir='ltr'><strong>non</strong></span> <span class='ocrx_word' id='word_1_96' title='bbox 1584 1355 1721 1404; x_wconf 88' lang='lat' dir='ltr'><strong>esse,</strong></span> <span class='ocrx_word' id='word_1_97' title='bbox 1753 1340 1897 1395; x_wconf 92' lang='lat' dir='ltr'><strong>illum</strong></span> <span class='ocrx_word' id='word_1_98' title='bbox 1927 1340 2084 1395; x_wconf 86' lang='lat' dir='ltr'><strong>dese-</strong></span> 
     </span>
    </p>
   </div>
   <div class='ocr_carea' id='block_1_14' title="bbox 505 1431 2080 1503">
    <p class='ocr_par' dir='ltr' id='par_1_14' title="bbox 505 1431 2080 1503">
     <span class='ocr_line' id='line_1_14' title="bbox 505 1431 2080 1503; baseline -0.001 -15"><span class='ocrx_word' id='word_1_99' title='bbox 505 1449 647 1500; x_wconf 87' lang='lat' dir='ltr'><strong>rere,</strong></span> <span class='ocrx_word' id='word_1_100' title='bbox 674 1450 735 1488; x_wconf 89' lang='lat' dir='ltr'><strong>ac</strong></span> <span class='ocrx_word' id='word_1_101' title='bbox 771 1448 874 1487; x_wconf 92' lang='lat' dir='ltr'><strong>non</strong></span> <span class='ocrx_word' id='word_1_102' title='bbox 917 1432 1203 1487; x_wconf 89' lang='lat' dir='ltr'><strong>defendere</strong></span> <span class='ocrx_word' id='word_1_103' title='bbox 1242 1448 1337 1503; x_wconf 91' lang='lat' dir='ltr'><strong>pro</strong></span> <span class='ocrx_word' id='word_1_104' title='bbox 1363 1431 1563 1487; x_wconf 89' lang='lat' dir='ltr'><strong>viribus</strong></span> <span class='ocrx_word' id='word_1_105' title='bbox 1594 1448 1697 1488; x_wconf 90' lang='lat' dir='ltr'><strong>:ne</strong></span> <span class='ocrx_word' id='word_1_106' title='bbox 1724 1433 1863 1500; x_wconf 86' lang='lat' dir='ltr'><strong>apud</strong></span> <span class='ocrx_word' id='word_1_107' title='bbox 1894 1433 2080 1497; x_wconf 91' lang='lat' dir='ltr'><strong>Deum,</strong></span> 
     </span>
    </p>
   </div>
   <div class='ocr_carea' id='block_1_15' title="bbox 507 1522 2082 1594">
    <p class='ocr_par' dir='ltr' id='par_1_15' title="bbox 507 1522 2082 1594">
     <span class='ocr_line' id='line_1_15' title="bbox 507 1522 2082 1594; baseline -0.002 -15"><span class='ocrx_word' id='word_1_108' title='bbox 507 1525 615 1579; x_wconf 93' lang='lat' dir='ltr'><strong>imo</strong></span> <span class='ocrx_word' id='word_1_109' title='bbox 641 1533 695 1579; x_wconf 93' lang='lat' dir='ltr'><strong>et</strong></span> <span class='ocrx_word' id='word_1_110' title='bbox 723 1524 859 1593; x_wconf 89' lang='lat' dir='ltr'><strong>apud</strong></span> <span class='ocrx_word' id='word_1_111' title='bbox 881 1540 1001 1579; x_wconf 91' lang='lat' dir='ltr'><strong>eum</strong></span> <span class='ocrx_word' id='word_1_112' title='bbox 1042 1524 1235 1594; x_wconf 92' lang='lat' dir='ltr'><strong>ipsum,</strong></span> <span class='ocrx_word' id='word_1_113' title='bbox 1259 1540 1287 1576; x_wconf 90' lang='lat' dir='ltr'><strong>a</strong></span> <span class='ocrx_word' id='word_1_114' title='bbox 1309 1538 1413 1593; x_wconf 88' lang='lat' dir='ltr'><strong>quo</strong></span> <span class='ocrx_word' id='word_1_115' title='bbox 1442 1523 1529 1579; x_wconf 90' lang='lat' dir='ltr'><strong>ille</strong></span> <span class='ocrx_word' id='word_1_116' title='bbox 1566 1522 1944 1593; x_wconf 87' lang='lat' dir='ltr'><strong>exagitabatur,</strong></span> <span class='ocrx_word' id='word_1_117' title='bbox 1967 1523 2082 1577; x_wconf 90' lang='lat' dir='ltr'><strong>cul-</strong></span> 
     </span>
    </p>
   </div>
   <div class='ocr_carea' id='block_1_16' title="bbox 503 1614 2083 1687">
    <p class='ocr_par' dir='ltr' id='par_1_16' title="bbox 503 1614 2083 1687">
     <span class='ocr_line' id='line_1_16' title="bbox 503 1614 2083 1687; baseline -0.001 -16"><span class='ocrx_word' id='word_1_118' title='bbox 503 1632 625 1687; x_wconf 90' lang='lat' dir='ltr'><strong>pam</strong></span> <span class='ocrx_word' id='word_1_119' title='bbox 673 1617 990 1683; x_wconf 89' lang='lat' dir='ltr'><strong>incurreret;</strong></span> <span class='ocrx_word' id='word_1_120' title='bbox 1038 1616 1462 1687; x_wconf 86' lang='lat' dir='ltr'><strong>quandoquidem</strong></span> <span class='ocrx_word' id='word_1_121' title='bbox 1492 1616 1605 1686; x_wconf 89' lang='lat' dir='ltr'><strong>ipse</strong></span> <span class='ocrx_word' id='word_1_122' title='bbox 1640 1614 1781 1671; x_wconf 87' lang='lat' dir='ltr'><strong>haud</strong></span> <span class='ocrx_word' id='word_1_123' title='bbox 1822 1615 2083 1669; x_wconf 81' lang='lat' dir='ltr'><strong>immerito</strong></span> 
     </span>
    </p>
   </div>
   <div class='ocr_carea' id='block_1_17' title="bbox 503 1704 2081 1776">
    <p class='ocr_par' dir='ltr' id='par_1_17' title="bbox 503 1704 2081 1776">
     <span class='ocr_line' id='line_1_17' title="bbox 503 1704 2081 1776; baseline -0.001 -15"><span class='ocrx_word' id='word_1_124' title='bbox 503 1706 882 1776; x_wconf 84' lang='lat' dir='ltr'><strong>suspicaretur,</strong></span> <span class='ocrx_word' id='word_1_125' title='bbox 913 1720 1033 1761; x_wconf 90' lang='lat' dir='ltr'><strong>sese</strong></span> <span class='ocrx_word' id='word_1_126' title='bbox 1078 1707 1145 1761; x_wconf 91' lang='lat' dir='ltr'><strong>ab</strong></span> <span class='ocrx_word' id='word_1_127' title='bbox 1181 1705 1419 1761; x_wconf 87' lang='lat' dir='ltr'><strong>Ecclesia</strong></span> <span class='ocrx_word' id='word_1_128' title='bbox 1454 1706 1650 1775; x_wconf 90' lang='lat' dir='ltr'><strong>pariter</strong></span> <span class='ocrx_word' id='word_1_129' title='bbox 1691 1704 2081 1761; x_wconf 87' lang='lat' dir='ltr'><strong>destituendum</strong></span> 
     </span>
    </p>
   </div>
   <div class='ocr_carea' id='block_1_18' title="bbox 503 1796 2077 1867">
    <p class='ocr_par' dir='ltr' id='par_1_18' title="bbox 503 1796 2077 1867">
     <span class='ocr_line' id='line_1_18' title="bbox 503 1796 2077 1867; baseline 0 -16"><span class='ocrx_word' id='word_1_130' title='bbox 503 1796 688 1863; x_wconf 88' lang='lat' dir='ltr'><strong>fuisse,</strong></span> <span class='ocrx_word' id='word_1_131' title='bbox 729 1798 772 1852; x_wconf 89' lang='lat' dir='ltr'><strong>si</strong></span> <span class='ocrx_word' id='word_1_132' title='bbox 798 1797 863 1852; x_wconf 90' lang='lat' dir='ltr'><strong>ad</strong></span> <span class='ocrx_word' id='word_1_133' title='bbox 888 1812 1006 1852; x_wconf 89' lang='lat' dir='ltr'><strong>eam</strong></span> <span class='ocrx_word' id='word_1_134' title='bbox 1031 1797 1189 1851; x_wconf 88' lang='lat' dir='ltr'><strong>simili</strong></span> <span class='ocrx_word' id='word_1_135' title='bbox 1213 1798 1263 1851; x_wconf 91' lang='lat' dir='ltr'><strong>in</strong></span> <span class='ocrx_word' id='word_1_136' title='bbox 1290 1812 1416 1851; x_wconf 87' lang='lat' dir='ltr'><strong>casu</strong></span> <span class='ocrx_word' id='word_1_137' title='bbox 1445 1796 1728 1867; x_wconf 85' lang='lat' dir='ltr'><strong>confugere</strong></span> <span class='ocrx_word' id='word_1_138' title='bbox 1752 1798 2077 1867; x_wconf 85' lang='lat' dir='ltr'><strong>contigisset.</strong></span> 
     </span>
    </p>
   </div>
   <div class='ocr_carea' id='block_1_19' title="bbox 503 1884 2080 1957">
    <p class='ocr_par' dir='ltr' id='par_1_19' title="bbox 503 1884 2080 1957">
     <span class='ocr_line' id='line_1_19' title="bbox 503 1884 2080 1957; baseline 0 -16"><span class='ocrx_word' id='word_1_139' title='bbox 503 1884 645 1957; x_wconf 83' lang='lat' dir='ltr'><strong>Ergo</strong></span> <span class='ocrx_word' id='word_1_140' title='bbox 675 1902 795 1941; x_wconf 91' lang='lat' dir='ltr'><strong>eum</strong></span> <span class='ocrx_word' id='word_1_141' title='bbox 823 1896 991 1957; x_wconf 90' lang='lat' dir='ltr'><strong>rogat,</strong></span> <span class='ocrx_word' id='word_1_142' title='bbox 1024 1895 1080 1940; x_wconf 92' lang='lat' dir='ltr'><strong>ut</strong></span> <span class='ocrx_word' id='word_1_143' title='bbox 1107 1886 1205 1940; x_wconf 91' lang='lat' dir='ltr'><strong>sibi</strong></span> <span class='ocrx_word' id='word_1_144' title='bbox 1232 1885 1449 1941; x_wconf 87' lang='lat' dir='ltr'><strong>accedat</strong></span> <span class='ocrx_word' id='word_1_145' title='bbox 1488 1886 1768 1955; x_wconf 86' lang='lat' dir='ltr'><strong>postulanti</strong></span> <span class='ocrx_word' id='word_1_146' title='bbox 1799 1902 1829 1941; x_wconf 88' lang='lat' dir='ltr'><strong>a</strong></span> <span class='ocrx_word' id='word_1_147' title='bbox 1858 1886 2080 1941; x_wconf 86' lang='lat' dir='ltr'><strong>Floren-</strong></span> 
     </span>
    </p>
   </div>
   <div class='ocr_carea' id='block_1_20' title="bbox 504 1976 2083 2047">
    <p class='ocr_par' dir='ltr' id='par_1_20' title="bbox 504 1976 2083 2047">
     <span class='ocr_line' id='line_1_20' title="bbox 504 1976 2083 2047; baseline 0.001 -18"><span class='ocrx_word' id='word_1_148' title='bbox 504 1977 616 2030; x_wconf 85' lang='lat' dir='ltr'><strong>tino</strong></span> <span class='ocrx_word' id='word_1_149' title='bbox 631 1977 949 2047; x_wconf 87' lang='lat' dir='ltr'><strong>apparitore,</strong></span> <span class='ocrx_word' id='word_1_150' title='bbox 972 1992 1038 2031; x_wconf 89' lang='lat' dir='ltr'><strong>ne</strong></span> <span class='ocrx_word' id='word_1_151' title='bbox 1063 1977 1324 2045; x_wconf 85' lang='lat' dir='ltr'><strong>captivum</strong></span> <span class='ocrx_word' id='word_1_152' title='bbox 1351 1976 1608 2031; x_wconf 85' lang='lat' dir='ltr'><strong>beneficio</strong></span> <span class='ocrx_word' id='word_1_153' title='bbox 1635 1976 1763 2046; x_wconf 80' lang='lat' dir='ltr'><strong>legis</strong></span> <span class='ocrx_word' id='word_1_154' title='bbox 1793 1977 1865 2031; x_wconf 88' lang='lat' dir='ltr'><strong>uti</strong></span> <span class='ocrx_word' id='word_1_155' title='bbox 1903 1977 2083 2046; x_wconf 80' lang='lat' dir='ltr'><strong>prohi-</strong></span> 
     </span>
    </p>
   </div>
   <div class='ocr_carea' id='block_1_21' title="bbox 506 2066 2080 2138">
    <p class='ocr_par' dir='ltr' id='par_1_21' title="bbox 506 2066 2080 2138">
     <span class='ocr_line' id='line_1_21' title="bbox 506 2066 2080 2138; baseline 0.003 -18"><span class='ocrx_word' id='word_1_156' title='bbox 506 2066 662 2129; x_wconf 90' lang='lat' dir='ltr'><strong>beat;</strong></span> <span class='ocrx_word' id='word_1_157' title='bbox 693 2082 908 2136; x_wconf 90' lang='lat' dir='ltr'><strong>sperare</strong></span> <span class='ocrx_word' id='word_1_158' title='bbox 952 2068 1090 2121; x_wconf 92' lang='lat' dir='ltr'><strong>enim</strong></span> <span class='ocrx_word' id='word_1_159' title='bbox 1121 2081 1199 2133; x_wconf 90' lang='lat' dir='ltr'><strong>se,</strong></span> <span class='ocrx_word' id='word_1_160' title='bbox 1225 2081 1339 2121; x_wconf 88' lang='lat' dir='ltr'><strong>rem</strong></span> <span class='ocrx_word' id='word_1_161' title='bbox 1361 2066 1529 2121; x_wconf 87' lang='lat' dir='ltr'><strong>amice</strong></span> <span class='ocrx_word' id='word_1_162' title='bbox 1555 2067 1689 2120; x_wconf 89' lang='lat' dir='ltr'><strong>intra</strong></span> <span class='ocrx_word' id='word_1_163' title='bbox 1719 2066 1844 2121; x_wconf 91' lang='lat' dir='ltr'><strong>illud</strong></span> <span class='ocrx_word' id='word_1_164' title='bbox 1872 2068 2080 2138; x_wconf 82' lang='lat' dir='ltr'><strong>triginta</strong></span> 
     </span>
    </p>
   </div>
   <div class='ocr_carea' id='block_1_22' title="bbox 505 2147 2079 2221">
    <p class='ocr_par' dir='ltr' id='par_1_22' title="bbox 505 2147 2079 2221">
     <span class='ocr_line' id='line_1_22' title="bbox 505 2147 2079 2221; baseline 0.002 -18"><span class='ocrx_word' id='word_1_165' title='bbox 505 2149 707 2204; x_wconf 86' lang='lat' dir='ltr'><strong>dierum</strong></span> <span class='ocrx_word' id='word_1_166' title='bbox 733 2150 955 2218; x_wconf 87' lang='lat' dir='ltr'><strong>spatium</strong></span> <span class='ocrx_word' id='word_1_167' title='bbox 989 2164 1141 2219; x_wconf 89' lang='lat' dir='ltr'><strong>posse</strong></span> <span class='ocrx_word' id='word_1_168' title='bbox 1169 2149 1411 2218; x_wconf 88' lang='lat' dir='ltr'><strong>componi</strong></span> <span class='ocrx_word' id='word_1_169' title='bbox 1443 2147 1649 2218; x_wconf 84' lang='lat' dir='ltr'><strong>(Epist.</strong></span> <span class='ocrx_word' id='word_1_170' title='bbox 1680 2150 1837 2221; x_wconf 78' lang='grc'><strong>115).</strong></span> <span class='ocrx_word' id='word_1_171' title='bbox 1885 2150 2079 2206; x_wconf 85' lang='lat' dir='ltr'><strong>Verum</strong></span> 
     </span>
    </p>
   </div>
   <div class='ocr_carea' id='block_1_23' title="bbox 507 2236 2081 2311">
    <p class='ocr_par' dir='ltr' id='par_1_23' title="bbox 507 2236 2081 2311">
     <span class='ocr_line' id='line_1_23' title="bbox 507 2236 2081 2311; baseline 0.003 -20"><span class='ocrx_word' id='word_1_172' title='bbox 507 2238 681 2292; x_wconf 89' lang='lat' dir='ltr'><strong>omnis</strong></span> <span class='ocrx_word' id='word_1_173' title='bbox 711 2237 822 2306; x_wconf 90' lang='lat' dir='ltr'><strong>ejus</strong></span> <span class='ocrx_word' id='word_1_174' title='bbox 852 2238 1116 2306; x_wconf 72' lang='lat' dir='ltr'><strong>ddigentia</strong></span> <span class='ocrx_word' id='word_1_175' title='bbox 1167 2236 1357 2291; x_wconf 88' lang='lat' dir='ltr'><strong>frustra</strong></span> <span class='ocrx_word' id='word_1_176' title='bbox 1396 2236 1509 2292; x_wconf 91' lang='lat' dir='ltr'><strong>fuit.</strong></span> <span class='ocrx_word' id='word_1_177' title='bbox 1539 2237 1747 2293; x_wconf 85' lang='lat' dir='ltr'><strong>Etenim</strong></span> <span class='ocrx_word' id='word_1_178' title='bbox 1774 2240 1913 2293; x_wconf 90' lang='lat' dir='ltr'><strong>nulla</strong></span> <span class='ocrx_word' id='word_1_179' title='bbox 1952 2240 2081 2311; x_wconf 85' lang='lat' dir='ltr'><strong>legis</strong></span> 
     </span>
    </p>
   </div>
   <div class='ocr_carea' id='block_1_24' title="bbox 504 2326 2078 2393">
    <p class='ocr_par' dir='ltr' id='par_1_24' title="bbox 504 2326 2078 2393">
     <span class='ocr_line' id='line_1_24' title="bbox 504 2326 2078 2393; baseline 0.003 -12"><span class='ocrx_word' id='word_1_180' title='bbox 504 2328 708 2381; x_wconf 86' lang='lat' dir='ltr'><strong>ratione</strong></span> <span class='ocrx_word' id='word_1_181' title='bbox 727 2327 921 2393; x_wconf 88' lang='lat' dir='ltr'><strong>habita,</strong></span> <span class='ocrx_word' id='word_1_182' title='bbox 942 2326 1274 2382; x_wconf 89' lang='lat' dir='ltr'><strong>Florentinus</strong></span> <span class='ocrx_word' id='word_1_183' title='bbox 1296 2328 1438 2381; x_wconf 92' lang='lat' dir='ltr'><strong>illum</strong></span> <span class='ocrx_word' id='word_1_184' title='bbox 1470 2328 1521 2382; x_wconf 91' lang='lat' dir='ltr'><strong>in</strong></span> <span class='ocrx_word' id='word_1_185' title='bbox 1544 2330 1878 2384; x_wconf 88' lang='lat' dir='ltr'><strong>remotiorem</strong></span> <span class='ocrx_word' id='word_1_186' title='bbox 1906 2330 2078 2385; x_wconf 90' lang='lat' dir='ltr'><strong>locum</strong></span> 
     </span>
    </p>
   </div>
   <div class='ocr_carea' id='block_1_25' title="bbox 504 2414 2077 2485">
    <p class='ocr_par' dir='ltr' id='par_1_25' title="bbox 504 2414 2077 2485">
     <span class='ocr_line' id='line_1_25' title="bbox 504 2414 2077 2485; baseline 0.004 -17"><span class='ocrx_word' id='word_1_187' title='bbox 504 2415 759 2481; x_wconf 73' lang='lat' dir='ltr'><strong>deduxit;</strong></span> <span class='ocrx_word' id='word_1_188' title='bbox 790 2430 915 2485; x_wconf 89' lang='lat' dir='ltr'><strong>quo,</strong></span> <span class='ocrx_word' id='word_1_189' title='bbox 962 2415 1034 2470; x_wconf 89' lang='lat' dir='ltr'><strong>uti</strong></span> <span class='ocrx_word' id='word_1_190' title='bbox 1072 2416 1331 2472; x_wconf 91' lang='lat' dir='ltr'><strong>creditum</strong></span> <span class='ocrx_word' id='word_1_191' title='bbox 1373 2428 1474 2484; x_wconf 87' lang='lat' dir='ltr'><strong>est,</strong></span> <span class='ocrx_word' id='word_1_192' title='bbox 1521 2417 1798 2473; x_wconf 86' lang='lat' dir='ltr'><strong>sisteretur</strong></span> <span class='ocrx_word' id='word_1_193' title='bbox 1833 2414 2077 2475; x_wconf 88' lang='lat' dir='ltr'><strong>tribunali</strong></span> 
     </span>
    </p>
   </div>
   <div class='ocr_carea' id='block_1_26' title="bbox 503 2505 2079 2576">
    <p class='ocr_par' dir='ltr' id='par_1_26' title="bbox 503 2505 2079 2576">
     <span class='ocr_line' id='line_1_26' title="bbox 503 2505 2079 2576; baseline 0.004 -15"><span class='ocrx_word' id='word_1_194' title='bbox 503 2505 761 2561; x_wconf 76' lang='lat' dir='ltr'><strong>Numidia:</strong></span> <span class='ocrx_word' id='word_1_195' title='bbox 799 2507 1112 2561; x_wconf 89' lang='lat' dir='ltr'><strong>consularis.</strong></span> <span class='ocrx_word' id='word_1_196' title='bbox 1168 2507 1301 2561; x_wconf 86' lang='lat' dir='ltr'><strong>Huic</strong></span> <span class='ocrx_word' id='word_1_197' title='bbox 1329 2523 1517 2563; x_wconf 90' lang='lat' dir='ltr'><strong>nomen</strong></span> <span class='ocrx_word' id='word_1_198' title='bbox 1545 2517 1658 2563; x_wconf 89' lang='lat' dir='ltr'><strong>erat</strong></span> <span class='ocrx_word' id='word_1_199' title='bbox 1682 2508 1985 2576; x_wconf 86' lang='lat' dir='ltr'><strong>Generoso;</strong></span> <span class='ocrx_word' id='word_1_200' title='bbox 2017 2526 2079 2568; x_wconf 90' lang='lat' dir='ltr'><strong>ac</strong></span> 
     </span>
    </p>
   </div>
   <div class='ocr_carea' id='block_1_27' title="bbox 502 2597 2078 2671">
    <p class='ocr_par' dir='ltr' id='par_1_27' title="bbox 502 2597 2078 2671">
     <span class='ocr_line' id='line_1_27' title="bbox 502 2597 2078 2671; baseline 0.002 -18"><span class='ocrx_word' id='word_1_201' title='bbox 502 2613 626 2653; x_wconf 90' lang='lat' dir='ltr'><strong>cum</strong></span> <span class='ocrx_word' id='word_1_202' title='bbox 656 2597 894 2653; x_wconf 88' lang='lat' dir='ltr'><strong>ferebant</strong></span> <span class='ocrx_word' id='word_1_203' title='bbox 930 2600 1177 2668; x_wconf 67' lang='lat' dir='ltr'><strong>aequitate</strong></span> <span class='ocrx_word' id='word_1_204' title='bbox 1204 2613 1409 2652; x_wconf 90' lang='lat' dir='ltr'><strong>summa</strong></span> <span class='ocrx_word' id='word_1_205' title='bbox 1434 2608 1589 2668; x_wconf 89' lang='lat' dir='ltr'><strong>atque</strong></span> <span class='ocrx_word' id='word_1_206' title='bbox 1614 2600 1911 2670; x_wconf 85' lang='lat' dir='ltr'><strong>integritate</strong></span> <span class='ocrx_word' id='word_1_207' title='bbox 1935 2601 2078 2671; x_wconf 89' lang='lat' dir='ltr'><strong>judi-</strong></span> 
     </span>
    </p>
   </div>
   <div class='ocr_carea' id='block_1_28' title="bbox 501 2687 2079 2761">
    <p class='ocr_par' dir='ltr' id='par_1_28' title="bbox 501 2687 2079 2761">
     <span class='ocr_line' id='line_1_28' title="bbox 501 2687 2079 2761; baseline 0.003 -20"><span class='ocrx_word' id='word_1_208' title='bbox 501 2702 647 2742; x_wconf 91' lang='lat' dir='ltr'><strong>cem:</strong></span> <span class='ocrx_word' id='word_1_209' title='bbox 673 2687 766 2742; x_wconf 91' lang='lat' dir='ltr'><strong>sed</strong></span> <span class='ocrx_word' id='word_1_210' title='bbox 792 2703 910 2741; x_wconf 92' lang='lat' dir='ltr'><strong>cum</strong></span> <span class='ocrx_word' id='word_1_211' title='bbox 932 2687 1185 2742; x_wconf 87' lang='lat' dir='ltr'><strong>Faventio</strong></span> <span class='ocrx_word' id='word_1_212' title='bbox 1210 2702 1296 2742; x_wconf 91' lang='lat' dir='ltr'><strong>res</strong></span> <span class='ocrx_word' id='word_1_213' title='bbox 1316 2696 1455 2742; x_wconf 87' lang='lat' dir='ltr'><strong>esset</strong></span> <span class='ocrx_word' id='word_1_214' title='bbox 1469 2703 1588 2742; x_wconf 92' lang='lat' dir='ltr'><strong>cum</strong></span> <span class='ocrx_word' id='word_1_215' title='bbox 1607 2688 1821 2745; x_wconf 82' lang='lat' dir='ltr'><strong>homine</strong></span> <span class='ocrx_word' id='word_1_216' title='bbox 1839 2693 2079 2761; x_wconf 89' lang='lat' dir='ltr'><strong>pecunio-</strong></span> 
     </span>
    </p>
   </div>
   <div class='ocr_carea' id='block_1_29' title="bbox 500 2776 2077 2851">
    <p class='ocr_par' dir='ltr' id='par_1_29' title="bbox 500 2776 2077 2851">
     <span class='ocr_line' id='line_1_29' title="bbox 500 2776 2077 2851; baseline 0.004 -20"><span class='ocrx_word' id='word_1_217' title='bbox 500 2777 734 2843; x_wconf 85' lang='lat' dir='ltr'><strong>sissimo,</strong></span> <span class='ocrx_word' id='word_1_218' title='bbox 762 2776 1033 2831; x_wconf 91' lang='lat' dir='ltr'><strong>subtimuit</strong></span> <span class='ocrx_word' id='word_1_219' title='bbox 1062 2776 1151 2831; x_wconf 85' lang='lat' dir='ltr'><strong>Vir</strong></span> <span class='ocrx_word' id='word_1_220' title='bbox 1178 2786 1411 2843; x_wconf 89' lang='lat' dir='ltr'><strong>sanctus,</strong></span> <span class='ocrx_word' id='word_1_221' title='bbox 1434 2792 1501 2833; x_wconf 87' lang='lat' dir='ltr'><strong>ne</strong></span> <span class='ocrx_word' id='word_1_222' title='bbox 1524 2778 1648 2848; x_wconf 91' lang='lat' dir='ltr'><strong>quid</strong></span> <span class='ocrx_word' id='word_1_223' title='bbox 1675 2779 1762 2835; x_wconf 91' lang='lat' dir='ltr'><strong>ille</strong></span> <span class='ocrx_word' id='word_1_224' title='bbox 1786 2791 1977 2851; x_wconf 61' lang='lat' dir='ltr'><strong>praeter</strong></span> <span class='ocrx_word' id='word_1_225' title='bbox 2002 2782 2077 2838; x_wconf 89' lang='lat' dir='ltr'><strong>fas</strong></span> 
     </span>
    </p>
   </div>
   <div class='ocr_carea' id='block_1_30' title="bbox 500 2865 2077 2943">
    <p class='ocr_par' dir='ltr' id='par_1_30' title="bbox 500 2865 2077 2943">
     <span class='ocr_line' id='line_1_30' title="bbox 500 2865 2077 2943; baseline 0.005 -23"><span class='ocrx_word' id='word_1_226' title='bbox 500 2874 555 2921; x_wconf 87' lang='lat' dir='ltr'><strong>et</strong></span> <span class='ocrx_word' id='word_1_227' title='bbox 574 2882 781 2937; x_wconf 63' lang='lat' dir='ltr'><strong>aequum</strong></span> <span class='ocrx_word' id='word_1_228' title='bbox 806 2874 1069 2936; x_wconf 89' lang='lat' dir='ltr'><strong>pateretur</strong></span> <span class='ocrx_word' id='word_1_229' title='bbox 1093 2867 1161 2922; x_wconf 89' lang='lat' dir='ltr'><strong>ab</strong></span> <span class='ocrx_word' id='word_1_230' title='bbox 1198 2865 1450 2923; x_wconf 88' lang='lat' dir='ltr'><strong>Generosi</strong></span> <span class='ocrx_word' id='word_1_231' title='bbox 1484 2870 1757 2926; x_wconf 84' lang='lat' dir='ltr'><strong>ministris.</strong></span> <span class='ocrx_word' id='word_1_232' title='bbox 1803 2872 1983 2943; x_wconf 85' lang='lat' dir='ltr'><strong>Itaque</strong></span> <span class='ocrx_word' id='word_1_233' title='bbox 2009 2873 2077 2928; x_wconf 91' lang='lat' dir='ltr'><strong>ad</strong></span> 
     </span>
    </p>
   </div>
   <div class='ocr_carea' id='block_1_31' title="bbox 499 2957 2076 3033">
    <p class='ocr_par' dir='ltr' id='par_1_31' title="bbox 499 2957 2076 3033">
     <span class='ocr_line' id='line_1_31' title="bbox 499 2957 2076 3033; baseline 0.004 -20"><span class='ocrx_word' id='word_1_234' title='bbox 499 2973 622 3013; x_wconf 86' lang='lat' dir='ltr'><strong>eum</strong></span> <span class='ocrx_word' id='word_1_235' title='bbox 648 2972 807 3028; x_wconf 83' lang='lat' dir='ltr'><strong>super</strong></span> <span class='ocrx_word' id='word_1_236' title='bbox 821 2973 881 3011; x_wconf 91' lang='lat' dir='ltr'><strong>ea</strong></span> <span class='ocrx_word' id='word_1_237' title='bbox 903 2973 962 3012; x_wconf 92' lang='lat' dir='ltr'><strong>re</strong></span> <span class='ocrx_word' id='word_1_238' title='bbox 986 2958 1186 3012; x_wconf 88' lang='lat' dir='ltr'><strong>litteras</strong></span> <span class='ocrx_word' id='word_1_239' title='bbox 1210 2957 1357 3013; x_wconf 84' lang='lat' dir='ltr'><strong>dedit</strong></span> <span class='ocrx_word' id='word_1_240' title='bbox 1379 2958 1567 3031; x_wconf 86' lang='lat' dir='ltr'><strong>(Epist.</strong></span> <span class='ocrx_word' id='word_1_241' title='bbox 1596 2961 1742 3033; x_wconf 79' lang='grc'><strong>116),</strong></span> <span class='ocrx_word' id='word_1_242' title='bbox 1775 2978 1873 3018; x_wconf 91' lang='lat' dir='ltr'><strong>nec</strong></span> <span class='ocrx_word' id='word_1_243' title='bbox 1902 2973 2076 3020; x_wconf 89' lang='lat' dir='ltr'><strong>tamen</strong></span> 
     </span>
    </p>
   </div>
   <div class='ocr_carea' id='block_1_32' title="bbox 499 3047 2077 3120">
    <p class='ocr_par' dir='ltr' id='par_1_32' title="bbox 499 3047 2077 3120">
     <span class='ocr_line' id='line_1_32' title="bbox 499 3047 2077 3120; baseline 0.005 -18"><span class='ocrx_word' id='word_1_244' title='bbox 499 3049 744 3117; x_wconf 79' lang='lat' dir='ltr'><strong>exposuit</strong></span> <span class='ocrx_word' id='word_1_245' title='bbox 768 3048 891 3119; x_wconf 90' lang='lat' dir='ltr'><strong>quid</strong></span> <span class='ocrx_word' id='word_1_246' title='bbox 916 3047 1015 3102; x_wconf 90' lang='lat' dir='ltr'><strong>hoc</strong></span> <span class='ocrx_word' id='word_1_247' title='bbox 1039 3056 1180 3103; x_wconf 90' lang='lat' dir='ltr'><strong>esset</strong></span> <span class='ocrx_word' id='word_1_248' title='bbox 1204 3050 1419 3118; x_wconf 84' lang='lat' dir='ltr'><strong>negotii,</strong></span> <span class='ocrx_word' id='word_1_249' title='bbox 1445 3065 1633 3120; x_wconf 89' lang='lat' dir='ltr'><strong>rogans</strong></span> <span class='ocrx_word' id='word_1_250' title='bbox 1660 3060 1768 3107; x_wconf 89' lang='lat' dir='ltr'><strong>uta</strong></span> <span class='ocrx_word' id='word_1_251' title='bbox 1788 3053 2077 3111; x_wconf 88' lang='lat' dir='ltr'><strong>Fortunato</strong></span> 
     </span>
    </p>
   </div>
   <div class='ocr_carea' id='block_1_33' title="bbox 498 3140 2076 3216">
    <p class='ocr_par' dir='ltr' id='par_1_33' title="bbox 498 3140 2076 3216">
     <span class='ocr_line' id='line_1_33' title="bbox 498 3140 2076 3216; baseline 0.005 -23"><span class='ocrx_word' id='word_1_252' title='bbox 498 3140 727 3195; x_wconf 86' lang='lat' dir='ltr'><strong>Cirtensi</strong></span> <span class='ocrx_word' id='word_1_253' title='bbox 754 3141 1023 3210; x_wconf 89' lang='lat' dir='ltr'><strong>episcopo,</strong></span> <span class='ocrx_word' id='word_1_254' title='bbox 1054 3140 1205 3209; x_wconf 89' lang='lat' dir='ltr'><strong>cujus</strong></span> <span class='ocrx_word' id='word_1_255' title='bbox 1243 3141 1331 3197; x_wconf 91' lang='lat' dir='ltr'><strong>ille</strong></span> <span class='ocrx_word' id='word_1_256' title='bbox 1372 3142 1613 3198; x_wconf 89' lang='lat' dir='ltr'><strong>manibus</strong></span> <span class='ocrx_word' id='word_1_257' title='bbox 1649 3144 1781 3200; x_wconf 88' lang='lat' dir='ltr'><strong>banc</strong></span> <span class='ocrx_word' id='word_1_258' title='bbox 1801 3143 2076 3216; x_wconf 88' lang='lat' dir='ltr'><strong>epistolam</strong></span> 
     </span>
    </p>
   </div>
   <div class='ocr_carea' id='block_1_34' title="bbox 498 3229 2079 3303">
    <p class='ocr_par' dir='ltr' id='par_1_34' title="bbox 498 3229 2079 3303">
     <span class='ocr_line' id='line_1_34' title="bbox 498 3229 2079 3303; baseline 0.004 -17"><span class='ocrx_word' id='word_1_259' title='bbox 498 3240 812 3301; x_wconf 89' lang='lat' dir='ltr'><strong>accepturus</strong></span> <span class='ocrx_word' id='word_1_260' title='bbox 831 3238 963 3296; x_wconf 81' lang='lat' dir='ltr'><strong>erat,</strong></span> <span class='ocrx_word' id='word_1_261' title='bbox 999 3237 1055 3284; x_wconf 94' lang='lat' dir='ltr'><strong>et</strong></span> <span class='ocrx_word' id='word_1_262' title='bbox 1073 3229 1136 3285; x_wconf 91' lang='lat' dir='ltr'><strong>ad</strong></span> <span class='ocrx_word' id='word_1_263' title='bbox 1166 3246 1321 3301; x_wconf 91' lang='lat' dir='ltr'><strong>quem</strong></span> <span class='ocrx_word' id='word_1_264' title='bbox 1347 3233 1500 3287; x_wconf 84' lang='lat' dir='ltr'><strong>aliam</strong></span> <span class='ocrx_word' id='word_1_265' title='bbox 1528 3234 1639 3303; x_wconf 90' lang='lat' dir='ltr'><strong>ipse</strong></span> <span class='ocrx_word' id='word_1_266' title='bbox 1666 3235 1884 3291; x_wconf 88' lang='lat' dir='ltr'><strong>miserat</strong></span> <span class='ocrx_word' id='word_1_267' title='bbox 1905 3238 2079 3293; x_wconf 87' lang='lat' dir='ltr'><strong>eidem</strong></span> 
     </span>
    </p>
   </div>
   <div class='ocr_carea' id='block_1_35' title="bbox 500 3322 2079 3388">
    <p class='ocr_par' dir='ltr' id='par_1_35' title="bbox 500 3322 2079 3388">
     <span class='ocr_line' id='line_1_35' title="bbox 500 3322 2079 3388; baseline 0.004 -8"><span class='ocrx_word' id='word_1_268' title='bbox 500 3325 772 3380; x_wconf 86' lang='lat' dir='ltr'><strong>Ceneroso</strong></span> <span class='ocrx_word' id='word_1_269' title='bbox 810 3323 1155 3388; x_wconf 78' lang='lat' dir='ltr'><strong>recitandum,</strong></span> <span class='ocrx_word' id='word_1_270' title='bbox 1182 3322 1249 3377; x_wconf 91' lang='lat' dir='ltr'><strong>de</strong></span> <span class='ocrx_word' id='word_1_271' title='bbox 1272 3332 1379 3377; x_wconf 84' lang='lat' dir='ltr'><strong>tota</strong></span> <span class='ocrx_word' id='word_1_272' title='bbox 1410 3324 1509 3379; x_wconf 88' lang='lat' dir='ltr'><strong>hac</strong></span> <span class='ocrx_word' id='word_1_273' title='bbox 1534 3341 1689 3381; x_wconf 89' lang='lat' dir='ltr'><strong>causa</strong></span> <span class='ocrx_word' id='word_1_274' title='bbox 1718 3327 1895 3383; x_wconf 89' lang='lat' dir='ltr'><strong>doceri</strong></span> <span class='ocrx_word' id='word_1_275' title='bbox 1920 3344 1980 3384; x_wconf 85' lang='lat' dir='ltr'><strong>se</strong></span> <span class='ocrx_word' id='word_1_276' title='bbox 2011 3345 2079 3387; x_wconf 89' lang='lat' dir='ltr'><strong>ne</strong></span> 
     </span>
    </p>
   </div>
   <div class='ocr_carea' id='block_1_36' title="bbox 499 3412 2077 3485">
    <p class='ocr_par' dir='ltr' id='par_1_36' title="bbox 499 3412 2077 3485">
     <span class='ocr_line' id='line_1_36' title="bbox 499 3412 2077 3485; baseline 0.003 -17"><span class='ocrx_word' id='word_1_277' title='bbox 499 3413 1011 3485; x_wconf 87' lang='lat' dir='ltr'><strong>gravaretur(Epist.</strong></span> <span class='ocrx_word' id='word_1_278' title='bbox 1040 3413 1183 3484; x_wconf 76' lang='grc'><strong>115).</strong></span> <span class='ocrx_word' id='word_1_279' title='bbox 1208 3412 1442 3484; x_wconf 84' lang='lat' dir='ltr'><strong>Epistula</strong></span> <span class='ocrx_word' id='word_1_280' title='bbox 1470 3415 1626 3485; x_wconf 86' lang='lat' dir='ltr'><strong>igitur</strong></span> <span class='ocrx_word' id='word_1_281' title='bbox 1664 3416 1956 3474; x_wconf 87' lang='lat' dir='ltr'><strong>Fortunato</strong></span> <span class='ocrx_word' id='word_1_282' title='bbox 1992 3420 2077 3473; x_wconf 81' lang='lat' dir='ltr'><strong>in-</strong></span> 
     </span>
    </p>
   </div>
   <div class='ocr_carea' id='block_1_37' title="bbox 500 3505 2081 3578">
    <p class='ocr_par' dir='ltr' id='par_1_37' title="bbox 500 3505 2081 3578">
     <span class='ocr_line' id='line_1_37' title="bbox 500 3505 2081 3578; baseline 0.003 -18"><span class='ocrx_word' id='word_1_283' title='bbox 500 3506 695 3575; x_wconf 85' lang='lat' dir='ltr'><strong>scripta</strong></span> <span class='ocrx_word' id='word_1_284' title='bbox 728 3514 889 3559; x_wconf 92' lang='lat' dir='ltr'><strong>totam</strong></span> <span class='ocrx_word' id='word_1_285' title='bbox 913 3505 991 3559; x_wconf 89' lang='lat' dir='ltr'><strong>rei</strong></span> <span class='ocrx_word' id='word_1_286' title='bbox 1027 3505 1219 3558; x_wconf 88' lang='lat' dir='ltr'><strong>seriem</strong></span> <span class='ocrx_word' id='word_1_287' title='bbox 1240 3505 1471 3571; x_wconf 88' lang='lat' dir='ltr'><strong>exhibet,</strong></span> <span class='ocrx_word' id='word_1_288' title='bbox 1498 3506 1858 3578; x_wconf 78' lang='lat' dir='ltr'><strong>significatque</strong></span> <span class='ocrx_word' id='word_1_289' title='bbox 1883 3524 2081 3578; x_wconf 89' lang='lat' dir='ltr'><strong>cupere</strong></span> 
     </span>
    </p>
   </div>
   <div class='ocr_carea' id='block_1_38' title="bbox 500 3598 2083 3669">
    <p class='ocr_par' dir='ltr' id='par_1_38' title="bbox 500 3598 2083 3669">
     <span class='ocr_line' id='line_1_38' title="bbox 500 3598 2083 3669; baseline 0.001 -15"><span class='ocrx_word' id='word_1_290' title='bbox 500 3615 581 3665; x_wconf 90' lang='lat' dir='ltr'><strong>se,</strong></span> <span class='ocrx_word' id='word_1_291' title='bbox 613 3609 670 3654; x_wconf 90' lang='lat' dir='ltr'><strong>ut</strong></span> <span class='ocrx_word' id='word_1_292' title='bbox 694 3614 857 3653; x_wconf 65' lang='lat' dir='ltr'><strong>morae</strong></span> <span class='ocrx_word' id='word_1_293' title='bbox 892 3607 946 3653; x_wconf 84' lang='lat' dir='ltr'><strong>et</strong></span> <span class='ocrx_word' id='word_1_294' title='bbox 967 3598 1323 3667; x_wconf 90' lang='lat' dir='ltr'><strong>ampliationis</strong></span> <span class='ocrx_word' id='word_1_295' title='bbox 1348 3598 1545 3668; x_wconf 90' lang='lat' dir='ltr'><strong>aliquid</strong></span> <span class='ocrx_word' id='word_1_296' title='bbox 1569 3600 1807 3669; x_wconf 88' lang='lat' dir='ltr'><strong>cognitor</strong></span> <span class='ocrx_word' id='word_1_297' title='bbox 1825 3602 2083 3657; x_wconf 87' lang='lat' dir='ltr'><strong>concedat</strong></span> 
     </span>
    </p>
   </div>
   <div class='ocr_carea' id='block_1_39' title="bbox 506 3687 2077 3761">
    <p class='ocr_par' dir='ltr' id='par_1_39' title="bbox 506 3687 2077 3761">
     <span class='ocr_line' id='line_1_39' title="bbox 506 3687 2077 3761; baseline 0.001 -16"><span class='ocrx_word' id='word_1_298' title='bbox 506 3690 797 3754; x_wconf 85' lang='lat' dir='ltr'><strong>Faventio;</strong></span> <span class='ocrx_word' id='word_1_299' title='bbox 826 3689 1017 3759; x_wconf 88' lang='lat' dir='ltr'><strong>quippe</strong></span> <span class='ocrx_word' id='word_1_300' title='bbox 1042 3688 1129 3758; x_wconf 90' lang='lat' dir='ltr'><strong>qui</strong></span> <span class='ocrx_word' id='word_1_301' title='bbox 1151 3688 1361 3741; x_wconf 82' lang='lat' dir='ltr'><strong>violatis</strong></span> <span class='ocrx_word' id='word_1_302' title='bbox 1390 3687 1592 3759; x_wconf 85' lang='lat' dir='ltr'><strong>legibus</strong></span> <span class='ocrx_word' id='word_1_303' title='bbox 1627 3690 1878 3761; x_wconf 89' lang='lat' dir='ltr'><strong>abreptus</strong></span> <span class='ocrx_word' id='word_1_304' title='bbox 1918 3701 2077 3760; x_wconf 86' lang='lat' dir='ltr'><strong>esset,</strong></span> 
     </span>
    </p>
   </div>
   <div class='ocr_carea' id='block_1_40' title="bbox 501 3778 1448 3834">
    <p class='ocr_par' dir='ltr' id='par_1_40' title="bbox 501 3778 1448 3834">
     <span class='ocr_line' id='line_1_40' title="bbox 501 3778 1448 3834; baseline -0.004 0"><span class='ocrx_word' id='word_1_305' title='bbox 501 3796 565 3834; x_wconf 88' lang='lat' dir='ltr'><strong>ac</strong></span> <span class='ocrx_word' id='word_1_306' title='bbox 584 3780 853 3834; x_wconf 87' lang='lat' dir='ltr'><strong>dilationis</strong></span> <span class='ocrx_word' id='word_1_307' title='bbox 872 3779 1127 3833; x_wconf 90' lang='lat' dir='ltr'><strong>benelicio</strong></span> <span class='ocrx_word' id='word_1_308' title='bbox 1149 3778 1448 3833; x_wconf 82' lang='lat' dir='ltr'><strong>frustratus.</strong></span> 
     </span>
    </p>
   </div>
   <div class='ocr_carea' id='block_1_41' title="bbox 572 3869 2081 3939">
    <p class='ocr_par' dir='ltr' id='par_1_41' title="bbox 572 3869 2081 3939">
     <span class='ocr_line' id='line_1_41' title="bbox 572 3869 2081 3939; baseline 0.002 -13"><span class='ocrx_word' id='word_1_309' title='bbox 572 3874 625 3926; x_wconf 90' lang='lat'><strong>7.</strong></span> <span class='ocrx_word' id='word_1_310' title='bbox 656 3871 767 3926; x_wconf 90' lang='lat' dir='ltr'><strong>lloc</strong></span> <span class='ocrx_word' id='word_1_311' title='bbox 791 3886 929 3925; x_wconf 88' lang='lat' dir='ltr'><strong>anno</strong></span> <span class='ocrx_word' id='word_1_312' title='bbox 959 3871 1139 3925; x_wconf 91' lang='lat' dir='ltr'><strong>multis</strong></span> <span class='ocrx_word' id='word_1_313' title='bbox 1166 3878 1219 3925; x_wconf 90' lang='lat' dir='ltr'><strong>et</strong></span> <span class='ocrx_word' id='word_1_314' title='bbox 1244 3869 1446 3939; x_wconf 87' lang='lat' dir='ltr'><strong>magnis</strong></span> <span class='ocrx_word' id='word_1_315' title='bbox 1470 3870 1852 3927; x_wconf 86' lang='lat' dir='ltr'><strong>calamitatibus</strong></span> <span class='ocrx_word' id='word_1_316' title='bbox 1894 3874 2081 3929; x_wconf 86' lang='lat' dir='ltr'><strong>confli-</strong></span> 
     </span>
    </p>
   </div>
   <div class='ocr_carea' id='block_1_42' title="bbox 500 3960 2084 4033">
    <p class='ocr_par' dir='ltr' id='par_1_42' title="bbox 500 3960 2084 4033">
     <span class='ocr_line' id='line_1_42' title="bbox 500 3960 2084 4033; baseline 0.001 -14"><span class='ocrx_word' id='word_1_317' title='bbox 500 3973 697 4019; x_wconf 91' lang='lat' dir='ltr'><strong>ctatum</strong></span> <span class='ocrx_word' id='word_1_318' title='bbox 726 3962 955 4032; x_wconf 88' lang='lat' dir='ltr'><strong>undique</strong></span> <span class='ocrx_word' id='word_1_319' title='bbox 978 3970 1059 4016; x_wconf 93' lang='lat' dir='ltr'><strong>est</strong></span> <span class='ocrx_word' id='word_1_320' title='bbox 1085 3960 1384 4016; x_wconf 86' lang='lat' dir='ltr'><strong>Occidentis</strong></span> <span class='ocrx_word' id='word_1_321' title='bbox 1404 3961 1703 4033; x_wconf 83' lang='lat' dir='ltr'><strong>Imperium.</strong></span> <span class='ocrx_word' id='word_1_322' title='bbox 1737 3965 1978 4020; x_wconf 87' lang='lat' dir='ltr'><strong>Alaricus</strong></span> <span class='ocrx_word' id='word_1_323' title='bbox 2000 3966 2084 4020; x_wconf 91' lang='lat' dir='ltr'><strong>cul</strong></span> 
     </span>
    </p>
   </div>
   <div class='ocr_carea' id='block_1_43' title="bbox 504 4052 2081 4127">
    <p class='ocr_par' dir='ltr' id='par_1_43' title="bbox 504 4052 2081 4127">
     <span class='ocr_line' id='line_1_43' title="bbox 504 4052 2081 4127; baseline 0.003 -18"><span class='ocrx_word' id='word_1_324' title='bbox 504 4056 776 4125; x_wconf 88' lang='lat' dir='ltr'><strong>superiore</strong></span> <span class='ocrx_word' id='word_1_325' title='bbox 800 4068 937 4107; x_wconf 93' lang='lat' dir='ltr'><strong>anno</strong></span> <span class='ocrx_word' id='word_1_326' title='bbox 957 4068 1079 4107; x_wconf 91' lang='lat' dir='ltr'><strong>suas</strong></span> <span class='ocrx_word' id='word_1_327' title='bbox 1099 4068 1249 4124; x_wconf 90' lang='lat' dir='ltr'><strong>opes,</strong></span> <span class='ocrx_word' id='word_1_328' title='bbox 1267 4061 1366 4107; x_wconf 91' lang='lat' dir='ltr'><strong>uta</strong></span> <span class='ocrx_word' id='word_1_329' title='bbox 1386 4052 1681 4126; x_wconf 84' lang='lat' dir='ltr'><strong>direptione</strong></span> <span class='ocrx_word' id='word_1_330' title='bbox 1700 4071 1758 4111; x_wconf 90' lang='lat' dir='ltr'><strong>se</strong></span> <span class='ocrx_word' id='word_1_331' title='bbox 1779 4056 2081 4127; x_wconf 88' lang='lat' dir='ltr'><strong>redimeret,</strong></span> 
     </span>
    </p>
   </div>
   <div class='ocr_carea' id='block_1_44' title="bbox 505 4145 2086 4216">
    <p class='ocr_par' dir='ltr' id='par_1_44' title="bbox 505 4145 2086 4216">
     <span class='ocr_line' id='line_1_44' title="bbox 505 4145 2086 4216; baseline 0.001 -13"><span class='ocrx_word' id='word_1_332' title='bbox 505 4150 673 4203; x_wconf 80' lang='lat' dir='ltr'><strong>Roma</strong></span> <span class='ocrx_word' id='word_1_333' title='bbox 704 4146 941 4213; x_wconf 87' lang='lat' dir='ltr'><strong>dederat,</strong></span> <span class='ocrx_word' id='word_1_334' title='bbox 986 4146 1157 4216; x_wconf 90' lang='lat' dir='ltr'><strong>ipsum</strong></span> <span class='ocrx_word' id='word_1_335' title='bbox 1207 4145 1368 4201; x_wconf 69' lang='lat' dir='ltr'><strong>Italia:</strong></span> <span class='ocrx_word' id='word_1_336' title='bbox 1406 4147 1754 4202; x_wconf 89' lang='lat' dir='ltr'><strong>meditullium</strong></span> <span class='ocrx_word' id='word_1_337' title='bbox 1808 4166 1932 4203; x_wconf 91' lang='lat' dir='ltr'><strong>eum</strong></span> <span class='ocrx_word' id='word_1_338' title='bbox 1975 4152 2086 4207; x_wconf 86' lang='lat' dir='ltr'><strong>suis</strong></span> 
     </span>
    </p>
   </div>
   <div class='ocr_carea' id='block_1_45' title="bbox 505 4236 2086 4309">
    <p class='ocr_par' dir='ltr' id='par_1_45' title="bbox 505 4236 2086 4309">
     <span class='ocr_line' id='line_1_45' title="bbox 505 4236 2086 4309; baseline 0.003 -15"><span class='ocrx_word' id='word_1_339' title='bbox 505 4240 672 4309; x_wconf 85' lang='lat' dir='ltr'><strong>cupiis</strong></span> <span class='ocrx_word' id='word_1_340' title='bbox 712 4253 922 4307; x_wconf 87' lang='lat' dir='ltr'><strong>semper</strong></span> <span class='ocrx_word' id='word_1_341' title='bbox 965 4236 1203 4297; x_wconf 81' lang='lat' dir='ltr'><strong>tenebat;</strong></span> <span class='ocrx_word' id='word_1_342' title='bbox 1243 4250 1466 4306; x_wconf 90' lang='lat' dir='ltr'><strong>cumque</strong></span> <span class='ocrx_word' id='word_1_343' title='bbox 1492 4237 1688 4291; x_wconf 88' lang='lat' dir='ltr'><strong>nullam</strong></span> <span class='ocrx_word' id='word_1_344' title='bbox 1708 4253 1825 4293; x_wconf 91' lang='lat' dir='ltr'><strong>cum</strong></span> <span class='ocrx_word' id='word_1_345' title='bbox 1854 4239 2086 4298; x_wconf 86' lang='lat' dir='ltr'><strong>llonorio</strong></span> 
     </span>
    </p>
   </div>
   <div class='ocr_carea' id='block_1_46' title="bbox 505 4328 2084 4403">
    <p class='ocr_par' dir='ltr' id='par_1_46' title="bbox 505 4328 2084 4403">
     <span class='ocr_line' id='line_1_46' title="bbox 505 4328 2084 4403; baseline 0.004 -20"><span class='ocrx_word' id='word_1_346' title='bbox 505 4328 803 4401; x_wconf 90' lang='lat' dir='ltr'><strong>paciscendi</strong></span> <span class='ocrx_word' id='word_1_347' title='bbox 833 4328 931 4383; x_wconf 91' lang='lat' dir='ltr'><strong>sibi</strong></span> <span class='ocrx_word' id='word_1_348' title='bbox 965 4328 1288 4398; x_wconf 87' lang='lat' dir='ltr'><strong>propositam</strong></span> <span class='ocrx_word' id='word_1_349' title='bbox 1335 4330 1592 4383; x_wconf 88' lang='lat' dir='ltr'><strong>rationem</strong></span> <span class='ocrx_word' id='word_1_350' title='bbox 1640 4332 1769 4386; x_wconf 92' lang='lat' dir='ltr'><strong>satis</strong></span> <span class='ocrx_word' id='word_1_351' title='bbox 1818 4333 2084 4403; x_wconf 89' lang='lat' dir='ltr'><strong>probaret,</strong></span> 
     </span>
    </p>
   </div>
   <div class='ocr_carea' id='block_1_47' title="bbox 504 4419 2091 4491">
    <p class='ocr_par' dir='ltr' id='par_1_47' title="bbox 504 4419 2091 4491">
     <span class='ocr_line' id='line_1_47' title="bbox 504 4419 2091 4491; baseline -0.001 -14"><span class='ocrx_word' id='word_1_352' title='bbox 504 4422 703 4477; x_wconf 85' lang='lat' dir='ltr'><strong>Urbem</strong></span> <span class='ocrx_word' id='word_1_353' title='bbox 731 4420 907 4475; x_wconf 91' lang='lat' dir='ltr'><strong>denuo</strong></span> <span class='ocrx_word' id='word_1_354' title='bbox 927 4419 1072 4474; x_wconf 92' lang='lat' dir='ltr'><strong>venit</strong></span> <span class='ocrx_word' id='word_1_355' title='bbox 1096 4420 1394 4487; x_wconf 91' lang='lat' dir='ltr'><strong>obsessum,</strong></span> <span class='ocrx_word' id='word_1_356' title='bbox 1436 4428 1595 4491; x_wconf 91' lang='lat' dir='ltr'><strong>atque</strong></span> <span class='ocrx_word' id='word_1_357' title='bbox 1645 4437 1761 4476; x_wconf 90' lang='lat' dir='ltr'><strong>eam</strong></span> <span class='ocrx_word' id='word_1_358' title='bbox 1812 4424 1877 4479; x_wconf 88' lang='lat' dir='ltr'><strong>ad</strong></span> <span class='ocrx_word' id='word_1_359' title='bbox 1922 4427 2091 4481; x_wconf 85' lang='lat' dir='ltr'><strong>susci-</strong></span> 
     </span>
    </p>
   </div>
   <div class='ocr_carea' id='block_1_48' title="bbox 504 4508 2091 4583">
    <p class='ocr_par' dir='ltr' id='par_1_48' title="bbox 504 4508 2091 4583">
     <span class='ocr_line' id='line_1_48' title="bbox 504 4508 2091 4583; baseline 0.007 -20"><span class='ocrx_word' id='word_1_360' title='bbox 504 4511 753 4583; x_wconf 77' lang='lat' dir='ltr'><strong>piendum</strong></span> <span class='ocrx_word' id='word_1_361' title='bbox 782 4511 1010 4564; x_wconf 84' lang='lat' dir='ltr'><strong>Attalum</strong></span> <span class='ocrx_word' id='word_1_362' title='bbox 1052 4508 1424 4579; x_wconf 84' lang='lat' dir='ltr'><strong>imperatorem</strong></span> <span class='ocrx_word' id='word_1_363' title='bbox 1464 4512 1737 4581; x_wconf 90' lang='lat' dir='ltr'><strong>compulit.</strong></span> <span class='ocrx_word' id='word_1_364' title='bbox 1768 4514 1947 4571; x_wconf 84' lang='lat' dir='ltr'><strong>Novus</strong></span> <span class='ocrx_word' id='word_1_365' title='bbox 1975 4519 2091 4574; x_wconf 79' lang='lat' dir='ltr'><strong>Ca:-</strong></span> 
     </span>
    </p>
   </div>
   <div class='ocr_carea' id='block_1_49' title="bbox 510 4600 2085 4676">
    <p class='ocr_par' dir='ltr' id='par_1_49' title="bbox 510 4600 2085 4676">
     <span class='ocr_line' id='line_1_49' title="bbox 510 4600 2085 4676; baseline 0.003 -17"><span class='ocrx_word' id='word_1_366' title='bbox 510 4621 597 4659; x_wconf 81' lang='lat' dir='ltr'><strong>sar</strong></span> <span class='ocrx_word' id='word_1_367' title='bbox 633 4603 884 4673; x_wconf 89' lang='lat' dir='ltr'><strong>quasdam</strong></span> <span class='ocrx_word' id='word_1_368' title='bbox 929 4601 995 4655; x_wconf 87' lang='lat' dir='ltr'><strong>ad</strong></span> <span class='ocrx_word' id='word_1_369' title='bbox 1037 4600 1268 4656; x_wconf 82' lang='lat' dir='ltr'><strong>Africam</strong></span> <span class='ocrx_word' id='word_1_370' title='bbox 1314 4603 1671 4672; x_wconf 87' lang='lat' dir='ltr'><strong>occupandam</strong></span> <span class='ocrx_word' id='word_1_371' title='bbox 1698 4607 1876 4676; x_wconf 90' lang='lat' dir='ltr'><strong>copias</strong></span> <span class='ocrx_word' id='word_1_372' title='bbox 1905 4609 2085 4663; x_wconf 84' lang='lat' dir='ltr'><strong>misit:</strong></span> 
     </span>
    </p>
   </div>
   <div class='ocr_carea' id='block_1_50' title="bbox 510 4693 2090 4768">
    <p class='ocr_par' dir='ltr' id='par_1_50' title="bbox 510 4693 2090 4768">
     <span class='ocr_line' id='line_1_50' title="bbox 510 4693 2090 4768; baseline 0.001 -16"><span class='ocrx_word' id='word_1_373' title='bbox 510 4697 603 4753; x_wconf 72' lang='lat' dir='ltr'><strong>sed</strong></span> <span class='ocrx_word' id='word_1_374' title='bbox 629 4698 829 4768; x_wconf 89' lang='lat' dir='ltr'><strong>periere</strong></span> <span class='ocrx_word' id='word_1_375' title='bbox 868 4695 971 4749; x_wconf 75' lang='lat' dir='ltr'><strong>illa:</strong></span> <span class='ocrx_word' id='word_1_376' title='bbox 1012 4694 1249 4748; x_wconf 90' lang='lat' dir='ltr'><strong>consiliis</strong></span> <span class='ocrx_word' id='word_1_377' title='bbox 1292 4708 1355 4748; x_wconf 89' lang='lat' dir='ltr'><strong>ac</strong></span> <span class='ocrx_word' id='word_1_378' title='bbox 1393 4693 1665 4764; x_wconf 89' lang='lat' dir='ltr'><strong>prudentia</strong></span> <span class='ocrx_word' id='word_1_379' title='bbox 1690 4698 1899 4752; x_wconf 89' lang='lat' dir='ltr'><strong>comitis</strong></span> <span class='ocrx_word' id='word_1_380' title='bbox 1927 4699 2090 4754; x_wconf 87' lang='lat' dir='ltr'><strong>llera-</strong></span> 
     </span>
    </p>
   </div>
   <div class='ocr_carea' id='block_1_51' title="bbox 504 4783 2089 4858">
    <p class='ocr_par' dir='ltr' id='par_1_51' title="bbox 504 4783 2089 4858">
     <span class='ocr_line' id='line_1_51' title="bbox 504 4783 2089 4858; baseline -0.001 -14"><span class='ocrx_word' id='word_1_381' title='bbox 504 4790 679 4853; x_wconf 90' lang='lat' dir='ltr'><strong>cliani,</strong></span> <span class='ocrx_word' id='word_1_382' title='bbox 702 4790 791 4858; x_wconf 90' lang='lat' dir='ltr'><strong>qui</strong></span> <span class='ocrx_word' id='word_1_383' title='bbox 822 4785 1066 4858; x_wconf 67' lang='lat' dir='ltr'><strong>praesidio</strong></span> <span class='ocrx_word' id='word_1_384' title='bbox 1091 4783 1386 4854; x_wconf 89' lang='lat' dir='ltr'><strong>quibusque</strong></span> <span class='ocrx_word' id='word_1_385' title='bbox 1409 4785 1691 4854; x_wconf 76' lang='lat' dir='ltr'><strong>provincia:</strong></span> <span class='ocrx_word' id='word_1_386' title='bbox 1718 4788 1972 4857; x_wconf 89' lang='lat' dir='ltr'><strong>portubus</strong></span> <span class='ocrx_word' id='word_1_387' title='bbox 2001 4804 2089 4858; x_wconf 87' lang='lat' dir='ltr'><strong>po-</strong></span> 
     </span>
    </p>
   </div>
   <div class='ocr_carea' id='block_1_52' title="bbox 511 4860 2087 4947">
    <p class='ocr_par' dir='ltr' id='par_1_52' title="bbox 511 4860 2087 4947">
     <span class='ocr_line' id='line_1_52' title="bbox 511 4860 2087 4947; baseline -0.001 -13"><span class='ocrx_word' id='word_1_388' title='bbox 511 4883 635 4946; x_wconf 84' lang='lat' dir='ltr'><strong>sito,</strong></span> <span class='ocrx_word' id='word_1_389' title='bbox 668 4878 889 4933; x_wconf 82' lang='lat' dir='ltr'><strong>Romam</strong></span> <span class='ocrx_word' id='word_1_390' title='bbox 940 4875 1086 4930; x_wconf 84' lang='lat' dir='ltr'><strong>brevi</strong></span> <span class='ocrx_word' id='word_1_391' title='bbox 1110 4874 1174 4929; x_wconf 90' lang='lat' dir='ltr'><strong>ad</strong></span> <span class='ocrx_word' id='word_1_392' title='bbox 1214 4882 1503 4929; x_wconf 76' lang='lat' dir='ltr'><strong>extremam</strong></span> <span class='ocrx_word' id='word_1_393' title='bbox 1534 4860 1772 4931; x_wconf 47' lang='lat' dir='ltr'><strong>&#39;annona:</strong></span> <span class='ocrx_word' id='word_1_394' title='bbox 1817 4879 2087 4947; x_wconf 88' lang='lat' dir='ltr'><strong>penuriam</strong></span> 
     </span>
    </p>
   </div>
   <div class='ocr_carea' id='block_1_53' title="bbox 512 4967 2087 5044">
    <p class='ocr_par' dir='ltr' id='par_1_53' title="bbox 512 4967 2087 5044">
     <span class='ocr_line' id='line_1_53' title="bbox 512 4967 2087 5044; baseline -0.003 -15"><span class='ocrx_word' id='word_1_395' title='bbox 512 4974 736 5044; x_wconf 87' lang='lat' dir='ltr'><strong>redegit,</strong></span> <span class='ocrx_word' id='word_1_396' title='bbox 760 4981 813 5027; x_wconf 92' lang='lat' dir='ltr'><strong>et</strong></span> <span class='ocrx_word' id='word_1_397' title='bbox 843 4969 1130 5025; x_wconf 81' lang='lat' dir='ltr'><strong>Honorium</strong></span> <span class='ocrx_word' id='word_1_398' title='bbox 1152 4967 1420 5037; x_wconf 85' lang='lat' dir='ltr'><strong>dignitatis</strong></span> <span class='ocrx_word' id='word_1_399' title='bbox 1446 4968 1665 5039; x_wconf 89' lang='lat' dir='ltr'><strong>insignia</strong></span> <span class='ocrx_word' id='word_1_400' title='bbox 1687 4969 1980 5040; x_wconf 88' lang='lat' dir='ltr'><strong>deponendi</strong></span> <span class='ocrx_word' id='word_1_401' title='bbox 2004 4980 2087 5025; x_wconf 91' lang='lat' dir='ltr'><strong>at-</strong></span> 
     </span>
    </p>
   </div>
   <div class='ocr_carea' id='block_1_54' title="bbox 511 5060 2089 5136">
    <p class='ocr_par' dir='ltr' id='par_1_54' title="bbox 511 5060 2089 5136">
     <span class='ocr_line' id='line_1_54' title="bbox 511 5060 2089 5136; baseline 0.001 -17"><span class='ocrx_word' id='word_1_402' title='bbox 511 5082 614 5136; x_wconf 89' lang='lat' dir='ltr'><strong>que</strong></span> <span class='ocrx_word' id='word_1_403' title='bbox 628 5066 681 5119; x_wconf 90' lang='lat' dir='ltr'><strong>in</strong></span> <span class='ocrx_word' id='word_1_404' title='bbox 698 5063 965 5120; x_wconf 88' lang='lat' dir='ltr'><strong>Orientem</strong></span> <span class='ocrx_word' id='word_1_405' title='bbox 988 5060 1218 5132; x_wconf 85' lang='lat' dir='ltr'><strong>fugiendi</strong></span> <span class='ocrx_word' id='word_1_406' title='bbox 1236 5061 1550 5115; x_wconf 78' lang='lat' dir='ltr'><strong>necessitate</strong></span> <span class='ocrx_word' id='word_1_407' title='bbox 1571 5062 1827 5117; x_wconf 82' lang='lat' dir='ltr'><strong>liberavit.</strong></span> <span class='ocrx_word' id='word_1_408' title='bbox 1849 5065 2089 5135; x_wconf 85' lang='lat' dir='ltr'><strong>Amplius</strong></span> 
     </span>
    </p>
   </div>
   <div class='ocr_carea' id='block_1_55' title="bbox 505 5151 2086 5224">
    <p class='ocr_par' dir='ltr' id='par_1_55' title="bbox 505 5151 2086 5224">
     <span class='ocr_line' id='line_1_55' title="bbox 505 5151 2086 5224; baseline 0.002 -17"><span class='ocrx_word' id='word_1_409' title='bbox 505 5155 613 5224; x_wconf 88' lang='lat' dir='ltr'><strong>jam</strong></span> <span class='ocrx_word' id='word_1_410' title='bbox 641 5154 845 5208; x_wconf 91' lang='lat' dir='ltr'><strong>duobus</strong></span> <span class='ocrx_word' id='word_1_411' title='bbox 888 5153 1041 5207; x_wconf 89' lang='lat' dir='ltr'><strong>annis</strong></span> <span class='ocrx_word' id='word_1_412' title='bbox 1079 5152 1265 5207; x_wconf 77' lang='lat' dir='ltr'><strong>Gallia:</strong></span> <span class='ocrx_word' id='word_1_413' title='bbox 1310 5151 1650 5205; x_wconf 88' lang='lat' dir='ltr'><strong>barbarorum</strong></span> <span class='ocrx_word' id='word_1_414' title='bbox 1693 5153 2086 5209; x_wconf 90' lang='lat' dir='ltr'><strong>innumerorum</strong></span> 
     </span>
    </p>
   </div>
   <div class='ocr_carea' id='block_1_56' title="bbox 508 5230 2088 5313">
    <p class='ocr_par' dir='ltr' id='par_1_56' title="bbox 508 5230 2088 5313">
     <span class='ocr_line' id='line_1_56' title="bbox 508 5230 2088 5313; baseline 0.001 -15"><span class='ocrx_word' id='word_1_415' title='bbox 508 5242 895 5298; x_wconf 90' lang='lat' dir='ltr'><strong>incursionibus</strong></span> <span class='ocrx_word' id='word_1_416' title='bbox 920 5242 1188 5313; x_wconf 87' lang='lat' dir='ltr'><strong>patebant,</strong></span> <span class='ocrx_word' id='word_1_417' title='bbox 1228 5256 1291 5295; x_wconf 90' lang='lat' dir='ltr'><strong>ac</strong></span> <span class='ocrx_word' id='word_1_418' title='bbox 1333 5230 1547 5311; x_wconf 82' lang='lat' dir='ltr'><strong>insuper</strong></span> <span class='ocrx_word' id='word_1_419' title='bbox 1571 5242 1739 5297; x_wconf 83' lang='lat' dir='ltr'><strong>civilis</strong></span> <span class='ocrx_word' id='word_1_420' title='bbox 1767 5243 1908 5309; x_wconf 87' lang='lat' dir='ltr'><strong>belli,</strong></span> <span class='ocrx_word' id='word_1_421' title='bbox 1946 5246 2088 5313; x_wconf 93' lang='lat' dir='ltr'><strong>quod</strong></span> 
     </span>
    </p>
   </div>
   <div class='ocr_carea' id='block_1_57' title="bbox 510 5330 2085 5403">
    <p class='ocr_par' dir='ltr' id='par_1_57' title="bbox 510 5330 2085 5403">
     <span class='ocr_line' id='line_1_57' title="bbox 510 5330 2085 5403; baseline 0.003 -15"><span class='ocrx_word' id='word_1_422' title='bbox 510 5332 707 5388; x_wconf 87' lang='lat' dir='ltr'><strong>ibidem</strong></span> <span class='ocrx_word' id='word_1_423' title='bbox 737 5330 1111 5387; x_wconf 84' lang='lat' dir='ltr'><strong>Constantinus</strong></span> <span class='ocrx_word' id='word_1_424' title='bbox 1137 5332 1478 5399; x_wconf 76' lang='lat' dir='ltr'><strong>excitaverat,</strong></span> <span class='ocrx_word' id='word_1_425' title='bbox 1503 5331 1791 5403; x_wconf 81' lang='lat' dir='ltr'><strong>flagrabant</strong></span> <span class='ocrx_word' id='word_1_426' title='bbox 1826 5336 2085 5392; x_wconf 89' lang='lat' dir='ltr'><strong>incendio.</strong></span> 
     </span>
    </p>
   </div>
   <div class='ocr_carea' id='block_1_58' title="bbox 513 5421 2091 5493">
    <p class='ocr_par' dir='ltr' id='par_1_58' title="bbox 513 5421 2091 5493">
     <span class='ocr_line' id='line_1_58' title="bbox 513 5421 2091 5493; baseline 0.001 -13"><span class='ocrx_word' id='word_1_427' title='bbox 513 5425 570 5480; x_wconf 91' lang='lat' dir='ltr'><strong>In</strong></span> <span class='ocrx_word' id='word_1_428' title='bbox 602 5421 877 5493; x_wconf 86' lang='lat' dir='ltr'><strong>llispanias</strong></span> <span class='ocrx_word' id='word_1_429' title='bbox 904 5432 1142 5477; x_wconf 85' lang='lat' dir='ltr'><strong>extremo</strong></span> <span class='ocrx_word' id='word_1_430' title='bbox 1164 5422 1473 5492; x_wconf 88' lang='lat' dir='ltr'><strong>septembri,</strong></span> <span class='ocrx_word' id='word_1_431' title='bbox 1500 5432 1589 5477; x_wconf 93' lang='lat' dir='ltr'><strong>aut</strong></span> <span class='ocrx_word' id='word_1_432' title='bbox 1614 5425 1767 5492; x_wconf 88' lang='lat' dir='ltr'><strong>paulo</strong></span> <span class='ocrx_word' id='word_1_433' title='bbox 1790 5426 1956 5479; x_wconf 90' lang='lat' dir='ltr'><strong>serius</strong></span> <span class='ocrx_word' id='word_1_434' title='bbox 1972 5427 2091 5483; x_wconf 89' lang='lat' dir='ltr'><strong>bar-</strong></span> 
     </span>
    </p>
   </div>
   <div class='ocr_carea' id='block_1_59' title="bbox 511 5511 2091 5585">
    <p class='ocr_par' dir='ltr' id='par_1_59' title="bbox 511 5511 2091 5585">
     <span class='ocr_line' id='line_1_59' title="bbox 511 5511 2091 5585; baseline 0.002 -16"><span class='ocrx_word' id='word_1_435' title='bbox 511 5511 629 5569; x_wconf 85' lang='lat' dir='ltr'><strong>bari</strong></span> <span class='ocrx_word' id='word_1_436' title='bbox 658 5512 1030 5583; x_wconf 70' lang='lat' dir='ltr'><strong>Pyrentcorum</strong></span> <span class='ocrx_word' id='word_1_437' title='bbox 1079 5513 1337 5567; x_wconf 91' lang='lat' dir='ltr'><strong>montium</strong></span> <span class='ocrx_word' id='word_1_438' title='bbox 1376 5513 1642 5581; x_wconf 83' lang='lat' dir='ltr'><strong>angustias</strong></span> <span class='ocrx_word' id='word_1_439' title='bbox 1687 5515 1800 5570; x_wconf 91' lang='lat' dir='ltr'><strong>sine</strong></span> <span class='ocrx_word' id='word_1_440' title='bbox 1846 5518 2091 5585; x_wconf 54' lang='lat' dir='ltr'><strong>praesidio</strong></span> 
     </span>
    </p>
   </div>
   <div class='ocr_carea' id='block_1_60' title="bbox 513 5600 2081 5676">
    <p class='ocr_par' dir='ltr' id='par_1_60' title="bbox 513 5600 2081 5676">
     <span class='ocr_line' id='line_1_60' title="bbox 513 5600 2081 5676; baseline 0.001 -16"><span class='ocrx_word' id='word_1_441' title='bbox 513 5602 674 5670; x_wconf 77' lang='lat' dir='ltr'><strong>nacti,</strong></span> <span class='ocrx_word' id='word_1_442' title='bbox 702 5602 772 5658; x_wconf 85' lang='lat' dir='ltr'><strong>ita</strong></span> <span class='ocrx_word' id='word_1_443' title='bbox 799 5615 916 5657; x_wconf 85' lang='lat' dir='ltr'><strong>sese</strong></span> <span class='ocrx_word' id='word_1_444' title='bbox 944 5600 1256 5670; x_wconf 84' lang='lat' dir='ltr'><strong>effuderunt,</strong></span> <span class='ocrx_word' id='word_1_445' title='bbox 1282 5603 1473 5659; x_wconf 86' lang='lat' dir='ltr'><strong>utinde</strong></span> <span class='ocrx_word' id='word_1_446' title='bbox 1508 5603 1627 5660; x_wconf 87' lang='lat' dir='ltr'><strong>illos</strong></span> <span class='ocrx_word' id='word_1_447' title='bbox 1660 5606 1923 5676; x_wconf 74' lang='lat' dir='ltr'><strong>expellere</strong></span> <span class='ocrx_word' id='word_1_448' title='bbox 1949 5625 2081 5662; x_wconf 62' lang='lat' dir='ltr'><strong>nun.</strong></span> 
     </span>
    </p>
   </div>
   <div class='ocr_carea' id='block_1_61' title="bbox 1652 220 2680 283">
    <p class='ocr_par' dir='ltr' id='par_1_61' title="bbox 1652 220 2680 283">
     <span class='ocr_line' id='line_1_61' title="bbox 1652 220 2680 283; baseline -0.005 -1"><span class='ocrx_word' id='word_1_449' title='bbox 1652 226 1806 283; x_wconf 74' lang='lat' dir='ltr'><strong>VITA</strong></span> <span class='ocrx_word' id='word_1_450' title='bbox 1845 225 1902 280; x_wconf 88' lang='lat' dir='ltr'><strong>S.</strong></span> <span class='ocrx_word' id='word_1_451' title='bbox 1949 220 2318 281; x_wconf 74' lang='lat' dir='ltr'><strong>AUCUSTINI</strong></span> <span class='ocrx_word' id='word_1_452' title='bbox 2358 223 2680 280; x_wconf 81' lang='lat' dir='ltr'><strong>EPISCOPI.</strong></span> 
     </span>
    </p>
   </div>
   <div class='ocr_carea' id='block_1_62' title="bbox 2189 337 3791 414">
    <p class='ocr_par' dir='ltr' id='par_1_62' title="bbox 2189 337 3791 414">
     <span class='ocr_line' id='line_1_62' title="bbox 2189 337 3791 414; baseline 0.005 -24"><span class='ocrx_word' id='word_1_453' title='bbox 2189 350 2347 407; x_wconf 89' lang='lat' dir='ltr'><strong>quam</strong></span> <span class='ocrx_word' id='word_1_454' title='bbox 2371 346 2550 407; x_wconf 88' lang='lat' dir='ltr'><strong>postea</strong></span> <span class='ocrx_word' id='word_1_455' title='bbox 2576 337 2842 409; x_wconf 87' lang='lat' dir='ltr'><strong>quiverint</strong></span> <span class='ocrx_word' id='word_1_456' title='bbox 2868 337 3091 394; x_wconf 79' lang='lat' dir='ltr'><strong>Romani</strong></span> <span class='ocrx_word' id='word_1_457' title='bbox 3117 356 3131 395; x_wconf 89' lang='lat'><strong>:</strong></span> <span class='ocrx_word' id='word_1_458' title='bbox 3157 354 3290 410; x_wconf 84' lang='lat' dir='ltr'><strong>quas</strong></span> <span class='ocrx_word' id='word_1_459' title='bbox 3324 348 3501 397; x_wconf 77' lang='lat' dir='ltr'><strong>autem</strong></span> <span class='ocrx_word' id='word_1_460' title='bbox 3532 341 3619 397; x_wconf 90' lang='lat' dir='ltr'><strong>illa</strong></span> <span class='ocrx_word' id='word_1_461' title='bbox 3650 357 3791 414; x_wconf 81' lang='lat' dir='ltr'><strong>pro-</strong></span> 
     </span>
    </p>
   </div>
   <div class='ocr_carea' id='block_1_63' title="bbox 2187 428 3787 504">
    <p class='ocr_par' dir='ltr' id='par_1_63' title="bbox 2187 428 3787 504">
     <span class='ocr_line' id='line_1_63' title="bbox 2187 428 3787 504; baseline 0.005 -21"><span class='ocrx_word' id='word_1_462' title='bbox 2187 428 2360 484; x_wconf 87' lang='lat' dir='ltr'><strong>vincia</strong></span> <span class='ocrx_word' id='word_1_463' title='bbox 2407 428 2589 484; x_wconf 88' lang='lat' dir='ltr'><strong>clades</strong></span> <span class='ocrx_word' id='word_1_464' title='bbox 2625 429 2692 485; x_wconf 86' lang='lat' dir='ltr'><strong>ab</strong></span> <span class='ocrx_word' id='word_1_465' title='bbox 2729 430 2794 484; x_wconf 91' lang='lat' dir='ltr'><strong>iis</strong></span> <span class='ocrx_word' id='word_1_466' title='bbox 2820 444 2974 499; x_wconf 88' lang='lat' dir='ltr'><strong>passa</strong></span> <span class='ocrx_word' id='word_1_467' title='bbox 2998 431 3087 494; x_wconf 74' lang='lat' dir='ltr'><strong>sit,</strong></span> <span class='ocrx_word' id='word_1_468' title='bbox 3115 431 3220 486; x_wconf 90' lang='lat' dir='ltr'><strong>dici</strong></span> <span class='ocrx_word' id='word_1_469' title='bbox 3249 432 3334 486; x_wconf 81' lang='lat' dir='ltr'><strong>vix</strong></span> <span class='ocrx_word' id='word_1_470' title='bbox 3360 441 3557 504; x_wconf 85' lang='lat' dir='ltr'><strong>potest.</strong></span> <span class='ocrx_word' id='word_1_471' title='bbox 3604 435 3787 491; x_wconf 79' lang='lat' dir='ltr'><strong>Africa</strong></span> 
     </span>
    </p>
   </div>
   <div class='ocr_carea' id='block_1_64' title="bbox 2186 518 3787 592">
    <p class='ocr_par' dir='ltr' id='par_1_64' title="bbox 2186 518 3787 592">
     <span class='ocr_line' id='line_1_64' title="bbox 2186 518 3787 592; baseline 0.004 -19"><span class='ocrx_word' id='word_1_472' title='bbox 2186 533 2395 589; x_wconf 88' lang='lat' dir='ltr'><strong>quoque</strong></span> <span class='ocrx_word' id='word_1_473' title='bbox 2426 518 2832 575; x_wconf 90' lang='lat' dir='ltr'><strong>luctuosissimis</strong></span> <span class='ocrx_word' id='word_1_474' title='bbox 2873 520 2978 575; x_wconf 87' lang='lat' dir='ltr'><strong>illis</strong></span> <span class='ocrx_word' id='word_1_475' title='bbox 3023 522 3349 592; x_wconf 87' lang='lat' dir='ltr'><strong>temporibus</strong></span> <span class='ocrx_word' id='word_1_476' title='bbox 3398 523 3536 579; x_wconf 92' lang='lat' dir='ltr'><strong>baud</strong></span> <span class='ocrx_word' id='word_1_477' title='bbox 3585 525 3787 580; x_wconf 79' lang='lat' dir='ltr'><strong>intacta</strong></span> 
     </span>
    </p>
   </div>
   <div class='ocr_carea' id='block_1_65' title="bbox 2187 609 3793 686">
    <p class='ocr_par' dir='ltr' id='par_1_65' title="bbox 2187 609 3793 686">
     <span class='ocr_line' id='line_1_65' title="bbox 2187 609 3793 686; baseline 0 -21"><span class='ocrx_word' id='word_1_478' title='bbox 2187 609 2285 665; x_wconf 91' lang='lat' dir='ltr'><strong>fuit</strong></span> <span class='ocrx_word' id='word_1_479' title='bbox 2315 628 2328 664; x_wconf 91' lang='lat'><strong>:</strong></span> <span class='ocrx_word' id='word_1_480' title='bbox 2362 627 2534 681; x_wconf 88' lang='lat' dir='ltr'><strong>neque</strong></span> <span class='ocrx_word' id='word_1_481' title='bbox 2565 611 2706 666; x_wconf 91' lang='lat' dir='ltr'><strong>enim</strong></span> <span class='ocrx_word' id='word_1_482' title='bbox 2738 611 2980 668; x_wconf 88' lang='lat' dir='ltr'><strong>dubitare</strong></span> <span class='ocrx_word' id='word_1_483' title='bbox 3005 613 3146 679; x_wconf 91' lang='lat' dir='ltr'><strong>licet,</strong></span> <span class='ocrx_word' id='word_1_484' title='bbox 3174 614 3300 684; x_wconf 89' lang='lat' dir='ltr'><strong>quin</strong></span> <span class='ocrx_word' id='word_1_485' title='bbox 3322 615 3387 670; x_wconf 89' lang='lat' dir='ltr'><strong>de</strong></span> <span class='ocrx_word' id='word_1_486' title='bbox 3410 616 3652 686; x_wconf 91' lang='lat' dir='ltr'><strong>quapiam</strong></span> <span class='ocrx_word' id='word_1_487' title='bbox 3683 616 3793 671; x_wconf 82' lang='lat' dir='ltr'><strong>hu.</strong></span> 
     </span>
    </p>
   </div>
   <div class='ocr_carea' id='block_1_66' title="bbox 2182 702 3783 776">
    <p class='ocr_par' dir='ltr' id='par_1_66' title="bbox 2182 702 3783 776">
     <span class='ocr_line' id='line_1_66' title="bbox 2182 702 3783 776; baseline 0.002 -18"><span class='ocrx_word' id='word_1_488' title='bbox 2182 702 2415 773; x_wconf 91' lang='lat' dir='ltr'><strong>jusmodi</strong></span> <span class='ocrx_word' id='word_1_489' title='bbox 2438 704 2735 759; x_wconf 86' lang='lat' dir='ltr'><strong>calamitate</strong></span> <span class='ocrx_word' id='word_1_490' title='bbox 2759 703 3110 774; x_wconf 89' lang='lat' dir='ltr'><strong>scripseritad</strong></span> <span class='ocrx_word' id='word_1_491' title='bbox 3140 706 3490 776; x_wconf 83' lang='lat' dir='ltr'><strong>Augustinum</strong></span> <span class='ocrx_word' id='word_1_492' title='bbox 3518 708 3783 763; x_wconf 87' lang='lat' dir='ltr'><strong>Victoria-</strong></span> 
     </span>
    </p>
   </div>
   <div class='ocr_carea' id='block_1_67' title="bbox 2187 795 3783 869">
    <p class='ocr_par' dir='ltr' id='par_1_67' title="bbox 2187 795 3783 869">
     <span class='ocr_line' id='line_1_67' title="bbox 2187 795 3783 869; baseline 0.002 -19"><span class='ocrx_word' id='word_1_493' title='bbox 2187 811 2288 851; x_wconf 91' lang='lat' dir='ltr'><strong>nus</strong></span> <span class='ocrx_word' id='word_1_494' title='bbox 2328 796 2621 867; x_wconf 89' lang='lat' dir='ltr'><strong>presbyter,</strong></span> <span class='ocrx_word' id='word_1_495' title='bbox 2667 795 2733 850; x_wconf 89' lang='lat' dir='ltr'><strong>ad</strong></span> <span class='ocrx_word' id='word_1_496' title='bbox 2778 812 2933 866; x_wconf 92' lang='lat' dir='ltr'><strong>quem</strong></span> <span class='ocrx_word' id='word_1_497' title='bbox 2976 797 3064 852; x_wconf 90' lang='lat' dir='ltr'><strong>ille</strong></span> <span class='ocrx_word' id='word_1_498' title='bbox 3115 798 3271 867; x_wconf 90' lang='lat' dir='ltr'><strong>paulo</strong></span> <span class='ocrx_word' id='word_1_499' title='bbox 3325 808 3444 868; x_wconf 89' lang='lat' dir='ltr'><strong>post</strong></span> <span class='ocrx_word' id='word_1_500' title='bbox 3487 800 3783 869; x_wconf 88' lang='lat' dir='ltr'><strong>rescripsit.</strong></span> 
     </span>
    </p>
   </div>
   <div class='ocr_carea' id='block_1_68' title="bbox 2186 887 3783 959">
    <p class='ocr_par' dir='ltr' id='par_1_68' title="bbox 2186 887 3783 959">
     <span class='ocr_line' id='line_1_68' title="bbox 2186 887 3783 959; baseline 0.003 -17"><span class='ocrx_word' id='word_1_501' title='bbox 2186 887 2345 942; x_wconf 88' lang='lat' dir='ltr'><strong>Certe</strong></span> <span class='ocrx_word' id='word_1_502' title='bbox 2368 896 2589 941; x_wconf 91' lang='lat' dir='ltr'><strong>tractum</strong></span> <span class='ocrx_word' id='word_1_503' title='bbox 2618 887 3035 957; x_wconf 80' lang='lat' dir='ltr'><strong>Hipponensem,</strong></span> <span class='ocrx_word' id='word_1_504' title='bbox 3057 889 3141 943; x_wconf 91' lang='lat' dir='ltr'><strong>cui</strong></span> <span class='ocrx_word' id='word_1_505' title='bbox 3169 899 3513 959; x_wconf 88' lang='lat' dir='ltr'><strong>pepercerant</strong></span> <span class='ocrx_word' id='word_1_506' title='bbox 3539 891 3783 958; x_wconf 81' lang='lat' dir='ltr'><strong>barbari.</strong></span> 
     </span>
    </p>
   </div>
   <div class='ocr_carea' id='block_1_69' title="bbox 2191 977 3786 1048">
    <p class='ocr_par' dir='ltr' id='par_1_69' title="bbox 2191 977 3786 1048">
     <span class='ocr_line' id='line_1_69' title="bbox 2191 977 3786 1048; baseline 0.003 -16"><span class='ocrx_word' id='word_1_507' title='bbox 2191 992 2261 1032; x_wconf 90' lang='lat' dir='ltr'><strong>ne</strong></span> <span class='ocrx_word' id='word_1_508' title='bbox 2298 977 2474 1031; x_wconf 89' lang='lat' dir='ltr'><strong>mitius</strong></span> <span class='ocrx_word' id='word_1_509' title='bbox 2499 977 2707 1032; x_wconf 63' lang='lat' dir='ltr'><strong>exteris</strong></span> <span class='ocrx_word' id='word_1_510' title='bbox 2751 978 3055 1048; x_wconf 86' lang='lat' dir='ltr'><strong>regionibus</strong></span> <span class='ocrx_word' id='word_1_511' title='bbox 3099 989 3435 1047; x_wconf 88' lang='lat' dir='ltr'><strong>tractaretur,</strong></span> <span class='ocrx_word' id='word_1_512' title='bbox 3481 980 3679 1036; x_wconf 62' lang='lat' dir='ltr'><strong>foedum</strong></span> <span class='ocrx_word' id='word_1_513' title='bbox 3725 981 3786 1037; x_wconf 89' lang='lat' dir='ltr'><strong>in</strong></span> 
     </span>
    </p>
   </div>
   <div class='ocr_carea' id='block_1_70' title="bbox 2197 1068 3789 1142">
    <p class='ocr_par' dir='ltr' id='par_1_70' title="bbox 2197 1068 3789 1142">
     <span class='ocr_line' id='line_1_70' title="bbox 2197 1068 3789 1142; baseline 0.003 -19"><span class='ocrx_word' id='word_1_514' title='bbox 2197 1068 2411 1123; x_wconf 89' lang='lat' dir='ltr'><strong>modum</strong></span> <span class='ocrx_word' id='word_1_515' title='bbox 2442 1070 2829 1124; x_wconf 87' lang='lat' dir='ltr'><strong>Donatistarum</strong></span> <span class='ocrx_word' id='word_1_516' title='bbox 2859 1085 2922 1124; x_wconf 90' lang='lat' dir='ltr'><strong>ac</strong></span> <span class='ocrx_word' id='word_1_517' title='bbox 2962 1070 3459 1126; x_wconf 86' lang='lat' dir='ltr'><strong>Circumcellionum</strong></span> <span class='ocrx_word' id='word_1_518' title='bbox 3497 1073 3789 1142; x_wconf 73' lang='lat' dir='ltr'><strong>exagitavit</strong></span> 
     </span>
    </p>
   </div>
   <div class='ocr_carea' id='block_1_71' title="bbox 2187 1159 3778 1233">
    <p class='ocr_par' dir='ltr' id='par_1_71' title="bbox 2187 1159 3778 1233">
     <span class='ocr_line' id='line_1_71' title="bbox 2187 1159 3778 1233; baseline 0.003 -20"><span class='ocrx_word' id='word_1_519' title='bbox 2187 1159 2353 1214; x_wconf 90' lang='lat' dir='ltr'><strong>furor.</strong></span> <span class='ocrx_word' id='word_1_520' title='bbox 2377 1159 2489 1228; x_wconf 86' lang='lat' dir='ltr'><strong>Qua</strong></span> <span class='ocrx_word' id='word_1_521' title='bbox 2514 1160 2581 1215; x_wconf 91' lang='lat' dir='ltr'><strong>dc</strong></span> <span class='ocrx_word' id='word_1_522' title='bbox 2605 1175 2662 1214; x_wconf 95' lang='lat' dir='ltr'><strong>re</strong></span> <span class='ocrx_word' id='word_1_523' title='bbox 2686 1160 3003 1229; x_wconf 90' lang='lat' dir='ltr'><strong>dictumjam</strong></span> <span class='ocrx_word' id='word_1_524' title='bbox 3025 1176 3055 1215; x_wconf 91' lang='lat' dir='ltr'><strong>a</strong></span> <span class='ocrx_word' id='word_1_525' title='bbox 3081 1162 3233 1215; x_wconf 89' lang='lat' dir='ltr'><strong>nobis</strong></span> <span class='ocrx_word' id='word_1_526' title='bbox 3254 1163 3514 1232; x_wconf 87' lang='lat' dir='ltr'><strong>superius.</strong></span> <span class='ocrx_word' id='word_1_527' title='bbox 3544 1162 3650 1218; x_wconf 88' lang='lat' dir='ltr'><strong>Sed</strong></span> <span class='ocrx_word' id='word_1_528' title='bbox 3677 1179 3778 1233; x_wconf 82' lang='lat' dir='ltr'><strong>per</strong></span> 
     </span>
    </p>
   </div>
   <div class='ocr_carea' id='block_1_72' title="bbox 2188 1248 3785 1320">
    <p class='ocr_par' dir='ltr' id='par_1_72' title="bbox 2188 1248 3785 1320">
     <span class='ocr_line' id='line_1_72' title="bbox 2188 1248 3785 1320; baseline 0.004 -17"><span class='ocrx_word' id='word_1_529' title='bbox 2188 1248 2288 1304; x_wconf 89' lang='lat' dir='ltr'><strong>hoc</strong></span> <span class='ocrx_word' id='word_1_530' title='bbox 2312 1249 2480 1318; x_wconf 90' lang='lat' dir='ltr'><strong>ipsum</strong></span> <span class='ocrx_word' id='word_1_531' title='bbox 2512 1258 2743 1319; x_wconf 88' lang='lat' dir='ltr'><strong>tempus,</strong></span> <span class='ocrx_word' id='word_1_532' title='bbox 2776 1265 2897 1304; x_wconf 93' lang='lat' dir='ltr'><strong>cum</strong></span> <span class='ocrx_word' id='word_1_533' title='bbox 2924 1251 3095 1320; x_wconf 89' lang='lat' dir='ltr'><strong>prima</strong></span> <span class='ocrx_word' id='word_1_534' title='bbox 3122 1251 3441 1307; x_wconf 89' lang='lat' dir='ltr'><strong>afferrentur</strong></span> <span class='ocrx_word' id='word_1_535' title='bbox 3466 1254 3647 1307; x_wconf 87' lang='lat' dir='ltr'><strong>nuntia</strong></span> <span class='ocrx_word' id='word_1_536' title='bbox 3675 1269 3785 1309; x_wconf 88' lang='lat' dir='ltr'><strong>ex-</strong></span> 
     </span>
    </p>
   </div>
   <div class='ocr_carea' id='block_1_73' title="bbox 2186 1339 3785 1414">
    <p class='ocr_par' dir='ltr' id='par_1_73' title="bbox 2186 1339 3785 1414">
     <span class='ocr_line' id='line_1_73' title="bbox 2186 1339 3785 1414; baseline 0.004 -21"><span class='ocrx_word' id='word_1_537' title='bbox 2186 1353 2407 1394; x_wconf 90' lang='lat' dir='ltr'><strong>scensus</strong></span> <span class='ocrx_word' id='word_1_538' title='bbox 2428 1339 2773 1395; x_wconf 88' lang='lat' dir='ltr'><strong>barbarorum</strong></span> <span class='ocrx_word' id='word_1_539' title='bbox 2803 1340 2853 1395; x_wconf 92' lang='lat' dir='ltr'><strong>in</strong></span> <span class='ocrx_word' id='word_1_540' title='bbox 2884 1341 3212 1412; x_wconf 82' lang='lat' dir='ltr'><strong>Hispaniam,</strong></span> <span class='ocrx_word' id='word_1_541' title='bbox 3241 1342 3401 1414; x_wconf 92' lang='lat' dir='ltr'><strong>idque</strong></span> <span class='ocrx_word' id='word_1_542' title='bbox 3426 1343 3561 1399; x_wconf 89' lang='lat' dir='ltr'><strong>forte</strong></span> <span class='ocrx_word' id='word_1_543' title='bbox 3586 1344 3688 1399; x_wconf 86' lang='lat' dir='ltr'><strong>sub</strong></span> <span class='ocrx_word' id='word_1_544' title='bbox 3720 1344 3785 1399; x_wconf 85' lang='lat' dir='ltr'><strong>li-</strong></span> 
     </span>
    </p>
   </div>
   <div class='ocr_carea' id='block_1_74' title="bbox 2186 1428 3785 1501">
    <p class='ocr_par' dir='ltr' id='par_1_74' title="bbox 2186 1428 3785 1501">
     <span class='ocr_line' id='line_1_74' title="bbox 2186 1428 3785 1501; baseline 0.003 -18"><span class='ocrx_word' id='word_1_545' title='bbox 2186 1444 2309 1483; x_wconf 92' lang='lat' dir='ltr'><strong>nem</strong></span> <span class='ocrx_word' id='word_1_546' title='bbox 2338 1428 2602 1495; x_wconf 90' lang='lat' dir='ltr'><strong>octobris;</strong></span> <span class='ocrx_word' id='word_1_547' title='bbox 2634 1444 2738 1483; x_wconf 86' lang='lat' dir='ltr'><strong>uno</strong></span> <span class='ocrx_word' id='word_1_548' title='bbox 2769 1430 2820 1483; x_wconf 93' lang='lat' dir='ltr'><strong>in</strong></span> <span class='ocrx_word' id='word_1_549' title='bbox 2844 1429 2962 1485; x_wconf 91' lang='lat' dir='ltr'><strong>loco</strong></span> <span class='ocrx_word' id='word_1_550' title='bbox 2986 1431 3331 1501; x_wconf 86' lang='lat' dir='ltr'><strong>quadraginta</strong></span> <span class='ocrx_word' id='word_1_551' title='bbox 3372 1441 3493 1487; x_wconf 93' lang='lat' dir='ltr'><strong>octo</strong></span> <span class='ocrx_word' id='word_1_552' title='bbox 3535 1433 3785 1488; x_wconf 75' lang='lat' dir='ltr'><strong>homines</strong></span> 
     </span>
    </p>
   </div>
   <div class='ocr_carea' id='block_1_75' title="bbox 2186 1518 3783 1592">
    <p class='ocr_par' dir='ltr' id='par_1_75' title="bbox 2186 1518 3783 1592">
     <span class='ocr_line' id='line_1_75' title="bbox 2186 1518 3783 1592; baseline 0.003 -19"><span class='ocrx_word' id='word_1_553' title='bbox 2186 1519 2253 1574; x_wconf 87' lang='lat' dir='ltr'><strong>ab</strong></span> <span class='ocrx_word' id='word_1_554' title='bbox 2278 1519 2392 1574; x_wconf 92' lang='lat' dir='ltr'><strong>istis</strong></span> <span class='ocrx_word' id='word_1_555' title='bbox 2422 1518 2687 1574; x_wconf 68' lang='lat' dir='ltr'><strong>ntereticis</strong></span> <span class='ocrx_word' id='word_1_556' title='bbox 2712 1521 2879 1574; x_wconf 86' lang='lat' dir='ltr'><strong>coacti</strong></span> <span class='ocrx_word' id='word_1_557' title='bbox 2907 1531 3032 1575; x_wconf 91' lang='lat' dir='ltr'><strong>sunt</strong></span> <span class='ocrx_word' id='word_1_558' title='bbox 3052 1519 3374 1592; x_wconf 83' lang='lat' dir='ltr'><strong>baptismum</strong></span> <span class='ocrx_word' id='word_1_559' title='bbox 3404 1522 3579 1577; x_wconf 91' lang='lat' dir='ltr'><strong>denuo</strong></span> <span class='ocrx_word' id='word_1_560' title='bbox 3603 1523 3783 1577; x_wconf 88' lang='lat' dir='ltr'><strong>susci-</strong></span> 
     </span>
    </p>
   </div>
   <div class='ocr_carea' id='block_1_76' title="bbox 2188 1609 3781 1679">
    <p class='ocr_par' dir='ltr' id='par_1_76' title="bbox 2188 1609 3781 1679">
     <span class='ocr_line' id='line_1_76' title="bbox 2188 1609 3781 1679; baseline 0.003 -15"><span class='ocrx_word' id='word_1_561' title='bbox 2188 1625 2332 1679; x_wconf 89' lang='lat' dir='ltr'><strong>pere.</strong></span> <span class='ocrx_word' id='word_1_562' title='bbox 2363 1609 2685 1665; x_wconf 75' lang='lat' dir='ltr'><strong>Mtestissimi</strong></span> <span class='ocrx_word' id='word_1_563' title='bbox 2715 1610 2855 1665; x_wconf 90' lang='lat' dir='ltr'><strong>illius</strong></span> <span class='ocrx_word' id='word_1_564' title='bbox 2878 1626 3034 1667; x_wconf 88' lang='lat' dir='ltr'><strong>casus</strong></span> <span class='ocrx_word' id='word_1_565' title='bbox 3058 1612 3253 1670; x_wconf 91' lang='lat' dir='ltr'><strong>certior</strong></span> <span class='ocrx_word' id='word_1_566' title='bbox 3272 1622 3355 1667; x_wconf 91' lang='lat' dir='ltr'><strong>est</strong></span> <span class='ocrx_word' id='word_1_567' title='bbox 3374 1612 3540 1667; x_wconf 89' lang='lat' dir='ltr'><strong>factus</strong></span> <span class='ocrx_word' id='word_1_568' title='bbox 3560 1621 3781 1668; x_wconf 90' lang='lat' dir='ltr'><strong>sanctus</strong></span> 
     </span>
    </p>
   </div>
   <div class='ocr_carea' id='block_1_77' title="bbox 2188 1699 3779 1775">
    <p class='ocr_par' dir='ltr' id='par_1_77' title="bbox 2188 1699 3779 1775">
     <span class='ocr_line' id='line_1_77' title="bbox 2188 1699 3779 1775; baseline 0.004 -20"><span class='ocrx_word' id='word_1_569' title='bbox 2188 1699 2386 1755; x_wconf 87' lang='lat' dir='ltr'><strong>Praesul</strong></span> <span class='ocrx_word' id='word_1_570' title='bbox 2430 1700 2600 1770; x_wconf 88' lang='lat' dir='ltr'><strong>pridie</strong></span> <span class='ocrx_word' id='word_1_571' title='bbox 2626 1716 2783 1771; x_wconf 86' lang='lat' dir='ltr'><strong>quam</strong></span> <span class='ocrx_word' id='word_1_572' title='bbox 2810 1700 3112 1757; x_wconf 80' lang='lat' dir='ltr'><strong>Victoriano</strong></span> <span class='ocrx_word' id='word_1_573' title='bbox 3152 1704 3463 1775; x_wconf 73' lang='lat' dir='ltr'><strong>presbytero</strong></span> <span class='ocrx_word' id='word_1_574' title='bbox 3499 1719 3657 1774; x_wconf 90' lang='lat' dir='ltr'><strong>super</strong></span> <span class='ocrx_word' id='word_1_575' title='bbox 3687 1704 3779 1761; x_wconf 74' lang='lat' dir='ltr'><strong>illa</strong></span> 
     </span>
    </p>
   </div>
   <div class='ocr_carea' id='block_1_78' title="bbox 2186 1790 3780 1866">
    <p class='ocr_par' dir='ltr' id='par_1_78' title="bbox 2186 1790 3780 1866">
     <span class='ocr_line' id='line_1_78' title="bbox 2186 1790 3780 1866; baseline 0.004 -21"><span class='ocrx_word' id='word_1_576' title='bbox 2186 1790 2532 1860; x_wconf 87' lang='lat' dir='ltr'><strong>responderet</strong></span> <span class='ocrx_word' id='word_1_577' title='bbox 2576 1791 2918 1847; x_wconf 86' lang='lat' dir='ltr'><strong>barbarorum</strong></span> <span class='ocrx_word' id='word_1_578' title='bbox 2964 1796 3313 1863; x_wconf 82' lang='lat' dir='ltr'><strong>grassatione,</strong></span> <span class='ocrx_word' id='word_1_579' title='bbox 3340 1811 3467 1866; x_wconf 88' lang='lat' dir='ltr'><strong>qua,</strong></span> <span class='ocrx_word' id='word_1_580' title='bbox 3497 1805 3553 1850; x_wconf 92' lang='lat' dir='ltr'><strong>ut</strong></span> <span class='ocrx_word' id='word_1_581' title='bbox 3578 1796 3622 1850; x_wconf 90' lang='lat' dir='ltr'><strong>is</strong></span> <span class='ocrx_word' id='word_1_582' title='bbox 3647 1811 3780 1851; x_wconf 75' lang='lat' dir='ltr'><strong>nar-</strong></span> 
     </span>
    </p>
   </div>
   <div class='ocr_carea' id='block_1_79' title="bbox 2185 1880 3778 1951">
    <p class='ocr_par' dir='ltr' id='par_1_79' title="bbox 2185 1880 3778 1951">
     <span class='ocr_line' id='line_1_79' title="bbox 2185 1880 3778 1951; baseline 0.004 -16"><span class='ocrx_word' id='word_1_583' title='bbox 2185 1880 2351 1945; x_wconf 83' lang='lat' dir='ltr'><strong>rabat,</strong></span> <span class='ocrx_word' id='word_1_584' title='bbox 2377 1880 2587 1951; x_wconf 91' lang='lat' dir='ltr'><strong>quidam</strong></span> <span class='ocrx_word' id='word_1_585' title='bbox 2614 1883 2751 1937; x_wconf 92' lang='lat' dir='ltr'><strong>servi</strong></span> <span class='ocrx_word' id='word_1_586' title='bbox 2783 1883 2895 1948; x_wconf 89' lang='lat' dir='ltr'><strong>Dei,</strong></span> <span class='ocrx_word' id='word_1_587' title='bbox 2927 1882 2981 1938; x_wconf 89' lang='lat' dir='ltr'><strong>id</strong></span> <span class='ocrx_word' id='word_1_588' title='bbox 3007 1894 3093 1938; x_wconf 90' lang='lat' dir='ltr'><strong>est</strong></span> <span class='ocrx_word' id='word_1_589' title='bbox 3128 1886 3396 1950; x_wconf 85' lang='lat' dir='ltr'><strong>monachi,</strong></span> <span class='ocrx_word' id='word_1_590' title='bbox 3425 1885 3633 1941; x_wconf 91' lang='lat' dir='ltr'><strong>fuerant</strong></span> <span class='ocrx_word' id='word_1_591' title='bbox 3654 1895 3778 1951; x_wconf 81' lang='lat' dir='ltr'><strong>tru-</strong></span> 
     </span>
    </p>
   </div>
   <div class='ocr_carea' id='block_1_80' title="bbox 2184 1971 3775 2046">
    <p class='ocr_par' dir='ltr' id='par_1_80' title="bbox 2184 1971 3775 2046">
     <span class='ocr_line' id='line_1_80' title="bbox 2184 1971 3775 2046; baseline 0.005 -21"><span class='ocrx_word' id='word_1_592' title='bbox 2184 1971 2363 2037; x_wconf 91' lang='lat' dir='ltr'><strong>cidati,</strong></span> <span class='ocrx_word' id='word_1_593' title='bbox 2388 1986 2590 2027; x_wconf 90' lang='lat' dir='ltr'><strong>necnon</strong></span> <span class='ocrx_word' id='word_1_594' title='bbox 2612 1988 2776 2028; x_wconf 71' lang='lat' dir='ltr'><strong>sacrm</strong></span> <span class='ocrx_word' id='word_1_595' title='bbox 2798 1974 3026 2045; x_wconf 87' lang='lat' dir='ltr'><strong>virgines</strong></span> <span class='ocrx_word' id='word_1_596' title='bbox 3048 1975 3102 2030; x_wconf 91' lang='lat' dir='ltr'><strong>iu</strong></span> <span class='ocrx_word' id='word_1_597' title='bbox 3123 1975 3478 2046; x_wconf 85' lang='lat' dir='ltr'><strong>captivitatem</strong></span> <span class='ocrx_word' id='word_1_598' title='bbox 3507 1978 3775 2043; x_wconf 59' lang='lat' dir='ltr'><strong>abductas,</strong></span> 
     </span>
    </p>
   </div>
   <div class='ocr_carea' id='block_1_81' title="bbox 2183 2060 3774 2134">
    <p class='ocr_par' dir='ltr' id='par_1_81' title="bbox 2183 2060 3774 2134">
     <span class='ocr_line' id='line_1_81' title="bbox 2183 2060 3774 2134; baseline 0.005 -21"><span class='ocrx_word' id='word_1_599' title='bbox 2183 2068 2340 2131; x_wconf 90' lang='lat' dir='ltr'><strong>atque</strong></span> <span class='ocrx_word' id='word_1_600' title='bbox 2356 2060 2626 2115; x_wconf 88' lang='lat' dir='ltr'><strong>hominum</strong></span> <span class='ocrx_word' id='word_1_601' title='bbox 2653 2062 2907 2133; x_wconf 84' lang='lat' dir='ltr'><strong>religione</strong></span> <span class='ocrx_word' id='word_1_602' title='bbox 2926 2067 3072 2118; x_wconf 92' lang='lat' dir='ltr'><strong>omni</strong></span> <span class='ocrx_word' id='word_1_603' title='bbox 3098 2079 3159 2118; x_wconf 92' lang='lat' dir='ltr'><strong>ac</strong></span> <span class='ocrx_word' id='word_1_604' title='bbox 3172 2064 3373 2134; x_wconf 89' lang='lat' dir='ltr'><strong>pudore</strong></span> <span class='ocrx_word' id='word_1_605' title='bbox 3397 2066 3774 2123; x_wconf 78' lang='lat' dir='ltr'><strong>destitutorum</strong></span> 
     </span>
    </p>
   </div>
   <div class='ocr_carea' id='block_1_82' title="bbox 2183 2152 3779 2226">
    <p class='ocr_par' dir='ltr' id='par_1_82' title="bbox 2183 2152 3779 2226">
     <span class='ocr_line' id='line_1_82' title="bbox 2183 2152 3779 2226; baseline 0.004 -20"><span class='ocrx_word' id='word_1_606' title='bbox 2183 2152 2402 2222; x_wconf 70' lang='lat' dir='ltr'><strong>objecta:</strong></span> <span class='ocrx_word' id='word_1_607' title='bbox 2426 2153 2648 2208; x_wconf 90' lang='lat' dir='ltr'><strong>libidini.</strong></span> <span class='ocrx_word' id='word_1_608' title='bbox 2672 2153 2913 2223; x_wconf 83' lang='lat' dir='ltr'><strong>Rogabat</strong></span> <span class='ocrx_word' id='word_1_609' title='bbox 2944 2155 3295 2226; x_wconf 86' lang='lat' dir='ltr'><strong>Augustinum</strong></span> <span class='ocrx_word' id='word_1_610' title='bbox 3316 2156 3685 2223; x_wconf 84' lang='lat' dir='ltr'><strong>Victorianus,</strong></span> <span class='ocrx_word' id='word_1_611' title='bbox 3715 2165 3779 2211; x_wconf 73' lang='lat' dir='ltr'><strong>ut</strong></span> 
     </span>
    </p>
   </div>
   <div class='ocr_carea' id='block_1_83' title="bbox 2182 2244 3778 2319">
    <p class='ocr_par' dir='ltr' id='par_1_83' title="bbox 2182 2244 3778 2319">
     <span class='ocr_line' id='line_1_83' title="bbox 2182 2244 3778 2319; baseline 0.003 -21"><span class='ocrx_word' id='word_1_612' title='bbox 2182 2244 2281 2299; x_wconf 89' lang='lat' dir='ltr'><strong>sibi</strong></span> <span class='ocrx_word' id='word_1_613' title='bbox 2312 2245 2447 2301; x_wconf 90' lang='lat' dir='ltr'><strong>hanc</strong></span> <span class='ocrx_word' id='word_1_614' title='bbox 2472 2246 2523 2299; x_wconf 92' lang='lat' dir='ltr'><strong>in</strong></span> <span class='ocrx_word' id='word_1_615' title='bbox 2545 2262 2660 2301; x_wconf 89' lang='lat' dir='ltr'><strong>rem</strong></span> <span class='ocrx_word' id='word_1_616' title='bbox 2683 2246 2840 2316; x_wconf 90' lang='lat' dir='ltr'><strong>paulo</strong></span> <span class='ocrx_word' id='word_1_617' title='bbox 2874 2246 3039 2303; x_wconf 87' lang='lat' dir='ltr'><strong>fusius</strong></span> <span class='ocrx_word' id='word_1_618' title='bbox 3076 2247 3444 2319; x_wconf 86' lang='lat' dir='ltr'><strong>responderet,</strong></span> <span class='ocrx_word' id='word_1_619' title='bbox 3483 2249 3565 2303; x_wconf 90' lang='lat' dir='ltr'><strong>vel</strong></span> <span class='ocrx_word' id='word_1_620' title='bbox 3585 2264 3649 2303; x_wconf 91' lang='lat' dir='ltr'><strong>ea</strong></span> <span class='ocrx_word' id='word_1_621' title='bbox 3676 2263 3778 2318; x_wconf 81' lang='lat' dir='ltr'><strong>po-</strong></span> 
     </span>
    </p>
   </div>
   <div class='ocr_carea' id='block_1_84' title="bbox 2183 2335 3775 2409">
    <p class='ocr_par' dir='ltr' id='par_1_84' title="bbox 2183 2335 3775 2409">
     <span class='ocr_line' id='line_1_84' title="bbox 2183 2335 3775 2409; baseline 0.003 -21"><span class='ocrx_word' id='word_1_622' title='bbox 2183 2335 2441 2389; x_wconf 91' lang='lat' dir='ltr'><strong>tissimum</strong></span> <span class='ocrx_word' id='word_1_623' title='bbox 2461 2336 2529 2391; x_wconf 90' lang='lat' dir='ltr'><strong>de</strong></span> <span class='ocrx_word' id='word_1_624' title='bbox 2556 2352 2735 2403; x_wconf 72' lang='lat' dir='ltr'><strong>musa,</strong></span> <span class='ocrx_word' id='word_1_625' title='bbox 2774 2337 2915 2408; x_wconf 87' lang='lat' dir='ltr'><strong>quod</strong></span> <span class='ocrx_word' id='word_1_626' title='bbox 2943 2352 3128 2393; x_wconf 82' lang='lat' dir='ltr'><strong>ansam</strong></span> <span class='ocrx_word' id='word_1_627' title='bbox 3171 2339 3295 2394; x_wconf 90' lang='lat' dir='ltr'><strong>hinc</strong></span> <span class='ocrx_word' id='word_1_628' title='bbox 3334 2338 3775 2409; x_wconf 83' lang='lat' dir='ltr'><strong>Pagani.arripe-</strong></span> 
     </span>
    </p>
   </div>
   <div class='ocr_carea' id='block_1_85' title="bbox 2182 2427 3772 2500">
    <p class='ocr_par' dir='ltr' id='par_1_85' title="bbox 2182 2427 3772 2500">
     <span class='ocr_line' id='line_1_85' title="bbox 2182 2427 3772 2500; baseline 0.003 -18"><span class='ocrx_word' id='word_1_629' title='bbox 2182 2436 2300 2482; x_wconf 87' lang='lat' dir='ltr'><strong>rent</strong></span> <span class='ocrx_word' id='word_1_630' title='bbox 2320 2427 2639 2497; x_wconf 79' lang='lat' dir='ltr'><strong>blasphemis</strong></span> <span class='ocrx_word' id='word_1_631' title='bbox 2658 2429 2876 2483; x_wconf 88' lang='lat' dir='ltr'><strong>vocibus</strong></span> <span class='ocrx_word' id='word_1_632' title='bbox 2894 2430 3059 2485; x_wconf 89' lang='lat' dir='ltr'><strong>Deum</strong></span> <span class='ocrx_word' id='word_1_633' title='bbox 3076 2429 3381 2500; x_wconf 91' lang='lat' dir='ltr'><strong>impetendi,</strong></span> <span class='ocrx_word' id='word_1_634' title='bbox 3404 2446 3607 2485; x_wconf 86' lang='lat' dir='ltr'><strong>necnon</strong></span> <span class='ocrx_word' id='word_1_635' title='bbox 3630 2431 3772 2486; x_wconf 83' lang='lat' dir='ltr'><strong>mala</strong></span> 
     </span>
    </p>
   </div>
   <div class='ocr_carea' id='block_1_86' title="bbox 2184 2516 3773 2591">
    <p class='ocr_par' dir='ltr' id='par_1_86' title="bbox 2184 2516 3773 2591">
     <span class='ocr_line' id='line_1_86' title="bbox 2184 2516 3773 2591; baseline 0.003 -21"><span class='ocrx_word' id='word_1_636' title='bbox 2184 2516 2272 2571; x_wconf 90' lang='lat' dir='ltr'><strong>illa</strong></span> <span class='ocrx_word' id='word_1_637' title='bbox 2319 2517 2627 2574; x_wconf 87' lang='lat' dir='ltr'><strong>conferendi</strong></span> <span class='ocrx_word' id='word_1_638' title='bbox 2665 2519 2716 2574; x_wconf 92' lang='lat' dir='ltr'><strong>in</strong></span> <span class='ocrx_word' id='word_1_639' title='bbox 2761 2520 3069 2590; x_wconf 89' lang='lat' dir='ltr'><strong>religionem</strong></span> <span class='ocrx_word' id='word_1_640' title='bbox 3122 2521 3484 2576; x_wconf 79' lang='lat' dir='ltr'><strong>Christianam.</strong></span> <span class='ocrx_word' id='word_1_641' title='bbox 3529 2522 3773 2591; x_wconf 83' lang='lat' dir='ltr'><strong>Respon-</strong></span> 
     </span>
    </p>
   </div>
   <div class='ocr_carea' id='block_1_87' title="bbox 2180 2608 3778 2682">
    <p class='ocr_par' dir='ltr' id='par_1_87' title="bbox 2180 2608 3778 2682">
     <span class='ocr_line' id='line_1_87' title="bbox 2180 2608 3778 2682; baseline 0.003 -19"><span class='ocrx_word' id='word_1_642' title='bbox 2180 2623 2297 2663; x_wconf 90' lang='lat' dir='ltr'><strong>sum</strong></span> <span class='ocrx_word' id='word_1_643' title='bbox 2322 2608 2468 2664; x_wconf 90' lang='lat' dir='ltr'><strong>dedit</strong></span> <span class='ocrx_word' id='word_1_644' title='bbox 2488 2610 2535 2665; x_wconf 91' lang='lat' dir='ltr'><strong>ei</strong></span> <span class='ocrx_word' id='word_1_645' title='bbox 2566 2610 2657 2665; x_wconf 78' lang='lat' dir='ltr'><strong>Vir</strong></span> <span class='ocrx_word' id='word_1_646' title='bbox 2674 2620 2908 2678; x_wconf 90' lang='lat' dir='ltr'><strong>sanctus,</strong></span> <span class='ocrx_word' id='word_1_647' title='bbox 2932 2626 3028 2682; x_wconf 92' lang='lat' dir='ltr'><strong>pro</strong></span> <span class='ocrx_word' id='word_1_648' title='bbox 3049 2611 3161 2666; x_wconf 89' lang='lat' dir='ltr'><strong>suis</strong></span> <span class='ocrx_word' id='word_1_649' title='bbox 3179 2612 3629 2681; x_wconf 88' lang='lat' dir='ltr'><strong>occupationibus,</strong></span> <span class='ocrx_word' id='word_1_650' title='bbox 3651 2626 3778 2667; x_wconf 88' lang='lat' dir='ltr'><strong>am-</strong></span> 
     </span>
    </p>
   </div>
   <div class='ocr_carea' id='block_1_88' title="bbox 2180 2699 3770 2771">
    <p class='ocr_par' dir='ltr' id='par_1_88' title="bbox 2180 2699 3770 2771">
     <span class='ocr_line' id='line_1_88' title="bbox 2180 2699 3770 2771; baseline 0.003 -18"><span class='ocrx_word' id='word_1_651' title='bbox 2180 2699 2346 2770; x_wconf 89' lang='lat' dir='ltr'><strong>plum,</strong></span> <span class='ocrx_word' id='word_1_652' title='bbox 2372 2710 2427 2756; x_wconf 92' lang='lat' dir='ltr'><strong>et</strong></span> <span class='ocrx_word' id='word_1_653' title='bbox 2448 2701 2587 2771; x_wconf 87' lang='lat' dir='ltr'><strong>quod</strong></span> <span class='ocrx_word' id='word_1_654' title='bbox 2612 2700 2678 2756; x_wconf 88' lang='lat' dir='ltr'><strong>ad</strong></span> <span class='ocrx_word' id='word_1_655' title='bbox 2708 2717 2820 2756; x_wconf 89' lang='lat' dir='ltr'><strong>rem</strong></span> <span class='ocrx_word' id='word_1_656' title='bbox 2862 2711 2945 2757; x_wconf 90' lang='lat' dir='ltr'><strong>sat</strong></span> <span class='ocrx_word' id='word_1_657' title='bbox 2979 2710 3141 2758; x_wconf 87' lang='lat' dir='ltr'><strong>esset.</strong></span> <span class='ocrx_word' id='word_1_658' title='bbox 3186 2702 3241 2758; x_wconf 83' lang='lat' dir='ltr'><strong>in</strong></span> <span class='ocrx_word' id='word_1_659' title='bbox 3273 2702 3374 2758; x_wconf 86' lang='lat' dir='ltr'><strong>hoc</strong></span> <span class='ocrx_word' id='word_1_660' title='bbox 3416 2701 3770 2770; x_wconf 85' lang='lat' dir='ltr'><strong>demonstrat,</strong></span> 
     </span>
    </p>
   </div>
   <div class='ocr_carea' id='block_1_89' title="bbox 2181 2791 3774 2864">
    <p class='ocr_par' dir='ltr' id='par_1_89' title="bbox 2181 2791 3774 2864">
     <span class='ocr_line' id='line_1_89' title="bbox 2181 2791 3774 2864; baseline 0.004 -20"><span class='ocrx_word' id='word_1_661' title='bbox 2181 2791 2311 2845; x_wconf 91' lang='lat' dir='ltr'><strong>nihil</strong></span> <span class='ocrx_word' id='word_1_662' title='bbox 2339 2800 2448 2846; x_wconf 91' lang='lat' dir='ltr'><strong>tum</strong></span> <span class='ocrx_word' id='word_1_663' title='bbox 2470 2792 2709 2848; x_wconf 88' lang='lat' dir='ltr'><strong>Ethnieis</strong></span> <span class='ocrx_word' id='word_1_664' title='bbox 2728 2802 2833 2847; x_wconf 93' lang='lat' dir='ltr'><strong>tum</strong></span> <span class='ocrx_word' id='word_1_665' title='bbox 2852 2792 3162 2849; x_wconf 87' lang='lat' dir='ltr'><strong>Christianis</strong></span> <span class='ocrx_word' id='word_1_666' title='bbox 3181 2795 3354 2864; x_wconf 88' lang='lat' dir='ltr'><strong>aptius</strong></span> <span class='ocrx_word' id='word_1_667' title='bbox 3373 2793 3774 2850; x_wconf 85' lang='lat' dir='ltr'><strong>commodiusve</strong></span> 
     </span>
    </p>
   </div>
   <div class='ocr_carea' id='block_1_90' title="bbox 2180 2884 3775 2956">
    <p class='ocr_par' dir='ltr' id='par_1_90' title="bbox 2180 2884 3775 2956">
     <span class='ocr_line' id='line_1_90' title="bbox 2180 2884 3775 2956; baseline 0.002 -18"><span class='ocrx_word' id='word_1_668' title='bbox 2180 2898 2335 2953; x_wconf 88' lang='lat' dir='ltr'><strong>posse</strong></span> <span class='ocrx_word' id='word_1_669' title='bbox 2359 2884 2566 2954; x_wconf 87' lang='lat' dir='ltr'><strong>reponi,</strong></span> <span class='ocrx_word' id='word_1_670' title='bbox 2598 2900 2754 2955; x_wconf 92' lang='lat' dir='ltr'><strong>quam</strong></span> <span class='ocrx_word' id='word_1_671' title='bbox 2792 2884 2839 2940; x_wconf 91' lang='lat' dir='ltr'><strong>si</strong></span> <span class='ocrx_word' id='word_1_672' title='bbox 2875 2885 3112 2941; x_wconf 91' lang='lat' dir='ltr'><strong>dicamus</strong></span> <span class='ocrx_word' id='word_1_673' title='bbox 3138 2885 3470 2956; x_wconf 88' lang='lat' dir='ltr'><strong>gravioribus</strong></span> <span class='ocrx_word' id='word_1_674' title='bbox 3491 2886 3661 2956; x_wconf 67' lang='lat' dir='ltr'><strong>pinnis</strong></span> <span class='ocrx_word' id='word_1_675' title='bbox 3685 2885 3775 2941; x_wconf 82' lang='lat' dir='ltr'><strong>di-</strong></span> 
     </span>
    </p>
   </div>
   <div class='ocr_carea' id='block_1_91' title="bbox 2178 2974 3767 3046">
    <p class='ocr_par' dir='ltr' id='par_1_91' title="bbox 2178 2974 3767 3046">
     <span class='ocr_line' id='line_1_91' title="bbox 2178 2974 3767 3046; baseline 0.003 -19"><span class='ocrx_word' id='word_1_676' title='bbox 2178 2988 2311 3045; x_wconf 92' lang='lat' dir='ltr'><strong>gnos</strong></span> <span class='ocrx_word' id='word_1_677' title='bbox 2337 2989 2475 3040; x_wconf 88' lang='lat' dir='ltr'><strong>esse,</strong></span> <span class='ocrx_word' id='word_1_678' title='bbox 2502 2975 2591 3045; x_wconf 89' lang='lat' dir='ltr'><strong>qui</strong></span> <span class='ocrx_word' id='word_1_679' title='bbox 2618 2974 2824 3030; x_wconf 90' lang='lat' dir='ltr'><strong>Domini</strong></span> <span class='ocrx_word' id='word_1_680' title='bbox 2846 2974 3187 3041; x_wconf 89' lang='lat' dir='ltr'><strong>voluntatem,</strong></span> <span class='ocrx_word' id='word_1_681' title='bbox 3215 2991 3371 3046; x_wconf 90' lang='lat' dir='ltr'><strong>quam</strong></span> <span class='ocrx_word' id='word_1_682' title='bbox 3400 2977 3642 3046; x_wconf 85' lang='lat' dir='ltr'><strong>ignorare</strong></span> <span class='ocrx_word' id='word_1_683' title='bbox 3663 2991 3767 3031; x_wconf 90' lang='lat' dir='ltr'><strong>nc-</strong></span> 
     </span>
    </p>
   </div>
   <div class='ocr_carea' id='block_1_92' title="bbox 2178 3055 3767 3137">
    <p class='ocr_par' dir='ltr' id='par_1_92' title="bbox 2178 3055 3767 3137">
     <span class='ocr_line' id='line_1_92' title="bbox 2178 3055 3767 3137; baseline 0.001 -19"><span class='ocrx_word' id='word_1_684' title='bbox 2178 3074 2398 3135; x_wconf 87' lang='lat' dir='ltr'><strong>queunt,</strong></span> <span class='ocrx_word' id='word_1_685' title='bbox 2428 3073 2795 3137; x_wconf 87' lang='lat' dir='ltr'><strong>aspernantur,</strong></span> <span class='ocrx_word' id='word_1_686' title='bbox 2813 3080 2968 3135; x_wconf 89' lang='lat' dir='ltr'><strong>quam</strong></span> <span class='ocrx_word' id='word_1_687' title='bbox 2998 3064 3055 3129; x_wconf 91' lang='lat' dir='ltr'><strong>ii,</strong></span> <span class='ocrx_word' id='word_1_688' title='bbox 3078 3065 3267 3136; x_wconf 89' lang='lat' dir='ltr'><strong>quibus</strong></span> <span class='ocrx_word' id='word_1_689' title='bbox 3282 3064 3350 3121; x_wconf 91' lang='lat' dir='ltr'><strong>de</strong></span> <span class='ocrx_word' id='word_1_690' title='bbox 3377 3055 3462 3119; x_wconf 86' lang='lat' dir='ltr'><strong>illa</strong></span> <span class='ocrx_word' id='word_1_691' title='bbox 3492 3081 3767 3136; x_wconf 86' lang='lat' dir='ltr'><strong>nunquam</strong></span> 
     </span>
    </p>
   </div>
   <div class='ocr_carea' id='block_1_93' title="bbox 2179 3154 3772 3226">
    <p class='ocr_par' dir='ltr' id='par_1_93' title="bbox 2179 3154 3772 3226">
     <span class='ocr_line' id='line_1_93' title="bbox 2179 3154 3772 3226; baseline 0.002 -19"><span class='ocrx_word' id='word_1_692' title='bbox 2179 3154 2463 3225; x_wconf 89' lang='lat' dir='ltr'><strong>quidquam</strong></span> <span class='ocrx_word' id='word_1_693' title='bbox 2484 3154 2665 3209; x_wconf 86' lang='lat' dir='ltr'><strong>audire</strong></span> <span class='ocrx_word' id='word_1_694' title='bbox 2685 3154 2904 3224; x_wconf 88' lang='lat' dir='ltr'><strong>contigit</strong></span> <span class='ocrx_word' id='word_1_695' title='bbox 2931 3172 2944 3208; x_wconf 90' lang='lat'><strong>:</strong></span> <span class='ocrx_word' id='word_1_696' title='bbox 2975 3155 3089 3225; x_wconf 90' lang='lat' dir='ltr'><strong>pios</strong></span> <span class='ocrx_word' id='word_1_697' title='bbox 3109 3168 3257 3221; x_wconf 91' lang='lat' dir='ltr'><strong>vero,</strong></span> <span class='ocrx_word' id='word_1_698' title='bbox 3280 3156 3606 3226; x_wconf 87' lang='lat' dir='ltr'><strong>quantalibet</strong></span> <span class='ocrx_word' id='word_1_699' title='bbox 3642 3155 3772 3211; x_wconf 64' lang='lat' dir='ltr'><strong>vita:</strong></span> 
     </span>
    </p>
   </div>
   <div class='ocr_carea' id='block_1_94' title="bbox 2180 3245 3773 3317">
    <p class='ocr_par' dir='ltr' id='par_1_94' title="bbox 2180 3245 3773 3317">
     <span class='ocr_line' id='line_1_94' title="bbox 2180 3245 3773 3317; baseline 0.001 -18"><span class='ocrx_word' id='word_1_700' title='bbox 2180 3246 2523 3300; x_wconf 87' lang='lat' dir='ltr'><strong>sanctimonia</strong></span> <span class='ocrx_word' id='word_1_701' title='bbox 2545 3245 2793 3316; x_wconf 85' lang='lat' dir='ltr'><strong>fulgeant,</strong></span> <span class='ocrx_word' id='word_1_702' title='bbox 2814 3261 3145 3317; x_wconf 79' lang='lat' dir='ltr'><strong>nequaquam</strong></span> <span class='ocrx_word' id='word_1_703' title='bbox 3172 3246 3226 3303; x_wconf 86' lang='lat' dir='ltr'><strong>in</strong></span> <span class='ocrx_word' id='word_1_704' title='bbox 3244 3248 3544 3317; x_wconf 85' lang='lat' dir='ltr'><strong>integritate</strong></span> <span class='ocrx_word' id='word_1_705' title='bbox 3563 3263 3624 3302; x_wconf 89' lang='lat' dir='ltr'><strong>ac</strong></span> <span class='ocrx_word' id='word_1_706' title='bbox 3646 3264 3773 3301; x_wconf 88' lang='lat' dir='ltr'><strong>mo-</strong></span> 
     </span>
    </p>
   </div>
   <div class='ocr_carea' id='block_1_95' title="bbox 2180 3338 3777 3410">
    <p class='ocr_par' dir='ltr' id='par_1_95' title="bbox 2180 3338 3777 3410">
     <span class='ocr_line' id='line_1_95' title="bbox 2180 3338 3777 3410; baseline 0 -14"><span class='ocrx_word' id='word_1_707' title='bbox 2180 3355 2298 3396; x_wconf 93' lang='lat' dir='ltr'><strong>rum</strong></span> <span class='ocrx_word' id='word_1_708' title='bbox 2321 3338 2617 3394; x_wconf 85' lang='lat' dir='ltr'><strong>innocentia</strong></span> <span class='ocrx_word' id='word_1_709' title='bbox 2638 3338 2833 3409; x_wconf 90' lang='lat' dir='ltr'><strong>primas</strong></span> <span class='ocrx_word' id='word_1_710' title='bbox 2852 3339 2950 3393; x_wconf 91' lang='lat' dir='ltr'><strong>sibi</strong></span> <span class='ocrx_word' id='word_1_711' title='bbox 2968 3354 3215 3409; x_wconf 84' lang='lat' dir='ltr'><strong>arrogare</strong></span> <span class='ocrx_word' id='word_1_712' title='bbox 3235 3354 3392 3410; x_wconf 89' lang='lat' dir='ltr'><strong>posse</strong></span> <span class='ocrx_word' id='word_1_713' title='bbox 3418 3355 3527 3409; x_wconf 65' lang='lat' dir='ltr'><strong>prae</strong></span> <span class='ocrx_word' id='word_1_714' title='bbox 3550 3339 3777 3396; x_wconf 76' lang='lat' dir='ltr'><strong>Danicle</strong></span> 
     </span>
    </p>
   </div>
   <div class='ocr_carea' id='block_1_96' title="bbox 2181 3428 3767 3498">
    <p class='ocr_par' dir='ltr' id='par_1_96' title="bbox 2181 3428 3767 3498">
     <span class='ocr_line' id='line_1_96' title="bbox 2181 3428 3767 3498; baseline 0 -15"><span class='ocrx_word' id='word_1_715' title='bbox 2181 3444 2245 3484; x_wconf 88' lang='lat' dir='ltr'><strong>ac</strong></span> <span class='ocrx_word' id='word_1_716' title='bbox 2267 3428 2421 3484; x_wconf 91' lang='lat' dir='ltr'><strong>sociis</strong></span> <span class='ocrx_word' id='word_1_717' title='bbox 2439 3428 2553 3498; x_wconf 91' lang='lat' dir='ltr'><strong>ejus</strong></span> <span class='ocrx_word' id='word_1_718' title='bbox 2567 3428 2911 3483; x_wconf 89' lang='lat' dir='ltr'><strong>sanctissimis</strong></span> <span class='ocrx_word' id='word_1_719' title='bbox 2926 3428 3026 3483; x_wconf 93' lang='lat' dir='ltr'><strong>illis</strong></span> <span class='ocrx_word' id='word_1_720' title='bbox 3038 3428 3480 3496; x_wconf 89' lang='lat' dir='ltr'><strong>adolescentibus,</strong></span> <span class='ocrx_word' id='word_1_721' title='bbox 3496 3429 3578 3484; x_wconf 90' lang='lat' dir='ltr'><strong>vel</strong></span> <span class='ocrx_word' id='word_1_722' title='bbox 3602 3431 3767 3483; x_wconf 89' lang='lat' dir='ltr'><strong>etiam</strong></span> 
     </span>
    </p>
   </div>
   <div class='ocr_carea' id='block_1_97' title="bbox 2182 3510 3772 3588">
    <p class='ocr_par' dir='ltr' id='par_1_97' title="bbox 2182 3510 3772 3588">
     <span class='ocr_line' id='line_1_97' title="bbox 2182 3510 3772 3588; baseline -0.001 -13"><span class='ocrx_word' id='word_1_723' title='bbox 2182 3518 2540 3583; x_wconf 63' lang='lat' dir='ltr'><strong>Maehabmis;</strong></span> <span class='ocrx_word' id='word_1_724' title='bbox 2598 3519 2685 3588; x_wconf 89' lang='lat' dir='ltr'><strong>qui</strong></span> <span class='ocrx_word' id='word_1_725' title='bbox 2736 3526 2912 3573; x_wconf 85' lang='lat' dir='ltr'><strong>tamen</strong></span> <span class='ocrx_word' id='word_1_726' title='bbox 2952 3533 3138 3574; x_wconf 90' lang='lat' dir='ltr'><strong>omnes</strong></span> <span class='ocrx_word' id='word_1_727' title='bbox 3171 3518 3440 3573; x_wconf 90' lang='lat' dir='ltr'><strong>atrocibus</strong></span> <span class='ocrx_word' id='word_1_728' title='bbox 3479 3510 3772 3577; x_wconf 83' lang='lat' dir='ltr'><strong>ccullictati</strong></span> 
     </span>
    </p>
   </div>
   <div class='ocr_carea' id='block_1_98' title="bbox 2184 3608 3773 3679">
    <p class='ocr_par' dir='ltr' id='par_1_98' title="bbox 2184 3608 3773 3679">
     <span class='ocr_line' id='line_1_98' title="bbox 2184 3608 3773 3679; baseline -0.001 -14"><span class='ocrx_word' id='word_1_729' title='bbox 2184 3608 2431 3675; x_wconf 83' lang='lat' dir='ltr'><strong>miseriis,</strong></span> <span class='ocrx_word' id='word_1_730' title='bbox 2457 3608 2630 3678; x_wconf 91' lang='lat' dir='ltr'><strong>puniri</strong></span> <span class='ocrx_word' id='word_1_731' title='bbox 2665 3623 2723 3663; x_wconf 91' lang='lat' dir='ltr'><strong>se</strong></span> <span class='ocrx_word' id='word_1_732' title='bbox 2754 3609 2908 3679; x_wconf 92' lang='lat' dir='ltr'><strong>digne</strong></span> <span class='ocrx_word' id='word_1_733' title='bbox 2936 3618 2987 3664; x_wconf 90' lang='lat' dir='ltr'><strong>et</strong></span> <span class='ocrx_word' id='word_1_734' title='bbox 3007 3609 3149 3679; x_wconf 91' lang='lat' dir='ltr'><strong>juste</strong></span> <span class='ocrx_word' id='word_1_735' title='bbox 3177 3624 3273 3679; x_wconf 91' lang='lat' dir='ltr'><strong>pro</strong></span> <span class='ocrx_word' id='word_1_736' title='bbox 3293 3610 3404 3664; x_wconf 90' lang='lat' dir='ltr'><strong>suis</strong></span> <span class='ocrx_word' id='word_1_737' title='bbox 3424 3609 3773 3679; x_wconf 88' lang='lat' dir='ltr'><strong>ipsorummct</strong></span> 
     </span>
    </p>
   </div>
   <div class='ocr_carea' id='block_1_99' title="bbox 2186 3697 3774 3771">
    <p class='ocr_par' dir='ltr' id='par_1_99' title="bbox 2186 3697 3774 3771">
     <span class='ocr_line' id='line_1_99' title="bbox 2186 3697 3774 3771; baseline -0.001 -18"><span class='ocrx_word' id='word_1_738' title='bbox 2186 3698 2415 3771; x_wconf 88' lang='lat' dir='ltr'><strong>peccatis</strong></span> <span class='ocrx_word' id='word_1_739' title='bbox 2458 3698 2829 3768; x_wconf 72' lang='lat' dir='ltr'><strong>prmdicarunt.</strong></span> <span class='ocrx_word' id='word_1_740' title='bbox 2860 3697 3211 3765; x_wconf 84' lang='lat' dir='ltr'><strong>Quamobrem</strong></span> <span class='ocrx_word' id='word_1_741' title='bbox 3240 3698 3598 3754; x_wconf 84' lang='lat' dir='ltr'><strong>Victorianum</strong></span> <span class='ocrx_word' id='word_1_742' title='bbox 3643 3698 3774 3753; x_wconf 80' lang='lat' dir='ltr'><strong>hor-</strong></span> 
     </span>
    </p>
   </div>
   <div class='ocr_carea' id='block_1_100' title="bbox 2188 3787 3773 3859">
    <p class='ocr_par' dir='ltr' id='par_1_100' title="bbox 2188 3787 3773 3859">
     <span class='ocr_line' id='line_1_100' title="bbox 2188 3787 3773 3859; baseline 0.001 -15"><span class='ocrx_word' id='word_1_743' title='bbox 2188 3798 2345 3855; x_wconf 91' lang='lat' dir='ltr'><strong>tatur,</strong></span> <span class='ocrx_word' id='word_1_744' title='bbox 2375 3798 2432 3842; x_wconf 92' lang='lat' dir='ltr'><strong>ut</strong></span> <span class='ocrx_word' id='word_1_745' title='bbox 2458 3796 2641 3842; x_wconf 86' lang='lat' dir='ltr'><strong>caveat</strong></span> <span class='ocrx_word' id='word_1_746' title='bbox 2668 3802 2763 3857; x_wconf 89' lang='lat' dir='ltr'><strong>pro</strong></span> <span class='ocrx_word' id='word_1_747' title='bbox 2786 3788 3006 3855; x_wconf 87' lang='lat' dir='ltr'><strong>viribus,</strong></span> <span class='ocrx_word' id='word_1_748' title='bbox 3032 3787 3440 3858; x_wconf 87' lang='lat' dir='ltr'><strong>prohibeatque,</strong></span> <span class='ocrx_word' id='word_1_749' title='bbox 3485 3789 3773 3859; x_wconf 82' lang='lat' dir='ltr'><strong>quominus</strong></span> 
     </span>
    </p>
   </div>
   <div class='ocr_carea' id='block_1_101' title="bbox 2187 3876 3774 3949">
    <p class='ocr_par' dir='ltr' id='par_1_101' title="bbox 2187 3876 3774 3949">
     <span class='ocr_line' id='line_1_101' title="bbox 2187 3876 3774 3949; baseline -0.001 -14"><span class='ocrx_word' id='word_1_750' title='bbox 2187 3880 2239 3935; x_wconf 92' lang='lat' dir='ltr'><strong>in</strong></span> <span class='ocrx_word' id='word_1_751' title='bbox 2267 3878 2410 3933; x_wconf 91' lang='lat' dir='ltr'><strong>hisce</strong></span> <span class='ocrx_word' id='word_1_752' title='bbox 2438 3877 2674 3932; x_wconf 91' lang='lat' dir='ltr'><strong>cladibus</strong></span> <span class='ocrx_word' id='word_1_753' title='bbox 2699 3890 2761 3931; x_wconf 89' lang='lat' dir='ltr'><strong>ac</strong></span> <span class='ocrx_word' id='word_1_754' title='bbox 2785 3876 2992 3931; x_wconf 85' lang='lat' dir='ltr'><strong>damnis</strong></span> <span class='ocrx_word' id='word_1_755' title='bbox 3016 3878 3152 3932; x_wconf 85' lang='lat' dir='ltr'><strong>Deus</strong></span> <span class='ocrx_word' id='word_1_756' title='bbox 3177 3876 3405 3949; x_wconf 87' lang='lat' dir='ltr'><strong>indignis</strong></span> <span class='ocrx_word' id='word_1_757' title='bbox 3423 3878 3774 3949; x_wconf 86' lang='lat' dir='ltr'><strong>querimoniis</strong></span> 
     </span>
    </p>
   </div>
   <div class='ocr_carea' id='block_1_102' title="bbox 2187 3968 3773 4040">
    <p class='ocr_par' dir='ltr' id='par_1_102' title="bbox 2187 3968 3773 4040">
     <span class='ocr_line' id='line_1_102' title="bbox 2187 3968 3773 4040; baseline 0.001 -16"><span class='ocrx_word' id='word_1_758' title='bbox 2187 3970 2422 4024; x_wconf 89' lang='lat' dir='ltr'><strong>irritetur</strong></span> <span class='ocrx_word' id='word_1_759' title='bbox 2458 3986 2469 4022; x_wconf 94' lang='lat'>:</span> <span class='ocrx_word' id='word_1_760' title='bbox 2502 3980 2609 4023; x_wconf 93' lang='lat' dir='ltr'><strong>tum</strong></span> <span class='ocrx_word' id='word_1_761' title='bbox 2639 3984 2704 4023; x_wconf 93' lang='lat' dir='ltr'><strong>ne</strong></span> <span class='ocrx_word' id='word_1_762' title='bbox 2732 3977 2905 4023; x_wconf 90' lang='lat' dir='ltr'><strong>cesset</strong></span> <span class='ocrx_word' id='word_1_763' title='bbox 2929 3968 2993 4023; x_wconf 91' lang='lat' dir='ltr'><strong>ad</strong></span> <span class='ocrx_word' id='word_1_764' title='bbox 3015 3984 3137 4024; x_wconf 90' lang='lat' dir='ltr'><strong>eum</strong></span> <span class='ocrx_word' id='word_1_765' title='bbox 3166 3985 3261 4039; x_wconf 86' lang='lat' dir='ltr'><strong>pro</strong></span> <span class='ocrx_word' id='word_1_766' title='bbox 3302 3971 3523 4040; x_wconf 87' lang='lat' dir='ltr'><strong>captivis</strong></span> <span class='ocrx_word' id='word_1_767' title='bbox 3547 3971 3773 4040; x_wconf 65' lang='lat' dir='ltr'><strong>virgini-</strong></span> 
     </span>
    </p>
   </div>
   <div class='ocr_carea' id='block_1_103' title="bbox 2188 4058 3774 4131">
    <p class='ocr_par' dir='ltr' id='par_1_103' title="bbox 2188 4058 3774 4131">
     <span class='ocr_line' id='line_1_103' title="bbox 2188 4058 3774 4131; baseline 0 -17"><span class='ocrx_word' id='word_1_768' title='bbox 2188 4059 2284 4114; x_wconf 90' lang='lat' dir='ltr'><strong>bus</strong></span> <span class='ocrx_word' id='word_1_769' title='bbox 2314 4058 2694 4128; x_wconf 89' lang='lat' dir='ltr'><strong>ingemiscere;</strong></span> <span class='ocrx_word' id='word_1_770' title='bbox 2726 4058 2848 4128; x_wconf 90' lang='lat' dir='ltr'><strong>quid</strong></span> <span class='ocrx_word' id='word_1_771' title='bbox 2879 4058 2947 4113; x_wconf 91' lang='lat' dir='ltr'><strong>de</strong></span> <span class='ocrx_word' id='word_1_772' title='bbox 2984 4059 3089 4113; x_wconf 91' lang='lat' dir='ltr'><strong>illis</strong></span> <span class='ocrx_word' id='word_1_773' title='bbox 3128 4060 3319 4113; x_wconf 87' lang='lat' dir='ltr'><strong>factum</strong></span> <span class='ocrx_word' id='word_1_774' title='bbox 3348 4060 3436 4126; x_wconf 90' lang='lat' dir='ltr'><strong>sit,</strong></span> <span class='ocrx_word' id='word_1_775' title='bbox 3466 4069 3555 4114; x_wconf 87' lang='lat' dir='ltr'><strong>aut</strong></span> <span class='ocrx_word' id='word_1_776' title='bbox 3580 4076 3682 4131; x_wconf 89' lang='lat' dir='ltr'><strong>qua</strong></span> <span class='ocrx_word' id='word_1_777' title='bbox 3717 4060 3774 4115; x_wconf 92' lang='lat' dir='ltr'><strong>in</strong></span> 
     </span>
    </p>
   </div>
   <div class='ocr_carea' id='block_1_104' title="bbox 2188 4149 3774 4222">
    <p class='ocr_par' dir='ltr' id='par_1_104' title="bbox 2188 4149 3774 4222">
     <span class='ocr_line' id='line_1_104' title="bbox 2188 4149 3774 4222; baseline -0.001 -16"><span class='ocrx_word' id='word_1_778' title='bbox 2188 4166 2247 4207; x_wconf 91' lang='lat' dir='ltr'><strong>re</strong></span> <span class='ocrx_word' id='word_1_779' title='bbox 2268 4150 2436 4221; x_wconf 89' lang='lat' dir='ltr'><strong>juvari</strong></span> <span class='ocrx_word' id='word_1_780' title='bbox 2478 4150 2700 4220; x_wconf 88' lang='lat' dir='ltr'><strong>possint,</strong></span> <span class='ocrx_word' id='word_1_781' title='bbox 2738 4164 2941 4204; x_wconf 90' lang='lat' dir='ltr'><strong>summa</strong></span> <span class='ocrx_word' id='word_1_782' title='bbox 2967 4149 3235 4221; x_wconf 89' lang='lat' dir='ltr'><strong>diligentia</strong></span> <span class='ocrx_word' id='word_1_783' title='bbox 3273 4151 3533 4222; x_wconf 88' lang='lat' dir='ltr'><strong>inquirat:</strong></span> <span class='ocrx_word' id='word_1_784' title='bbox 3561 4168 3623 4207; x_wconf 90' lang='lat' dir='ltr'><strong>ac</strong></span> <span class='ocrx_word' id='word_1_785' title='bbox 3648 4162 3774 4206; x_wconf 87' lang='lat' dir='ltr'><strong>tan-</strong></span> 
     </span>
    </p>
   </div>
   <div class='ocr_carea' id='block_1_105' title="bbox 2188 4241 3777 4313">
    <p class='ocr_par' dir='ltr' id='par_1_105' title="bbox 2188 4241 3777 4313">
     <span class='ocr_line' id='line_1_105' title="bbox 2188 4241 3777 4313; baseline 0.001 -16"><span class='ocrx_word' id='word_1_786' title='bbox 2188 4242 2310 4299; x_wconf 86' lang='lat' dir='ltr'><strong>dem</strong></span> <span class='ocrx_word' id='word_1_787' title='bbox 2332 4252 2510 4313; x_wconf 89' lang='lat' dir='ltr'><strong>speret</strong></span> <span class='ocrx_word' id='word_1_788' title='bbox 2534 4241 2666 4310; x_wconf 90' lang='lat' dir='ltr'><strong>fore,</strong></span> <span class='ocrx_word' id='word_1_789' title='bbox 2697 4250 2753 4296; x_wconf 91' lang='lat' dir='ltr'><strong>ut</strong></span> <span class='ocrx_word' id='word_1_790' title='bbox 2772 4256 2926 4311; x_wconf 87' lang='lat' dir='ltr'><strong>opem</strong></span> <span class='ocrx_word' id='word_1_791' title='bbox 2954 4241 3056 4296; x_wconf 92' lang='lat' dir='ltr'><strong>illis</strong></span> <span class='ocrx_word' id='word_1_792' title='bbox 3080 4242 3218 4297; x_wconf 89' lang='lat' dir='ltr'><strong>Deus</strong></span> <span class='ocrx_word' id='word_1_793' title='bbox 3249 4242 3453 4308; x_wconf 85' lang='lat' dir='ltr'><strong>all‘crat,</strong></span> <span class='ocrx_word' id='word_1_794' title='bbox 3484 4245 3567 4299; x_wconf 89' lang='lat' dir='ltr'><strong>vel</strong></span> <span class='ocrx_word' id='word_1_795' title='bbox 3594 4243 3777 4312; x_wconf 86' lang='lat' dir='ltr'><strong>prohi-</strong></span> 
     </span>
    </p>
   </div>
   <div class='ocr_carea' id='block_1_106' title="bbox 2190 4331 3777 4403">
    <p class='ocr_par' dir='ltr' id='par_1_106' title="bbox 2190 4331 3777 4403">
     <span class='ocr_line' id='line_1_106' title="bbox 2190 4331 3777 4403; baseline 0.001 -14"><span class='ocrx_word' id='word_1_796' title='bbox 2190 4333 2295 4389; x_wconf 80' lang='lat' dir='ltr'><strong>bita</strong></span> <span class='ocrx_word' id='word_1_797' title='bbox 2320 4334 2388 4389; x_wconf 90' lang='lat' dir='ltr'><strong>ab</strong></span> <span class='ocrx_word' id='word_1_798' title='bbox 2411 4348 2593 4388; x_wconf 90' lang='lat' dir='ltr'><strong>carum</strong></span> <span class='ocrx_word' id='word_1_799' title='bbox 2628 4332 2938 4403; x_wconf 90' lang='lat' dir='ltr'><strong>corporibus</strong></span> <span class='ocrx_word' id='word_1_800' title='bbox 2960 4331 3171 4402; x_wconf 88' lang='lat' dir='ltr'><strong>injuria,</strong></span> <span class='ocrx_word' id='word_1_801' title='bbox 3199 4332 3284 4388; x_wconf 88' lang='lat' dir='ltr'><strong>vel</strong></span> <span class='ocrx_word' id='word_1_802' title='bbox 3323 4334 3647 4388; x_wconf 82' lang='lat' dir='ltr'><strong>confirmatis</strong></span> <span class='ocrx_word' id='word_1_803' title='bbox 3675 4349 3777 4403; x_wconf 91' lang='lat' dir='ltr'><strong>per</strong></span> 
     </span>
    </p>
   </div>
   <div class='ocr_carea' id='block_1_107' title="bbox 2189 4423 3779 4496">
    <p class='ocr_par' dir='ltr' id='par_1_107' title="bbox 2189 4423 3779 4496">
     <span class='ocr_line' id='line_1_107' title="bbox 2189 4423 3779 4496; baseline -0.001 -17"><span class='ocrx_word' id='word_1_804' title='bbox 2189 4426 2413 4496; x_wconf 89' lang='lat' dir='ltr'><strong>gratiam</strong></span> <span class='ocrx_word' id='word_1_805' title='bbox 2443 4423 2746 4479; x_wconf 91' lang='lat' dir='ltr'><strong>earumdem</strong></span> <span class='ocrx_word' id='word_1_806' title='bbox 2769 4423 2978 4488; x_wconf 91' lang='lat' dir='ltr'><strong>animis,</strong></span> <span class='ocrx_word' id='word_1_807' title='bbox 3022 4432 3080 4477; x_wconf 92' lang='lat' dir='ltr'><strong>ut</strong></span> <span class='ocrx_word' id='word_1_808' title='bbox 3110 4438 3266 4493; x_wconf 91' lang='lat' dir='ltr'><strong>quam</strong></span> <span class='ocrx_word' id='word_1_809' title='bbox 3296 4424 3395 4493; x_wconf 91' lang='lat' dir='ltr'><strong>ipsi</strong></span> <span class='ocrx_word' id='word_1_810' title='bbox 3420 4434 3543 4478; x_wconf 92' lang='lat' dir='ltr'><strong>voto</strong></span> <span class='ocrx_word' id='word_1_811' title='bbox 3568 4440 3779 4479; x_wconf 88' lang='lat' dir='ltr'><strong>nuncu-</strong></span> 
     </span>
    </p>
   </div>
   <div class='ocr_carea' id='block_1_108' title="bbox 2192 4513 3781 4587">
    <p class='ocr_par' dir='ltr' id='par_1_108' title="bbox 2192 4513 3781 4587">
     <span class='ocr_line' id='line_1_108' title="bbox 2192 4513 3781 4587; baseline 0.002 -21"><span class='ocrx_word' id='word_1_812' title='bbox 2192 4524 2403 4587; x_wconf 89' lang='lat' dir='ltr'><strong>parunt,</strong></span> <span class='ocrx_word' id='word_1_813' title='bbox 2428 4515 2781 4585; x_wconf 85' lang='lat' dir='ltr'><strong>virginitatem</strong></span> <span class='ocrx_word' id='word_1_814' title='bbox 2804 4514 3083 4569; x_wconf 90' lang='lat' dir='ltr'><strong>retineant.</strong></span> <span class='ocrx_word' id='word_1_815' title='bbox 3112 4513 3207 4569; x_wconf 83' lang='lat' dir='ltr'><strong>His</strong></span> <span class='ocrx_word' id='word_1_816' title='bbox 3225 4514 3372 4568; x_wconf 90' lang='lat' dir='ltr'><strong>addit</strong></span> <span class='ocrx_word' id='word_1_817' title='bbox 3400 4513 3631 4569; x_wconf 90' lang='lat' dir='ltr'><strong>futurum</strong></span> <span class='ocrx_word' id='word_1_818' title='bbox 3665 4514 3781 4569; x_wconf 86' lang='lat' dir='ltr'><strong>fur-</strong></span> 
     </span>
    </p>
   </div>
   <div class='ocr_carea' id='block_1_109' title="bbox 2192 4606 3779 4677">
    <p class='ocr_par' dir='ltr' id='par_1_109' title="bbox 2192 4606 3779 4677">
     <span class='ocr_line' id='line_1_109' title="bbox 2192 4606 3779 4677; baseline 0 -15"><span class='ocrx_word' id='word_1_819' title='bbox 2192 4616 2355 4673; x_wconf 88' lang='lat' dir='ltr'><strong>tasse,</strong></span> <span class='ocrx_word' id='word_1_820' title='bbox 2392 4617 2450 4661; x_wconf 93' lang='lat' dir='ltr'><strong>ut</strong></span> <span class='ocrx_word' id='word_1_821' title='bbox 2488 4606 2623 4662; x_wconf 92' lang='lat' dir='ltr'><strong>hanc</strong></span> <span class='ocrx_word' id='word_1_822' title='bbox 2653 4606 2962 4661; x_wconf 90' lang='lat' dir='ltr'><strong>ancillarum</strong></span> <span class='ocrx_word' id='word_1_823' title='bbox 2997 4621 3210 4660; x_wconf 80' lang='lat' dir='ltr'><strong>suarum</strong></span> <span class='ocrx_word' id='word_1_824' title='bbox 3236 4607 3593 4677; x_wconf 90' lang='lat' dir='ltr'><strong>captivitatem</strong></span> <span class='ocrx_word' id='word_1_825' title='bbox 3634 4607 3779 4663; x_wconf 90' lang='lat' dir='ltr'><strong>Deus</strong></span> 
     </span>
    </p>
   </div>
   <div class='ocr_carea' id='block_1_110' title="bbox 2194 4696 3780 4766">
    <p class='ocr_par' dir='ltr' id='par_1_110' title="bbox 2194 4696 3780 4766">
     <span class='ocr_line' id='line_1_110' title="bbox 2194 4696 3780 4766; baseline 0 -14"><span class='ocrx_word' id='word_1_826' title='bbox 2194 4707 2303 4752; x_wconf 92' lang='lat' dir='ltr'><strong>tum</strong></span> <span class='ocrx_word' id='word_1_827' title='bbox 2334 4698 2385 4750; x_wconf 91' lang='lat' dir='ltr'><strong>in</strong></span> <span class='ocrx_word' id='word_1_828' title='bbox 2412 4712 2559 4751; x_wconf 86' lang='lat' dir='ltr'><strong>suam</strong></span> <span class='ocrx_word' id='word_1_829' title='bbox 2586 4697 2747 4766; x_wconf 79' lang='lat' dir='ltr'><strong>ipsius</strong></span> <span class='ocrx_word' id='word_1_830' title='bbox 2776 4696 3014 4765; x_wconf 90' lang='lat' dir='ltr'><strong>gloriam,</strong></span> <span class='ocrx_word' id='word_1_831' title='bbox 3039 4705 3147 4749; x_wconf 91' lang='lat' dir='ltr'><strong>tum</strong></span> <span class='ocrx_word' id='word_1_832' title='bbox 3174 4696 3225 4749; x_wconf 91' lang='lat' dir='ltr'><strong>in</strong></span> <span class='ocrx_word' id='word_1_833' title='bbox 3255 4696 3462 4751; x_wconf 90' lang='lat' dir='ltr'><strong>illarum</strong></span> <span class='ocrx_word' id='word_1_834' title='bbox 3493 4697 3780 4752; x_wconf 88' lang='lat' dir='ltr'><strong>utilitatem</strong></span> 
     </span>
    </p>
   </div>
   <div class='ocr_carea' id='block_1_111' title="bbox 2194 4789 3779 4861">
    <p class='ocr_par' dir='ltr' id='par_1_111' title="bbox 2194 4789 3779 4861">
     <span class='ocr_line' id='line_1_111' title="bbox 2194 4789 3779 4861; baseline -0.001 -16"><span class='ocrx_word' id='word_1_835' title='bbox 2194 4807 2297 4845; x_wconf 89' lang='lat' dir='ltr'><strong>non</strong></span> <span class='ocrx_word' id='word_1_836' title='bbox 2319 4792 2433 4846; x_wconf 87' lang='lat' dir='ltr'><strong>sine</strong></span> <span class='ocrx_word' id='word_1_837' title='bbox 2454 4805 2645 4861; x_wconf 87' lang='lat' dir='ltr'><strong>magno</strong></span> <span class='ocrx_word' id='word_1_838' title='bbox 2674 4789 2854 4844; x_wconf 89' lang='lat' dir='ltr'><strong>fenore</strong></span> <span class='ocrx_word' id='word_1_839' title='bbox 2870 4798 3161 4844; x_wconf 89' lang='lat' dir='ltr'><strong>convertat.</strong></span> <span class='ocrx_word' id='word_1_840' title='bbox 3183 4789 3344 4859; x_wconf 87' lang='lat' dir='ltr'><strong>Cujus</strong></span> <span class='ocrx_word' id='word_1_841' title='bbox 3374 4789 3452 4844; x_wconf 87' lang='lat' dir='ltr'><strong>rei</strong></span> <span class='ocrx_word' id='word_1_842' title='bbox 3480 4790 3779 4845; x_wconf 84' lang='lat' dir='ltr'><strong>documen-</strong></span> 
     </span>
    </p>
   </div>
   <div class='ocr_carea' id='block_1_112' title="bbox 2193 4881 3781 4952">
    <p class='ocr_par' dir='ltr' id='par_1_112' title="bbox 2193 4881 3781 4952">
     <span class='ocr_line' id='line_1_112' title="bbox 2193 4881 3781 4952; baseline 0 -15"><span class='ocrx_word' id='word_1_843' title='bbox 2193 4894 2303 4937; x_wconf 88' lang='lat' dir='ltr'><strong>tum</strong></span> <span class='ocrx_word' id='word_1_844' title='bbox 2338 4891 2517 4937; x_wconf 88' lang='lat' dir='ltr'><strong>narrat</strong></span> <span class='ocrx_word' id='word_1_845' title='bbox 2560 4883 2610 4936; x_wconf 92' lang='lat' dir='ltr'><strong>in</strong></span> <span class='ocrx_word' id='word_1_846' title='bbox 2636 4882 2835 4952; x_wconf 87' lang='lat' dir='ltr'><strong>virgine</strong></span> <span class='ocrx_word' id='word_1_847' title='bbox 2864 4882 3087 4951; x_wconf 85' lang='lat' dir='ltr'><strong>quadam</strong></span> <span class='ocrx_word' id='word_1_848' title='bbox 3111 4881 3499 4935; x_wconf 70' lang='lat' dir='ltr'><strong>sanctimoniali</strong></span> <span class='ocrx_word' id='word_1_849' title='bbox 3545 4883 3781 4952; x_wconf 85' lang='lat' dir='ltr'><strong>regionis</strong></span> 
     </span>
    </p>
   </div>
   <div class='ocr_carea' id='block_1_113' title="bbox 2192 4964 3782 5043">
    <p class='ocr_par' dir='ltr' id='par_1_113' title="bbox 2192 4964 3782 5043">
     <span class='ocr_line' id='line_1_113' title="bbox 2192 4964 3782 5043; baseline -0.001 -15"><span class='ocrx_word' id='word_1_850' title='bbox 2192 4972 2479 5040; x_wconf 88' lang='lat' dir='ltr'><strong>Sitifensis,</strong></span> <span class='ocrx_word' id='word_1_851' title='bbox 2516 4964 2697 5028; x_wconf 78' lang='lat' dir='ltr'><strong>Severi</strong></span> <span class='ocrx_word' id='word_1_852' title='bbox 2724 4973 2958 5043; x_wconf 86' lang='lat' dir='ltr'><strong>episcopi</strong></span> <span class='ocrx_word' id='word_1_853' title='bbox 2998 4982 3175 5042; x_wconf 91' lang='lat' dir='ltr'><strong>nepte,</strong></span> <span class='ocrx_word' id='word_1_854' title='bbox 3218 4982 3342 5029; x_wconf 91' lang='lat' dir='ltr'><strong>ante</strong></span> <span class='ocrx_word' id='word_1_855' title='bbox 3381 4988 3579 5043; x_wconf 90' lang='lat' dir='ltr'><strong>paucos</strong></span> <span class='ocrx_word' id='word_1_856' title='bbox 3606 4988 3782 5028; x_wconf 88' lang='lat' dir='ltr'><strong>annos</strong></span> 
     </span>
    </p>
   </div>
   <div class='ocr_carea' id='block_1_114' title="bbox 2191 5062 3782 5133">
    <p class='ocr_par' dir='ltr' id='par_1_114' title="bbox 2191 5062 3782 5133">
     <span class='ocr_line' id='line_1_114' title="bbox 2191 5062 3782 5133; baseline 0 -15"><span class='ocrx_word' id='word_1_857' title='bbox 2191 5064 2502 5119; x_wconf 86' lang='lat' dir='ltr'><strong>exbibitum.</strong></span> <span class='ocrx_word' id='word_1_858' title='bbox 2543 5062 2738 5118; x_wconf 85' lang='lat' dir='ltr'><strong>Domus</strong></span> <span class='ocrx_word' id='word_1_859' title='bbox 2776 5063 2907 5117; x_wconf 86' lang='lat' dir='ltr'><strong>enim</strong></span> <span class='ocrx_word' id='word_1_860' title='bbox 2941 5063 3053 5130; x_wconf 89' lang='lat' dir='ltr'><strong>illa,</strong></span> <span class='ocrx_word' id='word_1_861' title='bbox 3095 5063 3283 5133; x_wconf 85' lang='lat' dir='ltr'><strong>inquit.</strong></span> <span class='ocrx_word' id='word_1_862' title='bbox 3321 5064 3665 5130; x_wconf 83' lang='lat' dir='ltr'><strong>barbarorum,</strong></span> <span class='ocrx_word' id='word_1_863' title='bbox 3693 5065 3782 5118; x_wconf 80' lang='lat' dir='ltr'><strong>ubi</strong></span> 
     </span>
    </p>
   </div>
   <div class='ocr_carea' id='block_1_115' title="bbox 2193 5154 3783 5228">
    <p class='ocr_par' dir='ltr' id='par_1_115' title="bbox 2193 5154 3783 5228">
     <span class='ocr_line' id='line_1_115' title="bbox 2193 5154 3783 5228; baseline -0.002 -18"><span class='ocrx_word' id='word_1_864' title='bbox 2193 5156 2388 5228; x_wconf 84' lang='lat' dir='ltr'><strong>captiva</strong></span> <span class='ocrx_word' id='word_1_865' title='bbox 2417 5156 2639 5226; x_wconf 77' lang='lat' dir='ltr'><strong>ingressa</strong></span> <span class='ocrx_word' id='word_1_866' title='bbox 2661 5163 2753 5221; x_wconf 81' lang='lat' dir='ltr'><strong>est,</strong></span> <span class='ocrx_word' id='word_1_867' title='bbox 2784 5155 2947 5208; x_wconf 83' lang='lat' dir='ltr'><strong>subita</strong></span> <span class='ocrx_word' id='word_1_868' title='bbox 2972 5154 3119 5224; x_wconf 67' lang='lat' dir='ltr'><strong>coepit</strong></span> <span class='ocrx_word' id='word_1_869' title='bbox 3143 5154 3460 5207; x_wconf 85' lang='lat' dir='ltr'><strong>dominorum</strong></span> <span class='ocrx_word' id='word_1_870' title='bbox 3481 5154 3783 5222; x_wconf 80' lang='lat' dir='ltr'><strong>inﬁrmitate</strong></span> 
     </span>
    </p>
   </div>
   <div class='ocr_carea' id='block_1_116' title="bbox 2182 5243 3784 5317">
    <p class='ocr_par' dir='ltr' id='par_1_116' title="bbox 2182 5243 3784 5317">
     <span class='ocr_line' id='line_1_116' title="bbox 2182 5243 3784 5317; baseline 0 -18"><span class='ocrx_word' id='word_1_871' title='bbox 2182 5247 2391 5317; x_wconf 70' lang='lat' dir='ltr'><strong>jactari,</strong></span> <span class='ocrx_word' id='word_1_872' title='bbox 2438 5246 2511 5299; x_wconf 89' lang='lat' dir='ltr'><strong>ita</strong></span> <span class='ocrx_word' id='word_1_873' title='bbox 2554 5256 2606 5299; x_wconf 87' lang='lat' dir='ltr'><strong>ut</strong></span> <span class='ocrx_word' id='word_1_874' title='bbox 2647 5260 2818 5299; x_wconf 89' lang='lat' dir='ltr'><strong>omnes</strong></span> <span class='ocrx_word' id='word_1_875' title='bbox 2844 5244 2941 5315; x_wconf 85' lang='lat' dir='ltr'><strong>ipsi</strong></span> <span class='ocrx_word' id='word_1_876' title='bbox 2968 5243 3186 5310; x_wconf 86' lang='lat' dir='ltr'><strong>barbari,</strong></span> <span class='ocrx_word' id='word_1_877' title='bbox 3215 5254 3333 5310; x_wconf 87' lang='lat' dir='ltr'><strong>tres,</strong></span> <span class='ocrx_word' id='word_1_878' title='bbox 3382 5245 3480 5298; x_wconf 84' lang='lat' dir='ltr'><strong>nisi</strong></span> <span class='ocrx_word' id='word_1_879' title='bbox 3506 5244 3679 5314; x_wconf 79' lang='lat' dir='ltr'><strong>fallor,</strong></span> <span class='ocrx_word' id='word_1_880' title='bbox 3703 5246 3784 5299; x_wconf 79' lang='lat' dir='ltr'><strong>vel</strong></span> 
     </span>
    </p>
   </div>
   <div class='ocr_carea' id='block_1_117' title="bbox 2193 5334 3780 5407">
    <p class='ocr_par' dir='ltr' id='par_1_117' title="bbox 2193 5334 3780 5407">
     <span class='ocr_line' id='line_1_117' title="bbox 2193 5334 3780 5407; baseline -0.001 -17"><span class='ocrx_word' id='word_1_881' title='bbox 2193 5338 2412 5407; x_wconf 78' lang='lat' dir='ltr'><strong>amplius</strong></span> <span class='ocrx_word' id='word_1_882' title='bbox 2438 5336 2640 5405; x_wconf 78' lang='lat' dir='ltr'><strong>fratres,</strong></span> <span class='ocrx_word' id='word_1_883' title='bbox 2677 5335 3101 5406; x_wconf 85' lang='lat' dir='ltr'><strong>periculosissima</strong></span> <span class='ocrx_word' id='word_1_884' title='bbox 3130 5335 3424 5404; x_wconf 78' lang='lat' dir='ltr'><strong>inﬁrmitate</strong></span> <span class='ocrx_word' id='word_1_885' title='bbox 3471 5334 3780 5389; x_wconf 79' lang='lat' dir='ltr'><strong>laborarent.</strong></span> 
     </span>
    </p>
   </div>
   <div class='ocr_carea' id='block_1_118' title="bbox 2196 5422 3784 5493">
    <p class='ocr_par' dir='ltr' id='par_1_118' title="bbox 2196 5422 3784 5493">
     <span class='ocr_line' id='line_1_118' title="bbox 2196 5422 3784 5493; baseline -0.001 -13"><span class='ocrx_word' id='word_1_886' title='bbox 2196 5427 2419 5493; x_wconf 84' lang='lat' dir='ltr'><strong>Quorum</strong></span> <span class='ocrx_word' id='word_1_887' title='bbox 2446 5436 2605 5480; x_wconf 84' lang='lat' dir='ltr'><strong>mater</strong></span> <span class='ocrx_word' id='word_1_888' title='bbox 2625 5425 2969 5479; x_wconf 83' lang='lat' dir='ltr'><strong>animadvertit</strong></span> <span class='ocrx_word' id='word_1_889' title='bbox 2988 5425 3206 5493; x_wconf 87' lang='lat' dir='ltr'><strong>puellam</strong></span> <span class='ocrx_word' id='word_1_890' title='bbox 3228 5424 3333 5479; x_wconf 91' lang='lat' dir='ltr'><strong>Deo</strong></span> <span class='ocrx_word' id='word_1_891' title='bbox 3350 5422 3588 5489; x_wconf 82' lang='lat' dir='ltr'><strong>deditam,</strong></span> <span class='ocrx_word' id='word_1_892' title='bbox 3612 5434 3659 5477; x_wconf 87' lang='lat' dir='ltr'><strong>et</strong></span> <span class='ocrx_word' id='word_1_893' title='bbox 3673 5441 3784 5479; x_wconf 79' lang='lat' dir='ltr'><strong>cre-</strong></span> 
     </span>
    </p>
   </div>
   <div class='ocr_carea' id='block_1_119' title="bbox 2196 5515 3785 5589">
    <p class='ocr_par' dir='ltr' id='par_1_119' title="bbox 2196 5515 3785 5589">
     <span class='ocr_line' id='line_1_119' title="bbox 2196 5515 3785 5589; baseline 0 -19"><span class='ocrx_word' id='word_1_894' title='bbox 2196 5517 2321 5571; x_wconf 85' lang='lat' dir='ltr'><strong>didit</strong></span> <span class='ocrx_word' id='word_1_895' title='bbox 2351 5516 2486 5589; x_wconf 87' lang='lat' dir='ltr'><strong>quod</strong></span> <span class='ocrx_word' id='word_1_896' title='bbox 2507 5518 2616 5587; x_wconf 79' lang='lat' dir='ltr'><strong>ejus</strong></span> <span class='ocrx_word' id='word_1_897' title='bbox 2643 5516 2948 5571; x_wconf 88' lang='lat' dir='ltr'><strong>orationibus</strong></span> <span class='ocrx_word' id='word_1_898' title='bbox 2976 5516 3055 5569; x_wconf 87' lang='lat' dir='ltr'><strong>sui</strong></span> <span class='ocrx_word' id='word_1_899' title='bbox 3076 5516 3170 5585; x_wconf 81' lang='lat' dir='ltr'><strong>ﬁlii</strong></span> <span class='ocrx_word' id='word_1_900' title='bbox 3200 5524 3397 5585; x_wconf 85' lang='lat' dir='ltr'><strong>possent</strong></span> <span class='ocrx_word' id='word_1_901' title='bbox 3425 5515 3489 5569; x_wconf 88' lang='lat' dir='ltr'><strong>ab</strong></span> <span class='ocrx_word' id='word_1_902' title='bbox 3508 5515 3785 5570; x_wconf 81' lang='lat' dir='ltr'><strong>imminen-</strong></span> 
     </span>
    </p>
   </div>
   <div class='ocr_carea' id='block_1_120' title="bbox 2205 5606 3785 5682">
    <p class='ocr_par' dir='ltr' id='par_1_120' title="bbox 2205 5606 3785 5682">
     <span class='ocr_line' id='line_1_120' title="bbox 2205 5606 3785 5682; baseline 0 -19"><span class='ocrx_word' id='word_1_903' title='bbox 2205 5611 2268 5667; x_wconf 87' lang='lat' dir='ltr'><strong>tis</strong></span> <span class='ocrx_word' id='word_1_904' title='bbox 2302 5612 2413 5682; x_wconf 81' lang='lat' dir='ltr'><strong>jam</strong></span> <span class='ocrx_word' id='word_1_905' title='bbox 2455 5609 2627 5663; x_wconf 84' lang='lat' dir='ltr'><strong>mortis</strong></span> <span class='ocrx_word' id='word_1_906' title='bbox 2679 5607 2900 5679; x_wconf 65' lang='lat' dir='ltr'><strong>periculo</strong></span> <span class='ocrx_word' id='word_1_907' title='bbox 2943 5606 3179 5673; x_wconf 85' lang='lat' dir='ltr'><strong>liberari;</strong></span> <span class='ocrx_word' id='word_1_908' title='bbox 3223 5607 3391 5677; x_wconf 77' lang='lat' dir='ltr'><strong>petivit</strong></span> <span class='ocrx_word' id='word_1_909' title='bbox 3413 5616 3467 5661; x_wconf 80' lang='lat' dir='ltr'><strong>ut</strong></span> <span class='ocrx_word' id='word_1_910' title='bbox 3496 5616 3661 5661; x_wconf 83' lang='lat' dir='ltr'><strong>oraret</strong></span> <span class='ocrx_word' id='word_1_911' title='bbox 3687 5624 3785 5680; x_wconf 83' lang='lat' dir='ltr'><strong>pro</strong></span> 
     </span>
    </p>
   </div>
  </div>
