4042 6360
301 193 408 252 589

302 309 402 376 eis,
424 306 690 378 pollicens,
720 306 854 378 quod
883 306 928 362 si
953 306 1081 362 salvi
1103 307 1226 379 facti
1250 317 1433 379 essent,
1457 326 1568 365 eam
1593 311 1698 367 suis
1718 330 1904 384 paren-

301 400 441 454 tibus
468 399 752 454 redderent.
778 400 1038 470 Jejunavit
1061 401 1172 466 illa,
1191 410 1239 455 et
1261 403 1439 470 oravit,
1467 412 1515 457 et
1539 405 1775 460 exaudita
1791 416 1906 462 con'

302 490 447 544 tinuo
474 501 565 545 est.
597 489 678 544 Ad
697 491 792 545 hoc
819 492 951 546 enim
977 495 1169 563 factum
1201 503 1326 562 erat,
1355 506 1596 566 quantum
1617 497 1780 553 exitus
1805 499 1901 554 do-

299 585 428 638 cuit.
462 582 548 638 Ita
576 584 655 638 illi
673 594 775 638 tam
800 585 1058 655 repentino
1078 583 1174 640 Dei
1195 585 1432 656 bene/icio
1454 588 1616 644 salute
1644 601 1896 664 percepta,

300 676 548 731 mirmttes
560 693 669 730 eam
685 685 732 731 et
748 677 1069 742 honorantes,
1085 678 1220 749 quod
1230 694 1400 732 eorum
1417 690 1577 734 mater
1595 682 1892 751 promiserat

299 765 656 836 impleverunt.
709 765 889 837 Itaque
915 782 1011 838 per
1039 767 1331 822 mirabilem
1363 769 1455 824 Dei
1479 770 1895 827 misericordiam

297 871 422 911 cum
448 857 654 913 honore
680 873 872 929 magno
895 859 1003 914 suis
1026 859 1335 930 parentibus
1363 862 1606 916 restituta
1643 872 1744 917 est.
1789 865 1892 919 De.

294 962 447 1002 mum
475 947 706 1018 subiicit,
732 957 929 1003 tantum
957 949 1010 1004 in
1031 959 1208 1005 mente
1224 951 1400 1007 valere
1425 951 1776 1024 integritatem
1807 970 1895 1010 ca-

293 1038 518 1102 stitatis,
548 1047 608 1092 ut
633 1038 719 1092 illa
742 1039 1010 1106 inviolata,
1038 1055 1136 1096 nec
1165 1040 1218 1096 in
1243 1055 1466 1113 corpore
1500 1044 1665 1114 possit
1693 1045 1895 1116 pudici-

294 1131 369 1185 tia
396 1129 582 1184 violari
607 1128 795 1200 (Epist.
819 1130 968 1202 111).

919 1227 1146 1286 CAPUT
1182 1229 1319 1286 Vill.

363 1314 515 1368 Auno
541 1314 1031 1386 quadringentesimo
1057 1315 1268 1385 decimo,
1298 1330 1586 1391 expugnata
1620 1321 1773 1389 Urbe,
1802 1340 1892 1378 va-

360 1409 468 1462 rios
488 1425 548 1462 ea
577 1408 641 1461 de
663 1425 719 1463 re
741 1425 993 1463 sermones
1023 1409 1166 1464 habet
1191 1411 1260 1464 ad
1285 1411 1493 1482 plebem.
1521 1413 1556 1467 2
1584 1413 1886 1485 Hipponen-

359 1501 500 1555 sibus
526 1502 804 1555 absentiam
828 1518 972 1555 suam
998 1514 1222 1570 excusat,
1253 1515 1404 1578 utque
1433 1505 1495 1559 de
1514 1508 1773 1563 vestiendis
1793 1527 1886 1581 pro

359 1608 453 1646 suo
498 1609 636 1646 more
670 1595 973 1663 pauperibus
1008 1595 1257 1664 cogitent,
1290 1595 1536 1651 hortatur.
1583 1599 1617 1653 5
1641 1599 1685 1652 A
1715 1601 1884 1655 morbo

358 1685 711 1738 conualescens
746 1687 856 1738 ruri
881 1686 1147 1756 respondet
1175 1685 1419 1743 Dioscoro
1445 1690 1508 1743 de
1531 1693 1883 1760 qmestionibns

356 1775 420 1828 ab
451 1791 512 1828 eo
537 1776 724 1830 missis.
757 1776 792 1830 4
814 1775 1138 1831 Consentium
1164 1779 1321 1832 animi
1349 1781 1667 1852 simplicitate
1693 1800 1752 1836 ac
1778 1786 1884 1838 sine

356 1867 653 1937 arrogantia
689 1877 938 1921 errantem
980 1867 1219 1934 dedocet,
1266 1871 1537 1943 imbuitque
1574 1877 1764 1928 saniori
1791 1877 1882 1929 do.

356 1957 541 2010 ctrina.
565 1957 599 2012 5
623 1955 862 2012 Colenda:
897 1975 1004 2013 sua:
1023 1960 1202 2032 cuique
1221 1963 1476 2033 religionis
1497 1962 1768 2020 libertatem
1789 1967 1882 2020 da-

267 2100 274 2104 ,
356 2057 460 2100 tant
504 2048 633 2102 tollit
673 2047 954 2104 Honorius.
996 2049 1028 2104 6
1061 2049 1204 2104 Idem
1225 2053 1368 2124 jubet
1398 2063 1452 2106 ut
1482 2053 1726 2110 Catholici
1765 2075 1878 2112 cum

355 2138 640 2194 Donatistis
668 2141 721 2194 in
761 2141 1064 2211 colloquium
1109 2145 1328 2200 veniant.
1370 2147 1401 2200 7
1430 2145 1666 2203 Curando
1693 2153 1878 2221 futura:

353 2227 655 2286 Collationis
678 2232 828 2284 modo
853 2247 913 2285 ac
936 2232 1105 2285 ordini
1130 2235 1407 2306 prie/icitur
1437 2237 1782 2294 Marcellinus.

353 2322 407 2377 1.
437 2321 731 2392 Superiore
753 2339 894 2378 anno
914 2323 1278 2380 Victorianum
1300 2327 1368 2382 ob
1393 2329 1740 2388 intolerabilia
1765 2350 1874 2389 ma-

282 2412 357 2480 la,
378 2429 501 2484 qua:
520 2414 870 2469 barbarorum
894 2415 1282 2472 incursionibus
1302 2418 1530 2489 Imperio
1549 2423 1871 2493 acciderant,

281 2506 462 2561 animo
501 2506 724 2562 fractum
759 2507 1074 2563 conﬁrmare
1112 2510 1359 2566 studebat
1387 2513 1709 2584 Augustinus
1737 2535 1752 2572 :
1779 2534 1874 2574 ve-

280 2614 398 2654 rum
429 2598 487 2655 id
513 2615 682 2670 genus
716 2600 998 2668 remediis,
1035 2617 1154 2671 quze
1185 2601 1284 2672 ipsi
1319 2619 1576 2674 propensa
1608 2606 1660 2660 in
1685 2623 1874 2688 omnes

279 2690 452 2760 pietas
474 2689 866 2759 suppeditabat,
895 2691 1065 2760 magis
1086 2690 1308 2762 indiguit
1328 2705 1543 2748 sanctus
1563 2695 1798 2753 Antistes
1819 2700 1870 2754 in

280 2780 382 2834 illis
408 2780 685 2845 mrumnis,
710 2795 841 2849 quas
861 2795 1032 2834 almus
1062 2782 1610 2852 quadringentesimus
1635 2786 1872 2844 decimus

279 2873 424 2936 tulit;
450 2889 556 2942 quo
574 2871 822 2926 videlicet
838 2887 976 2926 anno
993 2871 1285 2927 Gothorum
1303 2889 1394 2928 rex
1413 2875 1658 2931 Alaricus
1677 2877 1868 2934 Urbem

277 2964 560 3020 obsidione
594 2963 792 3030 cinxit,
837 2973 894 3020 et
931 2979 1071 3019 nono
1109 2963 1363 3022 kalendas
1398 2969 1713 3037 seplembris
1751 2981 1869 3027 lan-

277 3055 400 3111 dem
427 3047 772 3126 expugnavit.
805 3055 950 3111 l-lanc
980 3057 1120 3111 enim
1149 3057 1300 3112 militi
1330 3057 1586 3114 barbarus
1611 3061 1865 3133 diripien-

276 3145 396 3202 dam
425 3148 702 3218 permisit;
741 3162 1041 3218 quanquam
1067 3163 1127 3202 ea
1158 3149 1326 3218 posita
1369 3149 1516 3220 lege,
1547 3160 1602 3204 ut
1635 3161 1690 3207 et
1722 3154 1867 3208 chri-

274 3237 449 3291 stiano
491 3236 738 3308 sanguini
775 3245 1050 3308 parceret,
1091 3248 1143 3293 et
1176 3253 1357 3294 eorum
1388 3256 1506 3310 quae
1544 3241 1601 3296 in
1639 3243 1868 3301 basilicis

274 3329 575 3400 prtesertim
598 3329 958 3399 apostolorum
983 3328 1121 3384 Petri
1145 3339 1198 3384 et
1221 3331 1367 3385 Pauli
1389 3343 1601 3404 recepta
1623 3334 1861 3404 fuissent,

272 3421 587 3490 contingere
612 3420 898 3490 quidquam
925 3436 1030 3475 non
1060 3420 1298 3477 auderet.
1331 3424 1718 3494 Calamitatum,
1747 3445 1866 3498 qua:

272 3510 662 3566 nobilissimam
693 3511 835 3565 illam
875 3511 1058 3566 urbem
1105 3513 1364 3584 populata:
1404 3513 1644 3583 fuerant,
1686 3519 1865 3575 tristes

271 3602 441 3656 nuntii
465 3602 554 3671 pio
578 3602 812 3656 Antistiti
832 3602 1048 3657 crebros
1068 3617 1098 3656 e
1121 3614 1335 3672 pectore
1354 3607 1599 3676 gemitus,
1620 3625 1862 3680 magnam

270 3709 333 3748 ex
361 3693 538 3747 oculis
567 3693 922 3764 lacrymarum
952 3693 1056 3747 vim
1097 3707 1473 3764 expresserunt
1506 3715 1520 3752 :
1556 3708 1714 3769 atque
1741 3701 1864 3757 hinc

269 3786 521 3839 solatium
543 3799 734 3854 capere
755 3799 814 3840 se
835 3785 917 3838 vix
939 3785 1174 3856 potuisse
1192 3787 1468 3855 proﬁtetur
1489 3787 1588 3862 (De
1607 3790 1756 3846 Urbis
1775 3810 1866 3848 ea:-

267 3877 421 3940 cidio,
450 3893 503 3928 n.
530 3876 611 3944 5).
645 3876 710 3929 At
737 3875 785 3931 ei
826 3891 934 3945 prae
960 3876 1168 3931 cmtcris
1199 3876 1252 3930 in
1273 3877 1555 3934 molestum
1582 3891 1726 3950 erat,
1757 3883 1860 3938 Pa-

265 3985 435 4040 ganos
455 3977 509 4023 ct
531 3984 596 4024 ex
620 3968 748 4039 ipsis
767 3984 860 4024 eos
879 3969 1035 4024 etiam
1059 3985 1284 4039 quorum
1306 3971 1480 4040 saluti.
1509 3973 1606 4029 nisi
1633 3990 1691 4030 se
1713 3975 1860 4030 chri-

262 4063 470 4116 stianos
509 4061 718 4116 mentiti
755 4069 966 4126 essent,
1004 4072 1090 4115 aut
1129 4061 1181 4114 in
1209 4060 1627 4118 Christianorum
1665 4069 1860 4137 templa

261 4153 668 4223 conlegissent.
698 4152 995 4206 consultum
1038 4153 1256 4207 omnino
1293 4169 1398 4208 non
1437 4153 1652 4224 fuisset,
1683 4165 1858 4214 mmeu

261 4246 399 4302 adeo
420 4260 600 4300 ctccos
625 4253 787 4315 atque
813 4245 1152 4300 immemores
1173 4247 1416 4302 beneﬁcii
1444 4263 1502 4302 se
1523 4250 1780 4319 praebere,
1805 4262 1861 4307 ut

261 4335 478 4406 imperii
513 4335 708 4389 damna
748 4335 1049 4389 christiana:
1090 4336 1335 4418 [eligioni
1375 4339 1730 4408 imputarent,
1761 4341 1861 4398 Ur-

259 4425 493 4496 bemque
514 4440 624 4480 non
646 4423 715 4479 ob
735 4425 873 4479 aliud
889 4467 903 4490 ,
928 4441 1082 4496 quam
1106 4436 1326 4499 prepter
1348 4443 1532 4483 eversa
1553 4431 1854 4503 simulacra,

259 4525 622 4588 expugnatam
666 4515 830 4571 fuisse
874 4518 1239 4588 pra‘dicarent.
1288 4519 1456 4576 llasce
1501 4522 1858 4593 blasphemias

257 4608 517 4681 frequens
559 4609 831 4664 refellebat
874 4609 927 4664 in
962 4609 1071 4664 sitis
1100 4611 1163 4664 ad
1195 4613 1445 4682 populum
1475 4613 1853 4685 Sermonibus,

256 4717 323 4758 ex
350 4701 552 4772 quibus
578 4716 683 4754 non
711 4701 860 4772 pauci
890 4713 1172 4772 supersunt
1197 4703 1370 4758 adhuc
1388 4746 1403 4771 ,
1435 4714 1487 4758 ct
1511 4723 1645 4761 unus
1670 4707 1722 4762 in
1749 4710 1856 4779 pri-

258 4798 360 4852 mis
379 4839 395 4863 ,
426 4797 480 4850 in
512 4812 620 4866 quo
646 4797 940 4868 signiﬁcat,
972 4797 1072 4852 sibi
1110 4812 1140 4851 a
1166 4797 1459 4852 Gentilibus
1488 4800 1706 4856 ninnium
1735 4819 1854 4858 cre—

258 4888 410 4944 bram
437 4889 697 4944 Romana:
721 4889 886 4944 cladis
911 4889 1232 4944 mentionem
1254 4890 1560 4960 exprobmri
1582 4935 1596 4958 ,
1625 4894 1776 4964 quasi
1803 4896 1855 4950 in

261 4980 442 5034 animo
466 4977 689 5034 haberet
717 4979 829 5049 ipse
853 4979 1040 5036 alienis
1066 4980 1284 5036 illudere
1306 4992 1463 5052 atque
1491 4983 1744 5040 insultare
1775 4986 1856 5040 in—

259 5070 508 5126 fortuniis
537 5089 554 5126 :
579 5086 699 5142 qua‘:
733 5086 820 5125 res
844 5070 911 5126 ab
940 5071 1055 5140 ejus
1081 5071 1290 5142 ingenio
1315 5087 1471 5142 quam
1503 5075 1728 5129 maxime
1758 5077 1854 5130 ah-

263 5161 515 5216 borrebat
545 5161 738 5233 (Serm.
762 5162 884 5226 l05,
912 5161 1112 5224 1:13.12,
1138 5163 1244 5233 13).
1276 5163 1339 5217 Et
1364 5178 1492 5218 sane
1513 5164 1612 5218 hoc
1634 5165 1723 5220 illo
1744 5181 1855 5221 scr-

267 5269 444 5321 mone,
468 5254 557 5308 ubi
581 5254 765 5308 lideles
786 5254 942 5309 docet
960 5269 1062 5324 qua
1084 5255 1290 5310 ratione
1311 5253 1378 5309 ab
1399 5254 1526 5325 ipsis
1544 5257 1854 5328 excipienda

265 5347 368 5400 sint
395 5347 530 5401 dura
559 5356 609 5403 et
641 5347 896 5413 adversa,
924 5347 1116 5418 quidve
1153 5363 1248 5418 pro
1277 5363 1372 5402 sua
1400 5363 1495 5420 spe
1525 5351 1854 5420 reSponden-

265 5438 390 5494 dum
421 5440 648 5510 Paganis
680 5439 1083 5494 insultatoribus
1121 5451 1174 5494 et
1208 5439 1723 5511 blasphematoribus
1761 5460 1854 5499 uo-

269 5532 423 5586 minis
447 5531 758 5598 christiani,
789 5532 976 5587 horum
1012 5532 1182 5586 vicem
1222 5531 1377 5586 simul
1421 5533 1653 5603 graviter
1689 5532 1851 5601 dolet,

270 5632 426 5696 atque
455 5636 511 5680 ut
535 5626 603 5681 ad
631 5624 789 5682 ﬁdem
815 5624 1080 5692 conversi,
1109 5632 1360 5681 aeternam
1389 5624 1612 5681 salutem
1633 5625 1851 5698 adipisci

1723 196 1924 258 LIBER
1960 199 2248 264 SEXTUS.

2009 318 2251 391 valeant,
2279 329 2399 378 vola
2427 323 2568 383 facit.
2596 327 2740 387 Alias
2763 334 3001 392 eamdem
3021 336 3237 412 jamjam
3263 344 3582 417 adiuturam,

2007 416 2099 463 aut
2127 411 2300 480 potius
2337 413 2536 472 illatam
2575 433 2761 477 recens
2789 423 2972 482 Roma:
3013 411 3307 488 vastitatem
3345 411 3586 499 oratioiie

2008 515 2349 574 persequens,
2377 507 2646 568 auditores
2670 514 2769 569 sub
2794 519 3062 576 concionis
3085 522 3238 579 ﬁnem
3263 526 3583 600 obtestatur,

2003 602 2062 646 ut
2090 607 2196 665 quo
2224 599 2391 669 magis
2421 600 2472 656 in
2502 603 2603 659 ista
2627 608 2906 668 occasione
2934 618 3351 687 peregrinorum,
3385 639 3582 697 egeno-

2005 697 2118 739 rum
2139 727 2154 751 ,
2185 687 2570 761 laborantium,
2602 701 2783 769 augeri
2824 719 3102 762 numerum
3133 724 3439 782 cernerent,
3482 717 3584 776 hoc

2001 774 2160 832 etiam
2189 783 2358 852 magis
2381 784 2690 844 charitatcm
2721 791 2817 861 ipsi
2847 809 2908 849 ac
2946 797 3360 859 misericordiam
3403 806 3579 864 inten-

1999 864 2185 922 derent
2211 885 2394 939 suam;
2426 874 2504 930 sic
2528 880 2669 933 enim
2700 880 3012 941 Christianis
3032 886 3226 946 Christi
3256 908 3578 967 praeceptum

1999 955 2358 1030 implentibus,
2392 963 2505 1022 fore
2534 977 2592 1022 ut
2616 970 2943 1041 Paganorum
2989 977 3162 1049 impia:
3207 955 3272 1038 in-
3295 955 3458 1042 Deum
3495 1005 3580 1045 vo-

1995 1064 2119 1116 ces,
2154 1055 2363 1111 nonnisi
2405 1058 2456 1113 in
2497 1075 2646 1116 suam
2685 1064 2918 1134 ipsorum
2960 1079 3232 1129 vertantur
3265 1079 3574 1148 perniciem.

2002 1141 2153 1207 Quod
2164 1147 2310 1216 jubet
2334 1149 2578 1218 Christus,
2609 1155 2796 1228 inquit.
2829 1160 3020 1232 faciant
3044 1141 3346 1234 Christiani;
3385 1182 3430 1226 et
3458 1182 3576 1227 tan-

1993 1241 2100 1286 tum
2151 1251 2245 1290 suo
2299 1241 2432 1295 malo
2481 1243 2829 1315 blasphemant
2889 1249 3091 1324 Pagani
3133 1253 3420 1329 (Sermone
3468 1262 3572 1331 8|,

1992 1339 2046 1377 η.
2078 1323 2155 1394 9).
2192 1327 2376 1386 Exstat
2424 1341 2477 1388 et
2517 1349 2694 1392 sermo
2739 1339 2873 1395 alius
2923 1343 2974 1397 in
3023 1323 3289 1403 recentem
3335 1323 3573 1420 ejusdem

1990 1416 2138 1472 urbis
2161 1419 2510 1493 direptionem
2539 1427 2782 1498 habitus,
2814 1436 2964 1503 cujus
2995 1437 3104 1507 ipsa
3136 1416 3406 1512 inscriptio
3441 1455 3521 1500 est
3555 1463 3573 1502 :

1991 1507 2070 1562 De
2102 1508 2252 1565 Urbis
2282 1512 2515 1570 Excidio.
2556 1518 2610 1572 ln
2642 1535 2706 1575 eo
2737 1532 2911 1578 autem
2947 1525 3274 1586 demonstrat
3300 1507 3396 1586 Vir
3443 1549 3569 1589 san-

1987 1606 2105 1653 ctus
2127 1642 2141 1667 ,
2175 1599 2471 1658 istiusmodi
2519 1608 2698 1663 clades
2717 1621 2720 1625 '
2739 1614 2966 1680 peccatis
2994 1619 3188 1673 nostris
3217 1632 3457 1692 acceptas
3486 1641 3573 1680 re-

1987 1687 2115 1745 ferri
2159 1693 2385 1762 debere;
2424 1713 2485 1753 ac
2537 1699 2674 1755 inter
2725 1706 2974 1761 mortales
3011 1711 3272 1765 neminem
3315 1715 3456 1768 omni
3501 1733 3568 1770 ex

1986 1791 2133 1850 parte
2160 1785 2359 1854 justum
2390 1797 2549 1858 atque
2578 1806 2606 1844 a
2636 1792 2811 1848 delicti
2839 1799 3148 1868 contagione
3174 1802 3394 1859 liberum
3425 1821 3566 1874 esse,

1985 1873 2166 1930 multis
2202 1879 2433 1932 ostendit
2471 1886 2794 1951 argumentis
2824 1897 2876 1942 et
2903 1893 3156 1962 exemplis
3187 1912 3200 1948 :
3232 1898 3370 1965 quod
3407 1899 3474 1953 ab
3502 1873 3569 1954 eo

1983 1964 2192 2020 videtur
2215 1967 2404 2023 factum
2426 2012 2441 2037 ,
2473 1982 2529 2027 ut
2558 1977 2906 2034 cxorientium
2935 1964 3333 2052 Pelagianorum
3365 1989 3568 2058 placitis

1981 2070 2304 2116 occurreret.
2337 2061 2468 2119 Inibi
2495 2083 2702 2139 quoque
2725 2076 3049 2131 mentionem
3077 2077 3202 2134 facit
3229 2080 3404 2151 ignita:
3426 2083 3567 2140 illius

1981 2154 2162 2220 nubis,
2207 2173 2324 2227 qum
2368 2173 2508 2215 anno
2553 2176 2710 2233 supra
2754 2170 3180 2226 trecentesimum
3224 2179 3567 2245 nonagesimo

1979 2255 2133 2300 sexto
2153 2251 2395 2319 apparuit
2416 2251 2874 2327 Constantinopoli
2905 2261 3236 2330 impendens.
3266 2267 3418 2321 Plura
3441 2268 3565 2325 hinc

1980 2351 2085 2390 non
2108 2337 2331 2394 dicimus
2361 2360 2373 2396 :
2405 2357 2530 2398 suus
2552 2344 2685 2400 inira
2707 2364 2766 2402 se
2788 2349 2930 2405 dabit
2954 2352 3099 2408 locus
3121 2358 3436 2425 explicandi,
3457 2375 3565 2431 quo

1980 2437 2132 2495 pacto
2159 2429 2442 2487 Gentilium
2473 2435 2646 2505 impiis
2675 2439 2744 2493 ob
2771 2455 3120 2512 expugnatam
3154 2447 3348 2502 Urbem
3379 2429 3561 2520 queri-

1978 2519 2168 2574 moniis
2198 2532 2471 2592 permotus
2503 2527 2566 2581 ad
2596 2531 3001 2598 aggredienda")
3031 2537 3300 2608 egregium
3329 2556 3464 2611 opus
3494 2543 3561 2598 de

1975 2605 2198 2664 Civitate
2225 2612 2315 2666 Dei
2346 2616 2578 2671 animum
2609 2621 2888 2689 appulerit.

2045 2697 2099 2750 2.
2140 2699 2388 2772 Contigit,
2421 2717 2660 2762 sanctum
2689 2710 3006 2782 Episcopum
3034 2716 3334 2785 aliquandiu
3362 2738 3455 2792 per
3480 2723 3561 2779 lu-

1977 2789 2310 2845 ctuosissima
2341 2795 2428 2848 illa
2459 2805 2693 2867 tempora
2715 2801 2904 2857 abesse
2927 2804 3184 2876 Hippone,
3215 2825 3322 2881 quo
3347 2815 3559 2870 nonnisi

1976 2888 2147 2947 coepta
2177 2881 2349 2938 hieme
2378 2901 2652 2956 regressus
2679 2899 2777 2946 est.
2806 2893 2919 2960 Qua
2947 2897 3225 2954 occasione
3249 2912 3424 2958 autem
3452 2906 3557 2961 Ec-

1971 2967 2187 3024 clesiam
2231 2988 2378 3028 suam
2427 2986 2534 3030 tmn
2577 2979 2894 3050 deseruerit,
2935 3000 3054 3040 cum
3083 2988 3151 3042 ob
3180 2989 3389 3060 Imperii
3417 3011 3558 3050 teru-

1971 3076 2121 3117 mnas
2151 3068 2483 3133 prmsentiam
2511 3070 2624 3140 ejus
2652 3075 2818 3143 magis
2849 3075 2931 3129 illa
2964 3080 3296 3150 requirebat,
3340 3085 3552 3155 ignora-

1971 3169 2088 3208 mus
2116 3173 2128 3208 :
2157 3167 2208 3209 at
2230 3167 2374 3212 certe
2396 3176 2661 3231 nunquam
2684 3166 2750 3218 ab
2771 3183 2862 3219 sua
2883 3167 3100 3225 dioecesi
3121 3173 3286 3228 abluit
3305 3176 3555 3236 liberiore

1971 3244 2177 3300 lii-entia
2198 3289 2211 3309 ,
2243 3249 2335 3303 sed
2366 3252 2474 3305 sola
2499 3254 2717 3322 juvandi
2745 3259 2878 3312 alios
2908 3264 3221 3319 necessitate
3248 3270 3556 3339 compulsus

1971 3337 2162 3406 (Epist.
2191 3341 2310 3408 122,
2335 3360 2386 3396 n.
2413 3345 2465 3414 l)
2497 3364 2510 3398 :
2539 3362 2711 3417 neque
2735 3349 2948 3406 dubimn
2976 3363 3077 3420 est,
3101 3357 3223 3425 quin
3246 3359 3309 3412 ad
3334 3337 3432 3415 iter
3453 3361 3555 3419 hoc

1970 3431 2301 3500 potissimum
2335 3445 2571 3506 tempore
2599 3440 2995 3509 suscipiendum
3033 3461 3190 3500 eausa
3231 3464 3349 3502 eum
3393 3451 3554 3508 solito

1969 3523 2239 3589 urgentior
2266 3524 2517 3594 adegerit.
2552 3527 2680 3583 Nam
2709 3533 2928 3600 populus
2959 3534 3316 3606 Hipponensis,
3359 3542 3546 3611 inquit,

1966 3612 2049 3664 cui
2079 3629 2156 3666 me
2182 3612 2426 3670 Dominus
2452 3634 2648 3672 servum
2677 3620 2843 3689 dedit,
2881 3642 2992 3678 cum
3029 3643 3090 3680 ea“.
3124 3645 3309 3698 magna
3342 3641 3388 3684 et
3426 3650 3553 3704 pene

1965 3719 2030 3756 e17
2048 3705 2184 3757 omni
2210 3716 2352 3774 parte
2377 3709 2446 3760 ita
2475 3709 2707 3779 inﬁrmus
2731 3713 2815 3778 sit,
2846 3725 2901 3768 ut
2924 3733 3156 3785 pressura
3182 3722 3331 3773 etiam
3352 3722 3550 3780 levioris

1966 3793 2302 3851 tribulationis
2335 3800 2491 3868 possit
2522 3804 2738 3872 graviter
2763 3816 3037 3875 wgrotare,
3067 3826 3198 3862 nunc
3236 3821 3336 3865 tam
3366 3832 3549 3886 magna

1965 3884 2285 3941 tribulatione
2311 3889 2553 3958 creditur,
2589 3901 2643 3944 ut
2678 3894 2872 3948 etiamsi
2899 3913 2997 3950 non
3031 3899 3104 3952 sic
3141 3911 3267 3954 esset
3295 3902 3545 3974 inﬁrmus,

1962 3976 2048 4029 vix
2073 3994 2182 4030 eam
2206 3994 2320 4032 cum
2348 3981 2518 4052 aliqua
2538 3983 2700 4037 salute
2718 3986 2875 4038 animi
2893 3989 3176 4043 sustineret.
3209 3990 3340 4046 Eum
3359 4005 3544 4063 autem,

1963 4067 2135 4137 pergit
2165 4068 2303 4124 idem
2334 4081 2568 4138 sanctus,
2599 4074 2747 4128 modo
2771 4093 2885 4129 cum
2913 4095 3163 4149 regressus
3186 4098 3318 4150 sum,
3351 4086 3548 4154 pe'ricu-

1963 4160 2210 4215 losissime
2235 4163 2632 4218 scandalizatum
2658 4170 2878 4238 comperi
2901 4171 2963 4224 de
2986 4171 3208 4226 absentia
3231 4191 3340 4229 mea
3368 4191 3386 4229 :
3415 4194 3549 4246 pra:-

1960 4252 2131 4305 sertim
2170 4255 2405 4323 quoniam
2445 4257 2592 4309 multi
2629 4267 2743 4311 sunt
2773 4259 2885 4325 hic,
2926 4263 3014 4330 qui
3048 4263 3352 4320 detrahendo
3381 4268 3541 4333 nobis,

1962 4354 2254 4397 cwterorum
2274 4346 2487 4412 animos,
2516 4363 2547 4400 a
2566 4347 2742 4418 quibus
2761 4350 2904 4423 diligi
2929 4352 3168 4420 videmur,
3197 4356 3433 4412 adversus
3453 4375 3545 4414 nos

1963 4435 2253 4504 perturbare
2295 4447 2574 4503 conantur,
2620 4449 2674 4492 ut
2713 4440 2878 4494 locum
2920 4443 2970 4496 in
3006 4445 3076 4499 eis
3105 4445 3303 4501 diabolo
3332 4450 3540 4521 faciant.

1960 4523 2086 4578 Cant
2110 4536 2277 4579 autent
2304 4527 2590 4582 irascuntur
2621 4530 2790 4598 nobis,
2823 4531 2885 4585 de
2918 4549 3126 4604 quorum
3161 4539 3321 4591 salute
3355 4541 3543 4612 satagi-

1961 4633 2092 4683 mus,
2120 4634 2358 4688 magnum
2384 4619 2485 4672 illis
2512 4622 2777 4675 consilium
2801 4623 3089 4679 vindicandi
3107 4669 3119 4686 ,
3153 4639 3223 4682 est
3252 4627 3404 4683 libido
3429 4648 3541 4684 mo-

1957 4707 2142 4776 riendi,
2172 4725 2272 4762 non
2300 4710 2351 4762 in
2378 4726 2604 4781 corpore,
2631 4714 2718 4765 sed
2747 4713 2798 4768 in
2826 4714 2974 4769 corde
3003 4715 3192 4788 (Epist.
3221 4720 3340 4782 124,
3371 4737 3422 4774 η.
3447 4721 3537 4792 2):

1959 4802 2147 4872 quibus
2168 4802 2398 4873 quidem,
2423 4805 2795 4875 nt-opinamur,
2821 4809 2976 4864 tacite
2997 4810 3186 4878 innuit,
3211 4814 3433 4868 transire
3449 4831 3540 4869 eos

1957 4894 2023 4948 ad
2055 4894 2443 4950 Donatistarum
2477 4907 2652 4967 partes
2687 4899 2842 4953 velle.
2889 4898 3038 4967 Quod
3076 4901 3244 4971 ipsum
3287 4904 3337 4956 in
3380 4919 3539 4960 causa

1959 4985 2071 5051 fuit,
2101 5000 2196 5039 cur
2223 4994 2328 5040 tota
2361 4985 2535 5042 hieme
2562 5002 2630 5043 ne
2659 4987 2846 5057 pedem
2875 4990 3087 5059 quidem
3114 4992 3354 5062 Hippone
3383 4994 3542 5049 cll'er-

1959 5085 2058 5131 ret.
2100 5075 2202 5131 Per
2231 5077 2360 5133 illud
2391 5078 2560 5149 ipsum
2591 5081 2847 5136 absentia:
2876 5097 2986 5136 sua:
3017 5093 3223 5154 tempus
3263 5086 3540 5156 epistolam

1959 5170 2023 5224 ad
2055 5170 2254 5225 clerum
2285 5180 2337 5225 et
2365 5172 2615 5241 pupulum
2647 5172 3039 5243 llipponensem
3082 5177 3359 5247 scripsisse
3393 5181 3541 5236 vide-

1961 5259 2401 5333 tur(l-.'pist.129.)
2427 5280 2439 5314 :
2467 5263 2563 5317 hac
2595 5263 2736 5318 enim
2767 5264 3090 5322 calamitates
3117 5269 3168 5322 in
3191 5271 3372 5326 orbem
3404 5289 3540 5343 pene

1959 5354 2260 5408 universum
2287 5355 2568 5410 smvientes
2599 5366 2879 5425 memorat,
2908 5359 3098 5430 quibus
3124 5361 3190 5418 ad
3217 5367 3542 5436 prospicien-

1958 5441 2104 5508 dum,
2133 5459 2199 5496 ne
2229 5442 2416 5498 iisdem
2441 5444 2685 5500 similiter
2710 5449 3168 5518 Opprimcrentur.
3199 5456 3416 5511 excitari
3445 5474 3540 5512 ne-

1959 5550 2106 5589 cesse
2128 5547 2238 5590 erat
2259 5536 2642 5606 llipponenses.
2667 5539 2873 5596 Etenim
2900 5541 3100 5616 direpta
3130 5547 3293 5602 Roma
3315 5559 3541 5604 vastata-

1960 5644 2061 5699 que
2082 5626 2222 5682 Italia
2240 5627 2478 5684 Maricas
2494 5631 2733 5703 trajicere
2752 5635 2800 5690 in
2822 5634 3054 5693 Siciliam
3072 5639 3365 5696 destinabat
3385 5641 3540 5712 (Uro—

3483 233 3589 294 m
3656 230 3661 234 .
