4042 6360
528 228 629 289 891

525 344 652 406 sius,
682 339 815 395 Hist.
836 340 922 397 lib.
939 340 995 406 7,
1018 354 1132 409 cap.
1153 338 1267 408 43),
1289 334 1414 394 inde
1430 335 1485 392 in
1507 335 1759 403 Africam,
1781 337 1827 392 si
1847 336 2099 392 Jornandi

522 434 820 501 credimus,
851 433 1130 488 invasurus
1160 430 1500 504 (Jornandes,
1537 429 1624 484 lib.
1656 430 1718 483 de
1742 429 1867 484 Reb.
1899 429 2096 501 60th.).

521 525 690 582 Porro
728 524 988 580 malorum
1033 523 1252 579 istorum
1292 530 1436 577 metu
1463 522 1656 577 civium
1682 522 2097 592 Hipponensium

521 615 761 673 nonnihil
779 613 1018 686 refriguit
1037 615 1223 685 pietas.
1242 613 1418 668 Multis
1435 613 1544 683 jam
1568 623 1710 668 retro
1729 615 1881 668 annis
1902 615 2098 671 vestire

519 721 778 778 pauperes
806 715 959 761 erant
984 706 1155 773 soliti,
1192 704 1333 775 quod
1371 706 1528 760 etiam
1569 705 1790 759 absente
1814 705 2097 775 aliquando

517 797 811 867 Augustino
842 804 1094 867 praestare
1122 810 1230 850 non
1254 796 1562 850 omiserant.
1593 795 1701 850 Eos
1721 805 1934 850 sanctus
1956 796 2097 851 Prm-

515 890 599 943 sul
612 898 900 959 antequam
924 902 1042 942 sese
1069 886 1120 941 in
1143 886 1278 942 viam
1301 885 1469 954 daret,
1492 886 1769 957 diligenter
1786 887 2096 944 adhortatus

514 983 685 1035 fuerat
707 1022 722 1048 ,
754 989 813 1035 ut
840 980 982 1049 pium
1009 978 1137 1033 illud
1162 992 1296 1049 opus
1319 994 1415 1033 suo
1442 993 1593 1033 more
1626 988 2092 1049 prosequerentur,

514 1071 861 1126 nihilominus
883 1078 1057 1124 tamen
1086 1069 1136 1123 id
1160 1068 1419 1139 comperit
1446 1066 1742 1139 neglectum
1771 1068 1837 1122 ab
1856 1068 1957 1122 illis
1979 1068 2096 1123 fuis-

509 1178 589 1218 se.
634 1160 986 1228 Quamobrem
1031 1174 1126 1229 per
1162 1158 1365 1213 litteras
1410 1159 1489 1213 eis
1528 1167 1769 1213 amanter
1806 1158 2093 1213 admodum

510 1262 732 1309 conatur
757 1251 1093 1324 persuadere,
1125 1261 1181 1306 ut
1202 1251 1339 1306 idem
1362 1250 1663 1306 christiana:
1684 1250 1957 1306 charitatis
1978 1251 2095 1307 ofﬁ-

507 1346 647 1400 cium
677 1360 773 1414 pro
798 1343 907 1399 suis
934 1342 1156 1412 quisque
1181 1341 1370 1411 Opibus
1389 1382 1403 1406 ,
1436 1341 1508 1395 uti
1532 1341 1740 1396 solebat
1763 1349 1915 1397 antea
1935 1383 1950 1407 ,
1983 1358 2092 1398 non

505 1433 764 1489 detrectet
781 1432 1032 1489 exhibere
1053 1432 1390 1502 impendente
1407 1430 1513 1501 jam
1535 1432 1684 1486 ruina
1704 1440 1759 1487 et
1773 1433 2092 1489 contritione

507 1524 710 1579 mundi.
740 1524 976 1578 Imitetur
1001 1520 1177 1593 potius
1198 1521 1335 1585 illos,
1365 1521 1453 1591 qui
1483 1520 1685 1577 aedibus
1710 1523 1917 1577 ruinam
1938 1523 2094 1578 mini-

507 1615 762 1683 tantibus,
787 1615 1024 1670 fortunas
1045 1630 1170 1670 suas
1192 1615 1436 1669 tutiorem
1465 1614 1515 1669 in
1543 1615 1715 1671 locum
1740 1615 2088 1678 transferunt;

505 1723 713 1764 memor
747 1708 957 1763 scilicet
983 1706 1260 1777 apostolici
1296 1706 1438 1762 illius
1463 1708 1819 1776 pronuntiati,
1845 1706 2092 1765 Dominus

502 1799 557 1853 in
576 1800 807 1869 proximo
829 1808 933 1866 cst,
963 1798 1091 1853 nihil
1102 1798 1309 1859 solliciti
1338 1798 1535 1870 fueritis
1569 1796 1790 1870 (Philip.
1821 1815 1898 1866 tv,
1929 1801 1983 1868 5,
2011 1798 2087 1872 6).

501 1889 664 1947 Suam
695 1892 798 1946 illis
826 1891 1117 1948 absentiam
1146 1898 1338 1961 purgat
1364 1891 1418 1946 in
1445 1890 1702 1961 principio
1726 1892 1961 1961 epistolae
1979 1934 1995 1960 ,
2023 1892 2091 1948 ad

503 1996 622 2035 eam
642 1990 884 2037 eoactum
913 1995 971 2036 se
996 1995 1118 2036 esse
1141 1995 1454 2035 asseverans
1477 1981 1596 2035 aliis
1622 1981 1815 2036 Christi
1837 1982 2091 2039 membris

503 2072 851 2129 subveniendi
892 2073 1243 2136 necessitate;
1278 2088 1381 2143 qua
1418 2073 1575 2127 etiam
1597 2113 1612 2139 ,
1645 2074 1745 2128 nisi
1775 2075 2090 2132 valetudinis

504 2163 808 2219 inﬁrmitate
849 2163 1034 2218 fuisset
1073 2162 1369 2233 prohibitus
1389 2205 1403 2230 ,
1434 2164 1498 2217 ad
1529 2164 1893 2235 trajiciendum
1920 2181 2086 2233 mare,

502 2255 645 2325 quod
683 2270 786 2310 non
816 2271 937 2311 raro
972 2256 1052 2310 sui
1092 2255 1311 2324 collegae
1353 2255 1618 2321 fecerant,
1650 2257 1895 2313 inductus
1922 2267 2085 2314 esset.

506 2346 692 2417 Neque
734 2346 841 2401 illic
874 2345 1174 2401 dissimulat
1201 2345 1494 2401 absentiam
1523 2347 1657 2401 lianc
1689 2363 1838 2402 suam
1873 2363 2088 2419 permo-

501 2436 637 2495 leste
678 2438 858 2493 tulisse
898 2437 1266 2508 Hipponenses
1300 2455 1315 2493 :
1347 2437 1485 2509 quod
1516 2438 1687 2508 ipsum
1726 2454 1831 2494 non
1867 2440 2006 2495 male
2034 2440 2086 2495 in

499 2542 721 2594 annum,
752 2537 810 2583 ut
833 2544 956 2583 mox
982 2528 1288 2581 dicebamus
1307 2569 1323 2594 ,
1351 2528 1924 2599 quadringentesimum
1947 2529 2090 2586 deci-

501 2638 648 2677 mum
677 2622 922 2692 quadrat.
968 2620 1119 2675 Adde
1151 2635 1363 2691 quoque
1400 2620 1498 2675 sub
1528 2622 1719 2677 hiemis
1748 2622 1956 2678 initium
1982 2624 2088 2678 lar-

500 2714 691 2787 gienda
720 2714 884 2770 fuisse
913 2715 1230 2785 pauperibus
1255 2715 1590 2769 vestimenta.

573 2805 626 2858 5.
655 2803 767 2859 Hoc
789 2803 904 2873 ipso
926 2803 1166 2860 fortassis
1187 2802 1709 2874 quadringentesimo
1723 2804 1931 2861 decimo
1945 2803 2091 2863 Chri-

503 2895 570 2950 sti
593 2910 733 2949 anno
754 2894 1134 2965 quieslionibus
1156 2895 1393 2951 Dioscori
1422 2895 1592 2950 facere
1616 2897 1743 2951 satis
1764 2898 2088 2968 Augustinus

502 2984 808 3055 aggreditur
839 3001 853 3039 :
882 2984 1309 3055 quandoquidem
1335 2999 1394 3040 se
1414 2985 1522 3055 jam
1550 2995 1658 3041 tum
1692 2996 1847 3043 aetate
1872 3004 2085 3058 canum,

503 3075 644 3147 quod
673 3075 725 3130 in
757 3074 1031 3130 hominem
1061 3076 1435 3146 quinquaginta
1462 3091 1554 3131 sex
1584 3092 1753 3133 annos
1785 3088 1966 3133 natum
1994 3095 2087 3135 ca-

503 3165 630 3221 dere
650 3174 843 3237 potest,
865 3180 984 3222 esse
1007 3175 1227 3222 testatur
1250 3166 1439 3238 (Epist.
1461 3168 1585 3237 118,
1606 3185 1657 3222 n.
1673 3168 1763 3242 9);
1793 3180 1949 3241 atque
1971 3181 2086 3227 orta

505 3259 592 3314 hic
615 3259 896 3314 occasione
921 3258 1130 3314 dicendi
1158 3258 1224 3313 de
1249 3257 1533 3326 htcreticis,
1563 3261 1652 3331 qui
1680 3276 1772 3329 per
1787 3262 1850 3316 'id
1878 3269 2087 3333 tempus

502 3349 955 3405 tumultuabautur
999 3350 1051 3404 in
1092 3350 1297 3417 Africa,
1338 3350 1509 3421 deque
1550 3351 1919 3422 Opinionihus,
1954 3370 2087 3425 quas

500 3455 679 3511 Operm
701 3443 929 3513 pretium
957 3450 1070 3497 erat
1094 3458 1437 3513 cognoscere,
1467 3445 1784 3512 Donatistas,
1811 3447 2085 3504 Maximia-

506 3533 707 3600 uistas,
751 3542 805 3588 et
829 3533 1145 3589 Maniehmos
1190 3536 1428 3591 nominat
1466 3535 1661 3605 (lbid.,
1693 3554 1747 3592 η.
1780 3539 1903 3609 12),
1943 3541 2086 3596 nulla

504 3626 776 3680 mentione
813 3625 1001 3695 injecta
1033 3624 1431 3695 Pelagianorum
1468 3627 1869 3684 inimicorumve
1904 3632 2087 3701 gratiae

499 3714 727 3778 Christi,
760 3717 810 3769 in
853 3730 987 3785 quos
1025 3716 1308 3771 concilium
1340 3732 1479 3771 anno
1507 3720 1749 3789 sequenti
1792 3721 2085 3790 cogendum

501 3807 619 3863 fuit.
646 3808 813 3863 Porro
833 3808 1117 3863 Dioscorus
1138 3809 1225 3864 ille
1242 3809 1454 3879 juvenis
1473 3819 1607 3876 erat,
1630 3826 1661 3865 e
1684 3810 1885 3866 Graecia
1906 3814 2087 3869 oriun-

502 3899 621 3961 dus,
646 3899 734 3968 qui
759 3907 1036 3969 postquam
1064 3900 1232 3970 prima
1250 3901 1555 3971 graecanica:
1577 3902 1768 3973 lingua:
1788 3903 2083 3961 rudimenta

503 3989 818 4056 imbibisset,
846 3990 1067 4044 Romam
1097 4006 1160 4046 ac
1185 3991 1306 4046 dein
1333 3992 1699 4064 Carthaginem
1717 4037 1733 4058 ,
1764 4011 1865 4066 qua
1894 4006 2004 4050 tum
2028 3998 2081 4052 in

502 4080 637 4136 urbe
678 4082 1017 4145 morabatur,
1061 4091 1284 4137 venerat
1321 4083 1497 4138 latinis
1536 4084 1724 4139 litteris
1759 4086 2083 4142 erudiendus

504 4170 690 4241 (Ibid,
719 4188 809 4225 nn.
829 4171 883 4237 9,
913 4172 1022 4243 10).
1054 4172 1151 4227 Hic
1176 4173 1291 4227 aliis
1318 4174 1642 4244 quibuslibet
1662 4175 1916 4232 doctrinis
1944 4177 2085 4233 chri-

503 4262 729 4316 stianam
762 4261 1094 4331 pra'ferebat,
1126 4278 1349 4333 eamque
1377 4263 1722 4333 profitebatur
1747 4281 1864 4321 esse
1889 4268 2078 4337 solam,

500 4370 602 4425 qua
628 4365 807 4426 posset
833 4364 1048 4409 a-terme
1076 4355 1196 4409 vita:
1221 4369 1342 4425 spes
1368 4356 1545 4410 afferri
1591 4355 1748 4426 (Ibid.
1767 4399 1780 4423 ,
1813 4375 1866 4412 η.
1891 4359 1999 4431 11).
2031 4358 2080 4415 Is

500 4446 659 4516 igitur
687 4462 806 4500 cum
848 4461 973 4501 suos
1011 4447 1280 4501 revisurus
1303 4446 1412 4516 jam
1442 4456 1586 4502 esset
1623 4448 1673 4501 iu
1710 4450 1978 4518 procinctu
2011 4450 2079 4505 ad

498 4537 841 4609 repetendam
870 4537 1128 4592 Graeciam
1171 4536 1373 4609 (Ibid.,
1410 4555 1499 4593 nn.
1536 4535 1601 4607 1,
1641 4541 1740 4611 2),
1782 4542 2075 4613 Augustino

498 4626 780 4695 quemdam
813 4626 1024 4682 nomine
1048 4627 1342 4682 Cerdonem
1373 4628 1672 4696 destinavit,
1701 4633 2079 4701 qua'stionibus

497 4726 746 4772 onustum
768 4717 924 4787 longe
944 4717 1289 4783 difﬁcillimis,
1319 4726 1429 4773 tum
1455 4718 1505 4773 in
1531 4719 1765 4791 dialogos
1784 4722 2074 4795 Ciceronis,

497 4820 555 4865 ut
597 4810 769 4865 varias
810 4809 1243 4881 phiIOSOphorum
1279 4811 1558 4880 opiniones
1586 4812 1932 4884 intelligeret,
1967 4824 2075 4871 tum

496 4904 656 4958 etiam
688 4902 739 4956 in
773 4902 1052 4957 Oratorem
1083 4902 1319 4971 ejusdem
1350 4902 1535 4970 Tullii,
1568 4918 1633 4959 ac
1661 4904 1824 4958 libros
1850 4905 1916 4960 de
1940 4905 2077 4961 Ora-

498 5008 612 5053 tore
630 4996 818 5070 (Epist.
837 4994 978 5067 117).
1002 4995 1294 5049 Permirum
1312 4996 1603 5066 Augustino
1623 4996 1791 5051 visum
1815 5006 1915 5064 est,
1934 4998 2075 5068 quod

495 5088 595 5142 sibi
625 5097 699 5141 tot
719 5086 859 5141 curis
890 5094 1091 5140 tantum
1120 5100 1223 5139 non
1249 5086 1441 5140 obruto
1461 5086 1783 5156 quzestiones
1809 5103 2073 5159 propone-

497 5187 681 5232 rentur
710 5177 843 5232 adeo
868 5176 1109 5233 difﬁciles
1127 5217 1142 5240 ,
1171 5178 1239 5232 ab
1262 5179 1494 5247 episcopi
1517 5178 1704 5231 studiis
1730 5188 1889 5247 atque
1910 5195 2073 5235 occu-

494 5268 793 5339 pationibus
820 5268 954 5323 adeo
987 5270 1346 5340 discrepantes
1365 5310 1381 5335 ,
1411 5284 1474 5323 ac
1502 5269 1552 5321 in
1581 5284 1643 5323 ea
1673 5268 1886 5324 domum
1913 5285 2071 5340 argu-

494 5367 694 5425 menta,
722 5374 840 5427 quze
868 5360 949 5414 vel
979 5369 1111 5415 retas
1134 5376 1196 5413 ex
1226 5360 1477 5414 memoria
1508 5359 1788 5414 delevisset
1807 5402 1822 5428 ,
1851 5362 1934 5416 vel
1960 5363 2069 5431 ipsa

495 5449 855 5519 cognitionum
887 5450 1054 5519 magis
1089 5451 1293 5505 utilium
1324 5452 1679 5506 oblitterasset
1706 5452 2068 5521 investigatio;

493 5553 715 5609 qumque
746 5537 938 5592 idcirco
966 5538 1022 5592 in
1049 5548 1280 5594 mentem
1308 5540 1405 5609 ipsi
1435 5540 1729 5596 revocanda
1756 5540 1981 5598 fuissent
2004 5560 2069 5599 ex

495 5626 678 5696 libris,
712 5642 846 5699 quos
883 5644 948 5683 ne
988 5630 1223 5701 reperire
1264 5631 1473 5701 quidem
1514 5632 1751 5703 Hippone
1787 5636 2062 5709 potuisset.

1623 224 1783 281 VITA
1820 224 1878 280 S.
1920 224 2287 282 AUGUSTINI
2326 220 2645 281 EPISCOPI.

3681 231 3796 288 399

2208 337 2340 394 Cum
2386 346 2563 393 autem
2611 335 2713 392 illm
2756 335 2823 392 ad
2864 336 3178 409 explendam
3219 340 3379 397 animi
3426 342 3791 399 curiositatem

2205 438 2506 500 spectarent
2532 444 2717 483 omnes
2738 470 2751 494 ,
2782 430 3072 485 maximum
3100 431 3151 487 in
3180 433 3397 488 modum
3429 433 3793 491 abhorrebant

2202 521 2269 575 ab
2298 520 2553 575 institutis
2572 520 2838 590 episcopi;
2865 520 3016 591 cujus
3040 522 3169 577 illud
3200 524 3250 577 in
3280 524 3461 593 primis
3484 527 3661 592 refert,
3692 543 3783 583 cu~

2178 614 2425 687 qriositati
2451 614 2672 670 nimium
2694 615 3028 687 indulgentes
3049 617 3320 674 cohibere.
3348 619 3511 674 Deum
3534 620 3704 690 ipsum
3730 623 3786 677 in

2201 703 2422 773 epistola
2451 719 2544 758 sua
2575 713 2762 761 testem
2798 706 3093 761 adducebat
3127 709 3437 776 Dioscorus,
3477 712 3694 765 omnino
3724 728 3788 767 se

2198 794 2264 848 ad
2293 811 2414 850 eum
2446 797 2873 866 interrogandum
2906 813 3068 867 super
3094 798 3241 854 hisce
3274 800 3430 855 rebus
3466 803 3789 858 necessitate

2198 887 2549 956 compulsum.
2576 888 2909 958 Quapropter
2937 906 3054 959 qua:
3082 890 3485 946 obtestationem
3516 893 3657 947 illam
3687 910 3782 949 sc-

2197 976 2528 1045 quebantur,
2573 993 2729 1047 quam
2770 980 3122 1036 attentissime
3160 980 3383 1050 perlegit
3413 982 3503 1036 Vir
3539 994 3782 1050 sanctus,

2197 1065 2445 1120 nimirum
2466 1076 2540 1131 ut,
2561 1067 2686 1137 quid
2712 1068 2869 1124 isthic
2886 1079 3030 1125 esset
3047 1081 3151 1124 tam
3175 1072 3407 1140 urgentis
3428 1076 3783 1139 necessitatis,

2196 1167 2558 1227 cognosceret.
2586 1160 2746 1230 Atqui
2774 1159 2927 1216 facile
2954 1161 3303 1232 deprehendit
3328 1163 3381 1218 id
3407 1179 3623 1233 prorsus
3648 1167 3785 1221 nihil

2198 1248 2339 1303 aliud
2364 1264 2504 1317 esse,
2533 1251 2633 1305 nisi
2655 1251 2795 1321 quod
2816 1252 3097 1308 verebatur
3111 1252 3340 1323 juvenis,
3368 1271 3434 1310 ne
3455 1270 3704 1311 reversus
3726 1257 3783 1312 in

2195 1342 2449 1411 patriam,
2480 1342 2526 1397 si
2556 1341 2692 1399 forte
2730 1343 2845 1400 istis
2887 1346 3265 1415 quaestionibus
3303 1346 3625 1415 respondere
3666 1362 3783 1402 non

2196 1441 2406 1502 posset,
2438 1448 2533 1504 pro
2563 1433 2711 1489 tardo
2734 1448 2800 1490 ac
2828 1435 3022 1490 stolido
3051 1435 3353 1491 haberetur.
3386 1435 3497 1490 Hoc
3524 1440 3633 1490 loco
3662 1452 3781 1491 vero

2195 1525 2383 1589 exarsi,
2412 1526 2485 1580 ait
2510 1527 2853 1596 Augustinus,
2884 1528 2951 1580 ad
2973 1526 3343 1581 rescribendum
3370 1529 3456 1582 tibi
3483 1544 3501 1582 :
3525 1529 3618 1582 hoc
3642 1530 3783 1582 enim

2184 1614 2440 1685 'languore
2465 1616 2623 1670 animi
2646 1617 2721 1670 tui
2744 1617 3011 1688 penetrasti
3036 1617 3157 1671 mihi
3184 1628 3371 1689 pectus,
3405 1628 3449 1672 et
3476 1619 3703 1690 irrupisti
3724 1621 3782 1673 in

2194 1723 2343 1761 curas
2376 1725 2512 1763 meas
2532 1751 2545 1774 ,
2576 1717 2630 1762 ut
2667 1709 2987 1763 dissimulare
3023 1726 3125 1763 non
3164 1726 3389 1779 possem,
3432 1719 3671 1778 quantum
3699 1727 3782 1764 me

2193 1794 2333 1852 Deus
2356 1797 2638 1867 adjuvant,
2670 1798 2859 1852 mederi
2884 1797 3007 1863 tibi;
3033 1814 3132 1852 non
3151 1808 3204 1851 ut
3226 1800 3287 1852 de
3310 1798 3781 1869 tuis’quwstiouibus

2192 1888 2469 1943 enodandis
2495 1888 2902 1961 explicandisque
2938 1891 3240 1962 cogitarem,
3282 1891 3371 1945 sed
3406 1901 3459 1944 ut
3486 1893 3781 1962 felicitatem

2192 1986 2329 2032 tuam
2360 1980 2656 2051 pendentem
2692 1997 2753 2035 ea:
2787 1982 2973 2051 linguis
3001 1982 3259 2035 hominum
3288 1992 3434 2052 atque
3462 1992 3719 2038 nutantem
3745 2000 3781 2038 α

2192 2077 2294 2122 tam
2304 2071 2493 2142 infelici
2503 2071 2781 2127 retinaculo
2793 2072 3160 2143 abrumperent,
3177 2082 3223 2127 et
3237 2074 3438 2127 cuidam
3451 2075 3557 2129 sedi
3570 2075 3778 2130 omnino

2190 2162 2500 2216 inconcussa
2526 2162 2787 2233 stabilique
2812 2164 3078 2234 religarem
3103 2163 3293 2236 (Epist.
3320 2164 3440 2229 118,
3472 2181 3524 2219 n.
3557 2163 3633 2237 ὅ).
3677 2166 3777 2220 llic

2177 2250 2351 2322 igitur
2378 2251 2726 2318 demonstrat,
2756 2253 3099 2323 cupiditatem
3139 2254 3255 2324 ejus
3296 2270 3497 2310 meram
3532 2270 3654 2312 esse
3681 2272 3779 2311 va-

2192 2341 2443 2407 nitatem,
2476 2342 2563 2398 cui
2600 2343 2668 2398 ab
2705 2342 2967 2413 episcopis
3005 2358 3122 2397 mos
3158 2344 3303 2399 nullo
3332 2353 3487 2413 pacto
3515 2346 3781 2415 gerendus

2191 2441 2352 2489 esset.
2382 2434 2519 2502 Quin
2541 2435 2699 2490 etiam
2726 2435 2968 2491 eamdem
2995 2436 3126 2491 nulli
3154 2437 3268 2491 usui
3292 2437 3543 2503 futuram,
3571 2454 3693 2493 cum
3711 2452 3782 2497 eo

2192 2532 2433 2595 tempore
2456 2526 2784 2595 reperiretur
2814 2542 3006 2594 nemo,
3053 2530 3139 2598 qui
3186 2528 3478 2598 priscorum
3519 2528 3570 2585 id
3608 2545 3780 2601 genus

2192 2617 2651 2689 philosophorum,
2674 2634 2897 2689 quorum
2920 2617 3032 2674 fere
3055 2620 3138 2674 vel
3161 2620 3377 2675 nomina
3413 2620 3679 2676 obliviOne
3700 2636 3782 2677 se-

2194 2709 2337 2778 pulta
2361 2718 2561 2777 essent,
2589 2708 2844 2764 rimandis
2869 2709 3329 2781 disquirendisque
3352 2712 3630 2767 sententiis
3649 2708 3801 2782 συθ-⁷

2192 2814 2306 2854 ram
2335 2800 2542 2856 luderet
2569 2816 2719 2856 suam
2751 2819 2764 2855 :
2803 2800 2879 2856 illi
2917 2802 3131 2872 quidem
3158 2802 3401 2858 nonnihil
3426 2803 3778 2860 existimatio-

2191 2891 2275 2946 nis
2298 2906 2360 2946 ac
2382 2891 2631 2960 nominis,
2660 2892 2703 2947 si
2732 2907 2833 2962 qua
2862 2891 2978 2962 ejus
3002 2894 3078 2948 rei
3104 2908 3229 2948 cura
3255 2893 3456 2948 homini
3482 2893 3778 2950 christiano

2190 2995 2312 3037 esse
2341 2980 2589 3047 deberet,
2624 2982 2880 3038 accedere
2910 2998 3065 3053 posse
3094 2983 3364 3054 legendis,
3401 2984 3495 3055 qui
3534 2983 3778 3041 celebres

2190 3073 2480 3128 etiamnum
2507 3082 2678 3141 erant,
2708 3072 2908 3129 Graecis
2932 3074 3295 3144 philosophis;
3324 3083 3378 3129 at
3396 3065 3524 3131 vero
3544 3076 3687 3146 quod
3705 3075 3777 3131 ad

2190 3162 2463 3219 Ciceronis
2484 3163 2647 3219 libros
2667 3205 2684 3232 ,
2710 3164 2799 3235 qui
2830 3172 2938 3218 tum
2963 3165 3287 3235 negligenter
3305 3164 3587 3220 admodum
3608 3165 3778 3222 habe-

2189 3255 2384 3311 bantur
2406 3255 2546 3326 apud
2575 3256 2821 3323 Latinos,
2857 3256 2909 3311 id
2936 3271 3058 3310 eum
3091 3270 3185 3325 pro
3209 3264 3358 3312 certo
3388 3265 3567 3311 tenere
3591 3271 3775 3328 posse,

2188 3356 2459 3417 repertum
2487 3347 2549 3402 iri
2581 3348 2880 3415 neminem,
2910 3348 2998 3418 qui
3028 3363 3213 3403 eorum
3245 3348 3299 3403 in
3326 3346 3529 3404 Grzccia
3558 3349 3780 3404 mentio-

2190 3454 2310 3493 nem
2339 3439 2557 3509 injieiat.
2590 3437 2818 3493 Facilius
2844 3440 3049 3510 quippe,
3082 3440 3250 3511 inquit
3274 3439 3369 3495 Vir
3394 3452 3627 3508 sanctus,
3657 3458 3777 3496 cor-

2188 3529 2384 3584 niculas
2406 3531 2458 3585 in
2479 3530 2653 3601 Africa
2676 3532 2917 3599 audieris,
2944 3549 3096 3603 quant
3121 3533 3172 3586 in
3196 3534 3298 3587 illis
3320 3534 3544 3605 partibus
3569 3535 3663 3588 hoc
3687 3550 3779 3606 ge-

2187 3638 2282 3676 nus
2309 3623 2444 3677 vocis
2475 3621 2659 3692 (Ibid.,
2687 3640 2739 3676 n.
2762 3622 2838 3695 9).
2868 3623 3043 3689 Quare
3071 3625 3119 3677 ei
3148 3624 3332 3678 nititur
3354 3624 3691 3694 persuadere,
3716 3633 3779 3680 ut

2188 3714 2423 3769 scientia:
2448 3714 2678 3783 cuipiam
2710 3715 2876 3784 magis
2916 3716 3232 3770 necessariae
3270 3715 3511 3782 studeat,
3542 3718 3777 3787 exempli

2187 3820 2344 3861 causa
2375 3806 2647 3861 hareseon
2674 3806 2993 3876 cognitioni;
3027 3816 3242 3876 propter
3270 3821 3359 3861 eas
3388 3807 3618 3873 scilicet,
3652 3823 3775 3878 qua:

2189 3907 2296 3951 tum
2324 3896 2623 3964 Orientem,
2655 3911 2760 3967 quo
2802 3897 2903 3951 iter
2944 3897 3031 3951 ille
3069 3897 3399 3965 destinabat,
3428 3897 3772 3953 infestabant.

2186 3988 2293 4045 Sed
2319 3989 2462 4043 illum
2490 3988 2649 4042 etiam
2679 3998 2835 4057 atque
2859 3987 3019 4042 etiam
3043 3988 3372 4055 adhortatur,
3404 3996 3459 4042 ut
3484 3989 3662 4058 pietati
3691 3991 3773 4044 in-

2184 4082 2417 4144 cumbat,
2445 4088 2499 4134 et
2518 4078 2802 4135 humilitati
2823 4080 2874 4133 in
2897 4080 3101 4148 primis,
3129 4084 3211 4134 cui
3234 4080 3411 4134 virtuti
3437 4080 3607 4134 inanis
3627 4080 3775 4137 illius

2186 4170 2534 4243 philoSOphiaa
2571 4171 2803 4226 studium
2846 4170 3187 4225 vehementer
3220 4170 3547 4224 adversatur.
3583 4170 3644 4224 Ei
3687 4180 3771 4225 ta-

2186 4282 2306 4321 men
2331 4265 2585 4337 quasdam
2606 4262 3042 4335 philosophorum
3062 4262 3339 4331 opiniones
3359 4263 3593 4332 exponit,
3618 4272 3672 4317 et
3691 4264 3773 4318 sic

2183 4356 2326 4411 velut
2372 4357 2422 4410 in
2462 4365 2765 4409 transcursu
2804 4354 2919 4423 ejus
2950 4354 3137 4424 partim
3175 4353 3370 4408 enodat
3407 4355 3768 4424 quaestiones;

2181 4464 2299 4519 quia
2333 4463 2462 4503 vero
2491 4446 2556 4501 de
2593 4447 2877 4501 Platonicis
2906 4445 3093 4515 tradit,
3123 4461 3186 4501 ea
3215 4454 3341 4501 sunt
3373 4448 3653 4501 observatu
3680 4446 3771 4501 di-

2179 4539 2455 4609 gnissima.
2484 4537 2621 4604 Quin
2648 4538 2805 4592 etiam
2841 4536 2908 4591 ad
2937 4544 3131 4592 cmtera
3171 4536 3520 4607 philosophia:
3557 4537 3772 4608 proble-

2180 4640 2344 4697 mata,
2370 4644 2488 4700 qua:
2512 4645 2605 4684 sua
2634 4629 2684 4683 in
2712 4630 3058 4701 responsione
3089 4644 3195 4683 non
3219 4629 3482 4699 attigerat,
3511 4629 3769 4685 observa-

2179 4721 2440 4776 tiunculas
2468 4720 2745 4775 nonnullas
2764 4720 2984 4774 addidit.
3018 4720 3123 4774 llas
3148 4719 3203 4773 in
3229 4718 3417 4773 iisdem
3440 4719 3768 4775 membranis

2179 4812 2422 4884 scripsit,
2454 4812 2504 4865 in
2545 4810 2735 4881 quibus
2773 4813 2991 4864 miserat
3028 4810 3115 4863 ille
3155 4824 3277 4863 suas
3314 4811 3655 4879 qurcstiones.
3696 4813 3769 4867 At

2179 4920 2305 4959 vero
2332 4920 2449 4973 qua:
2475 4902 2541 4973 ad
2572 4901 2888 4955 rhetoricam
2916 4901 3245 4970 spectabant,
3277 4917 3339 4956 ea
3368 4902 3411 4956 si
3440 4905 3769 4971 suscepisset

2179 4972 2549 5065 explananda:
2573 5001 2777 5060 tempus
2806 4991 2855 5044 in
2884 4991 3045 5044 meris
3077 4992 3229 5060 nugis
3252 5001 3409 5060 atque
3439 4992 3651 5062 ineptiis
3681 5003 3764 5049 te-

2178 5102 2296 5141 rere
2317 5085 2414 5139 sibi
2437 5085 2577 5137 visus
2598 5093 2758 5137 esset.
2786 5083 3038 5137 Dioscoro
3060 5083 3317 5154 signiﬁcat
3339 5084 3487 5153 plura
3508 5095 3767 5154 praestare

2177 5179 2276 5232 sibi
2305 5194 2410 5232 non
2439 5177 2647 5231 licuisse
2677 5194 2689 5229 :
2721 5176 2828 5230 imo
2853 5190 2952 5230 nec
2975 5191 3035 5230 ea
3063 5176 3175 5245 ipsa
3198 5176 3358 5231 fuisse
3378 5177 3762 5245 priestiturum,

2177 5268 2275 5321 nisi
2300 5267 2515 5322 morbus
2547 5266 2631 5320 ubi
2660 5266 2871 5335 paulum
2900 5266 3212 5329 remisisset,
3238 5282 3358 5320 eum
3386 5266 3450 5321 ad
3479 5267 3764 5322 disceden—

2176 5361 2302 5416 dum
2345 5362 2586 5431 Hippone
2622 5358 2894 5415 reﬁciendi
2936 5359 3173 5428 corporis
3202 5359 3364 5428 gratia
3393 5360 3760 5429 compulisset.

2176 5454 2313 5508 Petit
2342 5469 2370 5506 a
2404 5454 2673 5511 Dioscmo.
2708 5461 2783 5515 ut,
2816 5466 2918 5520 qua
2947 5450 3153 5505 ratione
3176 5451 3451 5520 epistolam
3480 5467 3627 5505 suam
3667 5467 3763 5506 ac-

2174 5547 2401 5616 ceperit,
2434 5545 2533 5598 sibi
2564 5544 2785 5598 nuutiet.
2833 5542 3000 5597 Porro
3035 5557 3141 5613 quo
3178 5551 3416 5612 tempore
3455 5542 3763 5598 tabellarius

2177 5637 2450 5705 epistolam
2479 5633 2713 5690 Dioscori
2740 5633 2804 5688 ad
2833 5648 2951 5689 eum
2982 5633 3214 5705 pertulit,
3243 5633 3447 5691 inﬁrma
3470 5634 3642 5690 adhuc
3667 5648 3760 5689 va-

3856 131 3884 148 δ

3862 159 3905 181 δ
