4042 6360
216 314 322 375 ωδ

213 430 445 489 tetudine
466 426 800 485 detinebatur
827 445 841 481 ι
866 435 921 483 ct
945 436 1126 498 postea
1154 424 1311 480 etiam
1338 425 1451 494 ipso
1472 422 1525 476 in
1547 422 1682 486 loco,
1708 421 1797 475 ubi

212 522 476 580 liberioris
498 522 641 577 aeris
665 521 832 589 gratia
862 520 1244 582 rusticabatur,
1278 516 1409 573 febri
1437 532 1532 587 per
1556 516 1671 571 dits
1696 516 1797 571 ali-

211 623 337 685 quot
364 613 622 682 repetitus
654 611 770 667 fuit.

276 708 333 762 4.
364 706 656 776 Epistulam
678 718 887 775 quoque
913 704 978 758 ad
1006 704 1346 759 Consentium
1372 710 1624 772 scriptam
1652 717 1794 769 rure,

210 812 314 870 quo
347 810 566 853 sanctus
606 794 696 852 Vir
732 797 797 851 ad
842 806 1049 867 tempus
1085 796 1335 852 secedere
1383 812 1659 853 necessum
1698 796 1797 850 ha-

210 891 396 947 buerat
426 884 621 960 (Epist.
650 889 769 948 H9.
796 906 849 942 η.
872 890 949 958 1),
973 888 1098 943 dum
1128 888 1302 944 adhuc
1340 889 1501 943 libros
1526 889 1593 944 de
1621 889 1797 944 Trini-

212 992 315 1038 tate
335 972 694 1052 eomponebat
724 979 911 1049 (Epist.
938 980 1061 1046 120,
1087 997 1139 1034 n.
1166 980 1275 1053 15),
1294 990 1450 1051 atque
1479 989 1589 1035 tum
1619 980 1795 1034 datam

206 1088 323 1129 esse
361 1086 491 1129 cum
546 1073 856 1142 reparanda:
898 1073 1183 1129 valetudini
1230 1073 1487 1139 vacabat,
1539 1072 1795 1143 suspicari

207 1166 343 1221 licet.
377 1165 579 1221 Verum
613 1173 732 1219 utut
755 1174 840 1220 est
865 1163 931 1220 de
962 1175 1230 1234 tempore,
1253 1182 1347 1221 cur
1367 1182 1427 1222 ea
1452 1165 1793 1232 scriberetur,

168 1264 175 1273 '
206 1258 255 1313 id
278 1258 332 1313 in
356 1273 525 1313 causa
548 1256 708 1313 fuisse
734 1258 1047 1328 reperimus.
1079 1259 1395 1314 Consentius
1420 1259 1507 1315 ille
1528 1259 1579 1313 in
1610 1259 1796 1314 insulis

206 1349 521 1419 quibusdam
543 1391 558 1415 ,
587 1349 676 1404 ubi
705 1350 992 1405 verisimile
1018 1350 1227 1420 quidem
1248 1360 1329 1406 est
1353 1367 1471 1406 eum
1506 1352 1793 1406 solitariam

203 1441 358 1494 vitam
371 1440 615 1507 duxisse,
634 1456 754 1496 cum
772 1441 950 1497 multis
968 1442 1084 1497 aliis
1095 1442 1282 1512 agebat
1299 1440 1489 1514 (Epist.
1506 1440 1627 1509 119,
1645 1460 1696 1496 η.
1714 1442 1791 1513 6).

205 1531 492 1587 lnduxerat
520 1541 696 1588 autem
721 1533 957 1588 animum
987 1534 1149 1589 libros
1175 1532 1365 1599 edere,
1397 1533 1487 1588 ubi
1516 1534 1680 1589 Deum
1710 1534 1793 1588 in-

202 1632 309 1679 star
347 1623 635 1680 immensae
662 1624 935 1694 cujusdam
964 1626 1117 1690 lucis,
1160 1625 1254 1681 sed
1281 1636 1455 1681 tamen
1496 1640 1792 1696 corporea»,

203 1712 488 1783 effingebat
508 1731 525 1781 γε
552 1726 660 1784 quo
687 1713 938 1785 figmento
962 1714 1207 1785 principii
1236 1715 1354 1769 loco
1385 1724 1558 1779 utens,
1586 1715 1793 1770 niteba-

203 1810 285 1857 tur
306 1818 410 1872 pro
431 1819 533 1858 suo
556 1812 714 1873 captu
739 1819 859 1859 cum
893 1804 1049 1858 trium
1076 1804 1126 1857 in
1150 1802 1260 1859 Deo
1285 1819 1653 1873 personarum,
1682 1812 1793 1860 tum

204 1890 591 1949 incarnationis
621 1895 952 1966 mysterium,
975 1894 1239 1963 explicare
1264 1894 1451 1965 (Ibid.,
1477 1913 1531 1950 η.
1559 1895 1635 1962 5).
1668 1896 1796 1966 Ejus

202 1997 325 2037 vero
354 1984 412 2038 in
455 1984 794 2054 simplicitate
819 1998 937 2040 cum
969 1993 1172 2040 tantum
1202 1986 1399 2042 inesset
1426 1987 1705 2057 probitatis
1732 2003 1796 2044 ac

202 2072 550 2129 demissionis
576 2074 759 2140 animi,
784 2084 843 2129 ut
870 2075 935 2129 ad
964 2076 1203 2131 veritatis
1235 2078 1588 2147 cognitionem
1618 2094 1795 2133 mere-

203 2172 349 2216 retur
368 2161 621 2228 admitti,
655 2163 819 2218 libros
844 2178 970 2219 suos
1005 2164 1070 2219 ad
1098 2166 1451 2235 Augustinum
1476 2166 1791 2233 destinavit,

205 2252 254 2306 in
280 2269 344 2307 ea
371 2253 622 2323 epistola,
652 2269 771 2325 quae
798 2254 1123 2325 praefationis
1146 2261 1261 2312 vice
1286 2265 1421 2323 erat,
1452 2266 1674 2313 testatus
1694 2259 1796 2315 sibi

204 2346 559 2415 propositum,
604 2346 944 2404 fluctuantem
987 2363 1137 2404 suam
1178 2349 1336 2405 fidem
1382 2350 1497 2420 ejus
1536 2352 1795 2407 sententia

202 2438 463 2504 stabilire,
496 2452 672 2510 neque
710 2440 831 2496 illos
857 2441 1021 2497 libros
1057 2457 1124 2497 eo
1164 2451 1364 2496 tantum
1395 2443 1492 2497 abs
1519 2456 1578 2497 se
1606 2443 1797 2498 missos

203 2537 259 2583 ut
282 2529 616 2600 legerentur,
663 2528 759 2587 sed
785 2541 842 2587 ut
887 2533 1015 2587 tanti
1050 2533 1293 2587 Doctoris
1329 2533 1526 2602 judicio
1568 2533 1798 2603 subjice-

202 2629 391 2676 rentur
413 2629 576 2691 atque
600 2622 1014 2678 emendarentur
1035 2621 1225 2694 (Epist.
1260 2622 1383 2688 l20,
1420 2640 1474 2677 η.
1504 2621 1576 2693 1).
1605 2622 1795 2677 Utrum

202 2722 325 2764 eum
354 2718 549 2781 postea
585 2726 650 2766 ex
680 2713 961 2767 Occasione
999 2713 1089 2767 Vir
1120 2721 1334 2769 sanctus
1360 2712 1568 2778 viderit,
1589 2722 1680 2769 aut
1706 2714 1797 2767 lit-

204 2801 336 2856 teris
372 2810 585 2856 tantum
629 2803 887 2859 allocutus
924 2804 1113 2871 fuerit,
1165 2811 1494 2874 compertum
1538 2819 1643 2859 non
1679 2812 1794 2869 est;

204 2891 421 2946 umetsi
448 2892 681 2962 primum
707 2907 737 2947 a
768 2892 869 2949 fide
907 2894 1124 2964 propius
1152 2894 1370 2950 recedat
1395 2912 1409 2949 :
1440 2909 1623 2951 verum
1649 2903 1798 2949 utra-

204 2979 337 3034 libet
357 2981 572 3036 ratione
599 2980 794 3036 factum
823 2982 911 3048 sit,
934 2983 982 3038 ei
1008 2983 1151 3039 clare
1174 2990 1461 3054 aperteque
1485 2983 1795 3051 declaravit,

205 3070 324 3142 ejus
347 3086 569 3127 sensum
592 3072 646 3127 in
668 3072 979 3128 idololatrias
998 3072 1288 3130 eiecitatem
1306 3074 1577 3129 incurrere
1601 3072 1793 3143 (Epist.

206 3162 332 3228 119,
360 3180 419 3217 rt.
451 3162 547 3233 6);
584 3176 685 3218 nec
724 3163 891 3218 Deum
936 3164 1176 3234 corporis
1217 3162 1387 3218 instar
1429 3164 1583 3218 nobis
1620 3164 1799 3219 animo

205 3252 554 3324 cogitandum
580 3268 720 3321 esse,
752 3253 847 3309 sed
876 3254 928 3309 in
966 3254 1181 3309 modum
1219 3254 1439 3324 justitize
1465 3269 1528 3310 ac
1564 3255 1797 3326 pietatis,

207 3361 441 3416 quarum
460 3345 607 3401 nulla
627 3353 712 3400 est
733 3346 905 3417 imago
930 3360 1185 3416 corporea
1210 3345 1394 3419 (Ibid.,
1418 3363 1469 3400 η.
1489 3346 1569 3418 5).
1594 3347 1798 3402 Etcum

206 3437 449 3509 alioquin
483 3437 949 3503 animadverteret,
979 3437 1263 3493 Consentio
1290 3453 1395 3493 non
1420 3438 1591 3493 solum
1628 3439 1799 3493 virtu-

207 3535 319 3583 tem
351 3542 479 3583 esse
508 3543 614 3582 non
644 3527 989 3593 mediocrem,
1020 3528 1115 3583 sed
1144 3528 1304 3583 etiam
1333 3529 1599 3599 ingenium
1630 3528 1801 3584 neuti-

208 3635 369 3690 quam
395 3619 794 3690 aspernandum
814 3661 830 3687 ,
854 3619 997 3675 etiis
1021 3634 1265 3690 quoque,
1295 3635 1411 3690 qua:
1438 3629 1581 3676 recte
1609 3635 1800 3676 conce-

210 3711 399 3780 pisset,
432 3710 636 3781 scripto
658 3711 1021 3781 exprimendis
1044 3710 1313 3774 idoneum,
1353 3726 1534 3766 curam
1561 3710 1677 3781 cjus
1706 3727 1799 3782 ge-

209 3817 328 3857 rere
374 3803 657 3858 constituit
694 3802 1033 3873 peculiarem.
1079 3803 1252 3870 Quare
1298 3819 1421 3859 cum
1462 3813 1703 3858 amanter
1738 3819 1801 3860 ac

211 3908 317 3947 non
343 3893 523 3948 semel
566 3892 837 3959 invitavit,
867 3900 928 3948 ut
950 3892 1017 3948 ad
1055 3908 1114 3948 se
1143 3895 1368 3958 veniret,
1411 3894 1650 3963 quaedam
1682 3909 1801 3964 qua:

210 3986 321 4040 suis
346 4001 423 4039 ex
460 3984 734 4055 apusculis
784 3985 953 4055 magis
994 3984 1067 4039 illi
1115 3985 1466 4040 conducibilia
1500 3984 1798 4054 judicabat,

212 4075 452 4132 lecturus
510 4075 566 4129 in
609 4074 1062 4131 emendatioribus
1116 4075 1385 4130 codicibus
1439 4075 1802 4146 (querebatur

211 4168 351 4222 enim
378 4164 738 4231 Consentius,
776 4182 835 4221 se
859 4166 911 4220 in
938 4165 1374 4221 mendosissimos
1404 4166 1673 4235 incidisse)
1697 4183 1711 4231 ;
1739 4180 1803 4221 ac

212 4258 295 4312 ubi
324 4256 605 4328 quidpiam
632 4257 951 4313 ostendisset
979 4257 1134 4328 paulo
1159 4258 1455 4321 obscurius,
1486 4257 1602 4327 ejus
1634 4274 1797 4327 expo-

212 4347 466 4402 sitionem
495 4346 568 4401 ab
601 4362 661 4402 se
686 4361 865 4402 coram
908 4348 1216 4413 auditurus;
1244 4362 1350 4418 quo
1378 4347 1457 4403 sic
1491 4348 1607 4401 viva
1647 4362 1798 4414 voce,

213 4437 386 4507 quoad
409 4438 590 4492 divina
622 4438 830 4493 bonitas
859 4439 1134 4506 tribueret,
1162 4438 1400 4494 eruditus
1429 4438 1479 4492 in
1509 4438 1660 4493 libris
1687 4439 1801 4507 ipse

213 4528 319 4583 suis
344 4529 568 4598 propria
597 4539 770 4584 errata
798 4544 894 4599 per
917 4545 977 4585 se
999 4529 1307 4600 corrigeret.
1338 4528 1473 4597 Quin
1500 4529 1661 4584 etiam
1686 4528 1801 4598 jus-

213 4622 279 4676 sit
313 4638 446 4677 cum
472 4664 487 4685 ,
532 4622 705 4678 donec
752 4623 1047 4693 llipponem
1089 4631 1304 4679 vacaret
1328 4622 1615 4689 accedere,
1649 4631 1803 4678 notas

212 4714 421 4784 aliquas
455 4713 732 4784 prarfigere
771 4713 835 4769 iis
863 4713 1019 4779 locis,
1052 4730 1188 4785 quos
1229 4715 1405 4769 minus
1433 4714 1800 4779 intellexisset,

214 4812 269 4858 ιι
316 4806 442 4860 illos
491 4804 827 4874 postmodum
878 4819 1113 4874 praesens
1165 4806 1412 4874 prmsenti
1459 4812 1798 4875 proponeret.

212 4894 364 4963 Quod
392 4892 689 4950 Consentio
722 4895 1037 4951 beneficium
1066 4895 1345 4962 offerebat,
1391 4895 1442 4949 id
1490 4910 1618 4950 sane
1657 4894 1799 4949 haud

212 5002 481 5059 quaquam
511 4986 726 5057 vulgare
752 4995 869 5042 erat
900 4986 1329 5041 existimandum.
1367 4986 1498 5041 Nam
1526 4986 1803 5057 quantavis

212 5090 357 5135 esset
386 5079 609 5145 utilitas,
643 5095 761 5148 qua:
784 5077 1127 5149 colligebatur
1146 5092 1217 5133 ex
1244 5077 1524 5147 Augustini
1556 5077 1801 5147 scriptio-

215 5169 393 5235 nibua,
421 5185 545 5225 eam
571 5179 751 5226 tamen
774 5171 939 5225 multo
976 5168 1379 5224 luculentiorem
1418 5167 1797 5239 percipiebaut,

216 5259 305 5328 qui
328 5259 419 5314 vel
441 5258 512 5314 ad
553 5260 759 5329 plebem
795 5260 943 5314 illum
979 5259 1140 5314 verba
1182 5257 1483 5324 facientem,
1527 5259 1611 5314 vel
1639 5259 1690 5313 in
1718 5258 1800 5313 fa-

218 5350 414 5407 miliari
464 5364 757 5419 congressu
800 5350 1065 5406 dicentem
1107 5350 1390 5405 audiebant
1437 5349 1707 5421 (Possid.,
1747 5350 1801 5404 iu

228 5439 338 5494 Vita
356 5442 601 5512 Αιςωιη
630 5456 676 5494 c.
700 5440 814 5512 3i).
833 5442 1068 5497 Delatam
1097 5442 1196 5497 sibi
1224 5443 1446 5512 gratiam
1477 5442 1617 5497 haud
1641 5442 1802 5499 dubie

220 5534 369 5597 tanti,
401 5534 588 5603 quanti
616 5548 710 5603 par
737 5533 859 5601 fuit,
886 5535 1007 5589 fecit
1033 5532 1351 5591 Consentius
1375 5553 1388 5588 :
1412 5551 1595 5591 verum
1619 5535 1800 5591 doceri

216 5638 276 5679 se
297 5624 368 5679 ab
391 5640 461 5681 eo
486 5634 594 5681 tam
627 5626 743 5681 viva
767 5640 899 5681 voce
920 5642 1079 5696 quam
1120 5628 1318 5698 scripto
1345 5628 1623 5698 cupiebat;
1658 5628 1800 5698 quod

217 5721 351 5773 inter
380 5732 499 5783 eos.
540 5718 630 5790 qui
668 5733 849 5774 secum
890 5718 1087 5774 insulas
1115 5720 1231 5779 illas
1257 5720 1581 5791 habitabant,
1610 5723 1798 5779 eodem

499 5811 722 5879 Ssxcr.
758 5816 1031 5876 Aususr.
1063 5818 1110 5877 l.

1630 296 1830 356 LIBER
1866 296 2150 357 SEXTUS.

3376 312 3439 363 30
3452 314 3477 368 ι

1904 429 2089 471 errore
2117 426 2423 489 tenerentur
2450 434 2553 474 non
2586 422 2737 490 pauci
2776 422 2967 495 (Epist.
3001 428 3123 494 119,
3166 447 3219 491 rt.
3259 432 3335 502 6).
3366 433 3475 491 Re-

1902 513 2026 570 duci
2051 516 2188 570 sein
2209 516 2346 571 viam
2382 518 2548 573 sancti
2572 520 2710 575 illius
2740 523 2953 579 monitis
2984 524 3124 580 haud
3153 528 3282 582 satis
3315 528 3476 585 habe-

1806 642 1812 661 .
1902 604 2024 668 bat,
2047 606 2151 661 nisi
2176 606 2265 676 qui
2292 607 2478 663 eodem
2509 608 2815 679 adjutnento
2842 612 3177 682 indigebant,
3209 618 3241 671 ii
3268 635 3477 691 quoque

1903 696 1992 750 illo
2022 700 2323 771 neutiquam
2362 703 2795 762 chtituercntur.
2839 708 3063 778 Optabat
3089 710 3337 768 fratribus
3366 718 3480 770 suis

1901 804 2056 845 suum
2085 792 2242 847 etiam
2271 808 2390 849 esse
2419 796 2792 866 Augustinum,
2819 802 2971 869 cujus
2997 804 3293 858 auctoritati
3319 806 3477 861 cede.

1902 888 2040 944 rent,
2068 894 2315 951 parerent
2339 885 2612 950 doctrinm,
2642 904 2852 944 summo
2876 907 2995 946 sese
3028 893 3314 950 subderent
3334 897 3482 968 inge-

1902 971 2010 1025 nio.
2041 972 2307 1029 Familiari
2331 975 2712 1046 disceptatione
2731 1023 2746 1047 ,
2778 997 2934 1051 quam
2961 983 3009 1037 ei
3041 993 3250 1040 sanctus
3277 987 3478 1044 PI‘J‘StIl

1902 1076 2000 1131 pro
2039 1071 2257 1132 paterna
2296 1080 2393 1121 sua
2434 1068 2756 1139 benignitate
2797 1073 3080 1142 olferebat,
3127 1076 3243 1147 ejus
3288 1079 3477 1148 pudori

1902 1155 2069 1225 magis
2093 1157 2392 1213 consultum
2415 1160 2619 1228 fuisset,
2644 1179 2801 1234 quam
2828 1166 3140 1224 refutatione
3163 1172 3370 1240 publica
3396 1194 3408 1227 :
3436 1176 3482 1230 is

1900 1261 2048 1315 vero,
2084 1262 2205 1304 cum
2240 1252 2430 1307 anima:
2459 1268 2568 1308 sua:
2599 1258 2909 1325 utilitatem,
2940 1277 3043 1316 non
3072 1267 3253 1321 smculi
3281 1267 3475 1338 fumos,

1900 1351 2057 1406 quam
2082 1338 2451 1397 ardentissime
2474 1354 2764 1415 expeteret,
2790 1351 2953 1405 amari
2982 1352 3109 1407 nihil
3137 1356 3310 1412 inesse
3335 1359 3386 1413 in
3410 1379 3481 1415 eo

1900 1428 2139 1484 remedio
2156 1432 2392 1501 putabat,
2416 1435 2556 1503 quod
2578 1437 2712 1492 foret
2735 1440 2835 1495 sibi
2860 1443 3211 1513 conducibile,
3233 1449 3480 1519 quodque

1902 1527 2012 1575 tum
2054 1521 2188 1587 sibi,
2231 1531 2342 1577 tum
2371 1525 2489 1580 aliis
2517 1528 2786 1584 ccclestem
2816 1532 2975 1586 vitam
2998 1574 3013 1599 ,
3045 1549 3108 1589 ac
3135 1537 3355 1593 solidam
3385 1555 3480 1595 ve-

1899 1626 2119 1682 ramque
2144 1615 2354 1671 laudem
2394 1618 2673 1673 allaturum
2702 1631 2862 1677 esset.
2904 1624 3083 1694 Neque
3117 1628 3258 1684 cnim
3294 1631 3481 1685 existi-

1900 1703 2079 1759 mabat
2102 1703 2343 1761 homines
2371 1706 2483 1763 fore
2509 1709 2642 1764 adeo
2667 1712 2873 1781 iniquos
2901 1731 3076 1770 rerum
3106 1720 3477 1787 mstimatores,

1904 1804 1961 1849 ut
1984 1811 2126 1864 eum,
2158 1798 2299 1867 quod
2320 1800 2701 1871 aliquantisper
2739 1804 2789 1858 in
2816 1821 2998 1862 errore
3034 1809 3237 1875 fuisset,
3271 1814 3479 1883 vitupe-

1899 1898 2079 1941 rarent
2119 1888 2293 1957 potius
2322 1932 2336 1955 ,
2387 1907 2545 1961 quam
2593 1894 2733 1964 quod
2784 1896 2905 1951 inde
2929 1897 2995 1952 ad
3034 1899 3273 1957 veritatis
3308 1903 3476 1958 lucem

1900 1977 2222 2042 emersisset,
2254 1982 2707 2039 commendarent.
2756 1986 2947 2057 Alypio
2988 1989 3274 2059 episcopo,
3318 2006 3478 2062 quem

1902 2075 2011 2121 tum
2042 2068 2290 2124 reducem
2315 2086 2346 2126 e
2368 2086 2460 2126 sua
2493 2074 2544 2128 in
2575 2075 2937 2132 Mauritaniam
2968 2079 3294 2149 profectione
3319 2084 3481 2139 fuisse

1902 2157 2120 2212 credere
2141 2158 2284 2223 licet,
2308 2173 2540 2217 mentem
2570 2180 2719 2219 suam
2740 2168 2967 2236 aperuit,
2998 2185 3226 2240 euntque
3257 2174 3480 2242 rogavit,

1904 2256 1960 2302 ut
1987 2247 2086 2302 sibi
2126 2248 2226 2304 hoc
2254 2250 2495 2307 beneficii
2533 2254 2840 2323 impetraret
2865 2257 2933 2312 ab
2961 2257 3258 2330 Augustino
3284 2260 3443 2331 (Ibid.
3465 2306 3480 2327 ,

1903 2353 1955 2391 η.
1985 2337 2058 2408 1).
2101 2338 2251 2395 llunc
2281 2342 2394 2410 ipse
2434 2353 2615 2412 postea
2643 2347 2923 2416 quzcsitum
2951 2351 3133 2405 venit:
3163 2359 3219 2405 at
3255 2368 3359 2407 non
3386 2369 3484 2424 po-

1904 2430 2002 2483 tuit
2025 2429 2140 2499 ejus
2164 2443 2471 2502 conspectu,
2514 2436 2706 2491 nedum
2743 2439 3007 2511 colloquio
3033 2440 3154 2497 frui.
3184 2442 3316 2499 Nam
3353 2459 3482 2499 sau-

1904 2531 2020 2576 ctus
2065 2522 2262 2577 Prtesul
2307 2540 2430 2592 rus,
2482 2526 2573 2581 ubi
2610 2528 2796 2585 eodem
2829 2531 2881 2585 in
2912 2533 3029 2589 loco
3057 2548 3178 2589 eum
3208 2535 3344 2592 forte
3384 2537 3483 2593 ali-

1904 2613 2134 2682 quandiu
2180 2617 2373 2672 morari
2417 2620 2733 2689 Oportebat,
2787 2636 3127 2681 concesserat
3169 2629 3482 2686 necessitate

1905 2707 2129 2773 quadam
2168 2709 2494 2777 compulsus.
2524 2711 2667 2782 Ergo
2714 2714 2963 2781 longioris
3003 2733 3164 2773 mora:
3205 2720 3487 2789 impatiens

1905 2794 2219 2850 Consentius
2260 2814 2352 2866 per
2372 2800 2575 2857 litteras
2601 2804 2670 2857 ab
2698 2804 2791 2859 illo
2815 2807 2984 2876 petiit,
3027 2816 3084 2862 ut
3122 2809 3398 2880 Opiniones
3423 2826 3487 2867 ac

1908 2886 2070 2943 libros
2094 2902 2221 2944 suos
2251 2892 2447 2961 scripto
2474 2895 2762 2951 emendare
2789 2912 2892 2952 non
2918 2911 3244 2969 gravaretur.
3283 2902 3489 2970 Quibus

1906 2977 2054 3033 addit
2079 2989 2132 3035 et
2158 2980 2243 3035 illa
2266 2984 2426 3037 verba
2453 3002 2465 3039 :
2495 2984 2598 3039 Cur
2624 3003 2763 3058 ergo,
2794 2989 2887 3051 vir,
2919 2989 3160 3046 doctrina:
3184 2993 3354 3063 hujus,
3376 3011 3488 3064 qua

1906 3070 1959 3124 in
1980 3069 2179 3128 Christo
2215 3084 2329 3141 est,
2351 3076 2566 3141 culmen,
2609 3095 2822 3149 arguere
2846 3082 3016 3149 palam
3038 3085 3388 3155 corrigendum
3424 3088 3489 3142 de

1906 3172 2086 3217 stetere
2116 3164 2279 3233 ﬁlium
2311 3166 2530 3234 dubitas,
2557 3172 2954 3234 cumgeuentia:
2980 3180 3078 3227 tute
3104 3175 3348 3238 anchora,
3390 3178 3489 3231 nisi

1908 3271 2128 3309 morsum
2147 3257 2298 3312 altius
2318 3260 2566 3329 presserit,
2586 3277 2677 3315 nos
2704 3264 2888 3317 certius
2915 3265 3140 3320 stabilire
3181 3284 3281 3322 non
3327 3273 3485 3338 possit

1910 3344 2065 3417 (Ibid.
2086 3388 2102 3411 ,
2128 3365 2180 3401 η.
2202 3348 2294 3418 6)?
2317 3350 2549 3421 Reliqua:
2576 3352 2772 3423 pariter
2800 3353 3019 3424 hujusce
3044 3356 3282 3426 epistolae
3309 3369 3488 3428 partes

1910 3437 2257 3493 humilitatem
2289 3440 2559 3496 Consentii
2590 3443 2855 3508 referunt,
2884 3455 2937 3500 et
2961 3461 3065 3515 quo
3096 3447 3208 3515 ipse
3234 3449 3350 3503 loco
3379 3450 3489 3504 Au-

1906 3530 2102 3599 gustini
2121 3530 2485 3587 auctoritatem
2514 3533 2887 3605 ingeniumque
2910 3536 3171 3604 habuerit,
3196 3540 3488 3609 magnificis

1907 3630 1963 3676 ct
1987 3622 2255 3691 praeclaris
2294 3624 2487 3692 passim
2516 3624 2749 3680 declarat
2774 3627 2972 3683 verbis.
3011 3626 3240 3698 lngeuue
3264 3629 3487 3685 conﬁte-

1908 3711 2061 3766 batur
2083 3753 2098 3778 ,
2143 3727 2202 3767 se
2225 3753 2240 3778 ,
2286 3729 2387 3783 qua
2426 3715 2629 3770 ratione
2666 3716 3028 3773 substantialis
3054 3734 3119 3776 ac
3154 3720 3268 3775 viva
3306 3720 3376 3776 sit
3394 3724 3486 3791 ju-

1907 3803 2070 3868 stitia,
2100 3804 2333 3859 nondum
2368 3806 2689 3876 cogitatione
2725 3819 3024 3864 assecutum
3054 3828 3067 3864 :
3096 3810 3336 3882 adeoque
3380 3827 3488 3870 non

1908 3893 2143 3961 potuisse
2164 3893 2419 3949 hactenus
2446 3895 2632 3963 Deum,
2656 3896 2704 3950 id
2730 3906 2832 3957 est.
2852 3899 3115 3955 viventem
3137 3909 3376 3955 naturam
3398 3902 3488 3971 ju-

1906 3984 2064 4039 stitia:
2094 3984 2324 4041 similem
2349 3987 2602 4057 cogitare.
2634 3988 2968 4060 Quapropter
3009 3993 3353 4062 Augustinum
3389 3994 3492 4049 ob-

1907 4074 2149 4130 secrabat
2177 4077 2228 4131 in
2257 4077 2460 4146 primis,
2486 4086 2542 4132 ut
2568 4078 2669 4134 sibi
2707 4080 2774 4135 ad
2803 4083 3220 4151 cognoscendam
3246 4084 3337 4139 Dei
3367 4086 3490 4140 uni-

1910 4173 2070 4220 tatem
2119 4181 2182 4220 ac
2228 4168 2601 4224 discretionem
2642 4184 2987 4239 personarum
3013 4171 3180 4229 facem
3221 4175 3494 4243 prteferret

1910 4254 2099 4327 (Epist.
2133 4258 2256 4325 120,
2299 4276 2355 4312 η.
2395 4258 2474 4331 2).
2518 4259 2635 4314 Jam
2670 4270 2845 4316 autem
2885 4263 3023 4333 apud
3061 4265 3294 4320 animum
3337 4281 3491 4321 suum

1908 4357 2183 4415 statuerat,
2216 4350 2391 4406 divina
2423 4354 2676 4423 mysteria
2707 4354 2907 4411 lumine
2941 4356 3084 4417 fidei,
3116 4372 3219 4411 nou
3251 4360 3488 4423 rationis,

1908 4452 2028 4493 esse
2055 4440 2446 4509 cognoscenda.
2486 4441 2692 4512 Optatis
2717 4445 2833 4513 ejus
2868 4456 3081 4502 sanctus
3111 4447 3304 4503 Doctor
3336 4452 3493 4505 satis—

1909 4526 2034 4583 fecit
2071 4530 2268 4599 scripta
2304 4531 2371 4586 ad
2413 4547 2536 4587 eum
2567 4534 2704 4589 bene
2746 4536 2897 4605 longa
2936 4536 3155 4607 cpistola
3178 4577 3192 4601 ,
3237 4539 3387 4608 cujus
3424 4555 3489 4594 cx

1909 4617 2137 4674 lectione
2176 4628 2337 4690 atque
2386 4623 2601 4679 aliunde
2648 4626 2806 4679 etiam
2850 4627 3026 4695 petitis
3076 4628 3491 4685 institutionibus

1907 4711 2159 4780 adjutus,
2218 4713 2639 4771 lucubrationem
2705 4732 2854 4772 suam
2923 4717 3127 4773 facilius
3182 4720 3491 4776 emendaret

1910 4800 2093 4871 (lbid.,
2122 4819 2175 4856 η.
2212 4801 2327 4876 20).
2374 4805 2640 4877 Principio
2677 4808 2945 4877 ostendit,
2989 4826 3094 4866 non
3130 4820 3276 4867 recte
3313 4810 3488 4865 facere

1910 4894 2055 4949 illum
2075 4936 2091 4962 ,
2120 4896 2211 4965 qui
2240 4896 2414 4952 divina
2445 4899 2696 4970 mysteria
2727 4900 3018 4970 intelligere
3048 4917 3106 4957 se
3135 4916 3290 4971 posse
3311 4903 3491 4958 animo

1908 4986 2306 5057 desponderet:
2340 4990 2506 5059 ipsam
2536 4992 2677 5045 enim
2720 4991 2875 5047 fidem
2923 4994 3127 5047 ratione
3172 4993 3284 5056 niti,
3332 4992 3493 5045 ratio—

1910 5094 2143 5149 nemque
2182 5079 2249 5134 ad
2295 5081 2629 5150 percipienda
2668 5082 2938 5152 religionis
2978 5097 3187 5144 arcana,
3232 5090 3488 5151 quantum

1908 5170 2131 5241 quisque
2158 5171 2500 5242 intelligentia
2530 5172 2701 5238 valet,
2732 5172 3046 5235 conducere,
3073 5170 3363 5226 dummodo
3400 5172 3490 5225 illa

1910 5260 2198 5330 prudenter
2222 5270 2458 5324 utamur,
2488 5276 2661 5331 neque
2691 5276 2909 5330 usquam
2939 5259 3335 5314 fundamentqu
3366 5260 3488 5317 fidei

1908 5352 2240 5408 deseramus.
2268 5352 2435 5419 Quam
2464 5353 2533 5407 ob
2557 5367 2770 5407 causam
2796 5352 2882 5407 ille
2909 5362 3092 5408 auctor
3123 5361 3226 5418 est,
3256 5360 3311 5407 ut
3332 5353 3487 5409 istam

1910 5453 2056 5500 recte
2083 5442 2415 5513 intelligendi
2455 5443 2754 5498 facultatem
2780 5442 3089 5498 ardentibus
3126 5457 3191 5498 ac
3223 5440 3325 5498 fide
3352 5443 3489 5497 nixis

1911 5538 2158 5610 precibus
2184 5553 2215 5591 a
2240 5537 2351 5591 Deo
2378 5535 2645 5606 efﬂagitet.
2674 5536 2797 5601 Ora,
2830 5535 3025 5607 inquit,
3055 5538 3251 5608 fortiter
3274 5545 3321 5589 et
3357 5536 3488 5604 ﬁde-

1911 5632 2042 5693 liter,
2067 5640 2119 5683 ut
2145 5628 2229 5683 det
2258 5627 2348 5681 tibi
2374 5627 2625 5683 Dominus
2650 5627 3087 5695 illuminationem,
3117 5644 3177 5681 ac
3201 5627 3272 5681 sic
3291 5643 3349 5681 ea
3375 5641 3489 5695 qua

1912 5725 2189 5792 forinsecus
2223 5721 2423 5777 adhibet
2458 5722 2718 5793 diligentia
2756 5723 3074 5793 pra'ceptoris
3111 5721 3211 5775 sive
3247 5720 3485 5787 doctoris,

2789 5824 2819 5866 ί
2816 5825 2867 5883 Τ
2870 5826 3031 5887 reize
3070 5826 3090 5889 l
