4042 6360
522 296 625 355 395

520 413 710 484 possittl
731 426 835 464 esse
858 409 1115 479 fructuosa
1138 406 1326 476 (Epist.
1358 404 1474 469 I20,
1501 423 1551 459 ιι.
1581 406 1685 471 li).
1706 404 1876 472 Atque
1905 412 1956 456 ut
1988 406 2099 472 ipse

519 506 681 561 etiam
731 517 825 572 pro
863 517 959 556 sua
992 509 1137 569 parte
1175 500 1359 553 alTerat
1396 498 1679 552 Ctlltscnlitl
1714 496 2095 563 adjumentmn,

522 594 680 647 tradit
709 594 755 646 ei
786 592 909 661 quid
937 592 1247 645 inconcussa
1292 589 1393 642 ﬁde
1425 587 1707 642 tenendum
1734 588 1803 641 sit
1829 586 1897 639 de
1926 586 2101 639 Trini-

523 695 650 749 t.ue,
675 699 736 738 ac
764 682 921 737 simul
951 699 1050 752 qua
1082 682 1285 735 ratione
1308 679 1526 749 cogitari
1558 679 1695 732 Deus
1713 677 1890 731 animo
1910 676 2098 730 valeat.

523 778 655 831 lium
678 776 866 830 itermn
898 773 1160 837 hortatur,
1192 781 1243 825 ut
1274 770 1341 823 ad
1369 784 1426 824 se
1451 770 1624 823 veniat
1649 767 1764 823 dies
1791 768 1986 836 aliquot
2014 782 2100 821 se-

522 886 642 925 cmn
676 869 1034 931 traducturus,
1065 879 1127 919 ac
1152 865 1219 918 de
1252 863 1474 932 singulis
1496 877 1612 929 quze
1650 875 1772 914 eum
1804 870 2099 923 moverent,

521 963 856 1034 qumsiturus.
879 960 1013 1029 Quin
1040 958 1197 1012 etiam
1222 955 1519 1010 humaniter
1541 951 1728 1023 arguit,
1758 952 1897 1023 quod
1924 952 2103 1006 hacte-

502 1036 624 1108 'nus
645 1052 695 1107 id
719 1051 932 1105 minimc
957 1047 1277 1118 prarstiterit.
1302 1044 1455 1099 Recte
1472 1044 1656 1115 quippe
1677 1042 2098 1109 verecundareris,

523 1143 721 1213 inquit,
749 1158 810 1195 ac
838 1150 884 1196 te
913 1141 1097 1211 pigeret
1123 1137 1178 1191 id
1204 1151 1385 1207 agere,
1414 1136 1456 1189 si
1481 1135 1555 1189 vel
1582 1135 1735 1188 semel
1758 1134 1991 1188 voluisses
2009 1175 2023 1195 ,
2053 1143 2102 1187 et

523 1252 602 1288 me
619 1234 866 1305 diﬁcilem
897 1231 1160 1301 reperisses
1185 1227 1370 1299 (Ibid.,
1396 1244 1448 1281 ιι.
1477 1228 1550 1295 1).
1584 1226 1787 1292 Quibus
1823 1241 1887 1281 ex
1927 1226 2103 1281 verbis

524 1325 900 1379 humanitatem
926 1320 1093 1375 sancti
1116 1319 1244 1383 Viri,
1267 1328 1425 1388 atque
1447 1317 1804 1372 all'abilitatem
1827 1330 2100 1385 agnoscas.

522 1415 756 1485 Spondet
776 1426 985 1483 quoque
1003 1418 1309 1464 curaturum
1340 1424 1417 1473 se,
1446 1418 1502 1462 ut
1528 1408 1845 1461 Consentius
1870 1407 2103 1476 perlegat

522 1505 773 1576 quidquid
804 1506 872 1560 dc
901 1504 1159 1559 Trinitatc
1180 1544 1193 1566 ,
1223 1503 1391 1571 deque
1430 1499 1656 1555 videndo
1688 1500 1797 1554 Deo
1820 1541 1834 1564 ,
1866 1508 1958 1553 aut
1992 1498 2100 1568 jam

521 1596 867 1659 lucubrasset,
900 1606 990 1648 ant
1012 1594 1170 1649 etiam
1200 1602 1307 1647 tum
1334 1592 1633 1646 lucubraret
1656 1607 1670 1654 ;
1697 1605 1817 1643 cum
1845 1590 2101 1653 nondmn,

521 1698 738 1759 propter
789 1684 1190 1755 amplitudinem
1236 1682 1711 1750 difﬁcultatemque
1764 1681 2097 1750 argumenti,

521 1778 801 1849 pervenire
822 1777 1078 1847 potuisset
1099 1776 1165 1829 ad
1192 1775 1367 1844 operis
1392 1774 1546 1828 ﬁnem
1573 1772 1755 1842 (Ibid.,
1778 1772 1942 1843 n.13)
1968 1788 2104 1841 :qun

521 1887 649 1927 sane
699 1886 801 1924 non
856 1869 991 1923 alios
1026 1883 1185 1939 quam
1232 1866 1400 1921 libros
1446 1866 1512 1919 de
1558 1864 1816 1919 Trinitate
1860 1862 2097 1925 indicari,

524 1962 859 2033 perspicuum
898 1968 998 2013 est.

594 2054 646 2107 5.
677 2051 964 2106 llonorium
994 2050 1172 2120 pravis
1199 2047 1547 2117 quorumdam
1571 2047 1807 2102 consiliis
1832 2046 2101 2101 inductum

523 2154 730 2199 sanctas
751 2158 811 2198 ac
841 2143 1098 2197 salutares
1123 2141 1268 2210 leges
1287 2180 1301 2203 ,
1329 2153 1460 2209 quas
1486 2148 1639 2193 antea
1660 2147 1841 2193 contra
1867 2139 2104 2209 Paganos

523 2245 681 2305 atque
726 2233 1005 2287 hrcreticos
1041 2232 1251 2293 tulerat,
1298 2245 1486 2285 onlnes
1533 2229 1924 2301 quodammodo
1971 2232 2106 2284 anti-

521 2340 732 2396 quasse,
764 2338 1019 2378 concesso
1046 2322 1237 2392 cuique
1266 2322 1524 2392 eligendae
1563 2322 1834 2392 religionis
1861 2322 2100 2387 arbitrio,

522 2430 679 2485 Supra
701 2415 947 2469 vidimus.
993 2414 1117 2470 llzre
1147 2424 1320 2467 autem
1368 2414 1680 2483 religionum
1721 2413 1928 2468 licentia
1977 2413 2103 2467 dum

523 2508 811 2572 obtineret,
845 2505 1078 2561 Africani
1119 2506 1372 2575 pra-sules
1409 2504 1616 2559 decimo
1640 2514 1827 2559 octavo
1851 2503 2105 2559 kalendas

519 2600 680 2670 julias
716 2600 841 2652 anni
882 2596 1391 2668 quadringentesimi
1422 2596 1615 2651 decimi
1655 2594 2026 2665 Carthaginem
2052 2597 2103 2649 in

525 2690 794 2745 basilicam
840 2688 1088 2743 secundm
1141 2686 1392 2757 Regionis
1432 2696 1819 2741 convenerunt.
1871 2687 1915 2741 E
1954 2690 2105 2756 cujus

522 2779 729 2835 concilii
755 2778 887 2833 actis
913 2778 962 2831 id
980 2777 1154 2832 solum
1182 2776 1497 2841 invenimus,
1516 2774 1808 2843 Florentio,
1840 2777 2102 2843 Possidio,

527 2868 779 2925 Pm-sidin
802 2882 865 2922 ac
895 2868 1170 2922 Benenato
1198 2867 1462 2938 episcopis
1490 2867 1812 2937 legationem
1834 2868 1905 2922 ad
1935 2866 2107 2938 Impe-

524 2969 755 3015 ratorem
786 2960 815 3014 ὸ
834 2959 1059 3015 concilio
1080 2959 1451 3014 demandatam
1481 2972 1601 3013 eSSe
1621 2956 1827 3031 (Codice
1844 2958 2106 3013 Canonum

524 3053 707 3124 Arria,
741 3068 856 3105 can.
889 3051 1034 3123 107).
1058 3051 1224 3119 Quam
1261 3051 1331 3105 ob
1357 3064 1573 3104 causam
1616 3049 1850 3104 instituta
1898 3052 1969 3105 sit
1994 3049 2109 3109 hu-c

526 3144 743 3214 legatio,
772 3143 1024 3214 colligere
1049 3150 1131 3196 est
1157 3157 1221 3196 ex
1242 3141 1622 3197 constitutione
1650 3140 1866 3195 Honorii
1901 3141 1967 3196 ad
1998 3141 2107 3197 He-

524 3236 812 3291 raclianmn
842 3235 1088 3288 comitem
1107 3232 1299 3286 Africae
1319 3242 1505 3287 octavo
1526 3231 1779 3287 kalendas
1791 3233 2108 3301 septembris

527 3328 670 3393 data,
703 3342 803 3397 qua
837 3325 924 3395 jus
954 3324 1235 3380 exercendi
1271 3340 1418 3378 sacra
1450 3324 1656 3394 propria
1686 3322 1949 3379 hzereticis
1975 3340 2105 3378 eon-

517 3435 733 3475 cessum
765 3420 920 3489 plene
947 3418 1210 3488 planeque
1239 3417 1543 3485 abrogatur,
1577 3426 1630 3471 et
1672 3416 1958 3471 constituta
1988 3432 2108 3486 ιιι-οι

521 3510 828 3581 scriptionis
850 3517 941 3562 aut
968 3507 1127 3563 etiam
1149 3508 1338 3576 capitis
1366 3521 1541 3576 pana,
1572 3521 1638 3560 ne
1657 3507 1919 3574 publicum
1942 3507 2105 3561 ullum

520 3611 846 3656 conventum
862 3600 1089 3654 habeant
1106 3597 1655 3667 interdicitnr(Codice
1674 3596 1892 3664 Tltcod.,
1906 3597 1968 3652 de
1985 3597 2107 3652 Ha:~

521 3692 715 3758 reticis,
750 3691 859 3763 lege
900 3691 1013 3762 51).
1042 3692 1171 3745 Eam
1218 3689 1357 3744 enim
1412 3690 1581 3758 legem
1633 3689 1923 3758 legatorum
1952 3689 2107 3757 hujus

521 3784 739 3841 concilii
761 3782 1035 3855 industriae
1061 3797 1123 3836 ac
1146 3780 1428 3851 diligentia:
1454 3794 1559 3834 non
1585 3779 1849 3833 immerito
1876 3780 2108 3834 tribuen-

529 3875 653 3928 dam
701 3882 907 3943 putant.
964 3872 1111 3926 llanc
1156 3871 1324 3941 ipsam
1366 3870 1601 3939 reperire
1635 3878 1717 3923 est
1758 3868 2021 3925 laudatam
2055 3870 2104 3924 in

529 3964 781 4019 mandato
827 3963 893 4017 ad
932 3962 1293 4018 Marcellinum
1332 3960 1399 4016 de
1451 3960 1778 4030 procuranda
1825 3960 2107 4016 collatione

525 4054 726 4123 scripto
747 4052 921 4124 pridie
950 4052 1070 4107 idus
1089 4052 1323 4107 octobris
1348 4051 1585 4120 ejusdem
1627 4052 1786 4115 anni;
1818 4068 1923 4122 quo
1951 4067 2103 4106 man-

524 4145 653 4199 dato
681 4144 949 4200 Honorius
975 4144 1248 4213 conceptis
1268 4143 1461 4206 verbis,
1483 4142 1738 4212 quidquid
1767 4142 1851 4198 vel
1881 4144 1998 4213 ipse
2024 4144 2104 4198 vel

525 4235 830 4303 superiores
858 4234 1207 4304 imperatores
1234 4234 1507 4289 catholicae
1528 4234 1797 4304 religionis
1816 4236 1981 4304 gratia
1998 4244 2106 4287 sta-

524 4325 782 4387 tuissent,
824 4340 984 4395 quam
1022 4323 1357 4379 exactissime
1398 4323 1670 4379 observari
1710 4324 1947 4394 pra-cipit
1975 4322 2107 4396 (Col-

526 4415 618 4468 tat.
644 4413 883 4486 Carthag.
913 4416 964 4479 1,
995 4430 1109 4481 cap.
1146 4410 1220 4486 4).
1252 4412 1403 4469 Unde
1428 4430 1525 4469 suo
1554 4414 1891 4470 Marcellinus
1908 4415 2100 4479 edicto,

521 4506 665 4576 quod
687 4508 789 4562 sub
810 4507 1014 4561 initium
1038 4506 1209 4560 martii
1227 4522 1366 4560 anno
1384 4506 1664 4561 undecimo
1678 4522 1837 4576 supra
1856 4508 2105 4579 quadrin-

522 4598 876 4670 gentesimum
905 4598 1071 4662 dedit,
1105 4607 1345 4662 testatur,
1380 4614 1474 4668 per
1524 4599 1824 4668 provincias
1868 4600 2102 4669 singulas

526 4698 706 4746 certos
723 4689 1011 4760 quosdam,
1042 4688 1133 4758 qui
1174 4688 1361 4743 Donati
1390 4697 1681 4744 sectatores
1719 4704 2103 4759 persequeren—

527 4789 614 4836 tur
635 4778 749 4835 sive
769 4780 1138 4843 convenirent,
1161 4778 1454 4834 destinatos
1478 4781 1636 4834 fuisse
1658 4779 1845 4849 (Ibid.,
1871 4798 1985 4846 cap.
2018 4782 2097 4851 5).

594 4869 651 4924 6.
680 4868 925 4939 Epimpi
976 4868 1155 4939 legati,
1188 4868 1277 4937 qui
1322 4868 1578 4923 libertatis
1605 4868 1942 4925 heterodoxis
1969 4884 2099 4924 con-

518 4977 685 5019 cessas
749 4960 1124 5015 rescissionem
1172 4958 1530 5021 obtinuerant,
1576 4958 1731 5013 iidem
1783 4974 1993 5028 quoque
2048 4960 2098 5013 itt

518 5050 785 5107 mandatis
807 5049 1072 5105 habebant
1093 5048 1174 5104 rei
1206 5048 1341 5103 haud
1374 5047 1589 5103 levioris
1622 5050 1873 5103 momenti
1911 5066 2099 5119 procu-

522 5145 805 5200 rationem.
838 5142 1024 5212 Neque
1061 5141 1204 5196 enim
1224 5150 1324 5204 est,
1352 5155 1449 5195 cur
1488 5141 1808 5207 dubitemus,
1835 5143 1963 5211 quin
2008 5157 2101 5196 eo-

522 5233 765 5289 rumdem
792 5233 1041 5303 precibus
1064 5231 1319 5288 debeatur
1340 5231 1653 5287 Collationis
1670 5231 1809 5301 apud
1830 5234 2100 5303 Carthagi-

524 5340 646 5381 nem
678 5324 922 5379 ineunda:
940 5323 1248 5379 mandatum
1280 5324 1449 5392 pridie
1493 5324 1610 5378 idus
1646 5323 1877 5379 octobris
1902 5326 1969 5380 ab
1995 5326 2099 5380 llo-

524 5418 678 5474 norio
697 5418 877 5472 datum
900 5414 1060 5490 (Ibid.
1072 5458 1086 5483 ,
1105 5433 1220 5487 cap.
1243 5417 1319 5488 4).
1346 5417 1583 5471 Vidimus
1595 5416 1703 5487 jam
1719 5431 1875 5487 supra
1890 5420 2099 5488 quantis

526 5511 719 5567 studiis
748 5510 1053 5565 Donatistas
1080 5509 1148 5564 ad
1197 5510 1615 5565 conveniendum
1643 5526 1823 5566 secum
1844 5510 1911 5565 de
1934 5512 2099 5565 collo-

529 5606 655 5675 quin
678 5602 926 5660 catholici
948 5602 1210 5659 antistites
1239 5619 1382 5658 anno
1404 5604 1924 5674 quadringentesimo
1944 5606 2099 5660 tertio

514 5705 577 5753 et
608 5695 1131 5768 quadringentesimo
1159 5705 1346 5767 quarto
1363 5696 1692 5753 sollicitarint
1724 5714 1735 5748 :
1766 5707 2093 5766 quantncon'

1651 292 1809 347 VITA
1847 291 1903 347 S.
1945 288 2310 347 AUGUSTINI
2350 287 2671 345 EPISCOPI.

3685 294 3798 351 596

2211 418 2289 456 tra
2325 402 2612 471 supercilio
2664 401 2790 457 illml
2835 402 3131 458 recusarint
3168 404 3491 472 Donatistze;
3522 416 3576 461 et
3606 415 3791 463 tamen

2208 506 2350 546 anno
2370 493 2585 547 demum
2604 493 3127 564 quadringentesimo
3151 504 3304 549 sexto
3326 495 3427 549 huc
3452 496 3651 552 redacti
3679 496 3796 553 l'ne-

2210 585 2334 645 rint,
2360 592 2415 638 ut
2440 599 2556 638 sese
2587 585 2635 637 id
2666 586 2799 639 velle
2831 595 2888 639 et
2932 602 3128 655 cupere
3157 587 3494 642 simularent.
3537 590 3798 644 Arbitrati

2208 686 2334 728 sunt
2359 674 2637 740 Catholici,
2656 675 2797 730 bono
2827 676 2938 743 illo,
2969 686 3027 731 ut
3045 677 3342 743 videbatur,
3366 680 3797 735 adversariorum

2208 765 2387 819 animo
2420 765 2673 819 utendum
2714 761 2835 820 che
2874 765 3083 833 (Collat.
3129 768 3370 839 Carthag.
3414 770 3467 832 5,
3515 787 3633 840 cap.
3668 772 3795 836 ΗΟ,

2210 869 2254 910 et
2302 857 2494 910 Breric.
2520 858 2704 921 Collat.
2739 860 2791 921 5,
2828 875 2880 910 n.
2923 856 3001 929 4).
3042 860 3361 923 Cernebant,
3389 862 3656 929 cplebeiis
3689 863 3799 915 Do-

2210 949 2435 1001 natianan
2456 958 2614 1003 secta-
2640 949 2961 1018 complures,
2998 961 3052 1005 et
3080 966 3217 1020 pene
3242 966 3429 1006 omnes
3471 954 3649 1008 dicere
3671 955 3800 1009 sisti-

2211 1047 2292 1093 tos
2318 1056 2332 1093 :
2361 1037 2404 1091 0
2430 1039 2474 1092 si
2506 1039 2558 1092 in
2586 1055 2743 1093 unum
2787 1040 2952 1093 locum
2978 1042 3334 1097 convenirent!
3365 1060 3394 1096 ο
3433 1043 3477 1097 si
3518 1044 3799 1114 aliquando

2208 1133 2512 1200 conferrent,
2540 1140 2688 1199 atque
2711 1131 2814 1186 illis
2853 1131 3221 1202 disputantibus
3258 1134 3438 1188 veritas
3487 1139 3802 1207 appareret?

2209 1221 2323 1294 (Ad
2348 1221 2642 1277 Donatistas
2687 1236 2796 1292 post
2841 1223 3047 1290 Collat.,
3080 1242 3132 1278 n.
3166 1223 3284 1297 58.)
3311 1224 3564 1281 Praeterea
3591 1228 3801 1282 illorum

2207 1313 2370 1381 furor,
2394 1312 2468 1367 ait
2491 1312 2837 1384 Augustinus,
2864 1326 3194 1385 occupaverat
3238 1315 3469 1384 Africam
3498 1327 3674 1381 totam,
3707 1336 3799 1373 nec

2210 1406 2479 1475 prtedicari
2495 1423 2527 1460 a
2570 1408 2843 1463 Catltolicis
2874 1411 3123 1464 veritatem
3148 1421 3323 1464 contra
3355 1428 3503 1465 suum
3534 1414 3801 1482 patieban-

2209 1506 2291 1550 tur
2313 1514 2565 1561 errarent;
2590 1500 2820 1554 violentis
2849 1502 3277 1572 aggressionibus,
3307 1504 3797 1571 latrocinationibus,

2207 1585 2441 1641 itinerum
2468 1589 2825 1654 obsidionibus,
2854 1592 3067 1661 rapinis,
3090 1592 3335 1661 .ignibus,
3370 1593 3590 1647 aedibus
3636 1597 3799 1650 multa

2209 1687 2478 1743 vastantes,
2510 1690 2694 1734 cuncta
2712 1689 2951 1736 terrentes
2966 1697 2985 1735 :
3006 1698 3120 1735 cum
3144 1682 3323 1750 quibus
3347 1684 3487 1752 apud
3510 1686 3794 1757 episcopos,

2208 1785 2331 1836 quos
2350 1786 2631 1824 communes
2662 1788 2765 1825 non
2794 1772 3117 1838 habebamus,
3151 1774 3280 1828 nihil
3298 1791 3446 1843 agere
3470 1759 3797 1846 poteramus;

2207 1860 2343 1930 quod
2370 1878 2485 1914 vero
2509 1871 2626 1916 ante
2650 1866 2808 1933 ferme
2830 1872 3029 1917 centum
3053 1880 3216 1918 auitas
3248 1866 3465 1935 majores
3494 1869 3651 1921 nostri
3679 1885 3797 1921 cum

2206 1954 2279 2008 eis
2298 1963 2518 2023 egerant,
2540 1954 2656 2021 jam
2687 1955 2998 2024 papulorunt
3021 1957 3263 2010 memoria
3291 1974 3392 2012 non
3417 1959 3629 2013 tenebat.
3666 1958 3798 2014 Herc

2207 2045 2362 2115 igitur
2388 2045 2654 2099 necessitas
2674 2046 2935 2116 compulit,
2961 2056 3015 2099 ut
3039 2046 3217 2101 saltem
3240 2049 3390 2118 gestis
3423 2058 3594 2103 nostra
3621 2048 3797 2103 Colla-

2210 2138 2343 2191 tioue
2370 2139 2609 2209 confectis
2632 2154 2802 2193 eorum
2845 2140 3262 2195 contunderenms
3300 2141 3708 2195 inuerecundiam
3747 2152 3797 2197 et

2208 2231 2590 2297 reprimeremus
2610 2229 2878 2283 audaciam
2906 2230 3114 2299 (Contra
3136 2231 3422 2298 lulianum,
3451 2233 3539 2287 lib.
3559 2234 3614 2302 5,
3641 2252 3695 2289 n.
3714 2236 3794 2305 5).

2210 2319 2303 2373 liae
2332 2321 2626 2388 pnesertim
2652 2321 2862 2377 fuerunt
2883 2338 3077 2387 cansm,
3108 2323 3321 2395 quibus,
3354 2333 3410 2377 ut
3438 2323 3599 2380 hocce
3624 2326 3795 2380 collo-

2209 2411 2389 2479 quium
2402 2420 2732 2481 expeterent,
2761 2412 2992 2468 Africani
3013 2414 3268 2483 prtesules
3284 2414 3480 2470 inducti
3506 2424 3664 2481 sunt;
3688 2431 3797 2471 non

2210 2516 2338 2556 vero
2364 2502 2505 2572 quod
2529 2503 2900 2559 existimarent
2921 2503 3044 2557 illud
3069 2504 3290 2558 remedii
3315 2500 3527 2574 semper
3540 2504 3797 2561 adversus

2212 2593 2493 2649 lnereticos
2526 2593 2776 2663 expedire
2807 2594 2825 2665 (
2853 2594 3031 2665 Operis
3065 2594 3343 2666 imperfecti
3380 2594 3467 2648 lib.
3499 2595 3552 2660 1,
3579 2612 3626 2648 c.
3664 2596 3733 2650 10
3752 2596 3794 2664 ).

2211 2686 2341 2741 Tam
2361 2687 2571 2756 operosi
2595 2686 2815 2757 negotii,
2836 2686 2975 2756 quod
3008 2685 3219 2740 tandem
3240 2686 3430 2740 conﬁci
3452 2684 3798 2741 vehementer

2210 2777 2465 2832 intererat
2510 2777 2762 2832 Ecclesia
2804 2778 3065 2846 incoeptor
3100 2784 3155 2831 et
3182 2774 3446 2846 perfector
3470 2777 3798 2847 Augustinus

2210 2870 2339 2934 iuit;
2367 2870 2485 2923 aliis
2512 2878 2688 2923 tamen
2731 2869 2996 2938 episcopis
3020 2883 3176 2923 suum
3221 2882 3432 2937 quoque
3468 2882 3794 2924 consensum

2210 2959 2604 3025 adhibentibus,
2645 2960 2893 3027 illiusque
2934 2973 3091 3021 curas
3140 2958 3353 3029 propria
3380 2958 3797 3014 sccundantibus

2211 3050 2465 3105 industria
2494 3049 2800 3123 (Possidius,
2824 3050 2877 3102 in
2912 3048 3023 3102 Vita
3051 3049 3345 3119 Augustini,
3374 3065 3421 3102 c.
3446 3047 3568 3119 15).
3599 3049 3797 3105 Direeti

2209 3151 2333 3197 sunt
2357 3143 2515 3212 igitur
2533 3141 2597 3196 ad
2616 3141 2988 3211 Imperatorem
3016 3141 3193 3211 legati,
3213 3140 3301 3211 qui
3325 3148 3584 3211 peterent,
3602 3143 3798 3196 utrius.

2209 3249 2313 3303 que
2334 3235 2499 3303 partis
2533 3234 2811 3303 episcopos
2854 3234 3064 3303 juberet
3090 3234 3377 3288 convenire
3401 3233 3803 3304 Carthaginem,

2213 3328 2300 3381 ubi
2328 3327 2518 3381 delecti
2546 3327 2812 3396 utrimque
2832 3341 2895 3380 ex
2922 3326 3064 3379 omni
3094 3340 3319 3380 numero
3343 3325 3581 3379 nonnulli
3607 3324 3795 3395 dispu-

2214 3426 2387 3473 tarent
2424 3416 2637 3489 (Callet.
2686 3417 2926 3487 Cartltag.
2964 3418 3015 3481 1,
3060 3433 3175 3486 cap.
3215 3416 3305 3487 4);
3337 3432 3443 3487 quo
3470 3418 3548 3471 sic
3590 3426 3795 3486 posset,

2212 3510 2546 3578 deprehenso
2609 3510 2890 3564 manifeste
2936 3508 3252 3574 mendacio,
3301 3509 3498 3564 veritas
3534 3522 3797 3577 apparere

2213 3601 2421 3672 (Ibid.,
2472 3602 2527 3665 5,
2580 3616 2699 3671 cap.
2756 3601 2920 3672 110).
2960 3600 3229 3655 Prolatum
3266 3601 3297 3653 it
3339 3599 3525 3670 legatis
3566 3598 3667 3655 fuit
3703 3616 3798 3655 co-

2211 3708 2324 3748 ram
2375 3691 2612 3747 Honorio
2670 3700 2844 3746 actum
2892 3691 3039 3754 illud,
3071 3706 3178 3758 quo
3217 3692 3502 3745 Donatista:
3552 3690 3652 3760 ipsi
3682 3692 3796 3745 cnl-

2212 3782 2445 3853 loquium
2504 3798 2645 3837 ιιιιιιο
2702 3783 3224 3852 quadringentesimo
3288 3790 3442 3837 sexto
3488 3783 3796 3852 postulave-

2213 3873 2365 3944 rant(
2396 3873 2590 3927 Brevic.
2623 3873 2806 3927 Collat.
2829 3874 2886 3938 ὅ,
2912 3890 2964 3927 n.
3005 3873 3082 3943 4).
3116 3873 3403 3927 llonoriuin
3433 3882 3629 3936 autem,
3656 3890 3796 3943 quo-

2212 3964 2388 4018 minus
2412 3964 2629 4033 petitum
2655 3978 2685 4017 a
2710 3978 2770 4017 se
2795 3971 3112 4018 conventum
3136 3963 3315 4017 animo
3336 3962 3535 4018 lubenti
3559 3964 3796 4033 prolixo-

2208 4070 2315 4125 que
2343 4063 2619 4119 annueret,
2650 4054 2859 4124 Imperii
2883 4069 2987 4108 non
3016 4054 3285 4124 prohibuit
3310 4054 3574 4109 horrenda
3600 4052 3795 4109 contu.

2210 4145 2366 4201 fusio.
2392 4146 2505 4213 Qua
2542 4159 2673 4200 sane
2693 4145 2744 4199 in
2775 4160 2832 4199 re
2856 4143 3151 4199 clarissimo
3189 4144 3431 4214 probavit
3457 4153 3795 4214 argumento,

2213 4253 2317 4293 non
2346 4253 2538 4291 vanum
2557 4235 2722 4292 fuisse
2741 4236 2881 4306 quod
2920 4236 3244 4301 afﬁrmabat,
3287 4236 3565 4291 utilitatem
3591 4237 3797 4293 scilicet

2211 4330 2574 4400 honoremque
2631 4330 2908 4385 catholicae
2959 4328 3213 4384 Ecclesia:
3257 4344 3439 4383 curam
3486 4344 3637 4383 suam
3703 4339 3798 4384 ant

2209 4422 2419 4477 unicam
2444 4437 2565 4478 esse
2587 4432 2675 4476 aut
2697 4431 2845 4477 certe
2862 4422 3117 4492 primam;
3151 4421 3280 4475 nihil
3304 4421 3445 4476 aliud
3469 4437 3639 4493 neque
3664 4438 3797 4491 pace

2208 4530 2380 4585 neque
2405 4514 2546 4569 bello
2568 4528 2807 4584 qurerere
2835 4528 2913 4576 se,
2938 4514 3036 4567 nisi
3060 4523 3117 4567 ut
3144 4514 3195 4567 in
3211 4513 3501 4567 ditionibus
3524 4514 3635 4567 suis
3655 4514 3797 4569 Deus

2208 4613 2481 4673 regnaret;
2513 4603 2697 4658 dolere
2725 4602 2830 4659 sibi
2852 4603 2993 4673 quod
3015 4604 3340 4673 provinciam
3364 4602 3619 4667 Africam,
3640 4603 3797 4673 cujus

2206 4696 2397 4750 ofﬁciis
2424 4694 2570 4765 (puta
2612 4703 2795 4750 contra
2826 4695 3085 4765 Attalum)
3114 4695 3302 4750 fuisset
3348 4695 3575 4766 adjutus,
3600 4710 3793 4751 cerne-

2207 4798 2290 4844 ret
2312 4789 2703 4844 Donatistarum
2732 4788 2954 4844 discidio
2982 4789 3201 4844 lacerari
3230 4787 3438 4859 (Collat.
3463 4790 3705 4859 Cari/mg.
3739 4792 3790 4853 l,

2202 4896 2319 4952 cap.
2343 4880 2420 4950 4).
2449 4879 2715 4935 llonorius
2729 4895 2858 4935 vero
2884 4888 3200 4950 potestatem
3218 4882 3569 4936 conveniendi
3589 4882 3656 4935 ad
3682 4883 3794 4936 col-

2206 4970 2446 5040 loquium
2475 4986 2542 5024 eo
2572 4970 2807 5038 proniori
2834 4971 3109 5025 voluntate
3131 4971 3275 5035 fecit,
3303 4971 3444 5040 quod
3477 4970 3620 5025 idem
3647 4979 3795 5025 utra-

2204 5077 2309 5133 que
2336 5076 2458 5131 pars
2480 5062 2808 5131 poposcisset
2827 5060 3014 5135 (Ibid.,
3041 5078 3156 5132 cap.
3181 5060 3257 5135 5).
3282 5062 3469 5116 Exstat
3491 5062 3668 5117 adhuc
3689 5062 3798 5116 llo-

2206 5154 2345 5209 norii
2372 5155 2709 5223 rescriptum,
2738 5168 2847 5223 quo
2867 5170 3051 5209 rursus
3078 5154 3352 5225 abrogata,
3380 5169 3539 5225 quam
3570 5156 3793 5209 haereti-

2204 5246 2284 5300 cis
2321 5254 2681 5311 concesserat,
2733 5245 2999 5313 libertate,
3044 5246 3392 5301 Collationem
3439 5261 3470 5300 a
3503 5245 3798 5301 Catholieis

2206 5339 2498 5407 espetitam
2527 5338 2783 5407 permittit
2825 5337 3008 5411 (lbid.,
3039 5355 3153 5410 cap.
3187 5340 3268 5411 4).
3312 5339 3444 5395 Eam
3476 5342 3529 5394 in
3550 5354 3796 5394 mensem

2208 5436 2471 5498 quartum,
2506 5444 2533 5481 a
2563 5430 2989 5499 promulgatione
3024 5429 3203 5495 edicti,
3234 5429 3446 5495 indicit;
3487 5444 3552 5485 ac
3580 5429 3819 5483 Donati-‘

2204 5529 2313 5575 stas
2331 5560 2347 5587 ,
2373 5520 2418 5574 si
2443 5520 2659 5590 quidem
2688 5519 2755 5575 ad
2785 5519 2837 5574 id
2867 5530 3078 5589 tempus
3099 5522 3385 5577 convenire
3412 5522 3460 5575 dt
3480 5529 3798 5587 trectarent,

2206 5613 2391 5667 statuit
2411 5612 2602 5667 iterum
2632 5626 2696 5667 ac
2719 5612 2876 5668 tertio
2901 5613 3107 5676 vocari;
3135 5628 3234 5682 qua
3253 5614 3457 5667 ratione
3484 5628 3596 5666 rem
3620 5612 3802 5667 adhuc

2212 5695 2264 5751 in
2295 5697 2429 5751 duos
2455 5710 2666 5752 menses
2692 5695 3009 5769 ampliahat;
3052 5698 3131 5751 sin
3164 5713 3289 5753 vero
3318 5713 3384 5751 ne
3425 5708 3534 5753 tum
3578 5694 3797 5763 quidem
