4042 6360
267 347 375 405 507

267 460 335 514 ad
369 470 577 528 tempus
605 454 947 511 constitutum
970 452 1235 514 adessent,
1269 449 1487 520 populos
1507 447 1720 504 demum
1746 450 1854 503 uni-

272 565 457 607 versos
476 549 542 603 ad
573 547 928 619 prmstandum
955 545 1230 601 catholicis
1255 543 1516 613 episcopis
1541 542 1850 614 obsequium

273 642 460 702 teneri,
496 639 752 694 restitutis
774 639 825 692 in
847 646 1142 692 corummet
1161 642 1476 706 potestatem
1502 635 1746 690 omnibus
1766 649 1852 688 cc-

269 733 450 788 clesiis
471 731 682 803 (Collat.
711 730 952 801 Cartltag.
983 731 1032 794 i,
1061 745 1175 800 cap.
1334 727 1597 799 Scriptura
1625 727 1723 782 hoc
1744 727 1852 782 Ra-

269 841 460 882 venna:
483 824 666 878 datum
687 833 770 879 est
797 823 964 892 pridie
984 821 1103 878 idus
1129 820 1392 886 octobris;
1419 820 1514 876 sed
1531 830 1694 891 quoto
1712 838 1853 878 anno

269 935 375 974 non
403 920 631 974 dicitur:
663 917 803 973 haud
831 918 990 973 dubie
1011 927 1185 973 tamen
1211 917 1729 989 quadringentesimo
1753 920 1852 976 de-

271 1011 446 1072 cimo,
474 1009 686 1079 quando
711 1009 919 1078 quidem
959 1024 1100 1064 anno
1132 1009 1649 1081 quadringentesimo
1689 1012 1853 1067 unde-

268 1101 412 1153 cimo
454 1099 630 1154 habita
653 1098 878 1154 Collatio
903 1098 1024 1154 fuit.
1052 1101 1165 1155 Huc
1200 1100 1336 1155 adde
1375 1110 1574 1171 partem
1614 1102 1852 1170 ejusdem

269 1192 516 1261 rescripti
549 1191 922 1247 Theodosiano
949 1191 1120 1248 codici
1164 1192 1433 1256 insertam,
1479 1203 1534 1250 et
1577 1196 1853 1250 consulatu

271 1283 530 1345 Varonis,
557 1284 646 1353 qui
675 1283 724 1337 in
753 1298 950 1338 annum
984 1283 1558 1354 quadringentesimum
1587 1285 1852 1341 decimum

271 1376 489 1437 incidit,
516 1384 783 1440 notatam;
813 1377 1040 1441 tametsi,
1069 1376 1209 1446 quod
1237 1376 1303 1431 ad
1331 1376 1470 1431 diem
1509 1377 1712 1439 attinet,
1747 1392 1850 1432 non

271 1469 474 1537 pridie,
508 1468 602 1523 sed
627 1479 817 1537 quarto
847 1468 962 1522 idus
990 1468 1230 1536 ejusdem
1275 1468 1473 1523 mensis
1503 1467 1574 1522 ibi
1617 1469 1854 1539 signetur

271 1561 482 1633 (Codice
505 1560 725 1626 Theod.,
756 1561 818 1615 de
840 1559 1030 1630 Relig.,
1053 1561 1160 1630 lege
1179 1561 1256 1630 3).

341 1654 398 1706 7.
439 1650 716 1719 Imperialc
738 1661 1057 1720 prmeeptnm
1077 1651 1142 1704 de
1162 1650 1399 1704 habenda
1425 1650 1707 1708 collatione
1733 1652 1850 1704 uni-

271 1747 446 1799 vcrsis
460 1744 826 1799 Africanarum
848 1744 1233 1812 provinciarum
1252 1743 1517 1812 jutlicibus
1530 1743 1748 1798 missum
1771 1752 1852 1798 cst

271 1837 485 1908 (Collat.
516 1836 752 1907 Carthag.
785 1838 837 1902 5,
868 1853 984 1906 cap.
1013 1837 1158 1906 HO),
1184 1850 1386 1890 necnon
1417 1834 1596 1889 Flavio
1636 1836 1851 1890 Marcel-

270 1931 381 1984 lino
399 1931 656 1985 direetum
688 1945 807 1984 cum
827 1928 1106 1984 mandatis.
1140 1936 1197 1981 ut
1237 1929 1281 1981 is
1308 1929 1577 1982 conseswi
1613 1928 1852 1998 cognitor

271 2022 587 2092 pnesideret
616 2020 776 2094 (Ibid.
815 2021 864 2085 Ι,
917 2036 1030 2086 cap.
1056 2020 1132 2087 4).
1176 2018 1508 2072 Marcellinus
1547 2017 1633 2071 ille
1661 2019 1852 2086 ubique

268 2115 566 2184 appellatur
583 2113 892 2167 tribunusac
907 2111 1170 2174 notarius;
1187 2126 1304 2180 qua:
1324 2108 1695 2180 dignitashaud
1715 2109 1852 2163 mul-

269 2215 382 2259 tum
411 2205 608 2259 recedit
627 2219 656 2258 a
685 2219 903 2257 munere
924 2218 1130 2266 eorum,
1160 2219 1292 2271 quos
1327 2203 1455 2271 Regi
1479 2203 1545 2254 ab
1575 2217 1849 2256 commen-

269 2296 422 2349 tariis
470 2295 826 2347 nominamus.
860 2293 1148 2347 Catholicae
1173 2302 1288 2347 erat
1315 2293 1702 2346 communionis
1749 2291 1853 2362 (De

271 2384 435 2440 Ccstis
464 2401 578 2438 cum
608 2383 850 2449 Emerita,
876 2400 927 2436 η.
945 2383 1000 2452 2)
1020 2399 1032 2447 ;
1053 2398 1280 2453 eumque
1295 2382 1422 2436 dicit
1445 2381 1662 2436 Orosius
1682 2382 1852 2436 virum

271 2479 322 2532 in
349 2477 535 2546 primis
570 2475 878 2546 prudentem
919 2484 973 2528 et
1003 2472 1340 2539 industrium,
1383 2487 1587 2528 necnon
1616 2473 1852 2527 omnium

271 2567 569 2621 studiorum
592 2566 846 2620 bonorum
874 2564 1368 2634 appetentissimum
1389 2562 1647 2633 (Orosius,
1676 2562 1854 2618 Histo-

273 2657 363 2709 riis
396 2657 485 2709 lib.
520 2657 569 2719 7,
603 2673 718 2724 cap.
748 2656 815 2710 42
835 2653 875 2727 ).
904 2655 1094 2709 Primre
1127 2653 1249 2710 dua:
1285 2653 1438 2708 dotes
1467 2655 1658 2708 mirum
1686 2669 1856 2722 quan-

274 2754 381 2798 tum
421 2748 702 2800 eluxerunt
751 2745 800 2798 in
852 2743 1164 2808 Collatione,
1213 2743 1303 2797 ubi
1340 2759 1445 2798 non
1497 2743 1760 2813 :equitatis
1793 2757 1858 2798 ac

273 2836 651 2892 moderationis
691 2845 925 2898 tantum,
957 2834 1050 2890 sed
1088 2837 1245 2889 etiam
1267 2834 1449 2902 judicii
1480 2835 1856 2904 sapientiaaque

274 2927 482 2994 egregia
511 2927 801 2994 specimina
825 2925 988 2980 dedit.
1013 2928 1180 2991 Quam
1206 2934 1381 2980 autem
1409 2926 1751 2980 vehementer
1766 2940 1856 2980 cs-

273 3024 353 3069 set
379 3015 677 3070 divinarum
696 3017 1010 3072 Litterarum
1029 3017 1316 3083 studiosus,
1342 3016 1490 3071 testis
1505 3027 1586 3072 est
1605 3017 1860 3087 Augusti-

274 3121 372 3160 nus
399 3104 597 3176 (Epist.
629 3106 747 3172 190,
779 3123 831 3161 η.
859 3106 990 3174 20);
1019 3123 1083 3162 ex
1101 3121 1206 3176 quo
1227 3107 1462 3176 ejusdem
1489 3107 1857 3177 integerrimus

273 3213 449 3252 mores
479 3206 533 3251 et
562 3200 844 3266 pretiosam
877 3207 1104 3253 mortem
1134 3213 1230 3253 suo
1259 3198 1476 3253 inferius
1504 3197 1621 3252 loco
1637 3212 1854 3251 enarra-

273 3291 376 3344 turi
423 3305 632 3346 sumus.
661 3289 794 3344 lluie
822 3289 1088 3345 Honorius
1117 3289 1379 3358 rescripto
1406 3303 1503 3343 suo
1533 3289 1776 3359 imperat,
1802 3296 1858 3344 ut

273 3380 594 3449 quicumque
628 3394 692 3434 es
715 3379 1108 3448 magistratibus
1133 3379 1538 3448 negligentiores
1560 3392 1619 3433 se
1640 3378 1694 3432 in
1717 3393 1854 3447 prte-

273 3469 477 3523 standis
500 3469 835 3524 adminiculis
851 3468 918 3523 ad
945 3479 1260 3524 conventum
1285 3469 1598 3524 necessariis
1616 3468 1858 3538 prtebue-

273 3563 400 3625 rint,
433 3575 528 3615 eos
558 3561 672 3629 ipse
698 3561 797 3615 sibi
825 3576 918 3629 per
957 3562 1179 3625 litteras,
1221 3575 1326 3630 quo
1354 3562 1654 3630 puniantur,
1688 3560 1854 3630 signi-

273 3652 411 3715 ticet,
443 3667 508 3706 ac
545 3652 715 3720 primo
747 3667 956 3722 quoque
981 3661 1221 3720 tempore
1245 3652 1561 3706 sententiam
1592 3651 1688 3706 abs
1715 3666 1773 3706 se
1802 3651 1853 3706 in

270 3757 330 3796 ea
355 3756 518 3796 causa
567 3741 724 3796 latam
767 3743 971 3795 nuntiet
1010 3740 1216 3806 (Collat.
1262 3740 1502 3810 Cartltag.
1532 3741 1586 3807 1,
1631 3758 1746 3812 cap.
1770 3741 1871 3811 4).“

276 3831 409 3887 Iussi
448 3843 573 3887 srmt
613 3833 770 3887 etiam
799 3833 1079 3902 proconsul
1115 3848 1178 3887 ac
1213 3833 1440 3887 vicarius
1475 3831 1666 3887 Alt-ictu
1693 3832 1855 3886 mini-

269 3933 412 3978 stros
430 3939 644 3990 omnes,
667 3924 857 3992 quibus
882 3924 968 3978 ille
987 3923 1055 3978 ad
1080 3923 1379 3978 obeundum
1407 3938 1598 3976 munus
1625 3923 1724 3976 sibi
1756 3923 1853 3976 im-

271 4013 503 4082 positum
543 4028 678 4082 opus
705 4013 946 4078 haberet,
976 4014 1025 4069 ei
1076 4013 1306 4068 tradere.
1338 4012 1480 4082 Ergo
1503 4012 1571 4065 ab
1594 4012 1850 4081 imperiali

268 4105 535 4160 Comitatu
578 4105 628 4158 in
661 4105 889 4160 Africam
916 4104 1225 4159 Collationis
1261 4118 1420 4159 causa
1461 4104 1606 4158 venit
1629 4104 1852 4158 Marcel-

255 4193 414 4250 linus
439 4192 752 4264 (Possidius,
779 4196 830 4250 in
867 4193 982 4248 Vita
1011 4195 1298 4266 Augustini,
1327 4211 1372 4247 ο.
1405 4193 1493 4267 15)
1518 4212 1529 4246 :
1554 4211 1711 4265 quem
1745 4198 1854 4248 Au-

270 4287 514 4356 gustinus
541 4301 641 4354 pro
676 4285 926 4340 Ecclesiae
971 4285 1198 4340 utilitate
1234 4286 1452 4339 missum
1495 4285 1754 4350 aﬂirmat;
1797 4293 1852 4338 et

268 4387 460 4431 causas
473 4376 864 4432 ecclesiasticas
883 4376 1053 4431 eidem
1072 4377 1401 4447 potissimum
1433 4375 1695 4447 injunctas
1709 4391 1848 4444 esse,

273 4466 338 4521 ita
366 4475 428 4521 ut
455 4466 523 4523 de
539 4468 727 4536 emptis
744 4476 800 4524 et
825 4468 1188 4524 molitionibus
1201 4468 1570 4524 haereticorum
1587 4468 1846 4538 judicare,

272 4557 325 4613 in
347 4573 447 4613 eos
474 4574 539 4612 es
569 4558 742 4628 legum
786 4558 1068 4614 severitate
1098 4559 1384 4628 inquirere,
1411 4573 1474 4613 ac
1513 4558 1694 4619 ultimo
1719 4572 1850 4628 quo-

274 4666 376 4719 que
396 4650 684 4718 supplicio,
713 4651 800 4706 ubi
829 4666 915 4706 res
938 4651 1192 4721 exigeret,
1222 4651 1643 4706 animadvertere
1671 4660 1848 4720 posset

272 4739 466 4810 (Epist.
502 4742 623 4805 155,
656 4758 708 4794 n.
733 4742 866 4812 1-5).
883 4743 1100 4798 Multum
1127 4741 1340 4812 quidem
1358 4741 1639 4811 voluptatis
1657 4743 1722 4797 ad
1749 4742 1850 4796 (Za-

277 4829 508 4884 tholicos
539 4831 715 4897 rediit,
759 4846 881 4886 cum
931 4836 1156 4902 primum
1189 4833 1251 4887 iis
1287 4831 1354 4886 de
1396 4832 1846 4900 reconciliatione,

275 4935 432 4989 quam
461 4921 608 4976 coire
645 4921 934 4991 imperator
974 4923 1224 4992 colloquii
1269 4924 1528 4979 beneﬁcio
1564 4925 1847 4995 cogitabat,

273 5011 576 5065 nuntiatum
621 5010 766 5067 fuit:
807 5021 862 5067 at
885 5013 985 5069 sibi
1031 5023 1347 5084 temperare,
1391 5015 1676 5086 quominus
1721 5030 1851 5070 con-

271 5110 483 5171 ceptum
512 5116 579 5157 ea
605 5103 672 5158 de
701 5121 759 5159 re
791 5104 1031 5160 dolorem
1071 5115 1228 5176 atque
1264 5106 1632 5177 aegritudinem
1656 5120 1764 5175 prce
1791 5121 1852 5162 sc

280 5191 502 5262 ferrent,
544 5195 834 5252 Donatista:
864 5197 1167 5268 neutiquam
1200 5200 1476 5254 valuerunt
1504 5197 1696 5269 (Serm.
1722 5195 1847 5268 557,

275 5299 325 5338 κ.
349 5284 428 5340 ὃ).

383 5285 405 5357 )
902 5379 1130 5438 CAPUT
1159 5381 1250 5438 lx.
1673 5399 1681 5405 -
1743 5347 1780 5384 "

283 5465 305 5520 Ι
353 5464 600 5524 Pinianus
634 5479 683 5525 et
722 5470 948 5527 Melania
983 5489 1099 5528 cum
1137 5474 1289 5545 hujus
1333 5485 1492 5530 matre
1529 5476 1713 5531 Albino
1751 5477 1855 5532 Ta-

345 5570 542 5631 gastam
568 5561 858 5618 adventant.
898 5565 934 5618 2
997 5565 1108 5620 Hos
1152 5567 1272 5621 illuc
1314 5566 1527 5622 invisere
1570 5569 1852 5639 Augustino

349 5666 448 5704 non
473 5649 609 5705 licet.
640 5654 675 5708 5
704 5652 994 5724 Hipponem
1026 5657 1156 5710 venit
1202 5655 1474 5711 Pinianus.
1521 5657 1556 5711 4
1598 5657 1733 5711 Eum
1759 5659 1854 5712 sibi

348 5743 486 5810 plebs
499 5742 840 5814 Hipponensis
859 5747 909 5801 in
935 5749 1272 5818 presbyterum
1293 5750 1469 5821 poscit.
1487 5749 1520 5807 5
1539 5749 1716 5805 Ortum
1737 5749 1854 5803 hinc

1608 333 1802 392 LIBER
1839 333 2123 394 SEXTUS.

3429 361 3530 416 3‘38

2031 453 2298 508 tumultum
2319 461 2586 528 compescit
2609 460 2878 529 Pinianus,
2913 464 3146 536 ΙΙίρρτυιρ
3171 485 3220 520 se
3242 487 3530 524 mansurum

2028 546 2250 600 adhibito
2270 549 2608 619 jurejurando
2639 556 2911 622 pollicitus.
2949 559 2983 613 6
3015 560 3211 614 Albinae
3237 573 3387 634 atque
3420 572 3532 632 Alg~

2029 639 2100 708 pii
2129 639 2191 693 de
2214 641 2276 696 iis
2309 659 2422 713 qua:
2465 645 2560 698 sibi
2597 647 2698 702 sive
2738 646 2959 704 Piniano
2995 664 3256 708 evenerant
3295 657 3526 726 querelte.
3557 652 3561 656 ’

2029 729 2060 784 7
2112 727 2304 802 Purgat
2343 750 2396 787 re
2435 737 2574 804 apud
2603 754 2689 792 eos
2718 738 3044 810 Augustinus.
3073 743 3106 798 8
3143 743 3360 799 Piniano
3398 758 3531 815 posto

2028 823 2232 877 modum
2265 827 2482 880 abeundi
2511 845 2608 898 quo
2646 831 2827 897 vellet,
2877 834 3014 887 haud
3055 835 3202 890 dubie
3243 837 3441 891 licentia
3469 840 3531 892 Lb

2033 913 2440 982 Ilipponensibns
2467 918 2668 974 tributa.
2700 923 2734 978 9
2763 923 3133 979 Armentarium
3167 937 3213 982 et
3260 928 3528 984 Paulinam

2027 1007 2095 1059 ad
2119 1009 2293 1061 mundi
2316 1021 2652 1081 contemptum
2690 1023 2736 1067 et
2770 1017 2838 1068 ad
2875 1017 3170 1072 solvendum
3207 1022 3527 1076 continentiae

2026 1107 2192 1152 votum
2220 1100 2448 1155 hortatur
2473 1105 2800 1175 Augustinus.

2029 1189 2078 1242 l.
2120 1190 2264 1256 Quos
2287 1191 2480 1248 fructus
2509 1196 2618 1250 sive
2642 1196 2974 1266 imperatoris
3001 1202 3238 1269 llouorii,
3267 1183 3377 1261 Sive
3406 1205 3533 1262 Mar.

1956 1279 2132 1334 cellini
2173 1283 2364 1337 tribuni
2413 1285 2478 1339 de
2519 1291 2877 1357 promovenda
2908 1299 3012 1346 tam
3054 1294 3141 1348 diu
3182 1312 3210 1349 a
3246 1296 3530 1355 Catholicis

1956 1371 2186 1438 expetita
2225 1372 2517 1430 Collatione
2559 1378 2788 1432 studium
2829 1389 2884 1436 et
2921 1397 3045 1436 cura
3083 1387 3313 1453 peperit,
3350 1390 3400 1443 in
3435 1389 3530 1443 hn-

1950 1458 2103 1528 jusce
2141 1463 2264 1516 anni
2289 1463 2796 1535 quadringentesimi
2825 1470 3084 1526 undecimi
3111 1473 3336 1530 decursu
3363 1493 3531 1547 expo-

1957 1560 2113 1605 netur
2139 1570 2152 1606 :
2177 1552 2284 1622 jam
2313 1555 2436 1624 quid
2463 1556 2700 1627 ejusdem
2746 1560 2894 1615 initio
2933 1565 3246 1634 contigerit,
3283 1570 3530 1638 aperien-

1961 1640 2108 1694 dum.
2152 1642 2300 1696 Haud
2333 1645 2403 1698 ita
2430 1647 2595 1701 multo
2623 1658 2746 1703 ante
2771 1663 3122 1720 expugnatam
3149 1654 3339 1709 Urbem
3363 1697 3375 1720 ,
3411 1657 3532 1712 inde

1955 1733 2175 1789 Melania
2203 1737 2380 1790 senior
2407 1735 2655 1794 l'ai'niliam
2688 1757 2854 1806 suam,
2891 1743 3134 1798 videlicet
3159 1747 3400 1803 Albinam
3431 1767 3498 1804 nu
3519 1781 3531 1790 -

1955 1843 2093 1891 rum,
2116 1827 2376 1897 junioretn
2401 1830 2674 1886 Melanium
2705 1843 2936 1904 neptem,
2966 1847 3020 1892 et
3050 1837 3325 1893 Pinianum
3349 1841 3530 1909 junio-

1959 1919 2032 1972 ris
2089 1918 2244 1988 hujus
2303 1920 2538 1976 Melania:
2599 1925 2876 1996 conjugem
2926 1927 3198 1984 eduxerat.
3265 1931 3323 1985 lli
3377 1950 3533 2002 porro

1955 2022 2162 2076 Omnes,
2176 2025 2370 2078 genere
2388 2021 2545 2080 atque
2565 2014 2755 2083 Opibus
2778 2016 2914 2068 inter
2933 2017 3201 2072 Romanos
3227 2020 3529 2082 clarissimi.

1957 2100 2301 2155 nobilissinne
2345 2103 2484 2158 illius
2523 2105 2673 2159 urbis
2704 2108 3000 2175 voluptates
3037 2124 3186 2178 mque
3214 2111 3538 2181 reliquerunt

1956 2203 2018 2244 ac
2045 2190 2371 2247 domicilium
2400 2211 2412 2246 :
2445 2193 2670 2265 hincque
2717 2211 2821 2251 non
2862 2198 2964 2250 alio
3010 2200 3299 2268 rnigrarunt
3321 2201 3534 2269 animo,

1957 2297 2115 2350 quam
2160 2293 2216 2336 ut
2254 2297 2372 2339 sese
2417 2299 2482 2340 ae
2528 2299 2620 2339 sua
2669 2285 2880 2340 Christo
2922 2289 3316 2359 manciparent,
3371 2292 3533 2348 vitam

1959 2389 2083 2428 vere
2113 2378 2458 2429 monasticam
2488 2377 2674 2431 victuri
2709 2376 2896 2450 (Epist.
2927 2379 3045 2445 126,
3075 2397 3125 2433 n.
3152 2381 3258 2451 ll).
3284 2380 3414 2435 Cum
3437 2398 3532 2437 ex-

1960 2473 2187 2533 pugnata
2217 2481 2320 2519 non
2346 2465 2551 2535 pridem
2585 2466 2751 2522 Roma
2778 2467 3036 2538 Rhegium
3068 2470 3252 2524 urbem
3293 2472 3536 2527 Alaricus

1960 2555 2212 2618 incendit,
2252 2558 2557 2613 morabatur
2581 2558 2754 2613 adhuc
2781 2576 2880 2613 una
2907 2576 3025 2614 cum
3055 2563 3162 2614 suis
3185 2563 3234 2615 in
3255 2562 3429 2616 Sicilia
3446 2563 3536 2616 1η--

1961 2648 2151 2701 nianus
2174 2646 2395 2717 (Volcis,
2415 2649 2466 2701 in
2485 2646 2694 2713 Euseb.,
2716 2667 2834 2721 pag.
2861 2650 2984 2717 129,
3007 2663 3053 2704 et
3078 2651 3246 2718 Naris,
3273 2653 3409 2707 llist.
3431 2653 3532 2707 Pe-

1961 2739 2086 2809 lag.,
2116 2756 2232 2810 pag.
2249 2738 2366 2810 25).
2387 2741 2860 2810 Mclanimjunioris
2887 2743 2998 2796 Vita
3021 2743 3212 2812 prodit,
3235 2745 3374 2800 illam
3399 2762 3427 2800 e
3453 2747 3535 2801 Si-

1959 2828 2080 2884 cilia
2103 2828 2476 2898 Carthaginem
2507 2832 2753 2900 priunnn,
2786 2844 2942 2904 atque
2974 2834 3094 2888 imle
3119 2835 3418 2904 'l‘agastam,
3447 2837 3536 2890 ubi

1960 2934 2079 2975 cum
2097 2920 2320 2976 Piniano
2341 2930 2395 2975 et
2420 2922 2608 2976 Albina
2633 2939 2725 2992 per
2742 2923 2969 2979 hiemem
2989 2925 3173 2995 agebat
3191 2926 3377 2998 (Epist.
3403 2927 3500 2980 lii
3519 2968 3534 2988 ,

1961 3028 2013 3064 η.
2037 3011 2113 3082 1),
2138 3011 2409 3081 trajecisse
2430 3012 2659 3083 (Snrius,
2679 3015 2898 3068 decemb.
2918 3015 2998 3069 die
3015 3017 3104 3083 51,
3131 3018 3207 3070 vel
3220 3019 3430 3087 januar.
3459 3017 3540 3070 die

1963 3102 2042 3172 2).
2060 3101 2269 3172 Optime
2290 3117 2420 3158 sane
2440 3118 2556 3157 cum
2583 3103 2990 3174 Tagastensibus
3014 3107 3191 3160 divino
3214 3116 3340 3160 nutu
3359 3112 3537 3161 actum

1961 3205 2064 3260 est,
2091 3193 2230 3264 quod
2253 3194 2509 3264 h05pites,
2537 3195 2625 3264 qui
2652 3195 2749 3248 sibi
2771 3195 3017 3250 solatium
3045 3197 3402 3252 acerbissimis
3433 3197 3534 3252 ilfis

1965 3284 2292 3354 temporibus
2320 3284 2637 3353 prtebercnt,
2668 3284 2806 3353 apud
2847 3299 2904 3338 se
2945 3285 3200 3340 haberent
3243 3287 3377 3342 adeo
3420 3288 3540 3341 illu-

1961 3382 2118 3428 stres.
2160 3373 2294 3441 Quid
2332 3372 2398 3428 iis
2425 3388 2544 3428 cum
2593 3376 2846 3428 natalium
2892 3376 3175 3444 Splendor,
3208 3387 3316 3431 tum
3343 3378 3539 3434 Christi

1961 3466 2126 3535 gratia
2155 3466 2502 3533 contulisset,
2525 3465 2634 3534 jam
2669 3476 2792 3520 ante
2833 3466 3146 3531 audierant,
3195 3469 3539 3540 auditumque

1959 3557 2217 3611 charitate
2257 3556 2386 3610 moti
2424 3555 2801 3611 crediderant:
2831 3555 2926 3610 sed
2967 3556 3159 3626 quibus
3201 3559 3384 3611 eadem
3433 3575 3536 3613 non

1959 3655 2075 3700 erat
2101 3646 2364 3711 charitas,
2395 3644 2498 3712 his,
2525 3661 2592 3700 ne
2619 3654 2724 3699 nun
2753 3647 2960 3700 insolita
2992 3661 3079 3702 res
3105 3647 3258 3702 tidem
3286 3663 3540 3716 superare

1960 3751 2174 3791 omnem
2202 3737 2493 3803 videretur,
2528 3737 2610 3789 vix
2645 3735 2800 3791 fando
2838 3737 3168 3791 narrabatur.
3199 3737 3538 3808 Tagasten-is

1961 3827 2154 3896 pra-sul
2183 3827 2405 3898 Alypius
2429 3827 2509 3880 vir
2531 3825 2740 3881 dicendi
2763 3828 2980 3897 peritus,
3007 3828 3204 3896 quique
3233 3837 3428 3882 sancta:
3453 3843 3538 3882 cu-

1953 3918 2165 3987 jusdam
2213 3917 2532 3987 eloquentia:
2582 3917 2632 3970 vi
2687 3917 2738 3971 in
2785 3918 2992 3972 animos
3033 3917 3307 3972 hominum
3353 3919 3538 3973 salutis

1957 4022 2195 4064 amorem
2246 4007 2582 4073 insinuabat,
2640 4009 2903 4078 potiorem
2944 4024 3052 4078 przn
3087 3995 3298 4064 cmteris
3339 4011 3537 4066 lzetitia:
3585 4073 3589 4078 ,

1959 4097 2112 4151 istius
2140 4106 2342 4167 partem
2371 4098 2631 4167 capiebat,
2656 4113 2718 4153 ac
2745 4113 2849 4153 una
2874 4115 2993 4153 eum
3025 4099 3322 4170 hospitibus
3343 4103 3452 4156 suis
3482 4103 3535 4157 in

1958 4188 2155 4258 eloquii
2180 4188 2342 4243 divini
2365 4189 2708 4245 meditatione
2726 4190 3037 4246 versabatur
3059 4189 3289 4264 (Sui-ius,
3312 4193 3533 4247 deeemb.

1958 4280 2041 4335 die
2060 4281 2119 4335 5|
2133 4322 2147 4346 ,
2166 4281 2244 4335 vel
2249 4281 2462 4351 januar.
2486 4281 2567 4335 die
2587 4279 2665 4354 2).
2696 4281 2771 4336 illi
2788 4291 2992 4348 contra,
3014 4293 3074 4337 ut
3089 4283 3140 4338 in
3157 4283 3397 4339 Melania:
3418 4283 3538 4341 Vita

1959 4370 2139 4440 legere
2161 4379 2244 4425 est
2261 4411 2276 4436 ,
2309 4371 2470 4425 variis
2497 4373 2824 4428 ornamentis
2845 4371 3013 4442 iisque
3031 4388 3162 4428 auro
3181 4389 3243 4428 ac
3260 4375 3538 4445 multiplici

1957 4473 2167 4528 gemma
2194 4459 2478 4527 distinctis,
2503 4475 2706 4515 necnon
2727 4468 2785 4517 et
2807 4461 3019 4530 preediis
3039 4462 3176 4518 haud
3195 4464 3399 4534 exiguis
3419 4465 3538 4533 ejus

1959 4539 2250 4605 Ecclesiam
2278 4550 2547 4616 ditarunt;
2577 4561 2736 4620 atque
2763 4553 2922 4606 etiam
2950 4551 3190 4623 Tagasta:
3216 4556 3535 4611 monasteria

1958 4642 2092 4709 duo,
2115 4641 2340 4698 alterum
2374 4643 2605 4698 virorum
2632 4643 2685 4697 in
2712 4659 2818 4714 quo
2847 4644 3092 4705 monachi
3121 4646 3388 4716 octoginta
3409 4688 3426 4715 ,
3459 4646 3537 4702 fe-

1960 4733 2224 4788 minarum
2247 4735 2471 4790 alterum
2492 4776 2508 4802 ,
2536 4736 2588 4788 in
2614 4750 2719 4806 quo
2749 4735 2980 4806 virgines
3005 4745 3216 4792 centum
3245 4745 3298 4792 et
3323 4739 3535 4808 triginta

1957 4825 2234 4898 degerent,
2268 4826 2652 4882 sufﬁcientibus
2677 4826 2743 4880 ad
2770 4826 2821 4881 id
2846 4827 3103 4882 reditibus
3130 4828 3392 4883 attributis
3408 4842 3538 4882 cou-

1959 4922 2222 4976 struxere.
2263 4919 2533 4975 Testatum
2566 4935 2777 4991 quoque
2806 4921 3020 4991 reliquit
3043 4922 3381 4990 Augustinus,
3407 4922 3537 4974 varii

1956 5013 2165 5084 generis
2190 5011 2500 5068 muneribus
2521 5006 2912 5083 Tagastensem'
2929 5010 3224 5066 Ecclesium
3248 5008 3318 5064 ab
3341 5009 3406 5064 iis
3434 5009 3536 5065 do-

1957 5113 2134 5160 natam
2164 5103 2348 5169 luisse,
2373 5103 2442 5161 ob
2467 5118 2690 5173 eamque
2715 5117 2828 5157 rem
2857 5101 3107 5172 populum
3149 5100 3384 5155 lmtitiam
3424 5115 3537 5170 pra:

1957 5211 2018 5252 se
2043 5197 2225 5253 tulisse
2249 5212 2354 5251 non
2383 5195 2650 5266 vulgarem
2677 5193 2911 5266 quidem,
2941 5205 3124 5247 verum
3146 5192 3376 5264 propria:
3395 5191 3538 5263 cupi-

1954 5277 2136 5344 ditatis
2184 5289 2427 5344 sordibus
2471 5300 2688 5358 prorsus
2733 5284 2958 5340 alienam
2987 5282 3180 5354 (Epist.
3215 5283 3333 5350 126,
3362 5302 3415 5338 n.
3445 5284 3534 5355 7):

1961 5383 2160 5451 quippe
2197 5379 2336 5449 quod
2367 5377 2628 5448 ejusmodi
2674 5372 3048 5431 muniﬁcentia:
3074 5388 3179 5430 non
3208 5373 3275 5429 ad
3301 5374 3536 5445 privatos

1958 5472 2134 5536 cives,
2161 5469 2255 5525 sed
2284 5468 2350 5524 ad
2378 5465 2766 5524 ecclesiasticos
2792 5464 2954 5530 viros,
2986 5463 3276 5520 monachos
3296 5503 3313 5532 ,
3344 5464 3541 5520 sancti-

1960 5561 2218 5617 moniales
2240 5575 2301 5615 ac
2326 5573 2586 5632 pauperes
2613 5565 2722 5612 tota
2749 5554 2948 5612 rediret
2967 5555 3164 5610 utilitas
3181 5554 3373 5626 (Epist.
3401 5546 3537 5624 125,

1962 5639 2014 5712 n.
2044 5657 2125 5725 2).

2031 5752 2085 5803 2.
2127 5745 2240 5810 Non
2268 5744 2368 5800 alia
2397 5743 2462 5800 de
2491 5759 2645 5798 causa
2673 5751 2780 5799 tam
2810 5741 2969 5814 longo
2995 5742 3182 5798 itinere
3207 5738 3529 5812 splendidis—
