4042 6360
500 290 610 352 599

500 417 641 475 sima
659 412 748 471 illa
770 410 1073 469 christiana:
1098 405 1373 477 religionis
1395 404 1591 460 lumina
1620 403 1898 473 Tagastam
1924 406 2085 473 petie-

502 518 651 574 rant,
687 506 787 562 nisi
818 512 876 559 ut
897 500 1175 573 Augustini
1210 505 1495 567 conspectu
1529 495 1896 565 colloquioque
1938 497 2081 550 frue-

508 611 695 657 rentur
721 595 912 671 (Epist.
937 593 1059 655 121.
1086 608 1139 644 n.
1164 590 1239 661 1).
1265 589 1464 643 Tamen
1488 587 1659 642 eidem
1683 596 1888 653 sancto,
1915 603 2083 656 quan-

505 692 700 748 tumvis
727 698 870 747 esset
893 686 1164 743 studiosus
1189 683 1479 738 amicorum
1509 681 1702 746 cultor,
1732 688 1890 750 atque
1920 680 2082 734 hosce

508 784 774 843 invisendi
800 782 967 854 gratia
996 779 1269 850 pervolare
1294 776 1457 831 maria
1479 789 1536 829 se
1563 788 1719 843 posse
1744 780 2043 843 exeptasset
2064 815 2076 835 ,

500 895 572 936 ne
599 878 880 949 Tagastam
905 872 1140 947 quidem,
1167 877 1223 923 ut
1244 877 1296 923 et
1321 881 1412 922 eos
1437 866 1709 931 salutaret,
1742 871 1794 917 et
1818 862 1927 916 suis
1953 861 2082 917 civi-

501 972 603 1026 bus
627 969 695 1025 de
724 967 1003 1031 felicitate,
1055 977 1172 1033 quae
1215 960 1342 1029 ipsis
1383 957 1663 1026 obtigerat,
1691 955 2076 1035 gratularetur,

498 1062 745 1117 conferre
782 1072 901 1114 sese
942 1057 1201 1124 integrum
1228 1050 1344 1105 fuit.
1376 1048 1656 1103 Adversari
1691 1046 1903 1117 quidem
1925 1044 2076 1098 vide-

499 1154 655 1209 batur
679 1151 849 1206 hiems
874 1161 1062 1217 aspera
1090 1154 1197 1199 tum
1220 1153 1273 1197 et
1296 1140 1594 1205 horrenda;
1629 1139 1823 1209 quippe
1857 1153 1978 1192 eum
2013 1151 2079 1191 eo

496 1254 643 1301 esset
669 1239 986 1297 valetudinis
1019 1236 1200 1291 habitu
1227 1277 1242 1301 ,
1292 1241 1349 1288 ut
1392 1241 1578 1286 natura
1608 1229 1773 1300 frigus
1802 1228 1942 1283 ferre
1972 1242 2077 1281 non

500 1326 679 1407 posset
706 1350 718 1386 :
746 1348 808 1388 ea
838 1342 1013 1386 tamen
1037 1342 1125 1384 res
1146 1342 1267 1381 eum
1301 1340 1366 1379 ne
1406 1324 1685 1393 Tagastam
1713 1319 2079 1392 proficiscere-

497 1438 605 1495 tur,
634 1442 739 1483 non
779 1421 1072 1486 deterruit;
1115 1418 1209 1474 sed
1249 1432 1368 1472 eum
1407 1416 1614 1471 animos
1660 1412 2076 1481 llipponensinm

496 1508 738 1576 vertente
763 1530 904 1571 anno
930 1510 1451 1584 quadringentesimo
1478 1506 1686 1561 decimo
1708 1501 1948 1558 absentia
1980 1516 2076 1555 sua

494 1609 727 1666 offensos
753 1606 1120 1677 comperisset,
1152 1602 1436 1657 arbitratus
1466 1608 1545 1654 est
1575 1597 1752 1652 oﬂicio
1780 1611 1841 1650 ac
1871 1594 2075 1696 muneri

493 1717 554 1759 se
594 1699 894 1759 defuturum
936 1712 1071 1763 suo,
1111 1695 1155 1750 si
1184 1691 1567 1765 profectionem
1612 1689 1768 1743 aliam
1816 1696 1921 1741 tam
1968 1689 2076 1737 cito

493 1780 808 1862 susciperet.
848 1786 1106 1855 Quocirca
1136 1799 1292 1855 quam
1324 1782 1634 1837 servitutem
1675 1773 1928 1833 Ecclesiae
1965 1790 2074 1828 suae

492 1884 760 1950 debebat,
799 1898 917 1938 eam
958 1878 1217 1951 judicavit
1268 1874 1562 1947 voluptati,
1621 1887 1779 1943 quam
1832 1869 2073 1939 Tagastae

493 1985 838 2049 percepturus
881 1982 1061 2038 esset,
1116 1966 1565 2038 anteponendam.
1617 1962 1764 2019 Datis
1814 1961 1971 2032 igitur
2006 1958 2072 2012 ad

494 2067 739 2125 Albinam
764 2106 780 2133 ,
812 2063 1090 2120 Pinianum
1118 2076 1181 2116 ac
1204 2059 1479 2113 Melaniam
1519 2052 1807 2111 excusandi
1843 2052 1925 2106 sui
1946 2064 2074 2119 ergo

494 2159 720 2225 litteris,
777 2164 1045 2220 testatur,
1094 2152 1305 2221 culpam
1349 2163 1507 2220 quam
1548 2145 1886 2208 incurrebat,
1930 2139 2071 2213 quod

491 2253 613 2308 illos
630 2266 737 2306 non
765 2249 1057 2311 inviseret,
1088 2259 1203 2301 eam
1228 2244 1395 2313 ipsam
1421 2240 1522 2296 sibi
1546 2254 1753 2310 poenam
1783 2251 1903 2291 esse
1922 2276 1936 2300 ,
1967 2249 2070 2305 qua

488 2343 699 2415 gravior
738 2339 937 2410 imponi
981 2345 1161 2409 posset
1190 2336 1237 2390 ei
1266 2333 1409 2389 nulla
1434 2348 1448 2386 :
1477 2332 1624 2386 addit
1652 2340 1826 2384 tamen
1856 2340 2071 2397 sperare

487 2449 547 2491 se
566 2475 581 2498 ,
612 2435 657 2490 si
682 2431 896 2505 quidem
929 2428 1189 2485 infelicior
1216 2426 1318 2491 sit,
1349 2439 1505 2495 quam
1533 2431 1592 2477 ut
1616 2421 1795 2521 videre
1821 2434 1915 2474 eos
1939 2419 2069 2521 Ilip-

490 2540 628 2595 poue
652 2524 753 2579 sibi
774 2522 1073 2592 contingat,
1095 2533 1202 2573 non
1222 2516 1520 2572 defuturam
1542 2514 1893 2568 occasionem.
1918 2514 2068 2578 cujus

486 2614 747 2671 beneficio
780 2621 1067 2682 utcumque
1098 2610 1261 2672 liber,
1292 2622 1386 2661 eos
1406 2618 1737 2676 quacumque
1768 2602 1820 2656 in
1852 2602 2068 2672 regione

488 2705 683 2762 Africae
710 2703 867 2759 futuri
889 2704 1016 2765 sint,
1046 2698 1347 2755 conveniat.
1444 2708 1447 2711 ‘

556 2799 610 2854 ὅ.
652 2795 802 2852 llaud
833 2795 902 2848 ita
925 2793 1134 2857 nmltis,
1163 2790 1236 2844 uti
1267 2788 1493 2851 videtur,
1524 2785 1710 2841 diebus
1740 2794 1859 2854 post
1887 2782 2064 2837 datam

487 2888 687 2944 bancee
710 2884 990 2959 epistolam
1016 2882 1269 2938 Pinianus
1293 2894 1414 2934 cum
1449 2877 1669 2933 Melania
1693 2875 1904 2945 juniore
1933 2873 2063 2942 llip-

487 2994 679 3050 ponem
718 2976 882 3032 venit.
922 2973 1056 3030 Cum
1087 2987 1248 3035 vero,
1281 2984 1399 3040 quae
1440 2976 1559 3023 erat
1594 2966 1709 3037 ejus
1754 2964 2023 3018 humilitas
2046 3003 2059 3027 ,

491 3073 720 3136 timeret,
744 3083 811 3124 ne
833 3082 994 3138 quam
1023 3066 1129 3119 vim
1158 3063 1225 3117 ab
1246 3059 1572 3131 Hipponensi
1600 3057 1796 3129 populo
1820 3057 2066 3127 Augusti-

484 3177 605 3227 nus,
628 3171 685 3218 et
711 3176 740 3214 a
771 3157 1149 3214 Barcinonensi
1178 3155 1449 3216 Paulinus,
1476 3152 1614 3222 passi
1643 3150 1884 3215 fuerant,
1914 3164 2060 3204 eam-

483 3254 605 3309 dem
640 3252 753 3323 ipse
781 3262 991 3320 quoque
1017 3254 1289 3317 pateretur
1307 3284 1322 3307 ,
1366 3242 1520 3296 ﬁdem
1549 3241 1646 3295 sibi
1673 3241 1741 3294 ab
1771 3242 2063 3309 Augustino

481 3344 595 3399 dari
619 3342 804 3407 voluit,
834 3355 954 3395 sese
978 3339 1045 3393 ab
1071 3352 1136 3393 eo
1160 3335 1526 3406 presbyterum
1552 3332 1770 3387 invitum
1794 3348 2060 3401 nunquam

476 3433 783 3495 ordinatum
811 3430 873 3486 iri
906 3429 1097 3502 (Epist.
1130 3426 1255 3492 126,
1279 3444 1330 3479 n.
1367 3426 1420 3496 1)
1452 3424 1617 3495 :quin
1646 3432 1700 3479 ct
1726 3423 1822 3492 ipsi
1856 3422 2059 3493 pollici-

474 3534 568 3587 tus
584 3532 673 3581 est
695 3531 916 3579 sanctus
937 3520 1230 3591 EpiseOpus
1250 3560 1263 3583 ,
1293 3527 1349 3571 ut
1374 3532 1491 3572 eam
1514 3515 1822 3586 dignitatem
1862 3515 2063 3585 accipe-

484 3624 598 3679 ret,
627 3623 899 3673 auctorem
924 3626 983 3667 se
1004 3624 1068 3665 ac
1093 3624 1368 3664 suasorem
1398 3608 1445 3662 ei
1472 3622 1576 3661 non
1608 3605 1840 3661 futurum
1870 3604 2057 3675 (Ibid.,

481 3688 535 3762 ιι.
563 3705 645 3779 2).
669 3705 834 3778 Cujus
872 3702 1155 3774 promissi,
1197 3700 1384 3755 saltem
1426 3698 1568 3769 quod
1593 3698 1658 3752 ad
1710 3698 2058 3768 posteriorem

478 3808 685 3869 partem
710 3838 724 3862 ,
757 3795 908 3851 testis
937 3800 1131 3863 prmter
1170 3806 1371 3856 unum,
1404 3788 1543 3843 haud
1580 3788 1737 3842 dubie
1776 3788 2055 3859 Alypium,

482 3889 575 3961 qui
602 3897 714 3942 tum
745 3886 881 3941 forte
908 3899 1027 3938 cum
1065 3882 1284 3937 Piniano
1312 3879 1550 3949 Hippone
1576 3878 1916 3945 versabatur,
1945 3879 2061 3932 nul-

482 3982 565 4036 Ius
586 3980 702 4036 fuit.
745 3977 997 4033 Pinianus
1030 3974 1211 4029 multis
1250 3973 1515 4042 variisque
1551 3972 1860 4027 muneribus
1890 3975 2060 4042 Augu-

480 4074 679 4128 stinum
702 4070 940 4135 donavit,
967 4068 1156 4139 quibus
1180 4066 1269 4120 hic
1294 4075 1448 4135 prout
1472 4064 1720 4135 judicavit
1753 4065 2059 4119 conducibi-

480 4166 585 4219 lius
631 4171 818 4229 utens,
865 4176 926 4216 ea
966 4164 1155 4228 partim
1197 4156 1407 4212 clericis
1432 4171 1493 4210 ac
1519 4157 1825 4217 monachis,
1868 4157 2054 4225 partim

480 4250 965 4321 laicisquibusdam
995 4248 1352 4319 indigentibus
1383 4248 1653 4304 distribuit
1691 4248 1876 4317 (lbid.,
1899 4266 1951 4301 η.
1976 4250 2053 4319 8).

480 4347 649 4401 Porro
678 4344 826 4400 hisee
848 4343 1037 4415 opibus
1059 4382 1075 4409 ,
1103 4357 1233 4411 quas
1263 4341 1557 4412 Augustino
1575 4350 1731 4410 atque
1759 4342 1947 4413 Alypio
1972 4344 2058 4401 Pi-

478 4440 670 4494 nianus
696 4437 955 4503 tradebat,
988 4435 1215 4501 factum,
1257 4444 1312 4489 ut
1340 4436 1497 4489 ambo
1522 4434 1595 4489 illi
1618 4445 1948 4502 vererentur,
1988 4454 2056 4493 ne

478 4531 533 4587 in
561 4530 912 4600 suspicionem
946 4528 1138 4599 iniqua:
1163 4527 1576 4597 dispensationis
1604 4529 1914 4586 inciderent.
1942 4530 2053 4598 Qua

476 4621 533 4677 in
555 4634 615 4676 re
633 4635 753 4675 eum
776 4618 904 4689 ipsis
929 4618 1147 4674 minime
1172 4617 1441 4673 sufﬁceret
1462 4619 1800 4673 conscientiae
1826 4622 2053 4690 propria:

477 4710 859 4775 testimonium,
883 4708 976 4764 sed
1000 4708 1289 4763 curandum
1314 4717 1456 4763 esset
1488 4719 1760 4777 praeterea,
1790 4720 1865 4775 ut,
1892 4727 2055 4781 quan.

478 4812 590 4857 tum
631 4801 982 4857 abhorrerent
1010 4816 1039 4854 a
1072 4798 1246 4853 studio
1276 4798 1492 4869 privam
1518 4798 1786 4865 utilitatis,
1818 4799 2051 4877 homini-

479 4891 612 4958 bus,
645 4906 789 4962 quos
816 4907 879 4945 ex
907 4889 1173 4944 dominico
1220 4897 1485 4957 praecepto
1510 4887 1721 4942 erudire
1746 4930 1761 4954 ,
1792 4889 2050 4957 quibusve

471 4984 543 5040 ad
575 4985 822 5053 pietatem
848 4982 1092 5051 exemplo
1130 4995 1228 5034 suo
1262 4980 1449 5050 praeire
1488 4980 1820 5046 tenebantur,
1848 4982 2047 5037 clarum

474 5084 829 5145 testatumque
874 5072 1158 5129 redderent
1199 5070 1390 5141 (Epist.
1425 5071 1547 5133 19.5.
1582 5087 1633 5123 η.
1672 5070 1760 5141 2),
1801 5073 2046 5127 collocuti

476 5166 602 5212 sunt
636 5156 705 5212 de
724 5155 833 5211 hoc
857 5158 995 5211 inter
1019 5169 1111 5221 se,
1148 5163 1201 5208 et
1242 5169 1341 5223 qua
1372 5154 1576 5207 ratione
1612 5154 1862 5209 Ecclesia:
1888 5155 2008 5209 ﬁliis
2029 5199 2045 5224 ,

474 5248 583 5304 imo
607 5256 662 5303 et
679 5248 1018 5315 adversariis,
1052 5246 1263 5317 planum
1290 5244 1555 5311 facerent,
1589 5246 1639 5298 in
1671 5245 2045 5302 administran-

456 5339 558 5403 dis
596 5338 751 5394 bonis
789 5336 1165 5394 ecclesiasticis
1202 5345 1409 5389 mentes
1427 5350 1553 5390 suas
1580 5336 1722 5389 nulla
1747 5338 2047 5409 cupiditatis

475 5436 569 5483 aut
594 5427 828 5482 avaritia:
852 5437 973 5482 nota
1005 5426 1265 5495 inquinari
1290 5466 1303 5485 .
1335 5440 1512 5479 coram
1542 5424 1865 5482 conferendo
1888 5428 2047 5498 inqui-

472 5519 611 5574 siere
625 5515 803 5587 (Ibid.,
829 5534 882 5571 n.
902 5519 954 5584 1,
971 5527 1019 5572 et
1039 5515 1200 5586 Epist.
1218 5514 1319 5570 126
1339 5557 1352 5580 ,
1377 5532 1428 5567 n.
1453 5514 1529 5584 9).
1554 5514 1682 5581 Qua:
1699 5517 1872 5571 cautio
1887 5534 2044 5588 quam

475 5608 605 5679 ipsis
626 5607 923 5663 necessaria
954 5606 1159 5671 fuisset,
1203 5606 1369 5674 patuit
1393 5621 1455 5659 ex
1490 5608 1776 5661 tentatione
1797 5608 2043 5677 quadam,

474 5715 592 5768 qua:
622 5701 712 5759 Dei
743 5701 1003 5774 permissu
1028 5714 1134 5757 non
1163 5698 1328 5754 tuulto
1355 5707 1468 5767 post
1498 5706 1731 5768 tempore
1762 5701 1998 5771 contigit.

1638 288 1793 345 VITA
1833 289 1892 346 S.
1934 288 2304 348 AUGUSTINI
2342 289 2665 349 EPISCOPI.

3678 298 3778 358 £00

2258 405 2310 458 4.
2353 405 2569 459 Factum
2597 404 2737 460 enim
2764 415 2866 473 est,
2894 416 2951 463 ut
2974 409 3338 467 ecclesiastico
3356 414 3516 470 (εωῑυί
3542 431 3662 472 eum
3691 420 3777 475 in‘

2191 507 2455 554 teressent
2493 499 2778 569 aliquando
2798 516 2899 555 una
2925 517 3046 556 eum
3074 505 3265 576 Alypio
3294 507 3543 563 Pinianus
3570 524 3633 564 ac
3658 511 3771 566 Me-

2189 586 2351 654 lania,
2376 590 2619 644 universa
2642 589 2811 660 plebs,
2842 593 3067 648 necdum
3091 594 3325 651 dimissis
3348 599 3769 669 eaiechnmenis,

2186 678 2465 735 Pinianum
2491 682 2591 736 sibi
2627 682 2679 736 in
2718 684 3087 756 presbyterum
3135 687 3367 745 ordinari
3416 694 3621 763 magnis
3661 696 3772 749 cla-

2185 772 2425 825 moribus
2466 771 2725 844 ﬂagitaret
2765 773 2959 844 (Epist.
2988 775 3122 843 126,
3167 796 3256 833 nn.
3289 782 3405 847 l-‘5,
3431 784 3509 854 5).
3538 784 3618 839 Ad
3648 802 3770 840 eam

2186 863 2410 916 accessit
2446 863 2773 933 Augustinus
2798 908 2813 932 ,
2859 874 2914 921 et
2950 883 3202 925 concessa
3228 887 3411 927 eorum
3441 875 3770 932 clamoribus

2185 949 2330 1006 brevi
2374 968 2517 1007 mora
2544 996 2560 1021 ,
2608 956 2657 1009 id
2686 955 2788 1010 sibi
2829 959 3092 1029 integrum
3139 978 3244 1018 non
3282 978 3436 1033 esse,
3484 979 3771 1038 propterea

2183 1043 2325 1113 quod
2356 1044 2578 1098 invitum
2610 1046 2757 1100 illum
2784 1048 2853 1102 ab
2872 1064 2930 1103 se
2951 1062 3321 1108 consecratum
3348 1070 3450 1109 non
3478 1056 3541 1111 iri
3570 1060 3776 1127 promi-

2183 1134 2374 1200 sisset,
2408 1135 2696 1191 declaravit
2723 1156 2735 1191 :
2765 1140 3028 1210 simulque
3062 1142 3299 1210 addidit,
3326 1146 3369 1200 si
3395 1158 3576 1203 contra
3605 1149 3789 1206 ﬁdem»

2181 1238 2212 1277 a
2237 1239 2297 1280 se
2325 1226 2501 1280 datam
2534 1227 2810 1283 Pinianum
2838 1230 3096 1287 haberent
3124 1235 3489 1306 presbyterum
3514 1279 3531 1305 ,
3562 1239 3679 1295 fore
3710 1253 3771 1298 ut

2182 1330 2242 1371 se
2270 1316 2444 1386 ipsum
2487 1320 2793 1389 episcopum
2824 1338 2929 1376 non
2962 1323 3239 1381 haberent.
3279 1328 3478 1395 Quibus
3505 1330 3659 1387 dictis
3697 1337 3768 1389 ad

2181 1408 2362 1463 sedem
2395 1425 2543 1464 suam
2572 1426 2631 1465 se
2656 1414 2879 1482 recepit,
2905 1430 3067 1484 quam
3098 1416 3150 1471 in
3182 1433 3250 1472 eo
3273 1420 3375 1474 loci
3401 1420 3651 1478 subsellia
3671 1468 3686 1487 ,
3714 1438 3772 1480 et

2182 1515 2303 1554 mox
2329 1501 2565 1555 absidem
2592 1512 2741 1558 vocat
2769 1519 2784 1569 ;
2812 1506 2954 1575 quod
2982 1522 3150 1578 genus
3187 1520 3298 1565 erat
3324 1514 3552 1582 suggesti
3584 1517 3773 1571 multis

2178 1589 2429 1661 gradibus
2447 1592 2641 1647 editius
2655 1593 2842 1664 (Ibid,
2868 1614 2921 1650 n.
2944 1598 3018 1669 l).
3038 1600 3272 1656 Aderant
3288 1618 3497 1673 quoque
3512 1604 3768 1661 Pinianus

2180 1690 2236 1737 ct
2264 1682 2524 1749 Melania,
2566 1683 2661 1738 sed
2706 1680 3166 1745 nonnihil'remoti
3208 1692 3276 1747 ab
3314 1695 3644 1765 Augustino,
3695 1699 3763 1751 ad

2178 1787 2335 1842 quem
2366 1785 2682 1844 augescente
2706 1778 2931 1833 tumultu
2956 1780 3079 1853 (nec
3104 1783 3245 1837 enim
3272 1799 3393 1839 eum
3419 1786 3623 1843 sedavit
3644 1790 3765 1847 Au-

2181 1863 2364 1918 tistitis
2417 1866 2719 1939 responsio)
2764 1880 3106 1926 accesserunt
3154 1872 3343 1944 (Epist.
3397 1876 3536 1941 125,
3580 1894 3635 1931 u.
3676 1878 3762 1948 2).

2177 1954 2596 2026 Aliquantulum,
2638 1958 2808 2029 inquit
2841 1970 3055 2016 sanctus
3095 1963 3327 2031 Prmsul,
3367 1967 3626 2037 inapinata
3648 1986 3767 2023 mea

2176 2047 2500 2115 responsione
2531 2050 2750 2102 cunctati
2773 2061 2924 2123 atque
2953 2053 3135 2107 turbati
3155 2095 3171 2122 ,
3213 2055 3343 2110 velut
3382 2060 3590 2126 ﬂamma
3614 2074 3766 2115 cerato

2177 2137 2442 2207 paululum
2467 2157 2659 2210 pressa,
2692 2142 2873 2197 deinde
2899 2156 3152 2213 coeperunt
3173 2147 3329 2201 multo
3349 2150 3606 2205 ardentius
3625 2154 3765 2206 exci-

2174 2232 2306 2296 tari;
2333 2232 2673 2288 existimantes
2692 2236 2804 2303 ﬁeri
2825 2252 2987 2307 posse,
3018 2247 3073 2293 ut
3099 2241 3177 2293 vel
3201 2240 3325 2294 mihi
3347 2250 3726 2314 extorqueretur
3742 2288 3763 2313 ,

2174 2322 2306 2376 illud
2343 2339 2445 2377 non
2476 2340 2674 2379 seruare
2713 2327 3018 2396 promissum
3038 2369 3055 2395 ,
3092 2330 3169 2383 uel
3201 2347 3280 2384 me
3308 2342 3502 2387 tenente
3525 2337 3765 2403 promissi

2172 2411 2347 2480 fiderit,
2377 2413 2439 2466 ab
2464 2414 2565 2468 alio
2586 2416 2822 2486 episcopo
2843 2418 3180 2473 ordinaretur.
3202 2418 3446 2476 Dicebam
3469 2441 3561 2495 ego
3579 2426 3766 2496 quibus

2171 2512 2398 2574 poteram
2418 2546 2433 2571 ,
2460 2506 2547 2577 qui
2569 2507 2639 2560 ad
2664 2523 2756 2563 nos
2779 2509 2831 2562 in
2858 2508 3082 2564 absidem
3108 2513 3451 2570 honoratiores
3470 2528 3517 2572 et
3546 2518 3758 2587 gravio-

2175 2611 2256 2650 res
2279 2598 2626 2663 ascenderant,
2653 2616 2743 2654 nec
2763 2616 2794 2653 α
2820 2604 3054 2671 promissi
3079 2604 3182 2672 fide
3210 2622 3290 2660 me
3314 2623 3457 2676 posse
3481 2609 3749 2677 dimoveri,

2171 2702 2261 2739 nec
2298 2687 2362 2741 ab
2408 2688 2509 2743 alio
2552 2690 2788 2761 episcopo
2813 2692 2864 2745 in
2894 2691 3125 2747 Ecclesia
3163 2696 3290 2749 mihi
3316 2697 3522 2764 tradita,
3554 2702 3654 2755 nisi
3679 2719 3765 2756 me

2170 2778 2477 2849 interrogato
2501 2797 2562 2833 ac
2587 2783 2897 2851 permittente
2913 2822 2930 2850 ,
2959 2800 3106 2855 posse
3126 2786 3391 2852 ordinari;
3413 2789 3548 2859 quod
3570 2792 3615 2844 si
3640 2809 3764 2861 per»-

2170 2868 2436 2934 mitterem,
2454 2887 2486 2923 a
2505 2870 2608 2939 fide
2634 2872 2962 2928 nihilominus
2987 2874 3258 2930 deviarem.
3284 2878 3542 2934 Addebam
3564 2883 3719 2935 etiam
3738 2924 3756 2947 ,

2168 2960 2297 3013 nihil
2315 2978 2398 3015 eos
2426 2962 2582 3028 velle,
2623 2964 2664 3018 si
2688 2966 3010 3020 ordinaretur
3035 2968 3218 3024 inritus
3237 3008 3253 3035 ,
3286 2972 3385 3025 nisi
3413 2982 3467 3025 ut
3482 2976 3759 3047 ordinatus

2166 3050 2476 3107 abscederet.
2510 3051 2601 3106 Illi
2620 3055 2715 3108 hoc
2734 3072 2881 3125 posse
2901 3057 3012 3125 ﬁeri
3036 3074 3136 3111 non
3159 3060 3442 3114 credebant.
3471 3061 3759 3121 Multitudo

2166 3155 2281 3195 vero
2305 3159 2398 3213 pro
2417 3144 2659 3214 gradibus
2682 3148 2975 3214 constituta,
3012 3150 3263 3205 horrendo
3288 3162 3337 3206 et
3362 3159 3755 3223 perseverantis-

2164 3234 2291 3288 simo
2324 3236 2603 3291 clamorum
2636 3238 2838 3307 fremitu
2874 3242 2927 3294 in
2956 3249 3128 3297 cadent
3162 3245 3416 3301 voluntate
3446 3249 3753 3320 persistens,

2167 3327 2379 3381 incertos
2419 3328 2581 3382 animi
2609 3331 2905 3402 consiliique
2949 3333 3165 3402 faciebat
3204 3335 3397 3410 (Epist.
3430 3339 3553 3404 ηδ,
3583 3358 3637 3397 n.
3670 3342 3751 3414 1).

2167 3414 2301 3470 Tum
2342 3432 2471 3472 vero
2507 3420 2734 3490 populus
2763 3423 2926 3477 multa
2954 3425 3191 3481 convicia
3220 3428 3273 3481 in
3297 3431 3544 3501 Alypium
3569 3435 3751 3505 conji-

2164 3520 2319 3573 cere,
2363 3510 2513 3579 quasi
2558 3526 2663 3566 non
2704 3512 2774 3567 ob
2816 3513 2960 3569 aliud
3003 3527 3218 3587 cuperet
3256 3518 3533 3576 Piniauum
3562 3539 3753 3581 secum

2165 3598 2396 3654 retinere
2418 3640 2433 3665 ,
2479 3600 2580 3655 nisi
2610 3610 2667 3656 ut
2690 3602 2806 3672 ejus
2836 3606 3251 3663 munificentiam
3279 3625 3343 3665 ac
3372 3610 3750 3672 liberalitatem

2163 3689 2215 3744 in
2248 3693 2491 3762 proprios
2519 3708 2646 3749 usus
2674 3706 3029 3754 converteret.
3059 3699 3152 3754 His
3179 3702 3486 3772 gravissime
3510 3720 3754 3761 commo-

2164 3790 2247 3835 tus
2273 3793 2353 3837 est
2380 3785 2740 3855 Augustinus;
2774 3791 2982 3845 tametsi
3015 3807 3332 3864 quemquam
3359 3811 3389 3850 e
3414 3796 3621 3852 clericis
3652 3810 3751 3855 aut

2163 3874 2439 3929 monachis
2475 3879 2826 3945 praesentibus
2868 3881 3006 3937 haud
3050 3886 3398 3956 comperisset
3435 3904 3555 3944 esse
3592 3904 3747 3946 reum

2163 3962 2302 4018 illius
2331 3964 2537 4035 injuria:
2584 3966 2775 4039 (Epist.
2811 3970 2943 4037 125,
2975 3989 3028 4026 n.
3058 3974 3135 4045 5),
3168 3975 3260 4030 sed
3293 3986 3493 4032 tantum
3524 3980 3748 4051 imperi-

2165 4064 2273 4108 tum
2303 4057 2509 4127 vulgus,
2538 4060 2677 4130 quod
2699 4076 3039 4132 compescere
3060 4081 3164 4120 non
3184 4067 3346 4123 valuit
3376 4068 3557 4141 (Ibid,
3581 4089 3634 4125 η.
3657 4073 3745 4143 2),

2162 4148 2410 4219 quodque
2445 4159 2549 4205 tam
2590 4152 2789 4223 ingenti
2832 4164 2979 4211 reatu
3011 4172 3106 4228 per
3131 4159 3302 4230 Alypii
3328 4163 3595 4219 orationes
3624 4181 3734 4221 me-

2162 4250 2341 4296 reatur
2368 4243 2605 4311 absolvi,
2635 4246 2981 4303 vehementer
3019 4251 3164 4320 cupit
3196 4251 3385 4323 (Epist.
3422 4254 3545 4321 126,
3573 4273 3627 4309 η.
3662 4257 3738 4328 1).

2159 4331 2215 4386 lu
2248 4332 2328 4386 his
2355 4334 2543 4402 turbis,
2577 4344 2685 4389 tum
2716 4336 2848 4406 ipse,
2878 4346 2987 4393 tum
3022 4340 3242 4410 Alypius
3267 4358 3329 4397 ac
3354 4344 3602 4400 Pinianus
3631 4364 3741 4410 non

2158 4424 2424 4479 immerito
2474 4436 2709 4482 extrema
2762 4429 2938 4484 omnia
2991 4431 3362 4489 formidabant.
3420 4436 3740 4494 Timendmu

2156 4515 2349 4584 quippe
2377 4524 2511 4580 erat,
2535 4534 2598 4570 ne
2624 4518 2781 4587 aliqui
2799 4520 3004 4590 perditi,
3034 4520 3107 4576 ait
3134 4524 3476 4595 Augustinus,
3500 4529 3584 4598 qui
3614 4532 3744 4583 mul-

2155 4607 2360 4661 titudini
2381 4609 2527 4662 etiam
2554 4608 2797 4663 bonorum
2832 4612 3123 4683 plerumque
3150 4615 3436 4681 miscentur,
3476 4620 3741 4673 occasione

2155 4697 2414 4751 seditionis
2460 4708 2507 4752 et
2547 4700 2689 4769 quasi
2724 4704 2884 4771 justo:
2915 4702 3275 4774 indignationis
3298 4706 3530 4774 inventa,
3559 4709 3611 4761 in
3638 4714 3739 4762 uti-

2153 4806 2305 4859 quam
2324 4791 2421 4844 vim
2439 4792 2727 4845 sceleratam
2749 4794 3040 4863 rapinarum
3064 4797 3336 4867 cupiditate
3353 4812 3739 4871 prorumperent

2155 4879 2343 4951 (Epist.
2372 4880 2494 4947 125,
2521 4900 2573 4935 n.
2606 4883 2659 4949 5,
2684 4893 2731 4936 et
2751 4884 2917 4955 Epist.
2947 4885 3070 4952 126,
3103 4905 3155 4941 n.
3185 4889 3259 4958 1).

2180 5040 2183 5041 ν
2225 4974 2277 5029 5.
2301 4974 2502 5029 Adduci
2532 4989 2635 5029 non
2664 4977 2832 5045 potuit
2856 4979 3102 5047 prtesenti
3131 4981 3363 5049 periculo
3383 4982 3734 5051 Augustinus,

2153 5073 2213 5118 ut
2240 5066 2321 5120 vel
2352 5065 2522 5119 obiter
2546 5065 2764 5121 Piniano
2808 5067 3085 5134 suaderet,
3123 5071 3299 5139 populi
3326 5073 3582 5127 voluntati
3613 5090 3733 5126 mu-

2152 5170 2263 5209 rem
2291 5171 2503 5225 gerere,
2533 5156 2741 5212 tametsi
2777 5156 2879 5213 hoc
2909 5174 2967 5213 se
3006 5176 3109 5213 non
3153 5160 3433 5229 facturum,
3479 5179 3585 5217 uno
3612 5173 3732 5219 tan-

2154 5253 2263 5315 tum
2287 5254 2417 5299 teste
2444 5256 2722 5315 praesente,
2748 5258 2931 5318 pactus
2953 5260 3110 5305 esset.
3140 5252 3416 5306 Abscederc
3428 5254 3732 5325 cogitabam,

2152 5338 2317 5406 mquit
2338 5355 2352 5402 ;
2384 5340 2471 5392 sed
2495 5342 2805 5394 metuendum
2823 5341 2936 5411 fuit,
2953 5360 3015 5398 ne
3029 5346 3187 5415 magis
3208 5363 3285 5399 me
3300 5347 3499 5402 absente
3513 5350 3735 5403 atrocius

2150 5427 2272 5497 quid
2325 5431 2507 5498 faceret
2540 5441 2588 5483 et
2622 5435 2894 5487 reverentia
2928 5435 3120 5501 minor,
3166 5444 3211 5489 et
3263 5437 3411 5491 dolor
3450 5440 3730 5494 ardentior.

2152 5518 2349 5575 Deinde
2385 5523 2429 5576 si
2468 5538 2582 5575 cum
2629 5528 2785 5592 fratre
2822 5526 3007 5596 Alypio
3033 5527 3336 5582 discederent
3377 5547 3465 5600 per
3489 5533 3739 5602 populum

2152 5614 2503 5682 constipatum,
2536 5610 2809 5667 cavendum
2849 5619 2963 5686 fuit,
3010 5636 3071 5672 ne
3096 5620 3356 5688 quisquam
3384 5623 3435 5674 in
3463 5639 3576 5675 cum
3616 5641 3732 5676 ἠας

2156 5720 2272 5757 num
2299 5705 2494 5757 mittere
2520 5706 2724 5759 auderet
2752 5721 2769 5758 :
2798 5708 2839 5760 si
2860 5717 3023 5761 autem
3051 5710 3157 5763 sine
3182 5711 3271 5764 illo
3290 5752 3303 5776 ,
3330 5728 3443 5781 qua'
3477 5714 3621 5783 frons
3645 5730 3729 5770 es-
