4042 6360
289 299 383 354 liii

289 423 360 466 set
389 408 768 465 existimationis
791 449 806 476 ,
833 409 876 463 si
903 405 1025 479 quid
1051 406 1096 460 ei
1139 405 1365 476 fortassis
1404 402 1648 456 accideret
1678 417 1695 454 :
1724 411 1770 454 et
1801 401 1875 453 vi-

291 505 427 559 deret
450 519 567 558 eum
589 507 855 574 propterea
880 500 1174 560 deseruisse,
1200 505 1251 551 ut
1276 496 1464 568 furenti
1489 493 1678 566 populo
1705 493 1874 547 trade-

288 596 466 651 retur?
503 591 648 650 Inter
690 594 782 647 hos
827 601 980 647 cestus
1025 606 1160 644 meos
1200 604 1499 660 gravemque
1539 600 1797 640 mwrorem
1827 591 1873 638 et

288 688 482 743 nullius
509 687 709 741 consilii
733 685 1114 756 respirationem
1133 723 1146 746 ,
1174 698 1285 736 ecce
1307 687 1512 750 repente
1539 688 1688 750 atque
1708 677 1873 748 inopi-

287 790 402 835 nate
426 787 634 832 sanctus
658 775 796 846 ﬁlius
838 785 1005 830 noster
1030 772 1285 829 Pinianus
1312 771 1458 826 mittit
1483 768 1552 823 ad
1576 785 1653 822 me
1676 783 1871 823 servum

286 869 402 934 Dei,
440 868 762 933 Barnabam,
797 866 882 935 qui
911 864 1033 918 mihi
1060 864 1244 918 diceret
1286 878 1400 915 eum
1445 877 1498 914 se
1530 857 1654 914 velte
1681 859 1871 930 populo

277 963 475 1032 furare,
522 958 659 1029 quod
681 958 726 1012 si
748 964 872 1011 esset
898 955 1160 1009 ordinatus
1181 952 1361 1006 invitus
1384 968 1446 1006 ex
1471 950 1644 1020 Africa
1669 949 1872 1004 omnino

283 1052 594 1116 discederet;
617 1051 766 1106 credo
784 1091 798 1114 ,
824 1047 1117 1104 existimans
1141 1063 1223 1100 eos
1244 1087 1261 1113 ,
1288 1043 1688 1116 quandoquidem
1729 1043 1869 1112 peje-

281 1161 397 1201 rare
418 1161 523 1200 non
563 1152 750 1216 posset,
778 1158 879 1196 non
899 1141 1015 1212 jam
1051 1139 1262 1194 ulterius
1301 1139 1614 1208 infructuosa
1640 1152 1869 1206 perseve-

279 1237 450 1290 rentia
473 1237 804 1299 clamaturos,
834 1232 902 1286 ad
925 1229 1276 1302 expellendum
1301 1229 1417 1282 hinc
1432 1229 1705 1294 hominem,
1726 1244 1870 1298 quem

278 1324 458 1380 saltem
480 1324 772 1379 deberemus
799 1323 979 1377 habere
1009 1321 1246 1375 vicinum.
1277 1318 1409 1374 Mihi
1435 1328 1600 1373 autem
1617 1360 1632 1383 ,
1657 1319 1774 1387 quia
1799 1319 1870 1373 ri-

275 1420 490 1473 debatur
519 1417 928 1472 vehementiorem
955 1429 1131 1469 eorum
1156 1410 1384 1467 dolorem
1415 1421 1526 1482 post
1551 1410 1684 1464 hanc
1712 1411 1866 1480 jura-

276 1513 466 1565 tionent
507 1509 664 1581 fuisse
689 1506 1008 1561 metuendum
1033 1546 1048 1568 ,
1077 1502 1216 1573 apud
1259 1519 1336 1556 me
1378 1502 1557 1556 tacitus
1596 1500 1749 1554 habui
1777 1515 1796 1554 :
1823 1509 1869 1554 et

273 1606 393 1670 quia
438 1599 592 1654 simul
637 1599 880 1668 petierat,
911 1605 967 1649 ιιι
1004 1595 1072 1648 ad
1099 1610 1212 1648 eum
1239 1593 1453 1648 venirem
1479 1634 1495 1658 ,
1523 1609 1622 1646 non
1669 1591 1864 1645 distuli.

276 1690 404 1745 Cum
431 1690 558 1745 mihi
582 1689 790 1743 dixisset
818 1688 912 1740 hoc
940 1686 1125 1757 ipsum,
1150 1685 1386 1738 continuo
1407 1691 1457 1737 et
1475 1681 1606 1736 illud
1633 1681 1869 1753 adjunxit

274 1783 440 1837 eidem
475 1781 748 1850 jurationi.
785 1778 920 1850 quod
962 1777 1086 1832 mihi
1129 1777 1252 1830 dum
1293 1775 1362 1830 ad
1406 1792 1518 1829 eum
1558 1791 1734 1846 pergo,
1779 1791 1869 1844 per

272 1875 438 1929 alium
488 1870 585 1927 Dei
629 1887 855 1936 servant,
889 1869 1212 1934 'l‘imasinm,
1255 1867 1594 1931 mandaverat,
1628 1868 1690 1920 de
1732 1881 1865 1936 pra:-

271 1966 436 2019 scntia
482 1964 670 2019 scilicet
717 1979 813 2017 sua
842 2001 858 2027 ,
918 1960 1022 2016 hoc
1071 1969 1182 2025 est,
1242 1960 1483 2030 Hippone
1546 1975 1606 2015 sc
1651 1973 1859 2014 reman-

275 2073 491 2122 snrum,
520 2057 565 2110 si
592 2056 638 2109 ei
664 2055 929 2110 clericatus
949 2052 1200 2107 sarcinam
1227 2052 1413 2106 nolenti
1442 2051 1610 2106 nullus
1640 2052 1865 2122 impone-

269 2160 364 2203 ret.
414 2147 516 2202 Hic
554 2164 644 2219 ego
683 2148 738 2202 in
784 2147 936 2200 tantis
985 2145 1234 2216 angustiis
1291 2144 1436 2215 quasi
1475 2161 1602 2198 aura
1643 2145 1866 2216 spirante

269 2248 525 2293 recreatus
554 2236 574 2310 (
603 2254 759 2308 neque
783 2235 915 2290 enim
942 2235 1085 2307 potui
1114 2234 1186 2290 sic
1209 2249 1407 2304 sapere,
1437 2243 1489 2286 ut
1518 2243 1658 2290 tanto
1682 2235 1759 2289 vel
1783 2243 1866 2288 tuo

269 2328 432 2382 multa
459 2328 536 2382 vel
560 2326 836 2394 offensione
875 2326 1036 2398 magis
1073 2326 1220 2380 everti
1259 2325 1434 2379 vellem
1476 2325 1754 2380 Ecclesiam
1781 2327 1864 2380 cui

267 2421 451 2486 servio,
481 2435 634 2491 quam
659 2419 712 2471 id
737 2416 870 2488 quod
895 2433 928 2470 a
955 2417 1047 2470 tali
1079 2417 1186 2470 viro
1221 2416 1362 2471 nobis
1395 2415 1696 2483 offerebatur
1722 2417 1860 2470 acci-

269 2507 418 2581 pere)
443 2509 574 2564 nihil
598 2509 641 2563 ei
667 2508 940 2579 respondi;
968 2507 1057 2562 sed
1095 2507 1165 2560 ad
1187 2510 1395 2579 fratrem
1424 2506 1662 2578 Alypium
1698 2507 1862 2579 gradu

267 2601 598 2655 concitatiore
619 2599 832 2670 perrexi,
863 2599 1006 2669 eique
1027 2597 1148 2667 quid
1188 2598 1393 2664 dixerit,
1422 2596 1554 2650 dixi.
1581 2597 1778 2666 Atille,
1807 2607 1862 2652 ut

267 2691 502 2745 existimo
525 2730 540 2755 ,
565 2689 790 2742 devitans
820 2705 881 2741 ne
905 2687 1025 2757 quid
1064 2704 1118 2742 se
1144 2696 1348 2742 auctore
1377 2686 1518 2755 fieret
1542 2728 1558 2750 ,
1595 2686 1728 2741 unde
1751 2704 1858 2760 vos,

266 2780 517 2836 Albinam
557 2779 863 2852 alloquitur,
909 2776 1117 2847 putabat
1146 2775 1357 2844 o/fendi,
1392 2775 1528 2832 Hinc
1557 2793 1653 2843 me,
1677 2777 1857 2848 inquit,

269 2887 414 2924 nemo
443 2871 698 2926 consulat.
730 2869 840 2935 Quo
867 2868 1074 2933 audito,
1105 2868 1173 2923 ad
1205 2867 1446 2938 populum
1471 2867 1860 2922 tumultuantem

269 2961 472 3034 perrexi
503 2976 521 3016 .'
547 2961 778 3030 factoque
803 2959 1034 3025 silentio,
1075 2958 1198 3028 quid
1223 2959 1525 3028 promissum
1571 2967 1715 3021 esset,
1743 2975 1859 3015 cum

267 3053 603 3125 promissione
623 3053 772 3107 etiam
787 3053 1063 3122 jurationis
1084 3051 1277 3121 aperui.
1310 3048 1400 3106 Illi
1428 3067 1564 3118 vero,
1588 3051 1673 3120 qui
1692 3051 1858 3106 solum

268 3146 375 3216 ejus
405 3143 769 3215 presbyterium
797 3141 1076 3212 cogitabant
1121 3151 1268 3212 atque
1299 3140 1596 3210 cupiebant,
1633 3158 1733 3195 non
1762 3142 1854 3208 ita,

270 3245 324 3289 ut
343 3235 587 3308 putabam
605 3276 618 3298 ,
645 3234 779 3305 quod
807 3233 1027 3288 oblatum
1063 3235 1229 3303 fuerat
1254 3241 1588 3302 acceperunt;
1614 3233 1703 3286 sed
1727 3234 1858 3287 inter

268 3343 322 3380 se
348 3325 724 3393 aliquantulum
746 3325 1083 3388 mussitantes,
1113 3323 1388 3393 petiverunt
1418 3330 1470 3375 ut
1493 3322 1762 3377 adderetur
1781 3325 1858 3378 εἰη

268 3419 382 3472 dem
403 3418 726 3490 promissioni
749 3426 895 3487 atque
907 3415 1180 3486 jurationi.
1195 3415 1308 3468 utsi
1334 3415 1538 3485 quando
1558 3415 1637 3469 illi
1653 3416 1720 3468 ad
1739 3433 1858 3470 sus-

270 3512 563 3583 cipiendum
611 3510 904 3566 clericatum
941 3509 1218 3566 consentire
1255 3508 1547 3578 placuisset,
1577 3510 1776 3564 nonnisi
1805 3510 1858 3563 in

271 3605 382 3676 ipsa
412 3602 735 3673 Hippanensi
775 3601 984 3660 ecclesia
1023 3600 1317 3678 consentiret
1348 3616 1366 3659 ξ
1405 3609 1460 3656 et
1503 3600 1603 3657 hoc
1638 3617 1699 3657 ea
1742 3617 1855 3670 spe.

272 3697 395 3767 quia
419 3710 518 3764 per
543 3694 687 3748 illam
717 3693 1051 3763 prmsentiam
1073 3691 1330 3746 creditum
1359 3700 1440 3746 est
1463 3707 1587 3747 eum
1611 3691 1769 3746 etiam
1791 3694 1857 3746 ad

271 3785 579 3840 clericatum
622 3782 1016 3852 suscipiendum
1063 3796 1218 3851 posse
1260 3781 1684 3837 desiderantibus
1725 3799 1858 3840 con-

273 3880 492 3934 sentire.
528 3877 698 3931 Retuli
735 3877 802 3930 ad
830 3891 980 3939 eum;
1024 3875 1132 3928 sine
1168 3874 1475 3930 dubitatione
1514 3875 1710 3928 annuit.
1753 3874 1858 3929 Re-

276 3969 503 4023 nuntiavi
531 3969 637 4021 illis
653 3983 675 4028 ,'
692 3968 848 4023 laetati
868 3975 1023 4029 sunt;
1047 3973 1095 4022 et
1116 3980 1234 4021 mou:
1245 3964 1556 4035 jurationem
1585 3964 1861 4034 pollicitam

275 4069 630 4131 poposcerunt.
664 4057 863 4114 Reverti
907 4057 975 4111 ad
1003 4057 1167 4123 ﬁlium
1195 4065 1442 4119 nostrum,
1475 4072 1684 4124 eumque
1697 4057 1861 4112 inveni

279 4155 635 4221 ﬂuctuantem,
659 4149 955 4220 quibusnam
993 4147 1151 4202 verbis
1179 4146 1535 4216 comprehendi
1565 4157 1727 4216 posset
1769 4147 1861 4201 illa

276 4261 386 4298 cum
405 4243 669 4313 jus-alioue
693 4240 959 4311 promissio
983 4279 997 4302 ,
1027 4248 1232 4309 propter
1261 4238 1573 4292 necessitates
1593 4239 1856 4303 irruentes,

274 4353 384 4406 qua
412 4344 615 4406 possem
635 4350 746 4388 eum
771 4342 827 4386 ut
851 4330 1132 4399 abscederet
1155 4345 1350 4400 cogere.
1381 4327 1547 4383 Simul
1569 4329 1719 4381 etiam
1738 4329 1861 4398 quid

278 4431 469 4484 timeret
505 4427 742 4487 ostendit,
785 4442 848 4478 ne
882 4425 992 4494 quis
1016 4422 1243 4478 irruisset
1271 4420 1465 4475 hostilis
1493 4421 1744 4487 incursus,
1773 4422 1859 4490 qui

277 4533 400 4578 esset
421 4520 725 4576 discessione
743 4516 994 4571 vitandus.
1031 4513 1235 4566 Volebat
1259 4511 1382 4565 addi
1407 4521 1582 4566 sancta
1610 4510 1856 4578 Melania,

278 4627 323 4671 et
341 4616 481 4671 aeris
499 4611 722 4666 morbidi.
743 4609 1078 4664 causationem
1103 4622 1120 4660 :
1147 4607 1236 4660 sed
1265 4605 1404 4658 illius
1431 4604 1753 4673 responsione
1777 4621 1858 4659 re-

279 4709 522 4778 prehensa
565 4715 656 4761 est.
702 4703 812 4773 Ego
839 4710 1006 4754 autem
1032 4698 1176 4763 dixi,
1205 4715 1410 4768 gravem
1447 4696 1622 4750 abillo
1665 4706 1713 4750 et
1759 4713 1860 4750 non

276 4798 694 4857 contemnendam
718 4809 924 4849 causam
947 4790 1250 4846 necessitatis
1287 4790 1564 4858 ingestam,
1597 4804 1709 4857 qua:
1731 4789 1859 4842 cives

277 4893 428 4948 etiam
466 4890 714 4960 emigrare
750 4884 1067 4954 compelleret
1101 4896 1118 4936 ε
1157 4880 1247 4935 sed
1278 4881 1323 4934 si
1355 4880 1462 4933 huic
1503 4880 1690 4949 populo
1721 4881 1857 4932 dice-

277 4996 470 5044 rentur,
499 4973 771 5032 timendum
791 4991 914 5039 esse,
947 4980 1165 5030 uenuste
1185 4987 1286 5026 nos
1302 4987 1514 5026 οιιιιιιιιη
1545 4981 1859 5032 videremur;

276 5074 318 5126 si
367 5081 538 5124 autem
582 5068 673 5123 sub
759 5063 1065 5119 necessitatis
1125 5063 1324 5116 nomine
1391 5062 1530 5129 ﬁeret
1579 5062 1854 5126 excusatio,

279 5164 476 5218 nonnisi
549 5159 921 5229 fraudulentam
1004 5155 1346 5209 necessitatem
1404 5154 1592 5223 putari.
1651 5151 1856 5207 Placuit

281 5267 445 5310 tamen
487 5265 543 5306 ut
577 5252 640 5305 de
677 5251 772 5305 hac
817 5265 872 5302 re
917 5245 1095 5318 populi
1135 5247 1362 5298 animum
1401 5246 1775 5315 experiremur;
1810 5255 1858 5298 et

283 5346 405 5400 nihil
447 5344 591 5398 aliud
633 5357 782 5412 quam
836 5338 910 5404 id,
954 5336 1088 5408 quod
1135 5345 1507 5404 putaveramus,
1559 5334 1854 5388 inuenimus.

286 5437 418 5490 Nam
456 5451 576 5489 ειιιιι
600 5433 716 5503 ejus.
749 5430 896 5484 verba
929 5445 961 5481 a
989 5428 1200 5480 diacono
1243 5426 1379 5479 dicta
1417 5427 1761 5489 recitarentur,
1809 5436 1858 5490 et

288 5528 449 5582 omnia
493 5524 827 5593 placuissent;
866 5519 951 5574 ubi
1000 5534 1179 5572 nomen
1221 5517 1528 5583 interposita:
1555 5516 1860 5569 necessitatis

289 5616 499 5672 insonuit
523 5659 540 5682 ,
565 5611 1147 5670 continuoreclamatum
1168 5617 1240 5662 est
1263 5647 1277 5672 ,
1297 5605 1652 5677 promissioque
1676 5606 1857 5674 displi-

291 5709 412 5777 ntit,
441 5707 658 5764 tumultu
697 5701 1087 5763 recrudescente,
1129 5709 1174 5761 et
1197 5698 1328 5758 nihil.
1341 5696 1486 5756 aliud
1507 5713 1656 5766 quam
1678 5696 1860 5768 fraude

1652 287 1854 343 LIBER
1893 282 2184 357 SEXTUS.

3457 294 3565 352 £03

1977 413 2142 452 secum
2171 399 2257 470 agi
2299 401 2488 471 pOpulo
2512 397 2841 458 existimatote.
2873 405 3020 470 Quod
3051 423 3166 460 cum
3189 419 3391 464 sanctus
3421 411 3564 481 ﬁlius

1975 499 2143 544 noster
2171 490 2390 557 vidisset,
2429 493 2584 562 jussit
2612 496 2729 549 inde
2751 482 2942 568 auferri
2987 514 3167 552 nomen
3217 485 3564 567 necessitatis;

1974 600 2273 656 rursumque
2292 585 2362 639 ad
2381 587 2607 641 [tetitiam
2629 588 2846 658 papulas
2866 591 3116 645 remeavit.
3135 590 3200 646 Et
3221 609 3336 648 cum
3353 591 3561 650 lassitu-

1975 675 2144 730 dinem
2169 692 2476 754 ea;cusarem,
2493 679 2601 733 sine
2621 697 2700 736 me
2725 680 2795 734 ad
2815 681 3008 753 plebem
3027 683 3259 739 accedere
3276 685 3437 740 noluit
3452 701 3472 740 :
3485 687 3558 742 si-

1976 768 2082 822 ntut
2105 770 2421 824 accessimus.
2444 769 2584 824 Dixit
2605 771 2673 837 ei,
2696 789 2809 844 qua:
2832 790 2864 826 a
2887 773 3100 829 diacono
3122 776 3305 832 audita
3320 787 3488 846 erant,
3506 794 3565 835 κ

1975 861 2261 929 mandasse,
2279 879 2332 918 se
2349 865 2560 929 iurasse,
2575 880 2732 934 eaque
2753 882 2808 920 se
2820 882 2926 922 esse
2939 869 3210 937 facturum,
3222 870 3560 943 continuoque

1975 951 2144 1005 anmia
2167 967 2225 1006 eo
2252 961 2440 1020 (enare,
2461 971 2562 1025 quo.
2580 954 2872 1024 dictaverat,
2896 967 3189 1028 prosecutus
3209 969 3305 1018 est.
3333 960 3560 1034 Respon-

1973 1058 2084 1096 sum
2097 1052 2189 1109 est,
2208 1042 2314 1098 Deo
2339 1047 2548 1115 gratias,
2561 1056 2607 1101 et
2617 1049 2826 1118 petitum
2843 1059 2895 1104 ut
2911 1059 3071 1105 totum
3083 1052 3326 1124 scriptum
3337 1054 3557 1109 subscri—

1974 1133 2190 1188 beretur.
2215 1133 2513 1192 Dimisimus
2532 1140 2930 1208 catechumenos,
2957 1144 3288 1216 continuoque
3307 1147 3553 1217 scriptum

1973 1224 2282 1294 subscripsit.
2310 1227 2507 1284 Deinde
2540 1232 2641 1301 peti
2664 1233 2908 1304 coepimus
2938 1251 3030 1290 nos
3057 1237 3296 1309 episcopi,
3325 1256 3426 1293 non
3466 1256 3554 1294 vo-

1973 1317 2112 1373 cibus
2137 1321 2335 1390 populi,
2363 1323 2451 1377 sed
2485 1334 2652 1378 tamen
2683 1342 2716 1379 a
2741 1328 2928 1398 populo
2971 1345 3060 1399 per
3086 1329 3319 1386 honestos
3355 1331 3556 1400 ﬁdeles,

1972 1418 2028 1462 ut
2055 1426 2146 1465 nos
2162 1428 2357 1481 quoque
2379 1413 2814 1472 subscriberemus.
2853 1417 2918 1472 At
2956 1417 3040 1472 ubi
3066 1420 3196 1490 coepi
3225 1421 3555 1493 subscribere,

1969 1514 2145 1558 sancta
2170 1503 2395 1560 Melania
2408 1509 2734 1564 contradixit.
2761 1511 2978 1567 Miratus
2996 1530 3109 1568 sum
3121 1531 3277 1585 quare
3296 1525 3400 1571 tatu
3418 1532 3554 1583 sero,

1970 1596 2116 1666 quasi
2143 1597 2526 1666 promissionem
2552 1600 2697 1654 illam
2725 1611 2770 1656 et
2799 1603 3110 1674 jurationem
3139 1623 3230 1662 nos
3248 1649 3265 1674 ,
3297 1624 3397 1662 non
3430 1609 3556 1663 sub-

1970 1684 2254 1754 scribendo,
2279 1691 2448 1760 facere
2470 1706 2727 1760 possemus
2751 1693 3006 1764 infectam.
3039 1696 3146 1752 Sed
3165 1705 3331 1753 tamen
3359 1699 3555 1753 obtem-

1972 1776 2162 1844 peravi,
2173 1793 2234 1830 ac
2251 1778 2324 1832 sic
2339 1781 2577 1834 remansit
2599 1797 2710 1836 mea
2724 1799 2825 1837 non
2849 1784 2999 1856 plena
3022 1787 3351 1858 subscriptio;
3373 1807 3463 1846 nec
3479 1790 3554 1844 ul-

1970 1875 2049 1922 tra
2073 1868 2215 1923 nobis
2239 1871 2503 1941 quisquam
2521 1914 2538 1940 ,
2577 1882 2632 1928 ut
2656 1875 3097 1943 subscriberemus,
3142 1881 3330 1960 putavit
3353 1882 3553 1938 instan-

1969 1959 2089 2013 dum
2123 1959 2313 2033 (Epist.
2340 1963 2488 2033 126).
2531 1964 2632 2020 Per
2675 1981 2766 2021 eas
2791 1967 2970 2023 turbas
2991 1968 3198 2026 Albinae
3239 1972 3407 2027 sancti
3437 1970 3552 2040 lilii,

1937 2121 1940 2126 λ
1969 2050 2220 2106 Pinianus
2243 2053 2447 2108 scilicet
2473 2070 2537 2110 ac
2561 2056 2810 2125 Melania,
2835 2057 2927 2128 qui
2958 2069 3112 2114 erant
3146 2061 3200 2115 in
3224 2060 3428 2128 abside,
3457 2078 3555 2133 pa-

1969 2141 2071 2196 lam
2096 2143 2267 2212 questi
2297 2153 2440 2209 sunt,
2467 2161 2572 2200 non
2601 2146 2967 2218 presbyterum
2995 2149 3066 2204 ab
3101 2150 3553 2222 llipponcnsibus,

1967 2231 2061 2286 sed
2088 2231 2354 2289 hominem
2383 2234 2644 2302 divitem,
2673 2239 3015 2307 pecuniarum
3058 2241 3347 2312 cupiditate
3386 2249 3553 2316 quatri

1969 2320 2158 2396 (Epist.
2175 2325 2294 2390 l25,
2319 2345 2371 2381 η.
2390 2326 2468 2400 2).
2492 2327 2558 2384 Et
2577 2327 2714 2384 banc
2741 2333 3120 2401 narrationem,
3141 2345 3336 2405 pra2tcr
3352 2337 3552 2396 omissa

1965 2417 2207 2486 quaedam
2235 2419 2500 2489 adjuncta,
2533 2437 2652 2492 qua:
2678 2422 2744 2476 ad
2766 2438 2878 2478 rem
2896 2424 3024 2481 nihil
3053 2425 3308 2491 facerent,
3345 2429 3554 2500 ipsissi-

1966 2525 2105 2564 mani
2129 2511 2205 2567 rel
2227 2513 2502 2568 veritatem
2530 2528 2649 2570 esse
2671 2522 2897 2572 testatur
2919 2518 3240 2588 Augustinus
3263 2539 3277 2575 :
3311 2524 3553 2593 proinde-

1963 2618 2068 2671 que
2110 2602 2388 2660 Piuiznnnn
2436 2621 2610 2678 neque
2643 2622 2725 2674 se,
2773 2615 2833 2663 ut
2875 2607 3162 2678 ferebatur,
3191 2614 3550 2684 prmcipienug

1965 2708 2136 2764 neque
2181 2696 2378 2765 popqu
2415 2707 2639 2768 cogente
2673 2699 2900 2768 iurasse,
2929 2701 3024 2756 sed
3071 2702 3242 2772 ipsum
3283 2720 3460 2775 pense
3486 2722 3553 2764 ac

1963 2797 2152 2855 Sponte
2179 2802 2275 2844 sua
2305 2789 2356 2843 id
2381 2790 2657 2848 obtulisse.
2689 2793 2854 2862 Cujus
2871 2795 2948 2850 rei
2978 2795 3272 2853 Barnabam
3297 2814 3359 2855 ac
3373 2799 3552 2855 Tima-

1963 2878 2122 2942 sium,
2153 2895 2290 2949 quos
2331 2880 2421 2936 ille
2447 2882 2684 2951 singulos
2724 2884 2790 2939 ad
2837 2901 2897 2941 se
2940 2887 3176 2953 miserat,
3209 2898 3372 2945 testes
3420 2891 3552 2947 citat

1968 2970 2156 3039 (Epist.
2182 2972 2304 3037 19.6,
2329 2990 2383 3027 ιι.
2417 2973 2494 3044 6).
2527 2974 2789 3046 Utrosquc
2810 2978 3004 3034 vocitat
3035 2995 3220 3038 servos
3244 2981 3355 3048 Dei,
3390 2983 3441 3038 id
3464 2993 3550 3042 est

1962 3065 2271 3130 monachos.
2314 3067 2398 3121 An
2441 3075 2617 3122 autem
2649 3068 2940 3137 Barnabas,
2989 3089 3148 3143 quem
3186 3071 3549 3145 appellatione

1960 3157 2127 3210 sancti
2180 3155 2529 3224 colionestat,
2588 3158 2726 3214 idem
2759 3161 3031 3217 habendus
3059 3164 3128 3218 sit
3167 3179 3231 3220 ac
3276 3167 3550 3237 presbyter
3639 3198 3646 3204 ι

1963 3244 2050 3300 ille
2083 3246 2434 3317 Hipponensis
2463 3247 2652 3318 (Epist.
2689 3249 2814 3314 215,
2842 3267 2893 3304 n.
2927 3252 3001 3322 l),
3033 3268 3192 3322 quem
3221 3255 3550 3326 Augustinus

1961 3335 2177 3392 ﬁituilia:
2205 3354 2317 3392 sua:
2355 3338 2692 3407 prarfccerat,
2723 3351 2777 3396 ct
2800 3343 2952 3413 cujus
2976 3343 3420 3401 existimationem
3447 3362 3548 3418 pu-

1960 3429 2098 3486 blice
2128 3429 2182 3486 in
2201 3445 2446 3488 sermone
2469 3432 2698 3503 quodam
2717 3433 2948 3490 defendit
2969 3433 3160 3508 (Serm.
3180 3437 3318 3502 356,
3345 3455 3397 3493 ης
3433 3439 3544 3511 l5),

1962 3538 2080 3580 non.
2096 3522 2399 3580 deﬁnimus.
2425 3523 2552 3579 Erat
2577 3540 2643 3578 eo
2673 3533 2910 3596 tempore
2941 3526 3204 3583 Timasius
3228 3530 3543 3598 monachus,

1962 3613 2050 3681 qui
2077 3620 2293 3670 auctore
2319 3622 2478 3683 atque
2513 3613 2806 3684 impulsore
2833 3615 3045 3686 Pelagio
3074 3616 3314 3673 nuntium
3343 3618 3545 3675 mundo

1963 3703 2239 3758 remiserat
2267 3702 2461 3774 (Epist.
2492 3705 2614 3771 177,
2646 3721 2698 3759 ιι.
2725 3704 2817 3775 6):
2846 3706 2940 3760 sed
2984 3705 3140 3776 hujus
3160 3723 3369 3764 rursum
3391 3708 3546 3766 nobis

1963 3792 2160 3849 incidet
2188 3795 2408 3848 metuio.

2034 3885 2094 3940 6..
2122 3884 2253 3940 Cum
2284 3884 2640 3942 habitatorum
2674 3899 2734 3941 se
2758 3886 2996 3958 Hippone
3023 3887 3272 3944 Pinianus
3288 3888 3543 3959 iurasset,

1963 3977 2149 4032 oborta
2193 3977 2418 4047 quadam
2464 3978 2779 4033 necessitate
2819 3979 2927 4034 alio
2966 3979 3056 4034 die
3097 3979 3243 4035 illinc
3265 3981 3544 4038 discedere

1963 4068 2322 4138 compellitur.
2349 4067 2500 4136 Quod
2530 4068 2616 4122 ubi
2644 4071 2870 4139 populus
2901 4071 3254 4141 Hipponensis
3271 4073 3541 4143 cognovit,

1964 4158 2101 4214 haud
2132 4161 2469 4216 mediocriter
2495 4162 2864 4217 tumultuatum
2905 4173 3006 4231 est,
3039 4179 3102 4219 ac
3131 4165 3295 4238 multa
3334 4167 3540 4222 incale-

1963 4251 2231 4306 scentibus
2257 4251 2449 4306 animis
2474 4251 2637 4316 dicta,
2680 4267 2800 4322 qua:
2823 4253 2980 4308 etiam
3022 4255 3219 4324 scripto
3247 4255 3543 4313 mandando

1963 4349 2232 4395 curarunt.
2264 4341 2456 4396 Verum
2486 4357 2606 4395 cum
2637 4341 2962 4398 intellectum
2981 4353 3142 4411 esset,
3172 4345 3222 4400 id
3243 4346 3310 4400 ab
3333 4362 3400 4403 oo
3421 4362 3546 4417 pro.

1965 4439 2082 4499 pter
2111 4432 2484 4487 necessitatem
2515 4433 2772 4502 privatam
2803 4450 3005 4489 necnon
3039 4436 3540 4496 animosevertondi
3583 4484 3597 4496 .

1964 4519 2158 4576 factum
2182 4537 2199 4586 ;
2223 4537 2379 4577 nemo
2399 4521 2496 4576 fuit
2516 4564 2530 4585 ,
2549 4523 2755 4592 qui.le
2770 4524 2892 4579 boni
2909 4541 3012 4580 non
3029 4529 3334 4585 consuleret
3348 4530 3542 4600 (Epist.

1968 4610 2088 4677 {26,
2105 4611 2552 4683 nn.6,l3).Neque
2566 4614 2710 4670 enim
2721 4614 2999 4670 consilium
3016 4618 3330 4684 l'uerat,eum
3341 4620 3546 4676 exsulis

1965 4700 2132 4757 instar
2157 4700 2232 4756 ibi
2257 4702 2516 4770 retinere,
2541 4704 2636 4758 sed
2661 4705 2760 4760 sibi
2794 4706 3046 4776 putabant
3071 4709 3279 4765 abunde
3327 4709 3543 4766 satisla-
3593 4734 3598 4740 ι

1963 4799 2131 4856 ctum,
2159 4792 2316 4848 modo
2333 4793 2524 4848 civium
2539 4795 2764 4850 aliorum
2780 4812 2926 4852 more
2949 4798 3130 4854 sedem
3141 4815 3202 4854 ac
3213 4799 3538 4857 domicilium

1965 4880 2032 4934 ibi
2059 4883 2372 4952 ﬁgeret,nec
2401 4901 2631 4954 unquam
2661 4887 2783 4945 inde
2809 4887 3126 4954 discederet,
3156 4891 3256 4946 nisi
3291 4906 3412 4946 cum
3442 4907 3539 4949 νος

1965 4969 2163 5027 lnntate
2180 4972 2432 5028 redeundi
2457 4974 2641 5046 (Epist.
2675 4977 2798 5043 125,
2829 4995 2883 5032 ιι.
2908 4974 2983 5049 4).
3004 4977 3156 5046 Quod
3175 4987 3350 5034 autem
3369 4981 3536 5037 Baro.

1966 5062 2084 5114 nius
2097 5063 2276 5126 refert,
2291 5063 2566 5120 Pinianum
2581 5065 2818 5135 Hippone
2839 5068 3076 5137 elapsum
3087 5083 3205 5122 esse
3214 5068 3535 5138 clanculum,

1963 5161 2017 5206 et
2043 5153 2322 5220 Tagastam
2352 5170 2453 5208 una
2495 5170 2616 5210 cum
2643 5157 2754 5212 suis
2799 5173 3106 5220 reversum;
3145 5158 3338 5228 quippe
3365 5162 3542 5231 quise

1964 5242 2196 5311 ojus,.ad
2224 5244 2496 5314 quodper.
2516 5247 2620 5302 vim
2648 5255 2702 5301 et
2731 5259 2927 5302 metum
2958 5247 3203 5303 inductus
3225 5259 3389 5316 esset,
3419 5267 3538 5321 pro-

1964 5333 2107 5387 missi
2148 5335 2402 5405 religione
2428 5352 2532 5393 non
2570 5338 2734 5392 teneri
2765 5338 2929 5408 probe
2961 5339 3120 5395 sciret
3149 5338 3443 5412 (Baronius,
3474 5341 3543 5396 ad

1963 5440 2154 5477 annum
2202 5425 2367 5498 409);
2423 5428 2585 5496 ipsius
2628 5436 2711 5482 est
2747 5437 2799 5482 et
2841 5428 3030 5500 dogma
3073 5430 3318 5499 probare,
3355 5439 3419 5486 et.
3463 5429 3540 5486 [ειν

1965 5524 2129 5580 ctum,
2160 5517 2298 5585 quod
2325 5528 2506 5573 contra
2559 5519 2891 5576 manifestam
2943 5520 3224 5592 Augustini
3256 5521 3537 5579 auctoritar

1967 5614 2072 5660 tem
2103 5607 2325 5670 asserit,
2362 5606 2614 5663 stabilire.
2648 5610 2779 5666 Rem
2805 5620 2980 5666 autem
3007 5611 3187 5682 iniquo
3215 5609 3396 5666 animo
3423 5609 3540 5669 tulit

1969 5697 2172 5758 IPiniani
2204 5715 2389 5757 socrus
2425 5701 2610 5757 Albino
2643 5743 2658 5772 ,
2709 5705 3028 5779 scripsitque
3069 5705 3136 5760 ad
3179 5703 3538 5776 Augustinum
