4042 6360
552 440 758 495 litteras
802 438 1013 495 doloris
1053 438 1238 508 plenas
1280 435 1472 509 (Epist.
1523 435 1682 507 l26),
1721 434 1775 487 in
1817 429 2005 502 quibus
2044 431 2123 484 in-

482 568 485 569 ν
545 530 750 586 vidioso
775 530 992 585 nomine
1019 530 1163 585 illam
1189 545 1220 584 a
1264 529 1482 583 Piniano
1512 526 1825 597 promissam
1868 524 1948 578 sui
1985 539 2121 592 pne-

544 625 770 681 sentiam
813 621 1274 694 llippnnensibus,
1302 620 1547 678 exsilium
1583 619 1667 675 vel
1699 616 2120 688 deportationem

507 728 511 733 '
542 727 633 774 aut
663 715 1037 787 relegationem
1075 714 1374 785 appellabat
1407 729 1422 768 :
1451 710 1713 781 simulque
1746 710 1964 781 rogabat
1991 724 2119 763 num

488 809 856 879 "exigendum
901 814 1144 862 censeret
1191 816 1249 860 ιιι
1304 805 1584 874 impleatur
1639 812 1844 857 extorta
1877 801 2113 871 juratio:

547 900 778 954 maxime
802 913 925 954 cum
967 897 1217 953 Pinianus
1243 895 1327 951 illa
1372 910 1476 949 non
1502 892 1810 948 discedendi
1852 892 2117 962 juratione

543 993 729 1048 fecerit
757 991 1123 1061 exceptionem
1152 987 1499 1044 necessitatis.
1544 985 1677 1041 Cum
1705 984 1997 1056 Augustino
2022 999 2116 1038 ex-

480 1099 482 1101 ’
538 1084 855 1155 postulabat,
896 1081 1034 1154 quod
1082 1080 1127 1135 is
1155 1079 1556 1150 promissionem
1603 1076 1738 1131 hanc
1784 1091 1888 1131 non
1931 1073 2114 1145 prohi-

488 1196 491 1203 “
540 1178 732 1233 buisset
765 1193 779 1229 :
811 1172 1163 1246 exprobrabat
1210 1167 1634 1241 llipponensibus
1654 1211 1667 1234 ,
1698 1168 1839 1239 quod
1867 1166 2111 1238 turpissi-

542 1283 635 1321 mo
688 1268 927 1337 pecunite
977 1264 1211 1335 appetitu
1259 1261 1457 1327 inducti
1507 1261 1871 1331 presbyterum
1911 1258 2112 1315 habere

538 1360 847 1425 voluissent,
878 1358 959 1412 vel
987 1355 1123 1426 apud
1143 1372 1203 1412 se
1230 1354 1459 1410 retinere
1479 1354 1793 1424 locupletem
1818 1349 2109 1419 hominem,

480 1477 487 1483 ·
535 1458 589 1505 et
613 1450 913 1505 divitiarum
954 1448 1084 1504 satis
1111 1455 1558 1512 contemnentem,
1588 1455 1644 1499 ut
1669 1460 1759 1500 eas
1785 1444 1834 1498 in
1870 1444 2001 1499 alios
2030 1442 2110 1498 di-

483 1572 487 1579 ›
533 1540 757 1596 videret.
791 1540 1013 1612 Alypius
1046 1555 1284 1610 quoque,
1318 1538 1403 1608 qui
1431 1538 1717 1607 Tagastam,
1753 1550 1812 1591 se
1841 1535 1975 1591 forte
2019 1550 2106 1591 re-

482 1652 485 1653 '
529 1640 781 1703 ceperat,
837 1632 1056 1703 cpistola
1111 1632 1405 1702 Augustino
1449 1630 1642 1696 scripta
1697 1628 2106 1683 contumeliosas

529 1737 637 1781 tum
660 1726 885 1795 jactatas
900 1725 952 1780 in
970 1740 1028 1781 se
1048 1737 1207 1779 voces
1233 1720 1626 1778 recordabatur.
1654 1720 1898 1776 Monebat
1920 1719 2100 1784 etiam,

529 1820 655 1889 quid
686 1819 752 1873 de
790 1817 1106 1889 juramentis
1143 1815 1439 1872 istiusmodi
1485 1830 1583 1884 per
1602 1813 1709 1867 vim
1739 1811 1959 1867 extortis
1998 1820 2105 1865 sta-

529 1918 680 1964 tuere
735 1917 1027 1979 oporteret,
1085 1906 1351 1962 connunni
1399 1905 1621 1961 consilio
1663 1904 2100 1960 discutiendum:

486 2028 491 2035 ·
528 1998 770 2068 quamvis
801 1998 851 2052 in
878 2014 942 2053 eo
972 1998 1110 2067 quod
1140 1998 1484 2066 rescripserat
1509 1995 1913 2050 commonitorio
1942 1994 2100 2063 signi-

530 2090 712 2145 fica-ret
738 2131 751 2157 ,
781 2089 1056 2145 Pinianum
1107 2089 1365 2158 Hippone,
1413 2088 1605 2142 civimn
1648 2087 1869 2141 aliorum
1914 2095 2101 2152 mstar,

528 2181 795 2251 ipsiusque
814 2180 947 2236 adeo
972 2180 1266 2252 Augustini,
1286 2178 1725 2234 debereltabitare
1744 2177 1933 2246 (Epist.
1953 2175 2099 2249 ηδ).

597 2273 650 2326 7.
684 2270 763 2325 Ad
807 2271 1050 2342 Alypium
1081 2272 1402 2342 Augustinus
1427 2268 1727 2325 rescribens
1765 2268 1977 2340 (Ibid),
2008 2275 2101 2325 do-

526 2365 636 2419 lere
662 2377 721 2418 se
745 2363 978 2434 graviter
1000 2364 1113 2433 ejus
1149 2363 1369 2432 injurias
1412 2370 1631 2416 testatus
1661 2372 1777 2417 est:
1806 2363 1945 2430 quod
1978 2377 2100 2416 vero

529 2455 594 2509 ad
617 2455 982 2525 jusjurandum
1012 2454 1245 2521 Piniani,
1275 2462 1393 2524 post
1422 2453 1833 2508 celebratissima
1861 2451 2099 2517 qumdam

529 2547 888 2603 Romanorum
921 2547 987 2602 de
1007 2547 1105 2601 hac
1126 2547 1236 2617 ipsa
1262 2561 1319 2600 re
1345 2544 1584 2614 exempla
1608 2552 1759 2611 turpe
1778 2558 1896 2599 esse
1923 2546 2096 2608 docet,

486 2672 489 2675 »
525 2641 569 2695 si
588 2641 670 2696 vel
698 2641 751 2695 in
772 2640 1152 2705 controversia,
1180 2649 1351 2693 utrum
1378 2637 1505 2693 illud
1531 2635 1916 2692 observandum
1936 2646 2097 2701 esset,

526 2746 718 2797 necne,
752 2732 818 2786 ab
849 2731 975 2800 ipsis
1001 2741 1327 2801 poneretur:
1357 2729 1466 2783 fore
1494 2730 1773 2799 siquidem,
1808 2739 1865 2784 ut
1890 2730 2099 2797 episcoo

526 2836 711 2892 porum
746 2822 1006 2891 promisso
1032 2822 1112 2875 vel
1155 2822 1312 2875 etiam
1354 2821 1655 2890 juramento
1705 2836 1860 2875 nemo
1892 2820 2097 2885 fideret,

523 2918 568 2971 si
594 2915 773 2969 datum
806 2914 971 2983 frangi
1010 2930 1039 2968 a
1070 2923 1217 2968 tanto
1247 2915 1379 2974 viro,
1424 2924 1513 2967 aut
1550 2930 1681 2969 vana
1728 2916 1930 2970 ratione
1955 2915 2095 2970 eludi

523 3006 926 3074 permitterent;
956 3021 1123 3074 neque
1156 3006 1296 3060 enim
1334 3005 1623 3060 secundum
1652 3007 1810 3059 verba
1848 3006 2095 3074 jurantis,

521 3095 615 3151 8ρά
641 3096 927 3151 secundum
954 3094 1397 3165 exspectationem
1422 3095 1559 3150 illius
1581 3095 1664 3149 cui
1690 3095 1913 3165 juratur,
1941 3110 2095 3165 quam

500 3184 669 3241 novit
692 3186 779 3240 ille
806 3186 893 3256 qui
914 3186 1076 3256 jurat,
1110 3186 1263 3239 tidem
1296 3186 1576 3255 jurationis
1601 3186 1802 3255 impleri
1837 3203 1851 3241 :
1882 3200 2098 3255 sperare

523 3287 698 3331 tamen
721 3291 809 3343 se,
838 3291 958 3331 cum
989 3291 1050 3331 ex
1083 3276 1405 3345 benignitate
1434 3276 1628 3339 divina,
1660 3285 1767 3329 tum
1804 3292 1869 3331 ex
1907 3277 2097 3332 virtute

494 3390 497 3391 '
521 3368 747 3435 Piniani,
776 3368 864 3438 qui
891 3367 1046 3423 fidem
1076 3367 1181 3422 Deo
1203 3377 1257 3421 et
1283 3367 1534 3422 Ecclesiae
1556 3376 1761 3437 pactam
1794 3377 1935 3422 tanta
1974 3384 2093 3422 cum

522 3459 775 3529 religione
806 3459 1067 3521 servabat,
1106 3474 1209 3511 non
1238 3459 1495 3512 orituram
1526 3473 1643 3513 eam
1679 3468 1909 3529 segetem
1937 3472 2093 3513 scan-

518 3550 624 3604 dali
668 3558 724 3604 et
767 3547 1090 3603 oil‘ensiouis.
1137 3548 1268 3602 Cum
1314 3548 1414 3602 hoc
1462 3563 1757 3617 responso,
1792 3550 2091 3618 exemplum

521 3639 884 3708 promissionis
932 3638 1133 3692 Piniani
1177 3654 1238 3691 ex
1280 3638 1575 3708 subscripta
1616 3640 1683 3694 ab
1710 3640 1823 3708 ipso
1855 3639 2091 3693 chartula

518 3730 830 3784 translatum
859 3736 914 3783 et
954 3728 1289 3783 emendatum
1329 3728 1518 3798 Alypio
1564 3728 1725 3784 misit.
1758 3729 1971 3784 Litteris
1999 3745 2093 3783 au-

518 3833 623 3876 tem
678 3822 881 3877 Albinae
925 3820 1252 3889 I‘CSpondenS
1287 3820 1475 3891 (Epist.
1510 3818 1666 3890 126),
1714 3830 1933 3876 testatur
1984 3822 2091 3891 pri.

516 3927 681 3978 mum,
709 3911 775 3965 ad
798 3926 914 3966 eam
959 3910 1193 3965 scribere
1218 3925 1297 3975 se,
1327 3926 1430 3964 non
1472 3921 1527 3964 nt
1559 3911 1794 3966 dolorem
1824 3912 1937 3980 ejus
1961 3927 2089 3966 exa-

514 4012 713 4071 speret,
742 4002 834 4055 sed
873 4002 1064 4067 leniat;
1098 4016 1269 4072 neque
1302 4010 1362 4056 ut
1389 4002 1648 4063 animam,
1681 4017 1835 4072 quam
1870 4017 2088 4057 venera-

514 4096 669 4149 batur
700 4103 943 4163 tanquam
990 4094 1098 4149 Deo
1137 4094 1361 4149 dicatam
1385 4136 1402 4161 ,
1432 4094 1746 4149 tristioribus
1772 4095 1926 4149 dictis
1970 4112 2087 4165 per-

515 4185 711 4248 turbet,
737 4185 829 4239 sed
858 4184 972 4253 ejus
1000 4185 1327 4252 suspiciones
1352 4192 1521 4240 sanet.
1550 4185 1682 4239 Tum
1709 4185 1785 4239 rei
1814 4196 1976 4255 gestae
2004 4201 2086 4241 ra-

516 4280 713 4333 tionem
741 4278 815 4332 illi
842 4279 1029 4347 aperit,
1055 4292 1160 4348 quo
1188 4278 1296 4346 ipsa
1342 4292 1438 4347 per
1461 4293 1519 4331 se
1548 4278 1949 4345 animadvertat,
1980 4295 2086 4335 non

512 4370 612 4424 nisi
639 4369 925 4439 spiritualis
966 4368 1218 4424 Ecclesia:
1254 4368 1551 4434 commodi,
1578 4377 1632 4424 et
1673 4385 1853 4425 earum
1896 4371 2087 4440 quibus

517 4460 766 4515 Pinianus
794 4468 1012 4514 ornatus
1039 4466 1175 4525 erat,
1198 4458 1449 4512 virtutum
1476 4459 1664 4527 gratia,
1690 4460 1910 4529 petitum
1940 4460 2081 4514 illntn

516 4550 583 4604 ab
608 4548 931 4619 llipponeusi
963 4549 1116 4618 plebe
1153 4549 1204 4601 in
1236 4547 1598 4619 presbyterum
1630 4566 1643 4601 :
1673 4564 1775 4619 qua
1821 4552 1871 4604 in
1911 4565 1970 4605 re
2017 4566 2083 4609 ne

512 4641 727 4695 minima
759 4640 968 4710 quidem
1010 4649 1289 4709 appareret
1317 4640 1547 4694 avaritias
1576 4640 1939 4709 cupiditatisve
1963 4656 2083 4709 spe-

507 4736 647 4799 cies;
686 4748 749 4787 ac
790 4733 1007 4804 proinde
1053 4733 1253 4787 nullum
1293 4741 1487 4802 prmter
1525 4747 1584 4788 se
1624 4748 1685 4788 ea
1714 4734 2080 4789 criminatione

500 4823 813 4894 perstringi,
837 4823 1076 4894 quamvis
1101 4823 1150 4876 id
1182 4823 1384 4877 Albium
1413 4822 1569 4877 studii
1602 4823 1777 4887 fuerit,
1805 4831 1861 4877 ut
1896 4823 2077 4877 vitium

504 4932 607 4986 quo
631 4915 871 4971 laborare
897 4914 1068 4984 ipsum
1101 4912 1392 4984 judicabat,
1420 4926 1525 4967 non
1563 4911 1797 4975 directe,
1827 4926 1895 4966 ne
1922 4913 2079 4980 paulo

507 5005 732 5061 liberius
755 5012 845 5058 aut
871 5002 1275 5059 inverecundius
1316 5003 1367 5056 in
1400 5001 1715 5071 Episcopum
1745 5015 1901 5071 agere
1927 4988 2083 5057 vide:

511 5105 675 5161 retur,
704 5093 800 5151 sed
838 5094 1051 5165 oblique
1090 5109 1153 5148 ac
1181 5093 1322 5149 velut
1362 5093 1535 5147 alieno
1564 5092 1777 5147 nomine
1809 5092 1908 5146 sibi
1937 5092 2075 5162 obji-

508 5194 657 5242 cerct
682 5202 698 5239 :
727 5200 788 5242 se
809 5200 938 5240 vero
965 5186 1017 5240 in
1048 5184 1318 5239 beneﬁciis
1356 5198 1555 5254 ponere
1589 5182 1723 5238 hanc
1756 5185 1871 5253 ejus
1903 5184 2076 5239 chari-

503 5288 665 5332 tatem
688 5318 703 5343 ,
743 5291 851 5333 non
888 5277 941 5333 in
973 5277 1167 5333 malam
1206 5286 1409 5345 partem
1446 5275 1686 5345 accipere
1715 5292 1728 5329 :
1764 5284 1819 5329 at
1861 5290 1978 5330 cum
2006 5264 2075 5331 ab

500 5370 690 5425 eodem
714 5367 843 5425 vitio
868 5368 1095 5424 alienum
1121 5382 1180 5422 se
1196 5367 1310 5437 ipse
1327 5372 1689 5436 cognosceret,
1711 5381 1883 5437 neque
1908 5367 2073 5422 ullum

504 5458 581 5513 rei
610 5458 745 5513 intra
771 5457 1148 5514 conscientiam
1192 5454 1478 5513 recondita:
1503 5454 1857 5510 testimonium
1884 5453 2072 5510 afferre

502 5562 701 5625 posset,
727 5566 788 5607 se
812 5550 995 5606 testari
1022 5550 1185 5604 Deum
1211 5590 1224 5611 ,
1254 5546 1356 5605 sibi
1399 5547 1652 5603 bonorum
1696 5548 1945 5602 Ecclesia:
1972 5546 2071 5602 ad-

498 5642 965 5703 ministrationem,
989 5655 1144 5710 quam
1184 5639 1254 5694 ob
1277 5638 1497 5694 fratrum
1527 5654 1761 5694 amorem
1798 5645 1852 5692 et
1880 5638 1948 5691 ob
1977 5636 2069 5691 Dei

501 5736 744 5794 timorem
780 5732 1083 5791 necessario
1106 5729 1355 5798 curabat,
1382 5729 1609 5786 tolerare
1632 5744 1708 5795 se,
1739 5744 1843 5783 non
1866 5743 2065 5797 amare,

1679 320 1835 377 VITA
1872 318 1931 374 S.
1972 314 2334 376 AUGUSTI.“
2371 322 2685 383 EPISCOPL

3712 346 3818 403 «ιοιι

2233 433 2301 527 ita
2332 443 2389 488 ut
2410 451 2493 503 ea,
2525 439 2571 493 si
2603 440 2749 496 salvo
2785 442 2961 499 ofﬁcio
2987 448 3181 516 possit,
3212 464 3395 508 carere
3435 457 3629 525 cupiat.
3670 460 3817 527 Quin

2227 526 2386 580 etiam
2413 529 2513 582 sibi
2552 546 2860 623 persuasum
2891 538 3096 604 asserit,
3124 542 3367 597 eamdem
3400 544 3451 599 in
3496 545 3596 603 hoc
3631 550 3815 623 Alypii

2227 624 2457 672 mentem
2483 635 2620 675 esse.
2656 622 2786 678 Dein
2814 630 3058 697 exemplo
3078 630 3249 696 Pauli,
3276 634 3367 704 qui
3394 636 3553 691 simili
3574 638 3625 692 in
3645 622 3812 698 causa

2228 709 2319 765 Dei
2355 714 2655 771 testimonio
2703 716 2872 774 fuerat
2910 737 3054 786 usus,
3102 724 3473 795 jusjurandum
3514 745 3669 786 suum
3711 749 3809 803 ap-

2226 804 2433 873 probat.
2461 806 2542 861 Ad
2563 807 2932 878 jusjurandum
2959 812 3193 882 tandem,
3222 820 3363 886 quod
3391 819 3638 875 Pinianus
3665 837 3808 893 pra:-

2222 895 2450 963 stiterat,
2481 899 2704 965 accedit,
2728 900 2794 955 de
2818 917 2922 972 quo
2940 917 3047 957 non
3069 904 3222 961 aliter
3243 906 3327 962 hic
3359 909 3618 979 loquitur,
3639 922 3806 981 atque

2223 987 2275 1039 in
2302 985 2441 1043 datis
2462 988 2527 1043 ad
2556 990 2803 1061 Alypium
2822 992 3034 1060 litteris,
3049 995 3116 1051 ad
3135 1012 3267 1066 quas
3288 999 3531 1056 Albinam
3554 1005 3799 1060 remittit.

2224 1075 2289 1131 Et
2317 1078 2437 1134 hinc
2458 1079 2677 1151 colligas
2705 1096 2820 1136 eam
2843 1081 3104 1156 Tagastae,
3134 1088 3273 1144 unde
3296 1104 3401 1145 non
3426 1094 3687 1161 reperitur
3715 1111 3803 1150 re-

2218 1170 2442 1225 cessisse
2467 1182 2591 1227 ante
2617 1174 2666 1227 id
2700 1177 2951 1244 temporis
2971 1218 2985 1241 ,
3015 1193 3180 1249 usque
3208 1189 3318 1235 tum
3346 1184 3563 1239 forsitan
3585 1201 3800 1242 reman-

2216 1259 2369 1315 sisse.
2402 1261 2663 1319 Praeterea
2685 1264 3032 1322 deferendum
3054 1270 3261 1324 Albina:
3281 1274 3483 1327 curavit
3501 1279 3797 1334 commoni-

2217 1350 2442 1417 torium,
2476 1351 2528 1405 in
2571 1368 2675 1423 quo
2707 1357 3014 1426 perscripta:
3057 1368 3208 1415 erant
3233 1361 3484 1419 adversus
3515 1366 3795 1423 Piniannm

2216 1441 2454 1511 Hippone
2476 1443 2746 1500 absentem
2772 1447 3187 1517 Hipponensium
3215 1452 3406 1507 civium
3422 1456 3791 1525 querimonim.

2283 1532 2335 1586 8.
2350 1532 2485 1601 Quid
2505 1536 2743 1590 evenerit
2760 1547 2961 1607 postea,
2983 1556 3242 1612 nusquam
3265 1544 3503 1611 traditur;
3525 1547 3624 1603 nisi
3645 1552 3793 1619 quod

2214 1621 2387 1690 prodit
2430 1626 2596 1679 beata:
2641 1626 2880 1683 Melania:
2923 1629 3128 1686 Piniani
3168 1635 3350 1690 uxoris
3390 1634 3527 1703 Vita,
3581 1655 3699 1694 eam
3735 1643 3791 1699 in

2211 1713 2530 1786 Egyptutn,
2558 1728 2715 1789 atque
2744 1721 2865 1777 inde
2895 1724 2949 1777 in
2990 1725 3321 1784 Palaestinam
3354 1741 3469 1800 post
3495 1747 3664 1788 annos
3704 1751 3793 1791 se-

2211 1816 2353 1874 ptem
2374 1822 2493 1863 cum
2508 1810 2801 1868 admirabili
2819 1823 2939 1870 vttze
2959 1819 3239 1874 sanctitate
3259 1831 3500 1890 peractos
3521 1826 3572 1879 in
3587 1825 3785 1893 Africa,

2212 1899 2483 1956 transiisse
2511 1900 2738 1971 (Satius,
2771 1909 2986 1961 decenti).
3018 1909 3098 1962 die
3144 1911 3233 1976 3i,
3259 1916 3335 1966 vel
3351 1914 3560 1982 januar.
3590 1916 3671 1970 die
3693 1917 3787 1988 2).

2208 1988 2387 2061 Neque
2411 1993 2554 2046 enim
2582 1995 2724 2048 illam
2763 1997 2814 2050 in
2853 2013 2912 2052 ea
2960 1994 3232 2068 provincia
3276 2018 3419 2060 anno
3456 2023 3615 2077 snpra
3655 2025 3789 2079 qua-

2207 2080 2673 2151 dringentesimum
2702 2088 2886 2157 quinto
2912 2089 3119 2145 decimo
3144 2094 3316 2163 egisse
3342 2098 3630 2155 verisimile
3656 2110 3739 2155 est
3768 2118 3783 2155 :

2208 2187 2312 2240 quo
2342 2188 2483 2229 anno
2514 2175 2864 2249 Hieronymus
2892 2194 3039 2235 suam
3066 2182 3133 2237 ad
3156 2182 3550 2255 Ctesiphontem
3587 2191 3787 2260 episto~

2209 2268 2334 2330 tam,
2367 2270 2417 2319 in
2445 2281 2545 2335 qua
2578 2282 2760 2337 parum
2802 2268 3095 2328 honorifice
3121 2275 3188 2330 de
3230 2277 3450 2333 Melania
3482 2281 3621 2337 illius
3664 2282 3785 2341 avia

2206 2357 2457 2426 loquitur,
2491 2360 2775 2417 scribebat.
2824 2364 2926 2419 Sed
2952 2380 3073 2420 cum
3101 2382 3240 2423 anno
3266 2371 3787 2440 quadringentesimo

2204 2444 2413 2502 decimo
2450 2457 2637 2503 octavo
2663 2451 2946 2522 Pelagium,
2979 2457 3068 2526 qui
3098 2472 3191 2527 per
3218 2459 3268 2513 id
3297 2470 3502 2531 tempus
3535 2462 3587 2518 in
3616 2464 3789 2520 Patre—

2205 2537 2339 2591 stina
2362 2540 2690 2603 versabatur,
2717 2542 2958 2599 lusimus
2977 2550 3384 2606 condemnasset
3411 2553 3657 2621 (Retract.
3688 2558 3779 2614 lib.

2203 2625 2257 2691 ξ,
2287 2644 2399 2697 cap.
2426 2629 2534 2697 '50),
2559 2632 2765 2699 Albina,
2794 2633 3059 2703 Pinianus,
3083 2653 3144 2693 ac
3168 2640 3387 2695 Melania
3407 2642 3472 2698 de
3494 2645 3781 2716 colloquio,

2204 2719 2343 2787 quod
2376 2736 2493 2775 eum
2536 2723 2723 2779 eodem
2753 2725 3104 2783 hatrest'arclta
3138 2732 3392 2802 inierant,
3428 2736 3782 2807 Augustinum

2205 2823 2299 2876 per
2329 2811 2531 2867 litteras
2571 2817 2905 2873 consuluere.
2938 2819 3028 2875 ηις
3076 2822 3163 2876 ille
3204 2826 3442 2893 responsi
3484 2827 3600 2881 loco
3644 2827 3783 2884 duos

2202 2915 2326 2955 suos
2363 2901 2429 2958 de
2456 2902 2636 2959 Gratia
2663 2906 2859 2963 Christi
2890 2911 3058 2977 deque
3088 2912 3329 2982 originali
3360 2915 3582 2971 Peccato
3615 2918 3782 2973 libros

2202 2992 2433 3058 dicavit,
2479 2997 2529 3048 in
2559 2998 2748 3066 quibus
2772 3016 2927 3070 supra
2959 3018 3116 3072 quam
3147 3005 3246 3059 diei
3275 3015 3462 3075 queat,
3496 3008 3661 3064 laetari
3687 3026 3778 3075 se,

2201 3085 2341 3154 quod
2369 3086 2401 3140 ii
2427 3102 2668 3157 corpore,
2696 3101 2851 3161 atque
2882 3095 3037 3147 etiam
3070 3097 3233 3165 magis
3261 3101 3401 3168 quod
3430 3079 3603 3154 anima
3629 3110 3780 3157 recte

2202 3176 2455 3241 valerent,
2500 3181 2780 3249 signiticat.
2815 3185 2967 3238 Anno
2997 3187 3230 3253 proxime
3257 3190 3496 3259 sequenti
3534 3201 3779 3248 Sanctum

2202 3265 2487 3323 Praesulem
2510 3286 2691 3325 eorum
2716 3273 2927 3328 nomine
2953 3276 3218 3341 salutavit,
3243 3278 3330 3349 qui
3355 3290 3463 3335 tum
3493 3282 3542 3335 in
3567 3281 3779 3339 Bethle-
3832 3264 3835 3265 ν

2201 3358 2451 3414 hemitico
2516 3364 2836 3417 monasterio
2893 3366 3130 3430 vivebat,
3181 3368 3532 3441 Hieronymus
3584 3374 3778 3443 (Apud

2200 3450 2434 3519 Angust.,
2452 3450 2613 3518 Epist.
2628 3452 2751 3517 202,
2773 3471 2821 3505 τι.
2839 3454 3077 3525 2).Atqui
3101 3468 3275 3511 mutua
3294 3459 3375 3513 illa
3397 3461 3592 3516 amoris
3613 3470 3775 3532 atque

2197 3541 2550 3597 observantia:
2577 3544 2723 3613 signa
2755 3544 3022 3600 sufﬁciunt
3047 3589 3061 3610 ,
3104 3559 3161 3603 ut
3204 3564 3372 3619 neque
3401 3561 3583 3607 contra
3612 3552 3773 3609 fidem

2197 3632 2407 3697 datam,
2458 3650 2626 3705 neque
2663 3646 2843 3691 contra
2888 3640 3163 3708 Augustini
3215 3652 3447 3697 mentem
3492 3644 3772 3712 Pinianum

2197 3723 2481 3779 recessisse
2501 3726 2819 3782 arbitremur
2848 3745 2861 3781 :
2890 3744 3046 3799 quem
3075 3730 3208 3786 forte
3229 3733 3407 3792 etiam.
3434 3743 3489 3787 ut
3512 3749 3539 3786 a
3558 3734 3771 3804 jtll'ejlk-

2197 3812 2361 3867 rando
2380 3813 2715 3870 absolverent
2746 3816 3140 3886 llipponenses,
3167 3823 3481 3877 auctoritate
3506 3838 3571 3878 ac
3597 3825 3774 3894 preci-

2194 3904 2291 3958 bus
2311 3906 2541 3960 evicerat
2564 3915 2775 3961 sanctus
2799 3907 3109 3978 Episcopus.

2264 3994 2315 4048 9.
2348 3995 2632 4064 Epistolam
2676 3998 3012 4053 Armentario
3052 4008 3103 4054 et
3148 4000 3377 4055 Paulina:
3414 4002 3626 4072 scripsit
3650 4004 3767 4061 Au-

2190 4086 2430 4156 gustinus
2464 4086 2651 4157 (Epist.
2685 4089 2808 4157 127)
2853 4088 2953 4144 hoc
2995 4089 3131 4144 forte
3175 4105 3315 4145 anno
3355 4092 3769 4163 quadringente-

2190 4177 2325 4231 simu
2356 4176 2636 4232 undecimo
2666 4195 2681 4233 :
2711 4178 3133 4249 quandoquidem
3162 4179 3354 4236 Urbem
3383 4197 3569 4237 recens
3587 4199 3617 4237 a
3641 4184 3768 4239 har-

2192 4266 2332 4321 baris
2383 4267 2680 4336 direptam,
2736 4284 2798 4323 ac
2859 4269 3110 4323 mundum
3164 4272 3322 4325 tantis
3372 4273 3767 4330 calamitatibus

2191 4358 2425 4412 infestari
2466 4358 2653 4423 tradit,
2678 4367 2734 4413 ut
2758 4373 2823 4413 ex
2863 4360 3012 4413 vanis
3059 4360 3161 4413 illis
3190 4361 3435 4432 falsisque
3463 4363 3761 4427 illecebris,

2188 4448 2379 4518 quibus
2425 4447 2666 4503 homines
2704 4447 2755 4502 in
2785 4463 3019 4502 errorem
3070 4449 3338 4513 inducere,
3384 4466 3446 4505 ac
3476 4453 3668 4506 stultos
3706 4453 3761 4508 in

2186 4539 2266 4592 sui
2304 4553 2538 4594 amorem
2572 4538 2815 4609 pellicere
2842 4539 3045 4594 solebat
3065 4581 3078 4605 ,
3110 4542 3215 4609 jam
3242 4542 3438 4599 nullam
3480 4542 3643 4598 ferme
3671 4560 3761 4599 re-

2189 4630 2398 4683 tineret.
2429 4631 2793 4684 Armentarius
2821 4645 2943 4685 sese
2984 4645 3085 4685 una
3127 4646 3244 4685 cum
3286 4632 3510 4702 conjuge
3536 4634 3760 4693 Paulina

2185 4729 2307 4775 vnto
2331 4720 2713 4786 obstrinxerat,
2746 4721 3001 4790 reliquum
3038 4722 3159 4775 vitae
3189 4730 3397 4791 tempus
3428 4724 3535 4798 Deo
3563 4737 3760 4781 consc-

2183 4811 2385 4877 crandi,
2418 4826 2644 4876 necnon,
2675 4811 2746 4864 uti
2786 4812 3011 4876 videtur,
3052 4812 3402 4868 monasticum
3430 4813 3755 4883 suscipiendi
3802 4856 3810 4867 ι

2184 4902 2496 4957 institutum.
2528 4901 2583 4954 In
2614 4902 2826 4955 Paulina
2854 4901 3067 4971 quidem
3097 4916 3260 4956 morae
3291 4902 3420 4956 nihil
3449 4915 3583 4967 erat,
3614 4920 3749 4974 quo-
3794 4884 3801 4893 κ

2182 4992 2356 5047 minus
2389 5000 2695 5062 perpetuam
2738 4991 2845 5046 Deo
2874 4992 3250 5046 centinentiam
3289 4991 3493 5047 dicaret
3522 5010 3535 5045 ι
3565 5009 3752 5049 verum

2180 5099 2510 5154 nequaquam
2540 5083 2746 5138 videtur
2774 5084 2843 5137 ita
2883 5092 3095 5151 paratus
3122 5084 3284 5139 fttiSse
3307 5084 3372 5138 ad
3398 5084 3751 5145 abdicandam

2179 5177 2509 5247 conjugalem
2554 5175 2985 5231 consuetudinem
3034 5176 3439 5240 Armentarius,
3488 5176 3583 5231 sed
3634 5192 3750 5231 rem

2180 5268 2420 5323 nonnihil
2462 5267 2751 5322 distulisse.
2798 5266 3130 5336 Quapropter
3168 5268 3492 5337 Augustinus
3536 5267 3606 5321 de
3644 5267 3751 5322 hoc

2178 5374 2361 5413 eorum
2394 5358 2582 5411 mentis
2610 5356 2789 5411 habitu
2818 5357 3017 5412 certior
3044 5356 3121 5411 ab
3144 5355 3379 5426 ipsorum
3402 5356 3561 5411 afﬁne
3588 5356 3753 5417 Rufe-

2177 5451 2257 5507 rio
2285 5449 2453 5504 factus
2476 5447 2662 5519 (Ibid.,
2690 5466 2742 5503 ιι.
2776 5447 2864 5519 1),
2893 5448 3101 5518 utrique
3126 5448 3403 5516 epistolam
3448 5448 3601 5518 longe
3629 5449 3747 5517 pul-

2178 5540 2493 5595 cherrimam
2520 5539 2742 5603 direxit,
2776 5539 2827 5592 in
2866 5553 2967 5607 qua
3000 5548 3170 5592 tamen
3206 5548 3458 5606 perpetuo
3498 5538 3745 5591 maritum

2177 5631 2462 5701 alloquitur
2493 5648 2506 5683 :
2537 5640 2695 5700 atque
2725 5638 2781 5682 ut
2806 5639 3005 5692 votum,
3033 5628 3174 5699 quod
3208 5628 3545 5699 nuncupavit,
3575 5628 3747 5698 quod.

2179 5738 2281 5795 que
2317 5725 2432 5778 sine
2456 5722 2599 5794 gravi
2632 5721 2837 5791 piaculo
2880 5720 3046 5794 frangi
3078 5736 3180 5777 non
3211 5730 3380 5792 potest
3400 5761 3413 5788 ,
3449 5721 3592 5776 omni
3617 5735 3743 5792 pro-
3780 5778 3787 5785 κ
