4042 6360
248 440 627 498 crastinatione
652 440 850 495 omissa
878 438 1114 509 impleat,
1150 438 1333 492 validis
1362 434 1646 491 admodum
1673 447 1827 502 argu-

250 532 446 587 mentis
469 535 676 587 suadet.

882 630 1109 686 CAPUT
1150 630 1215 685 Χ.

251 770 274 823 i
312 768 381 821 De
409 766 692 821 Collatione
716 766 845 820 inter
872 767 1129 835 cpiscOpos
1156 761 1442 818 Cat/rolicos
1466 771 1512 816 et
1543 762 1829 815 Donatistae

318 860 489 913 habitu
517 859 820 930 Carthagine
844 874 864 913 :
893 858 1031 911 illuni
1065 857 1234 911 indicit
1261 855 1601 909 Marcellinus.
1625 855 1660 907 2
1680 855 1829 922 Apud

318 951 677 1023 Carthaginem
702 952 1011 1022 Augustinus
1036 951 1251 1004 instante
1273 948 1549 1003 Collatione
1571 949 1835 1002 concionaa

320 1058 423 1097 tur.
447 1047 479 1099 ’5
500 1044 732 1099 lusa/ens
751 1043 1132 1098 Donatistarum
1154 1043 1203 1095 in
1231 1059 1338 1095 eam
1362 1042 1529 1096 urbem
1557 1043 1826 1113 ingressus,

314 1146 360 1187 et
381 1136 672 1189 earumdem
694 1151 950 1189 numerus.
977 1135 1009 1187 4
1035 1133 1245 1186 Omnem
1270 1129 1565 1187 Collationis
1587 1133 1827 1184 rationem

313 1227 480 1279 edicto
509 1225 786 1294 pra‘scribit
814 1224 1163 1279 Marcellinus.
1194 1224 1226 1278 5
1255 1222 1546 1277 Collationis
1578 1224 1686 1276 loco
1710 1240 1827 1276 suos

311 1334 486 1369 omnes
506 1318 591 1386 qui
621 1326 853 1371 venerunt
878 1316 1115 1370 interesse
1140 1316 1328 1379 volunt,
1357 1332 1417 1367 ac
1445 1312 1827 1382 subscriptiones

311 1425 435 1461 snas
464 1409 589 1461 dare
619 1410 742 1462 actis
785 1417 1015 1463 recusant
1054 1407 1354 1461 Donatista'.
1393 1407 1425 1461 6
1454 1406 1550 1459 llis
1581 1404 1829 1461 Catholici

309 1501 651 1554 conditionem
690 1518 801 1556 eam
838 1500 1055 1567 o/ferunt
1078 1543 1094 1568 ,
1141 1510 1197 1553 ut
1233 1501 1274 1554 si
1312 1517 1516 1554 causam
1563 1500 1827 1554 obtinuerit

312 1591 579 1659 Ecclesia,
608 1596 685 1647 vel
711 1595 1053 1663 epist-epotum
1090 1594 1333 1648 retineant
1376 1594 1453 1647 illi
1476 1593 1737 1649 redeuntes
1759 1594 1827 1647 ad

312 1684 557 1736 unitatem
577 1726 593 1747 ,
636 1684 711 1737 vel
758 1701 816 1738 eo
844 1702 895 1737 se
940 1684 1036 1755 ipsi
1064 1684 1252 1755 pariter
1278 1701 1391 1738 cum
1418 1684 1518 1739 illis
1543 1693 1746 1738 exuant.
1795 1685 1826 1738 7

308 1774 586 1846 Augustini
624 1775 757 1830 alius
798 1786 912 1830 ante
954 1775 1284 1831 Collationem
1313 1792 1474 1829 sermo
1510 1776 1572 1829 de
1602 1774 1755 1829 Pace.
1793 1776 1827 1831 8

312 1867 597 1937 Episcopos
617 1911 632 1934 ,
654 1868 740 1940 qui
758 1884 873 1921 cum
900 1868 1231 1921 scltismaticis
1261 1866 1547 1937 disputent,
1578 1863 1825 1922 Catholici

310 1961 581 2032 designant
608 2003 624 2027 ,
651 1979 775 2033 quos
803 1972 850 2016 et
874 1962 1071 2034 egregio
1116 1962 1354 2017 mandato
1387 1962 1748 2016 communiunt.

310 2103 364 2155 l.
409 2102 746 2158 Marcellinus
784 2103 1064 2167 tribunus,
1110 2104 1192 2158 cui
1239 2105 1566 2174 provinciam
1602 2104 1823 2175 cogendi

239 2191 546 2247 ('atholicos
569 2208 634 2248 ac
658 2194 958 2247 Donatislas
986 2193 1037 2247 in
1067 2195 1388 2264 colloquium
1431 2195 1705 2249 mandarat
1729 2194 1825 2249 Im-

240 2293 484 2351 perator,
532 2284 709 2336 statim
740 2293 896 2354 atque
922 2285 1066 2338 venit
1095 2284 1147 2338 in
1190 2284 1423 2340 Africam
1449 2327 1463 2350 ,
1508 2278 1637 2339 nihil
1661 2285 1824 2339 dubio

241 2374 424 2441 procul
450 2373 668 2439 omisit,
705 2382 763 2428 ut
787 2375 931 2428 omni
971 2390 1097 2429 cura
1125 2391 1189 2429 ac
1226 2375 1493 2447 diligentia
1534 2392 1646 2431 rem
1692 2378 1821 2431 tanti

238 2464 499 2519 momenti
528 2473 862 2533 promoveret
887 2482 900 2517 :
933 2481 1232 2535 quanquam
1259 2482 1363 2521 non
1393 2468 1652 2538 reperitur
1672 2470 1823 2539 quid-

238 2570 398 2622 quam
432 2555 559 2610 hinc
585 2556 653 2610 ab
690 2572 756 2611 eo
786 2557 1077 2627 prtestitum
1121 2568 1241 2612 ante
1270 2559 1497 2613 edictum
1522 2559 1648 2615 illud
1680 2561 1821 2631 quod

236 2661 451 2702 menses
476 2658 702 2717 quatuor
724 2658 847 2703 ante
865 2647 1120 2705 kalendas
1141 2651 1343 2719 junias,
1370 2666 1464 2705 seu
1495 2652 1670 2706 verius
1698 2661 1821 2707 ante

238 2738 508 2791 decimum
538 2748 782 2808 quartum
814 2737 1159 2794 kalendarum
1185 2741 1484 2809 juniarum,
1515 2742 1565 2796 id
1594 2752 1694 2809 est,
1735 2743 1821 2799 die

236 2827 451 2881 circiter
476 2827 686 2883 decimo
714 2836 905 2898 quarto
930 2828 1183 2884 kalendas
1213 2829 1506 2885 februarias
1534 2832 1656 2887 anni
1686 2847 1820 2903 qua-

234 2916 640 2982 dringentesimi
664 2919 928 2973 undecimi
953 2920 1268 2990 promulgari
1284 2921 1463 2991 jussit.
1489 2922 1601 2977 Hoc
1624 2924 1817 2989 edicto,

235 3007 374 3074 quod
402 3008 626 3063 Honorii
650 3009 876 3076 jussioni
898 3010 1205 3079 adjunctum
1236 3028 1330 3080 per
1355 3013 1655 3069 universam
1681 3014 1821 3070 Afri-

234 3114 352 3155 cam
383 3102 531 3155 misit
551 3101 768 3170 (Brevic.
796 3101 980 3156 Collat.
1001 3105 1050 3166 l,
1080 3120 1192 3173 mp.
1220 3103 1301 3173 2),
1331 3104 1594 3172 quoslibet
1617 3107 1819 3175 episco-

236 3206 331 3259 pos
360 3200 469 3245 tam
499 3191 803 3245 Catholicos
842 3208 999 3261 quam
1043 3193 1343 3248 Donatistas
1371 3208 1400 3247 a
1442 3196 1672 3248 locorum
1706 3212 1819 3250 ma-

235 3283 545 3351 gistratibus
594 3284 774 3337 statuit
827 3282 1053 3352 jnridico
1113 3300 1262 3339 more
1310 3284 1652 3354 appellandos
1681 3329 1695 3351 ,
1763 3297 1820 3342 ut

231 3375 628 3446 Carthaginem,
645 3391 856 3431 suarum
879 3375 1104 3447 quisque
1125 3378 1352 3447 partium
1376 3379 1653 3448 peritiores
1674 3381 1816 3434 viros

234 3471 297 3525 ad
330 3472 621 3527 ineundum
650 3471 971 3541 colloquium
1016 3472 1303 3539 electurus,
1348 3471 1481 3525 intra
1513 3472 1816 3543 designatos

236 3564 287 3617 in
310 3563 569 3631 imperiali
586 3562 826 3633 jussione
846 3576 1060 3617 menses
1078 3569 1304 3631 quatuor
1329 3564 1581 3617 accedant
1608 3562 1812 3635 (Cotlat.

235 3654 474 3723 among.
503 3653 554 3718 l,
581 3668 697 3723 cap.
720 3650 796 3724 5).
828 3651 942 3706 Non
972 3651 1113 3706 aliud
1143 3667 1224 3717 se,
1257 3652 1356 3705 nisi
1385 3652 1523 3721 quod
1553 3667 1616 3707 ex
1645 3654 1816 3710 allatis

236 3746 372 3798 ultro
395 3746 638 3814 citroque
675 3744 1003 3799 documentis
1031 3759 1212 3797 verum
1243 3758 1361 3798 esse
1387 3744 1701 3811 constiterit,
1728 3747 1814 3811 jn-

232 3835 565 3900 dicatnrum,
607 3850 704 3903 per
736 3834 1064 3888 sanctissima
1092 3847 1319 3902 qumque
1340 3832 1503 3903 jurat.
1536 3833 1814 3888 Verumta—

236 3938 372 3988 men,
400 3939 526 3977 eum
558 3925 603 3977 is
644 3923 917 3979 catholico
964 3921 1352 3977 communionis
1381 3922 1700 3977 christianos
1728 3940 1814 3978 ve-

235 4015 347 4068 nire
375 4015 429 4068 in
466 4015 820 4082 suspicionem
852 4022 1030 4083 posset
1057 4012 1197 4081 apud
1238 4013 1535 4067 Donatistas
1556 4013 1769 4083 (Possid
1796 4056 1811 4080 ,

232 4105 283 4157 in
313 4104 424 4157 Vita
464 4104 703 4174 August,
729 4120 776 4157 ε.
805 4104 885 4174 Al),
908 4118 1057 4157 suam
1081 4103 1184 4157 illis
1203 4102 1501 4172 (equitatem
1523 4105 1814 4172 approbare

236 4197 418 4249 nititur
442 4239 457 4263 ,
495 4212 557 4250 ea
596 4196 895 4250 concedens
918 4236 933 4262 ,
981 4211 1100 4264 qua:
1128 4202 1182 4249 et
1210 4194 1344 4264 juris
1387 4196 1577 4250 limites
1606 4207 1815 4261 printer

231 4289 376 4357 gredi
420 4289 763 4353 viderentur,
793 4297 846 4342 et
888 4286 1229 4356 imperatoris
1255 4328 1270 4353 ,
1317 4294 1373 4341 ut
1413 4288 1525 4356 ipse
1552 4287 1813 4342 fatebatur

231 4378 571 4444 (Marcellin,
591 4388 718 4433 sent.
744 4387 871 4448 post.
895 4377 1128 4447 Collat.),
1154 4377 1355 4447 injussu
1380 4378 1562 4431 tierent
1581 4376 1808 4451 (Breric.

234 4468 419 4523 Collat.
452 4472 513 4531 ‘l,
542 4486 658 4538 cap.
698 4468 787 4540 2).
828 4469 1033 4539 Quippe
1080 4468 1267 4538 recipit
1306 4468 1583 4538 episcopos
1628 4485 1812 4525 omnes

237 4561 577 4627 Donatistas,
618 4562 706 4630 qui
744 4561 810 4616 ad
839 4562 1159 4631 colloquium
1202 4562 1413 4626 vocati,
1456 4576 1513 4615 se
1541 4562 1811 4616 adfuturos

235 4652 783 4721 esseresponderint,
831 4652 884 4706 in
931 4652 1321 4721 possessionem
1367 4653 1710 4708 ecclesiarum
1750 4671 1812 4710 ac

232 4743 421 4810 jurium
453 4744 690 4798 omnium
714 4757 954 4809 suorum,
985 4743 1175 4812 quibus
1203 4741 1339 4797 forte
1359 4743 1616 4799 Catholici
1638 4745 1812 4799 Cresa-

238 4850 441 4889 rcorum
474 4836 809 4903 decretorum
838 4836 887 4891 vi
915 4838 1236 4901 fruerentur,
1267 4838 1564 4891 rcstitutmn
1596 4837 1656 4892 iri
1687 4846 1810 4893 ante

240 4928 397 4995 ipsam
438 4924 790 4982 Collationcm
834 4924 1038 5000 (Collat.
1069 4925 1312 4998 Cartltag.
1346 4927 1416 4991 1-,
1467 4944 1581 4999 cap.
1626 4928 1704 4997 5).
1734 4931 1810 4983 Ac

234 5014 330 5083 jam
383 5027 539 5083 tum,
582 5017 731 5086 quasi
784 5031 879 5086 per
930 5017 1399 5082 intercessionem,
1453 5016 1573 5071 lites
1624 5033 1809 5071 onmcs

236 5117 483 5177 actusque
537 5105 776 5161 forenses
833 5105 1017 5161 iisdem
1072 5106 1356 5161 intentatos
1407 5106 1809 5162 intcntandosve

238 5198 503 5253 intermitti
531 5198 792 5254 decernit.
824 5198 1039 5253 Necnon
1059 5200 1265 5268 juratus
1291 5199 1545 5268 promittit
1569 5240 1584 5263 ,
1613 5200 1808 5269 qualis-

238 5303 455 5360 cumque
501 5288 710 5344 futurus
735 5290 805 5344 sit
828 5274 1141 5345 Collationis
1167 5288 1363 5355 exitus,
1406 5290 1689 5344 Donatistis
1717 5292 1805 5361 qui

238 5395 299 5434 eo
322 5382 584 5448 venerint,
607 5382 673 5436 ad
699 5383 909 5451 propria
932 5382 1158 5435 reditum
1180 5381 1399 5437 omnino
1421 5382 1641 5436 liberum
1673 5383 1802 5438 fore.

242 5468 449 5533 Verum.
480 5471 621 5542 quod
652 5470 882 5525 maxime
922 5470 1163 5534 mireris,
1201 5485 1353 5537 sese,
1397 5470 1654 5541 siquidem
1705 5472 1807 5529 illis

241 5559 490 5618 habeatur
514 5572 793 5634 suspectus
813 5605 828 5627 ,
862 5571 1098 5631 paratum
1129 5563 1380 5625 ostendit,
1425 5565 1714 5632 quemlibet
1739 5581 1803 5621 ex

239 5667 411 5707 eoi-mn
436 5654 831 5721 communione,
861 5652 1001 5723 paris
1025 5654 1289 5708 autetiam
1317 5653 1606 5722 superioris
1631 5655 1805 5725 digni-

240 5744 374 5811 tatis,
404 5744 459 5801 in
484 5745 586 5801 hoc
612 5744 808 5817 judicio
832 5744 1085 5816 collegam
1116 5744 1412 5803 admittere.
1444 5743 1649 5801 Menses
1678 5761 1804 5817 qua-

1623 318 1825 376 ιιι]εῆ
1863 318 2031 373 SEX'l
2045 320 2145 377 US.

3419 330 3525 387 406

1937 441 2074 497 tuor,
2104 434 2237 488 intra
2268 451 2401 505 quos
2433 436 2669 492 habenda
2696 438 2919 494 Collatio
2950 451 3061 496 crat
3083 485 3096 506 ,
3145 441 3384 499 kalendis
3423 447 3515 515 1η-

1936 525 2035 578 niis
2059 523 2245 582 deﬁnit
2279 528 2612 585 Marcellinus
2637 528 2845 601 (Ibid)
2876 534 3047 603 Atque
3076 535 3147 588 ita
3198 537 3522 606 Augustinus

1936 616 2165 687 legerat,
2213 619 2424 687 quando
2460 620 2639 676 edicto
2679 622 2819 678 illius
2860 625 3177 693 posteriori,
3219 626 3270 681 in
3316 642 3423 696 quo
3468 629 3513 683 is

1935 724 2144 778 quoque
2173 711 2427 767 terminus
2456 712 2653 783 ﬁgitur,
2683 716 2927 771 ettindem
2954 716 3119 782 diem,
3150 736 3306 788 quem
3329 721 3513 789 priori,

1932 804 2276 859 constitutum
2317 804 2511 861 asserit
2539 804 2755 873 (Brevic.
2790 808 2972 864 Collat.
3009 811 3029 865 l
3057 851 3072 877 ,
3095 828 3209 881 cap.
3239 813 3318 883 5).
3361 815 3513 867 Atta-

1936 909 2057 948 tnen
2085 894 2135 948 iu
2162 893 2458 953 Collatioue
2502 901 2861 968 pronuntiant
2884 901 3054 957 scriba
3097 902 3303 958 decimo
3325 914 3519 974 quarto

1936 984 2187 1041 kalendas
2210 986 2386 1057 junias
2409 989 2573 1043 fixum
2596 990 2772 1045 edicto
2800 993 3083 1049 terminum
3104 994 3276 1049 claudi
3307 994 3514 1065 (Collat.

1934 1075 2178 1149 Cartltag.
2208 1080 2259 1143 1,
2287 1097 2401 1150 cap.
2431 1080 2542 1152 27).
2568 1083 2843 1138 Consenlit
2865 1083 3026 1139 etiam
3058 1101 3177 1141 cum
3206 1086 3296 1141 illo
3335 1090 3515 1157 Auga-

1935 1170 2125 1236 stiuus,
2155 1171 2478 1242 missumque
2503 1175 2554 1228 in
2581 1176 2909 1245 provinciam
2936 1177 3191 1245 edictum,
3221 1179 3271 1235 id
3300 1190 3381 1236 est
3409 1183 3515 1249 pri-

1934 1276 2110 1327 mum,
2141 1262 2217 1315 sic
2246 1263 2495 1319 habuisse
2518 1267 2754 1335 agnoscit
2785 1268 3004 1339 (Breric.
3026 1269 3209 1325 Collat.
3233 1274 3409 1343 l,cap.
3432 1273 3510 1343 8).

1936 1351 2268 1409 Marcellinus
2318 1371 2443 1410 vero
2488 1357 2683 1412 dictam
2731 1359 3014 1418 Collationi
3055 1365 3290 1421 secundo
3335 1366 3512 1423 edicto

1933 1442 2275 1502 kalendarum
2296 1448 2559 1515 juuiarum
2580 1450 2719 1507 diem
2739 1454 3018 1524 proﬁtetur
3040 1456 3242 1529 (Cotlat.
3264 1458 3506 1533 Carr/mg.

1935 1537 1987 1600 1,
2014 1554 2129 1603 cap.
2156 1538 2271 1611 25).
2295 1540 2548 1607 Quocirca
2594 1543 2645 1598 in
2673 1544 2844 1613 primo
2871 1547 3044 1603 edicto
3069 1565 3173 1604 non
3208 1550 3344 1606 intra
3368 1553 3509 1609 diem

1932 1627 2275 1686 kalendarum
2300 1632 2598 1701 juniarum,
2648 1635 2743 1691 sed
2784 1637 2919 1693 intra
2960 1638 3223 1696 decimum
3261 1654 3507 1712 quartum

1932 1719 2272 1777 kalendarum
2315 1724 2582 1790 juniarum
2639 1727 2779 1781 diem
2833 1728 3109 1799 legendum
3146 1741 3288 1786 esset
3320 1733 3504 1803 (Ibid,

1930 1828 2045 1882 cap.
2070 1810 2124 1884 5)
2156 1831 2167 1865 :
2198 1815 2295 1869 nisi
2321 1816 2364 1869 si
2391 1817 2509 1885 quis
2535 1818 2684 1872 malit
2709 1828 2941 1874 erratum
2973 1821 3043 1876 ibi
3069 1837 3099 1875 a
3124 1824 3297 1879 scriba
3322 1822 3508 1895 fuisse,

1930 1903 2071 1973 quod
2101 1905 2225 1959 alibi
2255 1922 2466 1977 quoque
2494 1908 2562 1964 ab
2590 1909 2777 1965 eodem
2804 1911 3093 1967 admissum
3120 1914 3367 1970 observat
3392 1917 3509 1971 Au-

1931 1994 2171 2064 gustinus
2200 1995 2385 2065 (Ibid.,
2413 2015 2527 2068 cap.
2567 2000 2681 2068 27).
2716 2002 2781 2057 Et
2811 2002 3101 2069 secundum
3138 2005 3353 2074 quidem
3392 2008 3509 2061 edi-

1930 2093 2071 2139 ctum
2104 2087 2172 2139 ita
2200 2085 2451 2142 kalendas
2473 2089 2649 2158 junias
2672 2094 2954 2147 conventui
2982 2095 3234 2165 assignat,
3266 2105 3322 2151 ut
3348 2097 3508 2152 alium
3538 2124 3553 2133 -

1930 2175 2071 2231 diem
2117 2178 2391 2234 deﬁnitum
2437 2183 2582 2250 prius
2636 2174 2801 2239 fuisse
2848 2201 3180 2258 nequaquam
3227 2190 3505 2260 signiticet.

1930 2266 1995 2322 Et
2021 2281 2145 2322 vero
2172 2269 2491 2325 contendere
2525 2273 2578 2325 in
2606 2274 2775 2328 altero
2795 2314 2810 2339 ,
2841 2291 3046 2331 necnon
3074 2278 3126 2332 in
3159 2280 3315 2334 tertio
3340 2280 3508 2335 Collo-

1930 2357 2054 2426 qnio
2099 2356 2388 2427 Catholici,
2437 2363 2761 2430 prmstitutos
2806 2374 3034 2435 quatuor
3093 2383 3306 2425 menses
3354 2370 3504 2439 juxta

1928 2448 2180 2515 edictum,
2210 2450 2440 2520 primum
2465 2452 2727 2516 videlicet,
2755 2456 2906 2525 cujus
2925 2472 2990 2511 eo
3020 2457 3119 2512 loci
3147 2460 3320 2513 verbis
3351 2470 3506 2514 ωας.-

1931 2546 2042 2606 tur,
2070 2540 2137 2594 ad
2162 2540 2304 2597 diem
2340 2541 2683 2599 kalendarum
2716 2545 2985 2615 juniarum
3012 2550 3256 2605 concludi
3290 2549 3500 2622 (Collat.

1927 2629 2165 2704 Carthag.
2209 2633 2265 2699 2,
2311 2652 2426 2706 cap.
2471 2636 2574 2702 50;
2621 2636 2780 2703 Ibid.,
2838 2640 2911 2707 ‘5,
2947 2656 3062 2710 cap.
3125 2640 3262 2706 40$;
3309 2641 3502 2696 Brecic.

1925 2721 2111 2779 Collat.
2144 2725 2212 2790 2,
2243 2743 2359 2796 cap.
2382 2726 2461 2799 5).
2488 2729 2551 2782 Et
2581 2728 2682 2783 hoc
2707 2729 2829 2785 inde
2861 2731 3172 2799 probabant,
3196 2732 3338 2802 quod
3362 2749 3509 2789 com-

1928 2819 2155 2888 pellatus
2177 2822 2360 2876 venire
2385 2822 2450 2876 ad
2476 2822 2823 2878 Collationem
2851 2823 3170 2893 Primianus,
3201 2824 3504 2881 adfuturum

1925 2925 2046 2966 sese
2091 2911 2156 2966 ad
2188 2913 2339 2967 istam
2379 2912 2518 2969 diem
2566 2914 2925 2983 promisisset;
2978 2915 3182 2986 ipsique
3222 2916 3507 2972 Donatista:

1926 3000 2171 3067 delectis,
2200 3004 2289 3073 qui
2332 3018 2456 3058 suas
2505 3004 2556 3058 in
2597 3004 2890 3060 Collatione
2922 3015 3098 3073 partes
3143 3007 3502 3074 sustinerent,

1924 3092 2210 3162 episcOpis,
2236 3108 2337 3149 non
2379 3104 2502 3149 ante
2543 3105 2787 3150 octavum
2841 3094 3207 3151 kalendarum‘
3235 3098 3503 3165 juniarum

1924 3184 2061 3237 diem
2094 3184 2398 3239 mandatum
2429 3184 2730 3253 dedissent,
2774 3188 2915 3240 nulla
2944 3188 3107 3256 prius,
3138 3204 3256 3257 qum
3286 3190 3349 3243 ad
3380 3191 3504 3244 Col-

1924 3276 2135 3330 lationis
2159 3277 2299 3331 diem
2326 3277 2637 3346 pertineret,
2662 3279 2745 3332 vel
2781 3280 2938 3347 petita
2963 3280 3235 3347 dilatione,
3263 3283 3344 3337 vel
3362 3281 3505 3352 judi-

1922 3367 2007 3420 cio
2036 3365 2269 3436 ﬂagitato
2300 3367 2504 3441 (Collat.
2538 3366 2778 3440 Cartlmg.
2812 3370 2863 3434 1,
2889 3385 3005 3439 cap.
3036 3369 3147 3442 28).

1991 3460 2047 3513 2.
2093 3459 2171 3514 Eo
2208 3475 2349 3514 anno
2388 3461 2588 3515 Pascha
2618 3461 2847 3530 septimo
2872 3460 3125 3517 kalendas
3150 3464 3332 3532 aprilis
3356 3464 3504 3521 cele-

1924 3551 2207 3616 brabatur;
2256 3551 2577 3620 proindcque
2616 3552 2788 3621 pridie
2819 3552 2936 3606 idus
2974 3553 3138 3607 maias
3164 3554 3495 3609 Pentecoste.

1925 3643 2036 3697 lloc
2076 3643 2266 3698 festum
2305 3658 2336 3697 e
2376 3654 2628 3698 consueta
2657 3643 2911 3699 Ecclesia:
2935 3644 3214 3713 disciplina
3239 3646 3498 3715 jejunium

1922 3733 2241 3803 sequebatur
2269 3733 2461 3805 (Serm.
2489 3735 2590 3789 557
2611 3776 2626 3800 ,
2660 3751 2708 3787 η.
2745 3733 2830 3809 5),
2862 3736 2974 3789 sive
3002 3734 3128 3789 illud
3158 3744 3326 3801 esset,
3355 3738 3499 3806 quod

1922 3826 2065 3881 feriis
2091 3836 2277 3896 quarta
2304 3835 2360 3880 et
2387 3837 2531 3881 sexta
2539 3869 2559 3911 ι
2581 3835 2771 3896 prmter
2795 3826 3049 3882 Paschale
3072 3833 3298 3896 tempus,
3322 3842 3500 3883 serva-

1922 3917 2075 3971 batur
2104 3926 2214 3971 toto
2237 3932 2410 3983 anno;
2445 3920 2556 3973 sive
2575 3918 2862 3973 solcmuius
2887 3918 3117 3989 aliquod;
3139 3936 3256 3990 qua:
3280 3929 3495 3977 senten-

1924 4011 1991 4063 tia
2038 3993 2253 4079 propitis
2299 4009 2548 4065 recedere
2588 4025 2616 4063 τι
2655 4010 2833 4065 verbis
2868 4011 3144 4080 Augustini
3174 4011 3399 4067 videtur.
3433 4012 3494 4068 Et

1919 4099 2133 4169 quidem
2156 4113 2432 4154 sermones
2481 4100 2596 4168 ejus
2636 4100 2768 4153 duos
2807 4100 2875 4154 de
2912 4100 3117 4169 jejunio
3162 4101 3501 4172 Quinquage-

1922 4189 2073 4241 sima:
2141 4188 2192 4241 in
2240 4188 2468 4243 Iudicem
2521 4189 2698 4242 retulit
2750 4188 3062 4261 Possidius(
3101 4189 3169 4243 In
3226 4189 3495 4256 Indieulo,

1916 4295 2031 4348 cap.
2062 4276 2137 4351 9).
2172 4279 2273 4333 Per
2298 4279 2348 4333 id
2377 4286 2522 4333 certe
2564 4289 2769 4349 tempus
2806 4289 3022 4335 sanctus
3062 4279 3255 4335 Doctor
3280 4282 3497 4337 concio-

1920 4386 2040 4425 nem
2070 4370 2137 4425 de
2164 4385 2311 4440 pace,
2338 4371 2490 4440 cujus
2513 4370 2717 4425 initium
2750 4380 2867 4424 cst:
2899 4370 3119 4443 Tempus
3149 4382 3221 4427 est
3243 4372 3498 4428 exhortari

1917 4461 2109 4531 (Serm.
2142 4463 2310 4532 55⁸1),
2342 4461 2712 4531 pronuntiavit.
2745 4462 2994 4529 Queritur
3021 4464 3072 4516 in
3104 4463 3202 4518 hac
3222 4505 3236 4528 ,
3280 4466 3498 4520 Donati-

1917 4561 2026 4608 stas
2051 4568 2207 4624 quam
2232 4553 2619 4607 infensissimos
2640 4555 2753 4623 paci
2776 4568 2837 4607 ac
2852 4554 3264 4610 recouciliationi
3287 4558 3496 4613 animos

1918 4658 2026 4716 pra:
2070 4660 2130 4700 se
2168 4645 2325 4699 ferre.
2363 4644 2666 4700 Catholicos
2694 4644 2759 4699 ad
2800 4661 2981 4714 pacem
3005 4688 3020 4713 ,
3053 4656 3108 4701 ut
3135 4647 3254 4702 illos
3282 4648 3346 4702 ad
3375 4663 3493 4704 eam

1919 4739 2127 4794 trahere
2151 4738 2384 4808 possint,
2409 4739 2683 4803 hortatur;
2714 4750 2988 4809 rogatque,
3017 4750 3074 4796 ut
3101 4757 3311 4796 omnem
3333 4741 3495 4811 jurgii

1918 4830 2148 4900 rixa‘que
2174 4844 2291 4885 cum
2323 4830 2586 4883 haereticis
2615 4831 2983 4898 occasionem,
3013 4848 3077 4888 ne
3104 4834 3343 4887 iratiores
3368 4833 3491 4888 inde

1915 4937 1977 4977 ac
2010 4922 2177 4993 magis
2206 4922 2564 4991 implacabiles
2591 4924 2842 4987 evadant,
2870 4938 3075 4978 summa
3113 4924 3383 4994 diligentia
3410 4923 3492 4978 t'u-

1912 5014 2075 5083 giant.
2110 5011 2261 5068 Nunc
2299 5016 2533 5070 curandis
2575 5018 2811 5085 instatur,
2850 5017 3048 5087 inquit;
3081 5018 3132 5071 in
3158 5021 3349 5089 fervore
3375 5025 3493 5071 sunt

1913 5104 2045 5156 oculi
2063 5104 2345 5158 sauciorum
2365 5148 2379 5171 ,
2406 5115 2549 5160 caute
2566 5106 2797 5173 curandi,
2816 5107 3087 5176 leniterque
3104 5107 3354 5161 tractandi
3372 5116 3491 5163 sunt

1913 5192 2097 5262 (Ibid,
2128 5211 2180 5247 n.
2212 5194 2291 5265 4).
2324 5194 2499 5249 Monet
2522 5205 2579 5250 ut
2607 5190 2853 5266 quidquid
2882 5197 2952 5250 illi
2981 5198 3063 5252 vel
3088 5206 3272 5253 contra
3305 5199 3489 5255 Eccle-

1911 5286 2066 5352 siam,
2092 5288 2173 5343 vel
2201 5299 2386 5343 contra
2407 5288 2660 5343 Ecclesiae
2676 5289 2936 5342 antistites
2958 5289 3263 5356 ct'l'utierint,
3289 5292 3489 5361 patien-

1912 5386 1992 5430 ter
2022 5376 2224 5433 lerant:
2261 5379 2423 5433 Deum
2452 5388 2651 5433 tantum
2675 5379 2802 5432 tusis
2824 5393 2919 5449 pro
2948 5380 3155 5436 illorum
3181 5383 3350 5437 εειιιιῑε
3366 5398 3490 5453 pre-

1910 5468 2060 5523 cibus
2084 5469 2449 5539 alloquamur;
2476 5470 2561 5524 cui
2584 5479 2637 5525 et
2662 5471 2916 5540 temporis
2942 5470 3162 5541 hujusce
3184 5472 3382 5542 jejunia
3409 5474 3489 5529 ot“-

1911 5559 2101 5626 l'erant,
2128 5575 2246 5615 cum
2272 5577 2367 5630 pro
2390 5561 2738 5617 schismaticis
2766 5563 2829 5615 ad
2861 5564 3284 5620 communionem
3304 5565 3488 5621 esthoc

1910 5652 2063 5707 licam
2091 5650 2424 5717 revocandis,
2456 5660 2567 5706 tum
2595 5653 2754 5709 etiam
2786 5669 2883 5724 pro
2907 5655 3168 5725 episcopis
3188 5696 3203 5723 ,
3234 5671 3261 5708 a
3290 5656 3483 5726 quibus

1910 5741 2288 5817 propugnanda
2314 5752 2455 5799 esset
2478 5742 2729 5800 Ecclesia)
2758 5759 2913 5801 causa
2937 5787 2951 5813 ,
2994 5761 3177 5816 preces
3206 5761 3334 5801 vero
3362 5762 3485 5806 suas
