4042 6360
567 446 637 495 nl)
659 440 795 494 'riori
824 439 1080 491 adversus
1102 451 1299 506 egenos
1322 435 1633 488 liberalitate
1658 433 1889 487 fulciant.
1919 431 2146 501 Impellit

568 542 822 603 praeterea
852 530 1150 593 auditores,
1200 538 1255 581 ut
1297 537 1503 596 arrepta
1540 524 1930 579 adventantium
1958 538 2145 578 servo-

566 638 684 678 rum
718 622 809 676 Dei
838 619 1231 691 opportunitate
1269 616 1678 686 hospitalitatem
1708 623 2012 668 exerceant.
2045 612 2143 668 Ubi

566 730 697 769 sane
734 714 1012 784 episcopos
1051 709 1425 780 Carthaginem
1467 708 1776 763 Collationis
1802 720 1959 761 causa
1987 720 2142 760 acce-

565 807 773 869 dentes,
795 804 880 860 vel
902 811 1046 859 certe
1070 801 1403 856 adhrcrentes
1426 800 1503 854 eis
1527 798 1833 862 monachos,
1862 797 2142 867 significari

567 910 725 952 nemo
751 894 972 949 dubitet.
1004 892 1154 948 Unde
1193 891 1453 960 intelligas
1486 904 1546 943 ea
1593 888 1643 941 in
1683 888 1812 942 urbe
1840 901 2141 941 sermonem

566 989 711 1041 hunc
757 984 1005 1041 habuisse
1050 982 1399 1053 Augustinum
1437 997 1449 1033 :
1496 989 1550 1033 et
1594 979 1677 1033 hic
1713 993 1898 1033 revera
1922 978 2061 1031 illius
2089 977 2141 1031 in

568 1078 810 1147 proxime
838 1076 1097 1147 sequenti,
1129 1090 1283 1144 quem
1305 1071 1622 1141 Carthagine
1648 1071 2040 1141 pronuntiatum
2063 1070 2144 1124 in-

566 1168 727 1226 duliie
753 1176 979 1230 constat,
1009 1166 1326 1221 mentionem
1358 1164 1477 1219 facit
1500 1164 1690 1233 (Serm.
1719 1162 1843 1227 558,
1872 1179 1924 1216 n.
1957 1159 2034 1232 6).

639 1260 692 1313 5.
722 1256 802 1312 Ad
829 1256 1133 1313 Collationis
1161 1256 1331 1309 locum
1355 1252 1611 1308 Catholici
1640 1268 1743 1307 non
1764 1251 2058 1322 composito
2076 1250 2142 1305 ad

569 1348 761 1403 fastum
808 1357 1059 1417 apparatu
1109 1360 1172 1400 ac
1211 1340 1398 1415 pompa
1422 1387 1437 1410 ,
1485 1344 1580 1399 sed
1624 1344 1813 1414 singuli
1853 1358 2049 1398 venere
2076 1342 2144 1398 ab

567 1438 922 1493 ostentatione
948 1436 1338 1491 Donatistarum
1368 1436 1520 1505 longe
1545 1434 1891 1489 abhorrentes
1919 1432 2139 1503 (Brevia.

566 1530 753 1584 Callet.
805 1530 866 1595 1,
903 1546 1017 1598 cap.
1063 1527 1189 1600 ll):
1224 1528 1277 1582 lii
1315 1529 1510 1598 quippe
1556 1526 1922 1596 Carthaginem
1961 1525 2141 1595 quinta

568 1620 719 1684 feria,
752 1620 939 1690 quinto
964 1619 1171 1674 decimo
1196 1618 1450 1673 kalendas
1467 1619 1659 1688 juuias,
1695 1626 1839 1671 tanta
1880 1632 1999 1672 eum
2026 1631 2142 1671 ma-

567 1709 902 1779 gniﬁcentia,
948 1719 1089 1764 tanta
1137 1710 1389 1763 comitum
1436 1709 1584 1763 turba
1630 1709 1851 1779 ingressi
1894 1716 2047 1773 sunt,
2086 1716 2144 1762 ut

566 1804 803 1857 omnium
833 1818 1035 1874 magna:
1065 1804 1202 1856 illius
1232 1802 1375 1863 urbis
1410 1802 1602 1856 civium
1641 1802 1822 1856 oculos
1847 1802 1897 1855 in
1929 1816 1987 1856 se
2010 1816 2141 1859 con-

568 1908 751 1947 versos
792 1892 1108 1947 distinerent
1152 1891 1353 1960 (Callet.
1384 1890 1623 1961 Cartliag.
1649 1892 1708 1956 1,
1735 1907 1885 1962 capp.
1916 1891 2001 1953 14,
2028 1890 2140 1960 29).

570 1984 779 2054 ipsique
808 1985 941 2038 adeo
962 1985 1204 2053 jactitant
1234 1984 1606 2053 Carthaginem
1630 1999 1864 2049 omnem,
1900 1985 2006 2039 imo
2029 1985 2145 2039 uni-

483 2097 503 2113 -
571 2090 776 2129 versam
799 2074 1051 2140 Africam,
1075 2074 1334 2128 adventus
1361 2073 1442 2127 sui
1473 2084 1655 2128 testem
1681 2089 1821 2139 esse,
1850 2075 1918 2128 ita
1942 2084 1996 2128 ut
2017 2076 2143 2129 nulli

570 2167 728 2221 liccat
750 2166 865 2236 ejus
894 2167 970 2220 rei
1000 2166 1345 2236 ignorantiam
1384 2165 1694 2221 obtendere.
1739 2164 1952 2221 Addunt
1988 2164 2143 2220 indu-

567 2265 684 2311 ctos
708 2272 767 2312 se
790 2272 872 2321 eo,
904 2256 1042 2327 quod
1073 2255 1172 2310 sibi
1196 2256 1559 2311 denuntiatum
1582 2271 1609 2309 a
1632 2255 1934 2311 Marcellino
1954 2255 2141 2322 fuerat,

568 2348 776 2415 edicto,
816 2357 872 2402 ut
900 2363 1125 2418 propere
1153 2347 1529 2418 Carthaginem
1566 2348 1903 2415 advolarent;
1952 2364 2107 2404 senes
2129 2392 2143 2415 ,

566 2439 812 2508 quamvis
841 2448 1039 2493 exacta:
1068 2453 1130 2491 ac
1155 2438 1443 2509 decrepita:
1480 2440 1653 2494 :etatis
1673 2480 1687 2504 ,
1719 2454 1823 2494 non
1865 2455 2146 2496 excusasse

568 2527 1018 2592 imbecillitatem;
1049 2544 1219 2598 neque
1248 2528 1384 2587 ullos
1405 2531 1618 2585 relictos
1640 2530 1692 2584 in
1715 2531 2016 2601 provinciis,
2046 2532 2144 2586 nisi

566 2632 702 2686 quos
739 2618 958 2672 adversa
995 2618 1240 2672 valetudo
1274 2620 1537 2673 retinebat
1564 2619 1776 2673 invitos.
1807 2618 1875 2673 Et
1899 2630 2044 2675 certe
2068 2621 2145 2676 sic

570 2722 658 2763 res
680 2707 942 2763 habebat:
971 2710 1165 2777 quippe
1197 2725 1380 2764 eorum
1411 2711 1605 2779 primas
1633 2724 1757 2765 suos
1787 2724 1973 2765 omnes
1998 2710 2145 2779 abje-

567 2800 669 2855 etis
691 2800 1009 2870 quibuslibet
1030 2800 1189 2862 rebus
1213 2818 1278 2857 eo
1302 2816 1620 2857 concurrere
1637 2802 1865 2870 iusserat
1884 2843 1897 2866 ,
1924 2811 2144 2859 testatus

570 2891 821 2947 nimirum
847 2907 940 2948 eos
965 2894 1055 2962 qui
1087 2907 1209 2948 cum
1242 2893 1458 2964 reliquis
1482 2894 1662 2950 venire
1689 2893 2060 2964 detrectarent,
2094 2896 2143 2951 id

570 2982 801 3053 praesidii
829 2999 937 3038 sua:
958 2992 1235 3052 ercpturos
1258 3000 1454 3051 causae,
1482 2983 1622 3055 quod
1648 2983 1903 3041 haberent
1932 2987 2144 3056 potissi-

568 3087 715 3127 mum
736 3066 1152 3143 (AJDonatirtus
1172 3085 1282 3145 post
1302 3074 1507 3140 Callet.,
1523 3092 1575 3128 η.
1597 3076 1712 3142 41).
1736 3074 1914 3145 itaque
1937 3090 2057 3131 cum
2078 3076 2143 3131 ad

570 3162 918 3222 C-‘JliﬂllOllCln
950 3165 1176 3237 public-is
1214 3167 1389 3220 Gestis
1414 3165 1584 3219 vocati
1615 3175 1757 3233 sunt,
1783 3166 2058 3222 adiuturos
2086 3182 2144 3224 se

536 3290 537 3293 η
571 3246 815 3328 prompto
836 3259 1013 3312 animo
1041 3257 1366 3324 promisere;
1400 3271 1498 3310 nec
1517 3256 1906 3324 Marcellinum,
1936 3259 2142 3313 tametsi

567 3348 884 3402 catholicam
922 3346 1233 3418 religionem
1274 3360 1395 3400 eum
1424 3345 1656 3416 profiteri
1686 3362 1790 3400 non
1818 3350 2141 3417 ignorarent,

559 3434 793 3505 iudicem
821 3437 872 3491 in
904 3436 1025 3492 ﬁdei
1052 3449 1208 3491 causa
1238 3435 1579 3504 rcpudiavere
1606 3432 1913 3503 (Possidius,
1943 3436 1996 3490 in
2030 3436 2145 3491 Vite

569 3527 868 3597 Augustini,
898 3544 946 3580 c.
978 3528 1077 3597 4).
1124 3526 1286 3580 Porro
1328 3525 1468 3594 quod
1507 3525 1587 3580 eis
1629 3535 1902 3595 tantopere
1946 3527 2143 3596 primas

562 3618 823 3687 optimum
850 3619 901 3672 in
931 3633 1087 3673 causa
1112 3632 1207 3673 sua
1234 3616 1465 3672 futurum
1486 3618 1920 3685 commendabat,
1948 3619 2001 3673 id
2032 3622 2140 3674 Au-

562 3707 776 3776 gustino
807 3716 940 3761 teste
965 3707 1095 3761 nihil
1125 3716 1240 3763 erat
1265 3707 1429 3772 aliud,
1463 3706 1560 3761 nisi
1590 3716 1647 3761 ut
1672 3708 1861 3762 darent
1884 3724 2101 3779 operam
2123 3751 2138 3775 ,

560 3810 667 3865 quo
682 3797 1094 3851 numerosissimi
1117 3810 1237 3852 esse
1256 3796 1560 3869 viderentur
1583 3796 1687 3866 (Ad
1713 3796 2005 3853 Danatistas
2032 3810 2143 3869 post

561 3886 772 3957 Callet,
801 3905 851 3939 η.
874 3884 987 3956 ll).
1018 3886 1153 3954 Quin
1181 3887 1340 3939 etiam
1368 3867 1527 3939 variis
1552 3886 1819 3941 fraudibus
1842 3902 1905 3941 ac
1925 3867 2141 3943 menda-

561 3976 659 4030 ciis
713 3991 927 4032 suorum
983 3976 1309 4045 amplificare
1353 3976 1739 4031 multitudinem
1786 3977 2137 4033 studuerunt:

561 4066 753 4135 quibus
781 4074 957 4120 tamen
986 4064 1242 4121 hactenus
1283 4073 1483 4121 tantum
1510 4066 1784 4135 profecere
1802 4108 1817 4132 ,
1848 4075 1908 4122 ut
1931 4067 2139 4123 ducenti

561 4156 893 4226 septuaginta
914 4171 1102 4211 novem
1127 4164 1549 4221 numerarentur,
1570 4156 1726 4225 paulo
1753 4156 1996 4213 videlicet
2014 4173 2141 4227 pau-

559 4244 732 4298 ciores
760 4259 917 4313 quam
948 4244 1204 4300 Catholici
1236 4243 1442 4314 (Callet.
1472 4244 1711 4315 Cartltag.
1744 4246 1795 4311 1,
1841 4263 1955 4316 cap.
1988 4248 2137 4320 215),

558 4351 694 4404 quos
719 4336 785 4390 ad
812 4336 1069 4392 ducentos
1098 4337 1361 4406 octoginta
1385 4350 1477 4391 sex
1505 4346 1619 4391 erat
1649 4337 1888 4393 invenire
1918 4338 2136 4409 (Brevic.

562 4427 744 4481 Callet.
780 4430 802 4482 1
829 4469 843 4492 ,
875 4444 990 4499 cap.
1021 4430 1119 4495 1-1,
1149 4438 1195 4483 et
1224 4427 1409 4483 Callet.
1442 4427 1682 4500 Cartlmg.
1723 4430 1746 4485 1
1774 4471 1789 4495 ,
1831 4447 1946 4501 cap.
1988 4431 2135 4505 214).

561 4515 763 4571 Practer
790 4516 889 4571 hos
909 4559 923 4582 ,
955 4525 1014 4571 ut
1037 4526 1152 4573 acta
1176 4517 1481 4573 Collationis
1518 4518 1761 4586 tradunt,
1800 4520 1887 4574 alii
1929 4536 2140 4591 quoque

561 4605 833 4660 catholica:
859 4607 1247 4663 communionis
1270 4609 1450 4679 viginti
1473 4625 1630 4680 supra
1647 4611 1902 4667 ducentos
1930 4611 2135 4685 (Callet.

559 4692 803 4767 Cartizeg.
834 4699 879 4761 l,
904 4713 1016 4767 cup.
1036 4697 1187 4768 215),
1209 4713 1305 4753 seu
1326 4700 1520 4765 verius,
1549 4715 1653 4754 non
1682 4702 1906 4770 amplius
1925 4713 2135 4757 centum

562 4785 743 4855 viginti
775 4786 988 4859 (Brevia.
1019 4788 1203 4843 Callet.
1248 4790 1311 4856 1,
1353 4807 1467 4860 cap.
1510 4791 1633 4861 14),
1674 4807 1831 4860 quem
1860 4808 2135 4848 numerum

562 4878 920 4947 Augustinus,
970 4893 1174 4933 nconon
1221 4880 1606 4949 manuscriptus
1644 4879 1952 4936 Collationis
2004 4883 2136 4939 liber

560 4965 834 5029 exhibent,
863 4966 915 5021 in
948 4967 1231 5037 provinciis
1253 4976 1344 5021 aut
1372 4967 1695 5031 infirmitate,
1718 4978 1813 5037 aut
1838 4979 2133 5035 senectute,

560 5070 651 5115 aut
694 5061 799 5115 alia
840 5060 1086 5131 quapiam
1130 5060 1447 5115 necessitate
1498 5060 1698 5115 detenti
1751 5074 2132 5118 remanserant.

560 5150 735 5205 Fuere
758 5150 973 5221 insuper
989 5150 1215 5205 viduata:
1240 5151 1347 5204 suis
1370 5149 1681 5219 praesulibus
1706 5148 1957 5206 Ecclesiae
1985 5166 2138 5208 sexa-

558 5244 723 5308 g'nta.
754 5242 827 5297 Ac
856 5242 1096 5311 proinde,
1123 5242 1166 5296 si
1198 5241 1456 5296 rationem
1477 5241 1544 5295 ad
1565 5257 1685 5296 eum
1703 5243 1916 5297 modum
1940 5245 2138 5300 subdu-

1696 317 1847 371 \'lT.-\
1883 316 1941 371 S.
1985 314 2342 372 Αυουδτικι
2385 315 2701 374 EPISCUPI.

3727 331 3839 391 41⁵8

2250 430 2558 502 dringentos
2599 433 2865 490 antistites
2894 450 2989 506 per
3014 444 3173 492 totam
3214 440 3442 496 Africam
3468 458 3527 498 se
3549 460 3668 501 esse
3696 465 3839 517 pne-

2249 522 2496 577 diearunt
2523 523 2626 594 (Ad
2649 522 2945 580 Donatista:
2970 538 3078 596 post
3105 530 3312 598 σοαπ,
3341 550 3393 587 n.
3424 535 3535 605 41).
3564 538 3836 597 Caeterum

2249 614 2316 667 ab
2338 614 2400 668 iis
2421 614 2596 669 nullus
2616 617 2928 672 nominatim
2950 619 3275 690 designatus.
3299 625 3363 679 Et
3376 639 3503 680 sane
3520 627 3643 682 illud
3666 645 3835 701 quam

2248 704 2378 759 futili
2406 716 2461 760 et
2487 706 2659 776 inepta
2687 708 2916 765 vanitate
2942 710 3200 781 dicerent,
3226 717 3353 770 satis
3385 731 3644 789 superque
3667 737 3838 792 appa-

2248 798 2429 862 rebat,
2472 812 2591 853 cum
2627 816 2691 855 ex
2728 801 3038 871 imposturis
3059 821 3191 875 quas
3217 794 3585 879 exaggerando
3612 829 3835 872 suorum

2248 902 2469 941 numero
2511 888 2887 959 adhibuerant,
2941 902 3048 949 tum
3079 912 3145 951 ex
3176 913 3239 952 eo
3264 902 3405 971 quod
3437 903 3566 957 solis
3594 908 3838 975 exceptis

2245 977 2457 1045 a‘grotis
2484 977 2672 1034 deesse
2697 982 2961 1039 neminem
2984 1025 2999 1053 ,
3040 1002 3135 1042 sua
3168 988 3219 1043 iu
3249 989 3463 1053 Notaria
3492 1005 3642 1050 erant
3669 1011 3836 1067 aper-

2249 1066 2448 1121 tissime
2473 1068 2716 1140 professi.

2316 1158 2368 1212 4.
2390 1157 2487 1213 Ubi
2506 1160 2875 1232 Carthaginem
2899 1166 3172 1239 utriusque
3187 1175 3577 1232 communionis
3594 1177 3835 1251 episcopi

2245 1249 2529 1315 advenere.
2556 1252 2888 1311 Marcellinus
2912 1258 3081 1315 altero
3109 1262 3283 1319 edicto
3301 1265 3609 1324 Collationis
3629 1249 3833 1340 locum,

2249 1349 2458 1409 tempus
2492 1352 2649 1412 atque
2692 1344 2945 1404 ordinem
2978 1352 3251 1409 constituit
3290 1355 3504 1426 (Brevia.
3542 1358 3728 1415 Callet.
3764 1364 3829 1430 1,

2246 1447 2360 1501 cap.
2406 1432 2484 1502 5).
2531 1433 2802 1506 Simulque
2843 1438 3094 1497 adhibitis
3140 1446 3504 1515 cautionibus,
3548 1449 3836 1521 diligenter

2245 1524 2495 1612 providit,
2528 1543 2593 1580 ne
2615 1527 2719 1591 cui,
2749 1528 2889 1598 quod
2921 1532 2971 1586 in
2998 1532 3299 1592 Collatione
3327 1538 3563 1604 dixisset,
3594 1553 3835 1612 postmo-

2246 1611 2373 1667 dum
2413 1614 2594 1671 liceret
2622 1618 2862 1673 inliciari.
2907 1622 3150 1680 Decrevit
3175 1626 3349 1696 igitur,
3379 1611 3632 1705 cujusque
3664 1636 3832 1705 partis

2247 1703 2525 1774 episcopos
2549 1716 2775 1777 septem,
2801 1713 2890 1781 qui
2918 1710 3249 1783 disputarem
3268 1718 3405 1774 inter
3425 1736 3501 1786 se,
3525 1703 3593 1777 ab
3613 1703 3833 1792 reliquis

2246 1795 2495 1853 omnibus
2523 1797 2821 1868 eligendos;
2869 1800 3059 1874 quibus
3098 1805 3423 1865 adderentur
3456 1814 3544 1867 alii
3584 1814 3829 1885 totidem,

2246 1899 2379 1953 quos
2407 1885 2506 1939 illis
2533 1889 2831 1957 consulere,
2853 1892 3017 1949 sicubi
3047 1911 3131 1950 res
3160 1900 3425 1966 postulare
3451 1898 3741 1971 videretur,
3766 1907 3828 1961 li-

2249 1977 2431 2057 bernm
2462 1977 2633 2048 foret;
2659 1998 2721 2039 ac
2746 1992 3001 2053 przcterea
3029 2001 3259 2058 quatuor
3284 1992 3395 2059 alii,
3430 1996 3519 2065 qui
3542 1995 3829 2056 Gestorum

2246 2072 2617 2141 conscriptioni
2640 2086 2967 2145 prmessent:
2996 2088 3050 2136 et
3066 2079 3303 2138 kalendis
3320 2085 3484 2151 juniis
3501 2090 3828 2145 convenien-

2247 2159 2370 2214 dum
2400 2160 2452 2216 in
2481 2162 2714 2220 thermas
2740 2167 3107 2240 Gargilianas;
3138 2173 3228 2241 qui
3263 2175 3411 2230 locus
3435 2186 3685 2247 tanquam
3711 2194 3830 2236 om-

2249 2250 2391 2305 nium
2416 2254 2642 2310 maxime
2662 2267 2990 2327 opportunus
3010 2260 3246 2319 delectus
3271 2262 3441 2320 fuerat
3468 2266 3677 2337 (Callet.
3706 2270 3832 2326 Cer-

2249 2342 2389 2413 tltag.
2419 2345 2470 2411 1,
2498 2362 2613 2417 cap.
2646 2346 2758 2421 18).
2790 2350 2919 2405 Erat
2945 2352 3031 2408 hic
3058 2353 3110 2408 in
3147 2356 3278 2411 urbe
3317 2358 3487 2413 media
3512 2400 3527 2424 ,
3566 2363 3832 2431 spatiosus

2246 2432 2555 2501 admodum,
2583 2438 2757 2493 clarus
2782 2449 2835 2495 et
2862 2441 3089 2512 algidus,
3119 2457 3171 2500 et
3194 2461 3325 2503 sane
3350 2458 3456 2504 tam
3477 2452 3676 2508 celebri
3698 2469 3830 2509 con-

2248 2533 2406 2580 ventu
2436 2527 2588 2599 longe
2613 2530 2955 2601 dignissimus
2982 2553 2995 2589 :
3025 2536 3092 2592 de
3121 2553 3230 2607 quo
3268 2539 3654 2601 Thrasamundi
3686 2544 3832 2602 Van-

2247 2614 2489 2671 dalorum
2530 2620 2667 2689 regis
2694 2622 2837 2677 curis
2864 2633 3024 2695 atque
3062 2626 3317 2698 impensis
3348 2633 3591 2688 restituto
3617 2645 3833 2691 exstare

2248 2705 2569 2777 epigramma
2619 2711 2935 2769 observatur
2982 2714 3215 2788 (Rivius,
3262 2719 3314 2774 in
3372 2720 3486 2775 Vita
3527 2723 3827 2794 Augustini,

2248 2810 2366 2865 pag.
2414 2796 2564 2867 559).
2605 2800 2894 2872 Episcopos
2938 2819 3127 2861 omnes
3170 2817 3277 2863 tam
3317 2810 3636 2878 Catholicos,
3669 2830 3829 2885 quam

2249 2885 2549 2943 Donatistas
2572 2904 2765 2959 capere
2786 2892 2926 2949 haud
2953 2895 3238 2954 difficulter
3268 2903 3557 2970 potuisset:
3587 2905 3830 2974 quando-

2246 2974 2458 3046 quidem
2484 2994 2550 3034 eo
2572 2981 2728 3036 simul
2752 2984 2981 3040 universi
3002 2987 3343 3046 intraverant.
3367 2993 3436 3047 At
3454 2996 3703 3063 quoniam
3718 3012 3829 3052 ma-

2245 3082 2379 3136 gnus
2426 3069 2525 3124 iste
2565 3085 2822 3129 numerus
2863 3077 3230 3136 confusionem
3266 3078 3825 3157 indubie’peperisset,

2247 3159 2429 3213 statuit
2466 3159 2837 3233 Marcellinus,
2866 3176 2924 3221 ut
2952 3168 3324 3241 episcoporum
3351 3176 3572 3243 nemini,
3604 3187 3828 3247 practer-

2246 3264 2402 3317 qnam
2426 3251 2612 3321 viginti
2631 3262 2771 3321 octo,
2796 3255 2882 3311 vel
2909 3256 3118 3329 triginta
3138 3276 3232 3316 sex
3256 3267 3581 3333 memoratis,
3611 3269 3831 3338 pennit-

2247 3347 2387 3393 tatur
2425 3342 2633 3409 aditus;
2682 3346 2934 3415 prmsules
2974 3358 3158 3420 rogat,
3198 3352 3440 3410 subditos
3467 3340 3831 3425 praemoneant

2246 3432 2342 3484 sibi
2362 3433 2604 3502 populos,
2628 3451 2696 3491 ne
2715 3436 2804 3492 die
2821 3437 3131 3497 Collationis
3142 3442 3331 3499 eodem
3353 3449 3694 3505 conveniant.
3713 3449 3827 3507 line

2244 3524 2385 3579 addit
2414 3526 2550 3581 velle
2575 3544 2655 3595 sc,
2686 3530 2957 3603 utriusque
2977 3539 3369 3594 communionis
3395 3542 3675 3612 episcopos
3699 3553 3827 3600 ante

2245 3614 2382 3668 diem
2409 3632 2726 3688 congressus
2752 3622 2985 3690 polliceri
3009 3666 3026 3691 ,
3069 3641 3131 3682 se
3169 3635 3343 3683 ratum
3369 3628 3644 3687 habituros
3668 3633 3827 3703 quid-

2244 3705 2369 3773 quid
2399 3721 2428 3760 a
2450 3709 2683 3777 septenis
2708 3712 2773 3766 ad
2796 3713 3117 3784 colloquium
3146 3718 3333 3774 electis
3352 3719 3510 3777 fuerit
3527 3724 3824 3792 actitatum;

2244 3810 2402 3867 atque
2428 3801 2727 3856 confectum
2758 3804 2858 3860 hac
2880 3805 2947 3861 de
2973 3822 3032 3862 re
3058 3819 3234 3864 actum
3263 3852 3280 3878 ,
3322 3826 3381 3866 se
3423 3824 3685 3883 praesente
3705 3857 3721 3879 ,
3756 3816 3829 3872 ab

2243 3891 2488 3945 omnibus
2532 3893 2916 3963 obsignandum
2963 3898 3064 3953 sibi
3106 3899 3220 3954 dari
3260 3919 3274 3954 :
3315 3903 3569 3973 quidquid
3594 3905 3825 3974 dicetur,

2243 3979 2420 4033 statim
2449 3981 2589 4035 notis
2614 3983 2681 4037 ab
2717 3986 3012 4042 astantibus
3036 3989 3133 4044 sibi
3161 3993 3531 4061 execptoribus
3578 3995 3825 4067 publicis,

2243 4070 2505 4140 simulque
2529 4087 2557 4125 a
2587 4082 2813 4141 quatuor
2838 4074 2904 4130 de
2929 4086 3147 4149 utraque
3168 4090 3318 4150 parte
3334 4085 3549 4139 notariis
3567 4085 3827 4143 ecclesia—

2241 4159 2388 4213 sticis
2414 4161 2602 4220 scribi;
2632 4178 2765 4231 quos
2794 4165 2974 4231 etiam,
2999 4183 3066 4223 ne
3092 4184 3274 4225 eorum
3305 4171 3434 4227 fides
3463 4174 3515 4229 in
3543 4174 3761 4232 dubium
3788 4192 3825 4235 ι

2242 4263 2505 4318 quoquam
2530 4254 2767 4307 revocari
2794 4258 2980 4324 possit,
3011 4263 3252 4327 quaterni
3277 4261 3558 4321 Gestorum
3586 4269 3826 4327 conscri-

2244 4339 2405 4406 ptioni
2434 4342 2667 4409 praefecti
2691 4345 2926 4416 episc0pi
2956 4330 3202 4418 pervigili
3228 4366 3292 4405 ac
3318 4353 3539 4409 sollicita
3564 4357 3824 4414 observa-

2242 4431 2383 4486 tione
2407 4435 2726 4490 custodiant.
2756 4436 3018 4495 Prteterea
3040 4480 3054 4504 ,
3087 4456 3153 4495 ne
3177 4442 3388 4511 quando
3427 4444 3575 4502 hisce
3616 4449 3823 4506 actibus

2241 4522 2324 4577 vel
2350 4524 2567 4581 minima
2595 4529 2948 4597 corruptionis
2972 4534 3345 4590 mutationisve
3380 4538 3682 4597 criminatio
3711 4541 3817 4598 im-

2242 4613 2384 4683 pingi
2425 4623 2611 4684 queat,
2656 4632 2686 4671 a
2731 4618 2958 4688 singulis
2999 4622 3294 4680 antistitum
3323 4640 3386 4681 ea
3415 4627 3674 4685 subscribi
3698 4649 3821 4702 qua:

2239 4705 2503 4760 dixerint:
2544 4707 2685 4777 quod
2726 4709 2868 4764 idem
2897 4726 2956 4766 se
2986 4713 3229 4781 primitus
3274 4717 3340 4772 ad
3386 4719 3822 4782 interlocutiones

2238 4809 2363 4848 suas
2390 4799 2745 4865 pranstiturum
2778 4802 3056 4868 promittit.
3079 4803 3323 4861 Tabellas
3346 4808 3573 4880 denique
3597 4811 3666 4866 ad
3692 4829 3819 4872 eum

2238 4885 2454 4940 modum
2481 4888 2773 4959 descriptas
2799 4901 2855 4945 et
2881 4892 3111 4963 digestas
3150 4912 3252 4951 una
3290 4914 3411 4956 eum
3445 4902 3818 4974 episcOpornm

2237 4977 2654 5045 quatuordecim,
2687 4995 2818 5048 quos
2845 4982 2913 5037 ad
2936 4984 3336 5054 disceptandum
3356 4991 3677 5061 elegissent,.
3693 4996 3821 5051 sub»

2239 5068 2610 5137 scriptiouibus
2635 5070 2812 5126 statim
2836 5074 3038 5139 publice
3061 5075 3224 5147 affigi,
3252 5094 3357 5148 quo
3375 5090 3430 5135 et
3451 5083 3698 5140 omnibus
3724 5100 3820 5141 eas

2238 5155 2433 5227 legere,
2464 5168 2517 5213 et
2538 5160 2785 5217 universo
2807 5161 3205 5235 Cartliaginensi
3230 5170 3424 5238 populo
3446 5172 3514 5226 de
3532 5173 3719 5229 iisdem
3737 5174 3802 5245 ju

2238 5247 2416 5302 dicare
2442 5250 2621 5306 liccat.
2656 5251 2706 5304 Ν
2711 5269 2792 5306 ent
2820 5270 2935 5307 cum
2955 5255 3045 5321 eis,
3069 5258 3230 5311 verba
3258 5269 3381 5314 sunt
3407 5260 3718 5331 Marcellini,
3738 5282 3820 5320 me

560 5348 683 5385 ccrc
711 5333 889 5398 libeat,
920 5334 1329 5403 quadringentos
1356 5333 1623 5402 sexaginta
1649 5348 1743 5388 sex
1768 5334 2133 5403 episcoporum
2230 5339 2454 5410 judicem
2479 5340 2670 5395 dederit
2699 5343 2926 5413 Auguste
2953 5347 3197 5416 dignatio,
3221 5349 3402 5418 quibus
3426 5353 3713 5425 inferiorem
3735 5372 3819 5410 me

558 5422 942 5477 catholicorum
973 5424 1128 5478 sedes
1155 5425 1208 5477 in
1238 5422 1412 5477 Africa
1438 5422 1711 5478 exstitisse
1736 5422 1975 5479 dicamus
1995 5466 2010 5493 ,
2038 5441 2135 5481 ne-

555 5527 710 5568 cosse
735 5521 834 5568 est.
862 5515 1019 5586 Atqui
1045 5516 1291 5571 absentes
1318 5515 1619 5585 episcopos,
1648 5526 1998 5589 vacantesque
2031 5519 2135 5574 Ec-

558 5602 750 5657 clesias
776 5603 873 5659 sibi
897 5606 1073 5674 plures
1100 5620 1218 5662 esse
1246 5621 1404 5676 quam
1426 5605 1732 5672 Catholicis,
1763 5608 1815 5662 in
1842 5609 2135 5665 Collatione

554 5692 820 5768 fat-larunt
843 5695 1183 5763 schismatici,
1212 5698 1298 5770 qni
1326 5706 1506 5769 postea
1526 5698 1684 5754 etiam
1711 5699 1984 5771 plusquam
2005 5715 2132 5772 qua-

2239 5444 2346 5485 esse
2374 5446 2467 5498 pro
2496 5433 2623 5485 tanti
2648 5435 2862 5489 nominis
2883 5438 3193 5491 veneratione
3219 5456 3464 5510 cognosco
3481 5484 3498 5509 ,
3525 5443 3645 5512 ﬁdei
3665 5445 3817 5501 solli-

2238 5520 2473 5574 citudinis
2512 5540 2637 5577 mea:
2673 5525 2767 5578 hac
2804 5528 3198 5583 consideratione
3233 5535 3465 5603 prospexi
3482 5575 3497 5598 ,
3527 5547 3584 5589 ut
3616 5535 3682 5593 de
3703 5553 3817 5595 meo

2239 5610 2411 5665 vellem
2444 5613 2642 5682 judicia
2669 5616 2915 5685 judicari.
2957 5616 3043 5671 Ite
3082 5620 3267 5690 quippe
3303 5622 3482 5689 oculis,
3512 5640 3614 5679 non
3646 5624 3817 5682 solum

2240 5702 2376 5757 urbis
2413 5703 2653 5776 hujusce,
2698 5722 2867 5763 verum
2908 5708 3058 5764 etiam
3099 5699 3649 5784 universa-provinci:
3676 5725 3815 5776 tatus
