4042 6360
317 280 440 339 ὅθ’.)

314 410 545 451 canens!
566 395 919 464 disputationis
948 398 1073 451 ordo
1102 398 1367 468 pandetur,
1395 405 1450 449 ut
1475 405 1575 448 tam
1602 394 1909 465 prosecutio-

318 502 416 541 aes
448 487 814 553 disputantium
838 489 1215 558 episcoporum,
1260 502 1410 557 quam
1450 486 1911 557 pronuntiatianum

318 595 558 632 mearum
582 580 732 634 series
757 580 1021 634 subsecuta
1049 581 1250 651 digestis
1277 579 1328 633 in
1353 578 1549 650 publica
1577 577 1910 633 voluminibus

317 670 605 738 explicetur
625 685 645 724 :
673 670 780 725 haec
803 671 937 724 enim
972 671 1024 725 in
1050 671 1224 741 judice
1249 670 1489 725 securitas
1514 669 1633 738 ﬁdei
1650 678 1742 735 est,
1772 676 1824 721 ut
1848 667 1912 722 de

316 776 371 812 se
416 776 524 813 non
566 761 735 814 timeat
768 761 995 831 judicari
1033 760 1241 831 (Callat.
1270 759 1513 830 Carthag.
1560 760 1611 823 1,
1652 774 1765 827 cap.
1794 755 1904 829 10).

312 850 677 921 Obsignanda:
705 852 865 906 etiam
894 861 1077 919 erant,
1108 851 1281 921 quoad
1315 852 1531 905 omnino
1568 849 1741 905 decisa
1765 857 1909 904 esset

311 940 707 1007 controversia,
738 940 949 996 schcdze
979 942 1202 1011 singula:
1222 982 1235 1004 ,
1270 951 1374 997 tam
1405 940 1712 1004 Marcellini,
1744 954 1905 1009 quam

310 1029 695 1099 episcoporum
734 1041 852 1086 octo
878 1032 1159 1087 custodum
1189 1033 1393 1103 sigillis.
1430 1033 1595 1087 Porro
1632 1034 1904 1089 cautiones

312 1120 423 1174 illa:
454 1137 644 1175 onines
666 1138 730 1176 ex
767 1121 1018 1193 singulari
1050 1124 1144 1178 Dei
1174 1125 1226 1179 in
1259 1124 1556 1180 Donatistas
1580 1124 1904 1195 benignitate

310 1210 647 1266 veniebant:
677 1227 809 1282 quas
852 1215 1074 1283 proinde
1102 1213 1188 1269 isti
1216 1229 1320 1269 non
1350 1224 1623 1286 poterant,
1653 1217 1753 1271 nisi
1780 1231 1902 1272 cum

310 1318 527 1358 sntnma
558 1306 744 1376 ingrati
774 1307 934 1364 animi
975 1323 1145 1374 noxa,
1169 1317 1513 1363 contemnere
1544 1308 1731 1380 (Epist.
1761 1310 1853 1364 Ml
1881 1351 1898 1377 ,

308 1414 362 1449 η.
392 1397 471 1466 2).
507 1398 683 1468 Atque
707 1399 841 1453 adeo
867 1401 1146 1468 prolitetur
1174 1400 1535 1466 Marcellinus,
1569 1401 1613 1455 si
1635 1401 1752 1470 quis
1782 1400 1900 1456 illas

290 1487 605 1542 observare
649 1490 1026 1561 subterfugiat,
1076 1507 1233 1563 quam
1284 1506 1461 1546 causm
1513 1506 1624 1546 sua:
1662 1491 1896 1559 dillidat,

307 1592 588 1647 quamque
617 1594 804 1649 parum
832 1580 967 1635 bona
994 1581 1100 1636 llde
1126 1597 1283 1651 agere
1308 1583 1551 1637 statuerit
1574 1625 1588 1647 ,
1622 1583 1791 1652 palam
1824 1583 1899 1636 la-

306 1678 549 1722 cturum.
580 1670 721 1725 Idem
743 1672 992 1741 epistolas
1017 1672 1085 1725 ab
1113 1677 1384 1744 utriusque
1406 1675 1567 1745 partis
1588 1674 1898 1743 primatibus

306 1756 666 1831 subscriptus,
695 1765 887 1833 quibus
913 1764 984 1817 illi
1013 1766 1405 1821 conditionibus
1432 1769 1482 1821 iu
1511 1768 1685 1822 edicto
1713 1783 1898 1838 propo-

304 1852 425 1905 sitis
454 1854 706 1907 asseutiri
732 1869 851 1908 sese
871 1854 1162 1921 declarent,
1189 1857 1487 1911 oll‘erendas
1510 1858 1608 1911 sibi
1636 1856 1892 1913 decernit.

306 1946 378 1999 At
405 1961 542 1999 vero
565 1946 779 2001 disertis
808 1948 982 2003 verbis
1007 1964 1034 2001 a
1060 1949 1351 2003 Collationc
1370 1950 1603 2004 excludit
1630 1951 1897 2005 Maximia-

306 2036 479 2092 nistas
513 2036 720 2109 (Callat.
754 2038 993 2109 Carthag.
1027 2040 1092 2103 1,
1124 2056 1241 2108 cap.
1275 2042 1396 2109 10),
1438 2042 1525 2111 qui
1568 2042 1798 2108 scilicet,
1840 2053 1896 2097 ut

307 2128 585 2197 esiguitati
611 2139 665 2183 et
694 2129 1005 2199 ignobilitati
1043 2147 1152 2184 sum
1185 2130 1402 2186 honoris
1425 2132 1621 2202 aliquid
1650 2148 1893 2188 accerse-

308 2228 451 2283 rent,
477 2218 663 2273 oblato
678 2221 899 2290 supplici
922 2221 1098 2275 libello
1120 2221 1185 2275 ad
1208 2221 1354 2275 illam
1367 2219 1573 2275 admitti
1601 2222 1891 2291 petierant:

304 2312 399 2365 sed
427 2326 497 2366 ea
530 2312 732 2365 vanitas
758 2329 787 2365 a
816 2313 1090 2367 catholicis
1117 2311 1409 2383 despicatui
1435 2313 1610 2368 habita
1639 2323 1719 2370 est
1739 2313 1896 2385 (Can-

304 2409 381 2453 tra
408 2402 705 2468 lulianum,
735 2405 820 2456 lib.
852 2405 903 2468 ὅ,
937 2422 988 2458 n.
1020 2406 1099 2476 5).

373 2492 429 2547 5.
478 2495 681 2548 Octavo
722 2495 976 2551 kalendas
1017 2496 1195 2566 junias
1228 2496 1353 2551 anni
1392 2497 1891 2568 quadringentesimi

306 2582 581 2638 undecimi
622 2585 908 2641 Donatista:
938 2597 1135 2653 actum,
1165 2602 1323 2658 quem
1358 2588 1626 2643 Notarium
1666 2597 1891 2655 vocant,

306 2672 619 2729 Marcellino
654 2687 839 2732 eumut
875 2678 1291 2735 denuntiandnm
1312 2722 1327 2744 ,
1366 2696 1472 2751 quo
1514 2680 1797 2736 Jantmrius
1831 2696 1895 2735 ac

308 2765 616 2822 Primianus
644 2770 757 2838 (qui
787 2770 894 2825 duo
918 2772 1016 2826 soli
1044 2771 1491 2844 subscripserunt)
1515 2782 1568 2828 et
1587 2774 1765 2827 caeteri
1784 2774 1895 2827 sin-

308 2875 446 2915 cera:
468 2859 876 2918 christianitatis
895 2865 1130 2933 episcopi
1157 2874 1210 2919 et
1234 2864 1505 2919 catholica:
1524 2866 1763 2921 veritatis
1780 2856 1894 2935 (eo-

306 2966 423 3004 rum
478 2955 623 3006 enim
672 2954 787 3009 Inec
830 2956 987 3008 verba
1028 2955 1171 3025 sunt)
1216 2956 1450 3010 secundo
1498 2956 1637 3010 illius
1678 2955 1886 3019 edicto,

308 3044 543 3098 maxime
563 3045 701 3114 quod
722 3045 787 3098 ad
810 3046 1247 3115 subscriptiones,
1269 3046 1512 3101 assentiri
1538 3060 1596 3101 se
1614 3061 1717 3101 non
1740 3060 1893 3115 posse

309 3135 664 3204 profitentur;
699 3145 862 3205 utque
883 3136 982 3190 sibi
1005 3136 1070 3190 ad
1091 3137 1435 3191 Collationcm
1458 3137 1716 3191 universis
1740 3138 1894 3193 liceat

308 3228 603 3293 accedere,
651 3228 991 3284 vehementer
1028 3230 1292 3298 postulant
1317 3227 1522 3298 (Callat.
1555 3228 1794 3301 Carthag.
1837 3231 1889 3296 1,

312 3334 426 3390 cap.
462 3320 574 3389 M).
606 3319 728 3374 Ideo
758 3336 883 3374 vero
910 3320 1218 3395 videbantur
1256 3320 1399 3374 nolle
1434 3320 1794 3387 subscribere,
1837 3330 1893 3375 ut

310 3421 533 3482 possent
575 3411 643 3466 de
684 3412 848 3481 gestis
874 3414 1156 3481 corruptis,
1184 3412 1229 3466 si
1260 3427 1292 3467 e
1327 3428 1385 3467 re
1408 3427 1502 3467 sua
1532 3412 1701 3477 foret,
1726 3412 1891 3481 judici

308 3502 624 3559 Calumniari
657 3502 756 3575 (Ad
796 3502 1086 3557 Donatistas
1111 3513 1221 3573 post
1250 3502 1456 3569 Callat.,
1487 3521 1541 3557 n.
1581 3502 1691 3575 15).
1734 3504 1890 3573 Atqui

312 3594 436 3649 licet
460 3594 681 3648 Notoria
701 3594 785 3648 illa
809 3608 1022 3647 suorum
1050 3594 1312 3649 nemiuem
1338 3610 1366 3647 a
1390 3594 1683 3648 Collatione
1706 3594 1891 3649 abesse

312 3694 557 3755 peterent
581 3702 595 3749 ;
625 3694 800 3739 tamen
824 3684 926 3739 hoc
950 3686 1064 3755 ipso
1090 3686 1193 3749 die,
1213 3694 1399 3740 octavo
1418 3685 1669 3741 kalendas
1691 3686 1888 3755 junias,

310 3794 340 3832 e
367 3779 485 3832 suis
514 3786 718 3847 septem
748 3778 1044 3844 instituere,
1068 3793 1096 3831 a
1120 3778 1311 3849 quibus
1335 3777 1586 3833 Ecclesia:
1617 3778 1706 3832 Dei
1733 3792 1890 3832 causa

313 3869 389 3941 (et
416 3868 510 3922 hic
539 3881 725 3921 eorum
755 3867 931 3921 verbis
974 3870 1047 3921 uti
1092 3868 1288 3936 visum)
1316 3867 1572 3921 adversus
1611 3866 1891 3921 traditoros

313 3967 789 4028 [mrsccntoresquo
805 3973 930 4013 suos
949 3958 1350 4021 defenderetur;
1378 3958 1612 4027 pollicizi,
1636 3956 1891 4028 quidquid

311 4051 382 4104 illi
410 4050 672 4120 egissent,
706 4049 754 4101 id
776 4064 835 4103 se
856 4058 1025 4103 ratum
1052 4048 1320 4102 habituros
1343 4046 1544 4115 (Collat.
1574 4046 1815 4117 Carthag.
1836 4046 1888 4113 1,

311 4156 425 4211 cap.
461 4138 614 4208 148).
645 4138 843 4195 Omnes
871 4139 1082 4209 quidem
1124 4139 1244 4192 huic
1280 4139 1453 4203 actui,
1483 4139 1575 4193 sed
1607 4154 1709 4191 non
1752 4153 1890 4207 pne-

312 4244 467 4285 sente
516 4231 824 4305 Marcellino
868 4230 1052 4303 (lbid.,
1097 4247 1209 4301 cap.
1260 4228 1419 4301 154),
1469 4229 1891 4307 subscripserunt

311 4320 496 4393 (Ibid.,
516 4339 631 4391 cap.
662 4322 789 4392 M9)
814 4341 827 4377 :
855 4316 1010 4392 quem
1037 4323 1160 4376 licet
1188 4321 1239 4375 in
1271 4320 1489 4374 fortnam
1511 4320 1746 4388 epistola:
1765 4334 1892 4374 con-

313 4411 531 4478 lectum,
566 4424 742 4467 tamen
770 4414 1024 4483 eligentes
1047 4412 1231 4467 electis
1255 4426 1453 4476 coram,
1484 4426 1578 4465 seu
1602 4420 1889 4480 praesentes

311 4504 666 4571 praesentibus
710 4519 770 4559 se
807 4503 1017 4559 dedisse
1062 4512 1321 4558 testantur
1363 4501 1547 4569 (lbid.,
1582 4518 1697 4572 cap.
1740 4499 1894 4572 148).⁸

310 4593 742 4664 Subscriptioncs
768 4609 980 4664 quoque
1006 4608 1130 4648 suas
1152 4593 1312 4663 gestis
1343 4592 1613 4647 ﬁrmandis
1639 4606 1886 4647 necessa-

311 4687 412 4741 rias
440 4728 456 4752 ,
500 4699 634 4755 (ptas
678 4685 849 4755 primo
895 4693 1222 4749 recusarant,
1253 4693 1306 4738 ut
1336 4683 1524 4737 darent
1551 4683 1761 4737 tandem
1790 4683 1887 4736 ali-

310 4776 523 4845 quando
562 4775 819 4846 compulsi
861 4784 983 4830 sunt
1028 4774 1132 4845 (Ad
1182 4773 1472 4830 Danatistas
1510 4781 1623 4841 post
1667 4772 1882 4838 Callat.,

310 4885 359 4921 ιι.
389 4868 505 4941 15).
538 4868 621 4923 ΑΙ)
645 4870 709 4923 iis
738 4877 915 4922 autem
940 4866 1007 4920 ad
1041 4866 1414 4934 disputandum
1448 4864 1703 4934 designati
1739 4873 1880 4929 sunt,

310 4956 612 5013 Primianus
632 4957 1084 5027 Carthaginiensis,
1118 4956 1403 5010 Petilianus
1422 4955 1697 5015 Cirtensis,
1727 4953 1886 5009 Eme-

312 5050 444 5103 ritus
471 5049 863 5113 Ctesareeusis,
915 5046 1186 5102 Protasius
1221 5045 1578 5109 Tubinieusis,
1608 5043 1884 5101 Montanus

312 5141 609 5207 Zamensis,
640 5140 966 5196 Gaudentius
989 5137 1466 5209 'l‘hamugadcnsis,
1496 5147 1551 5193 et
1581 5136 1883 5197 Adeodatus

309 5230 655 5287 Milevitanus.

377 5326 433 5379 6.
472 5325 608 5379 Cum
656 5323 946 5379 Donatista
992 5323 1044 5378 in
1088 5322 1321 5378 secundo
1371 5322 1657 5378 Marcellini
1707 5321 1882 5377 edicto

314 5415 495 5481 multa,
527 5430 645 5484 qua:
671 5415 817 5484 ipsos
843 5421 1136 5480 moverent,
1162 5412 1429 5471 oti‘endere
1457 5427 1515 5467 se
1537 5412 1838 5469 dictitarent
1863 5429 1878 5478 ;

312 5517 493 5562 contra
518 5506 779 5562 Catholici
808 5507 980 5562 eidem
1004 5521 1063 5562 se
1105 5507 1157 5560 in
1193 5504 1436 5559 omnibus
1468 5506 1788 5571 consentire,
1820 5520 1884 5561 ac

311 5597 561 5667 quidquid
587 5596 983 5668 prazscribebat,
1010 5614 1068 5651 se
1094 5598 1334 5666 religiose
1359 5595 1731 5651 observaturos
1755 5612 1881 5667 pro-

315 5689 570 5749 miserunt
598 5706 612 5747 :
634 5704 738 5761 qua
758 5689 827 5746 de
847 5704 905 5745 re
929 5688 1227 5747 Marcellino
1254 5688 1533 5760 epistolam
1560 5688 1689 5759 (quo
1713 5689 1883 5753 nomi-

1654 271 1854 329 LIBER
1890 270 2173 331 SEXTUS.

3499 290 3605 351 HO

2019 405 2088 444 ne
2112 407 2229 447 eam
2260 393 2372 464 ipse
2397 410 2427 449 a
2451 395 2666 453 Natoria
2690 399 3082 457 Donatistarum
3106 403 3377 475 distinguit
3391 406 3600 480 (Callet.

2017 482 2257 555 Curthag.
2276 485 2327 551 1,
2340 502 2457 556 cap.
2484 487 2600 560 17))
2627 488 2952 547 obtulerunt.
2972 492 3032 546 Ei
3050 493 3409 565 subscripsere
3432 511 3606 554 nomi-

2018 587 2086 626 ne
2111 573 2338 628 aliorum
2385 576 2754 648 episeOporum
2783 582 3043 657 Aurelius,
3068 580 3519 655 Carthaginensis,
3549 595 3607 644 et

2015 664 2260 722 Silvanus
2270 667 2599 725 Summensis
2612 671 2843 727 decanus
2857 688 2921 729 ac
2938 674 3133 744 primas
3145 674 3399 731 Numidia:
3414 675 3600 747 (Ibid.,

2012 773 2161 830 capp.
2191 760 2277 824 16,
2310 759 2418 832 18).
2438 761 2752 834 Exemplum
2781 764 2851 819 ibi
2873 775 3177 835 proponunt
3196 766 3603 824 Maximianista-

2013 866 2151 917 rum,
2183 867 2315 920 quos
2337 852 2624 909 Donatista:
2666 871 2767 910 una
2799 871 2918 910 ctua
2952 856 3210 911 universis
3251 873 3346 929 per
3373 874 3467 914 eos
3506 860 3604 916 ba-

2012 941 2221 1010 ptizatis
2248 955 2583 1013 receperunt,
2607 956 2818 1001 servato
2838 947 3099 1018 episcopis
3118 948 3275 1003 etiam
3305 963 3335 1003 a
3364 963 3425 1005 se
3454 950 3599 1020 prius

2012 1030 2274 1087 damnatis
2304 1033 2505 1091 honore
2547 1038 2759 1107 proprio
2788 1054 2802 1089 :
2835 1038 3048 1093 unicum
3090 1037 3192 1095 hoc
3224 1038 3323 1095 sibi
3350 1038 3514 1099 fuisse
3542 1042 3596 1099 in

2010 1123 2302 1180 Collalione
2321 1126 2618 1195 expetenda
2646 1128 2925 1183 consilium
2966 1137 3243 1198 testantur,
3270 1140 3326 1185 ut
3362 1132 3462 1187 sibi
3504 1132 3600 1189 de-

2009 1225 2306 1272 monstrare
2337 1218 2537 1284 liceret,
2569 1220 2859 1281 Ecclesiam
2907 1232 3016 1276 toto
3044 1233 3304 1278 terrarum
3333 1224 3462 1279 orbe
3486 1224 3597 1280 dif-

2007 1305 2178 1362 fusam
2216 1310 2477 1364 nullorum
2505 1310 2776 1366 hominum
2804 1312 2902 1368 sibi
2928 1312 3336 1370 commixtorum
3365 1316 3595 1386 peccatis

2009 1398 2182 1467 perire
2207 1401 2442 1468 potuisse
2462 1418 2473 1453 :
2492 1414 2706 1457 causam
2723 1402 3010 1471 Caeciliani,
3034 1405 3291 1474 patefacta
3322 1406 3486 1476 ipsius
3512 1406 3592 1461 in-

2006 1492 2274 1557 nocentia,
2306 1500 2361 1547 et
2386 1491 2450 1547 iis
2471 1534 2487 1558 ,
2515 1508 2546 1547 a
2571 1494 2762 1564 quibus
2790 1498 3158 1563 accusabatur,
3184 1512 3281 1568 pro
3304 1499 3595 1554 calumnia-

2008 1584 2212 1639 toribus
2240 1584 2454 1651 habitis,
2486 1585 2684 1641 linitam
2715 1602 2868 1653 esse;
2898 1589 3029 1643 alios
3059 1588 3306 1659 denique,
3335 1605 3469 1660 quos
3503 1590 3592 1645 isti

2004 1677 2451 1741 criminabantur,
2507 1686 2597 1731 aut
2634 1693 2753 1733 esse
2799 1678 3143 1744 innocentes,
3195 1689 3286 1736 aut
3337 1680 3591 1737 Ecclesia:

1984 1768 2221 1841 omnino
2245 1767 2454 1824 delictis
2478 1769 2587 1833 suis
2615 1785 2720 1824 non
2746 1770 2955 1825 obesse.
2987 1770 3041 1825 ld
3061 1779 3237 1826 autem
3260 1772 3589 1842 potissimum

2001 1856 2175 1912 cidem
2204 1858 2441 1927 epistola:
2466 1859 2829 1915 celebritatem
2860 1861 3131 1915 conciliat:
3156 1862 3295 1930 quod
3325 1862 3395 1918 ibi
3426 1862 3588 1932 proli.

2004 1957 2182 2003 tentur
2204 1949 2479 2017 Catholici,
2507 1952 2605 2005 sub
2628 1952 3016 2006 Donatistarum
3041 1952 3203 2022 leges,
3221 1954 3266 2009 si
3288 1953 3444 2007 modo
3464 1968 3591 2024 pro-

2004 2039 2180 2094 hatmn
2210 2040 2275 2094 ab
2298 2041 2397 2094 illis,
2424 2040 2583 2096 fuerit
2606 2042 2895 2097 Ecclesiam
2926 2043 2977 2097 in
2998 2042 3112 2096 sola
3138 2057 3320 2097 eorum
3347 2058 3587 2098 commuo

2003 2131 2160 2185 nione
2186 2147 2493 2195 remanere,
2519 2132 2589 2187 ita
2618 2147 2676 2187 se
2705 2144 2985 2196 venturos,
3013 2142 3069 2187 ut
3109 2134 3328 2188 omnino
3354 2133 3422 2188 de
3449 2134 3583 2188 reti-

2003 2221 2173 2275 nenda
2203 2223 2491 2292 episcOpali
2522 2224 2778 2294 dignitate
2816 2240 2920 2278 non
2956 2224 3191 2294 cogitent
3214 2242 3226 2279 :
3249 2235 3432 2280 contra
3460 2241 3590 2283 vero

2000 2311 2044 2365 si
2077 2310 2555 2367 demoustravcrint
2606 2313 2704 2383 ipsi
2749 2314 2958 2383 culpam
2996 2330 3209 2368 omnem
3250 2316 3454 2371 haerere
3479 2316 3587 2371 Do-

2001 2403 2208 2456 natistis
2228 2445 2244 2469 ,
2267 2418 2325 2459 se
2365 2404 2705 2459 nihilominus
2736 2407 2899 2469 velle,
2930 2405 3005 2459 sic
3047 2406 3165 2459 illos
3192 2422 3371 2460 scema
3404 2417 3586 2469 tenere

2002 2494 2275 2557 nuitatcm,
2300 2504 2357 2547 ut
2384 2494 2639 2549 honorem
2670 2495 3004 2565 episcopatus
3032 2510 3135 2549 non
3161 2497 3441 2550 amittant:
3464 2496 3583 2551 ubi-

1999 2601 2225 2655 cumque
2247 2585 2481 2656 episcopi
2510 2585 2615 2641 duo
2638 2587 2824 2640 fuerint
2860 2587 3077 2645 inventi,
3105 2586 3240 2640 alter
3257 2586 3583 2654 Catholicus,

1999 2678 2135 2732 alter
2161 2676 2430 2731 Donatista
2448 2716 2460 2740 ,
2484 2677 2716 2732 vicissim
2739 2693 2833 2733 eos
2856 2678 3208 2747 episcopalem
3238 2685 3585 2753 occup..turos

1999 2768 2201 2834 sedem,
2234 2767 2340 2822 alio
2370 2768 2579 2822 interim
2605 2768 2752 2837 juxta
2796 2768 3158 2828 considentem
3177 2809 3193 2834 ,
3221 2769 3377 2837 paulo
3407 2779 3583 2823 tamen

1999 2859 2276 2925 humilius,
2302 2870 2628 2923 remanente,
2650 2859 2737 2928 qui
2762 2859 2909 2913 locus
2936 2858 3216 2929 peregrino
3239 2859 3487 2927 episeopo
3506 2874 3586 2912 as~

2000 2952 2195 3021 signari
2225 2952 2462 3007 solebat:
2496 2951 2577 3005 vel
2600 2952 2787 3006 saltem
2809 2966 2957 3005 suam
2984 2951 3171 3020 cuique
3195 2949 3583 3005 attribuendam

1999 3044 2113 3099 lore
2146 3044 2459 3108 Ecclesium,
2492 3043 2661 3097 donec
2689 3042 2861 3096 altero
2890 3042 2991 3095 vita
3021 3042 3325 3111 perfuncto,
3358 3041 3584 3111 dignita-

2000 3145 2106 3192 tem
2147 3136 2303 3195 alter,
2334 3142 2487 3204 prout
2524 3142 2639 3188 erat
2683 3148 2777 3187 usu
2810 3141 3101 3202 receptum,
3128 3134 3272 3187 solus
3300 3132 3581 3188 obtineret.

1997 3227 2145 3294 Quod
2177 3228 2223 3283 si
2251 3240 2408 3295 porro
2434 3224 2591 3278 nimis
2615 3224 2948 3293 impatienter
2973 3223 3106 3276 duos
3127 3239 3231 3276 uno
3252 3223 3304 3275 in
3329 3222 3444 3277 loco
3471 3222 3587 3292 epi-

1997 3334 2187 3387 scopos
2204 3318 2372 3372 ferant
2397 3314 2604 3384 populi;
2630 3323 2739 3367 tum
2762 3314 3067 3383 episcopatu
3088 3322 3365 3382 utrumque
3384 3313 3587 3380 pariter

1997 3408 2295 3463 exuendam
2317 3447 2333 3471 ,
2364 3403 2627 3473 aliumque
2655 3404 2707 3456 in
2748 3418 2933 3456 eorum
2960 3401 3182 3472 gradum
3212 3400 3581 3456 sul’licicndum

1996 3500 2062 3554 ab
2092 3500 2157 3554 iis
2175 3496 2517 3561 antistitibus,
2535 3494 2621 3564 qui
2638 3492 3010 3562 competitores
3030 3492 3125 3559 ipsi
3144 3506 3245 3545 non
3266 3491 3580 3546 habuerunt.

2001 3593 2135 3659 Quid
2158 3589 2597 3647 enim'dnbitemus
2617 3627 2633 3651 ,
2666 3587 2909 3653 inquiunt
2933 3584 3178 3638 catholici
3224 3584 3404 3637 Patres
3423 3624 3439 3647 ,
3471 3583 3581 3637 Re-

1997 3686 2245 3751 demptari
2262 3694 2433 3738 nostra
2455 3679 2760 3748 sacri/icium
2788 3678 2929 3731 istius
2952 3675 3244 3729 humilitatis
3264 3673 3444 3740 offerre
3457 3676 3483 3728 ?
3501 3674 3581 3730 An

1998 3792 2110 3829 rere
2139 3776 2223 3829 ille
2246 3774 2308 3829 de
2328 3771 2465 3830 aclis
2486 3772 2538 3824 in
2568 3768 2789 3822 membra
2812 3770 3033 3820 humana
3058 3764 3331 3830 descendit,
3352 3777 3406 3817 ut
3426 3781 3582 3820 mem-

1998 3866 2085 3919 bra
2110 3868 2219 3937 ejus
2246 3882 2460 3920 essemus
2484 3879 2503 3926 ;
2529 3872 2574 3915 ct
2604 3876 2716 3925 nos,
2746 3876 2808 3912 ne
2845 3857 2957 3929 ipsa
2993 3858 3103 3925 ejus
3133 3856 3350 3909 membra
3389 3854 3581 3910 crudeli

1998 3958 2238 4010 diris-iane
2258 3956 2529 4018 lanientur,
2551 3951 2614 4003 de
2633 3948 2882 4003 cathedris
2900 3945 3196 4000 descendere
3212 3944 3584 4013 formidamus?

2001 4047 2218 4111 Propter
2255 4064 2346 4100 nos
2374 4047 2500 4100 nihil
2525 4041 2882 4114 stt/ﬁdentius,
2913 4053 3063 4110 quam
3095 4037 3366 4091 Christiani
3406 4037 3580 4106 ﬁdeles

1996 4150 2042 4193 ct
2080 4139 2357 4192 obedientes
2382 4153 2557 4191 sumus
2586 4156 2603 4188 :
2629 4132 2725 4187 hac
2750 4146 2867 4201 ergo
2896 4144 3089 4200 semper
3124 4130 3297 4184 simus.
3338 4127 3579 4200 Episcapi

1995 4241 2160 4283 autent
2182 4239 2384 4297 propter
2396 4225 2707 4281 Christianos
2724 4221 2935 4290 populos
2957 4220 3251 4274 ordinantur
3269 4235 3286 4274 :
3302 4218 3437 4289 quod
3454 4234 3575 4289 ergo

1996 4320 2293 4375 Christianis
2324 4318 2522 4387 populis
2558 4313 2629 4369 ad
2659 4312 2982 4365 christianum
3014 4326 3186 4380 pacem
3232 4310 3451 4380 prodest,
3483 4310 3578 4364 hoc

1995 4414 2055 4464 de
2081 4420 2250 4464 nostra
2287 4409 2577 4477 episcopatu
2616 4403 2881 4473 (heiulans.
2923 4401 2985 4455 Si
3026 4402 3153 4455 servi
3191 4402 3335 4455 utiles
3378 4418 3574 4468 smnus,

1994 4502 2300 4556 cru-Domini
2321 4499 2518 4553 (uternis
2540 4498 2691 4551 lucris
2715 4510 2808 4566 pro
2829 4494 3007 4547 nostris
3036 4492 3389 4563 temporalibus
3416 4494 3575 4549 subli-

1995 4591 2248 4646 mitatibns
2286 4589 2607 4644 invidemus?
2651 4583 2974 4655 Episcopalis
3013 4583 3231 4653 dignitas
3272 4583 3579 4651 fructuosior

1993 4684 2132 4738 nobis
2161 4683 2272 4748 erit,
2300 4681 2343 4736 si
2386 4696 2583 4751 gregem
2611 4674 2800 4734 Christi
2828 4674 2987 4743 magis
3031 4674 3255 4743 deposita
3299 4672 3572 4742 collegerit,

1990 4791 2144 4846 quam
2167 4783 2359 4827 retenta
2384 4771 2690 4840 disperserit.
2728 4768 2868 4822 Nam
2892 4781 2992 4833 qua
3017 4766 3180 4834 fronte
3206 4763 3257 4815 in
3284 4767 3455 4832 futura
3477 4777 3574 4817 sat-

1991 4868 2104 4923 cula
2134 4866 2435 4936 promissum
2460 4880 2491 4915 a
2518 4861 2716 4918 Christo
2743 4854 3057 4929 sperabimus
3083 4855 3339 4917 frenarent,
3367 4853 3412 4906 si
3439 4852 3573 4905 chri-

1988 4958 2205 5011 stianam
2245 4955 2298 5008 in
2345 4955 2438 5008 hac
2466 4953 2649 5008 swculo
2682 4960 2850 5005 noster
2885 4946 3043 4998 honor
3086 4944 3290 5011 impedit
3332 4943 3569 4996 unitatem

1991 5047 2149 5117 (Ibid.
2170 5089 2185 5113 ,
2202 5063 2317 5115 cap.
2344 5044 2451 5117 16).
2494 5043 2818 5113 Augustinus
2844 5048 2963 5111 post
2990 5038 3258 5096 recitatam
3287 5036 3428 5091 intra
3440 5054 3569 5094 con-

1988 5142 2196 5194 cionem
2246 5137 2412 5207 ipsius
2455 5136 2606 5205 jussu
2650 5135 2942 5188 litterarum
2980 5132 3198 5187 istarum
3237 5138 3474 5198 partem,
3512 5130 3565 5184 in

1987 5231 2131 5286 hunc
2175 5230 2348 5289 locum
2391 5229 2461 5282 ita
2504 5225 2718 5286 disserit
2742 5242 2756 5276 :
2782 5222 2963 5280 Dicam
2999 5221 3247 5276 Charitati
3284 5231 3478 5288 vestrm,
3520 5231 3566 5276 et

1987 5336 2365 5377 commemorem
2411 5334 2518 5372 rem
2551 5315 2893 5370 dulcissimam
2935 5322 2980 5367 et
3023 5312 3386 5376 suavissimam,
3418 5328 3567 5385 quam

1988 5413 2207 5471 Domina
2244 5411 2513 5480 adjuvante
2547 5422 2719 5462 sumus
2746 5403 2952 5474 experti.
2982 5401 3105 5458 Cum
3127 5411 3239 5455 ante
3262 5402 3425 5472 ipsam
3451 5401 3567 5457 Cal-

1988 5505 2225 5559 latianem
2243 5502 2372 5555 inter
2391 5515 2480 5553 nas
2499 5498 2657 5567 aliqui
2683 5500 2865 5565 fratres
2885 5494 2947 5549 de
2967 5494 3061 5548 hac
3078 5508 3131 5547 re
3149 5493 3564 5563 colloquerentur,

1989 5596 2109 5665 quia
2127 5609 2219 5665 pro
2242 5609 2365 5663 pace
2384 5590 2568 5647 Christi
2587 5586 2808 5660 episcopi
2824 5587 2999 5641 debent
3023 5601 3147 5649 esse,
3165 5596 3250 5638 aut
3272 5584 3443 5639 debent
3465 5601 3567 5639 non

1990 5704 2095 5751 esse
2112 5704 2132 5756 ;
2163 5687 2297 5761 quod
2324 5684 2478 5775 vobis’
2495 5682 2757 5755 fatendum
2793 5690 2887 5753 est,
2912 5678 3358 5753 circunupicientes
3396 5688 3565 5741 omnes
