4042 6360
511 313 604 372 411

510 441 688 507 fratres
712 443 760 488 et
785 432 1101 503 coepiscopos
1130 437 1344 495 nostros,
1378 421 1476 480 non
1504 423 1654 495 facile
1679 422 1819 476 nobis
1848 433 2081 507 occurre-

509 506 647 591 bant,
670 524 756 591 qui
784 524 876 577 hoc
899 521 1081 576 vellent
1103 519 1374 588 suscipere,
1407 525 1450 570 et
1471 514 1533 569 de
1554 514 1648 566 hac
1672 510 1952 564 humilitate
1974 506 2082 561 Do-

504 619 638 671 mino
668 616 966 685 sacrificare.
1008 614 1308 668 Dicebamus
1326 653 1341 677 ,
1368 618 1423 663 ut
1452 608 1560 677 ﬁeri
1588 606 1709 660 solet
1731 644 1746 667 ,
1768 601 1867 657 Ille
1900 608 2079 672 potest,

507 709 595 763 ille
620 724 721 761 non
758 717 916 775 potest
940 724 958 770 ;
985 705 1069 759 ille
1091 703 1327 758 consentit
1354 701 1476 765 hoc,
1506 698 1591 753 ille
1623 713 1724 750 non
1760 696 1974 757 tolerat;
2004 693 2081 745 lo-

504 808 709 869 quentes
738 798 899 867 mag’s
927 812 1019 866 pro
1046 791 1409 863 suspicionibus
1434 789 1638 853 nostris,
1665 786 1750 857 qui
1774 785 1927 839 corda
1960 782 2081 837 illo-

502 906 613 941 rum
643 889 806 942 videre
840 888 1042 940 minime
1089 896 1393 955 poteramus.
1438 879 1653 946 Quando
1678 887 1847 931 autem
1882 885 2081 929 rentum

502 990 573 1032 est
600 991 654 1032 ut
676 980 768 1032 hoc
796 978 965 1047 palam
992 978 1151 1045 ﬁeret,
1177 977 1229 1028 in
1251 972 1461 1028 concilio
1484 970 1828 1025 universorum
1854 976 1955 1020 tam
1976 969 2079 1037 fre-

499 1069 684 1137 quenti,
710 1085 834 1138 pene
858 1076 1182 1123 trecentorum
1209 1066 1589 1137 Episcoporum,
1613 1062 1687 1116 sic
1713 1060 1900 1131 placuit
1919 1059 2083 1114 omni-

500 1159 612 1223 bus,
630 1159 701 1211 sic
721 1168 1009 1213 exarserunt
1039 1173 1230 1223 omnes,
1263 1165 1317 1210 ut
1343 1156 1507 1226 parati
1550 1163 1708 1208 essent
1740 1152 2078 1223 episcopatum

501 1266 593 1317 pro
619 1249 805 1303 Christi
837 1251 1025 1304 unitate
1052 1250 1300 1320 deponere
1318 1290 1333 1313 ,
1362 1258 1407 1301 et
1435 1264 1535 1301 non
1573 1246 1778 1314 perdere
1797 1286 1809 1308 ,
1844 1244 1931 1299 sed
1970 1244 2078 1299 Deo

499 1341 653 1395 tutius
676 1342 1041 1396 commendare.
1069 1340 1183 1394 Duo
1204 1340 1270 1393 ibi
1298 1339 1383 1394 vix
1400 1338 1583 1393 inventi
1607 1344 1745 1402 sunt,
1771 1337 1947 1406 quibus
1974 1336 2079 1389 dis-

498 1430 698 1498 pliccret
721 1446 739 1484 :
761 1447 889 1485 unus
916 1446 1138 1484 annosus
1165 1446 1340 1494 senex,
1363 1429 1448 1497 qui
1477 1428 1570 1481 hoc
1593 1428 1743 1480 etiam
1767 1426 1930 1479 dicere
1956 1425 2079 1480 libe-

494 1519 602 1572 rius
625 1535 780 1572 ausus
808 1528 897 1581 est,
925 1519 1051 1572 alter
1075 1518 1379 1573 voluntatem
1403 1533 1548 1571 suam
1576 1517 1726 1570 tacito
1754 1516 1893 1569 vultu
1920 1514 2079 1586 signi-

494 1609 659 1674 ﬁcavit
678 1609 799 1663 :sed
815 1611 1136 1679 posteaquam
1157 1608 1300 1662 illum
1313 1624 1479 1662 senem
1499 1607 1703 1661 liberius
1718 1606 1814 1659 hoc
1833 1606 2074 1660 dicentem

492 1696 655 1751 obruit
670 1700 890 1752 omnium
911 1703 1135 1769 fraterna
1151 1697 1513 1767 correptio,illo
1527 1706 1745 1751 mutante
1757 1697 2071 1761 sententiam,

489 1789 681 1841 vultum
706 1791 857 1843 etiam
884 1789 972 1845 ille
996 1791 1199 1844 mutavit
1218 1790 1318 1859 (De
1342 1788 1504 1844 Gestis
1527 1806 1641 1842 cum
1662 1788 1901 1852 Emerita,
1918 1806 1969 1842 η.
1992 1787 2071 1859 6).

494 1878 826 1948 Propositum
845 1880 976 1935 adeo
992 1882 1336 1935 christianum
1357 1896 1460 1934 non
1480 1881 1845 1949 episc0porum
1869 1887 2071 1932 tantum

493 1971 722 2026 firmavit
736 1955 1057 2037 subnotatioi,
1073 1974 1167 2028 sed
1180 1974 1337 2028 etiam
1353 1973 1585 2027 universi
1599 1971 1809 2026 concilii
1826 1970 1891 2024 ad
1906 1971 2071 2024 Deum

490 2064 726 2134 precatio
758 2064 1085 2119 consecravit
1113 2063 1312 2138 (Serm.
1342 2064 1409 2116 ad
1442 2063 1628 2118 σίτων.
1667 2061 1807 2115 Eccl.
1844 2061 2066 2132 plebem,

489 2169 542 2205 ιι.
573 2154 643 2218 1).
687 2154 938 2221 Quamvis
964 2165 1137 2209 autem
1166 2155 1368 2207 veritati
1396 2152 1642 2222 refragati
1670 2152 1865 2206 fuerint
1894 2152 2071 2206 Dona-

492 2242 648 2308 tista},
681 2244 845 2296 nihilo
873 2251 1047 2296 tamen
1075 2244 1246 2296 secius
1274 2242 1513 2297 eamdem
1543 2241 1645 2295 illis
1666 2240 1859 2296 oﬂcrre
1888 2241 2071 2295 condi-

491 2331 684 2385 tionem
708 2332 961 2386 Catholici
986 2348 1087 2385 non
1114 2333 1385 2398 destitere,
1406 2346 1562 2400 quant
1585 2339 1639 2386 et
1663 2331 1796 2385 bona
1822 2331 1923 2385 fide
1944 2347 2068 2399 erga

486 2437 578 2477 eos
604 2422 691 2491 qui
729 2440 787 2477 se
827 2424 891 2476 ad
923 2424 1211 2478 Ecclesium
1251 2431 1583 2491 receperunt,
1616 2421 1922 2490 implevere.
1961 2421 2071 2476 llnc

486 2515 673 2569 saltent
705 2531 765 2569 ea
793 2516 995 2586 synodo
1020 2514 1335 2583 Carthagine
1363 2529 1504 2567 anno
1529 2530 1683 2582 supra
1710 2512 2068 2582 quadringen-

484 2607 728 2663 tesimum
750 2606 956 2661 decimo
972 2618 1160 2661 octavo
1175 2606 1438 2660 celebrata
1456 2613 1684 2669 constat,
1703 2605 2000 2658 Donatistas
2016 2605 2068 2658 in

484 2700 836 2767 episcopalem
859 2699 1167 2767 dignitatem
1194 2698 1354 2766 recipi
1377 2696 1561 2751 solitos
1585 2695 1865 2766 (Cod.Can.
1881 2697 2065 2767 Arria,

486 2805 635 2841 cann.
670 2789 791 2853 118,
822 2788 967 2858 119).

556 2880 607 2932 7.
650 2879 780 2932 Aliis
811 2890 1063 2947 praeterea
1104 2878 1235 2935 locis
1268 2878 1634 2933 admirandum
1675 2878 1797 2933 illud
1839 2880 2068 2947 promis-

483 2983 622 3034 sum,
647 2986 750 3039 quo
776 2972 1056 3038 pnesulum
1085 2971 1452 3025 Africanorum
1480 2972 1729 3040 prmcipui
1758 2985 1857 3024 suo
1882 2987 1939 3025 se
1966 2970 2067 3024 bo-

485 3078 614 3113 nore
670 3062 1005 3115 abdicaturus
1054 3072 1401 3131 receperunt,
1436 3073 1693 3116 memorat
1744 3063 2068 3131 Augustinus

484 3149 676 3217 (Serm.
702 3152 825 3217 359,
852 3169 904 3204 η.
929 3153 1004 3223 5).
1034 3153 1301 3221 Deumque
1327 3162 1715 3221 comprecalur,
1742 3162 1797 3205 ιιι
1817 3155 2065 3222 quoniam

484 3241 611 3294 illud
641 3257 670 3295 e
699 3243 971 3296 charitatis
999 3242 1144 3296 fonte
1174 3242 1465 3311 profectum
1496 3252 1598 3309 est,
1626 3252 1831 3313 gratum
1877 3244 2068 3297 habeat

484 3339 533 3383 et
561 3341 832 3400 acceptum
859 3333 1047 3405 (Serm.
1077 3334 1200 3399 558,
1227 3351 1280 3387 η.
1313 3335 1389 3402 4).
1416 3334 1526 3399 Qua
1554 3334 1620 3388 de
1642 3350 1719 3399 re,
1743 3335 1785 3387 si
1806 3334 1929 3406 quid
1958 3335 2067 3403 ple-

484 3423 602 3476 nius
628 3423 915 3489 desideres,
944 3424 1101 3478 adeas
1132 3424 1255 3478 licet
1280 3440 1580 3479 sermonem
1607 3425 1673 3479 de
1699 3426 1833 3480 Pace
1860 3426 2065 3480 etCha-

483 3514 657 3577 ritate,
685 3514 772 3584 qui
806 3524 920 3583 post
950 3525 1294 3569 memoratam
1323 3515 1539 3585 quidem
1566 3516 1864 3584 epistolam,
1891 3531 2063 3586 quan-

483 3614 591 3659 tum
614 3622 675 3659 ex
699 3608 795 3671 eis,
810 3622 928 3676 qum
948 3607 1013 3661 de
1035 3608 1339 3661 conditione
1365 3607 1462 3661 hac
1486 3608 1553 3661 ab
1572 3608 1892 3661 antistitibus
1912 3608 2063 3662 oblao

482 3704 532 3748 ta
560 3696 705 3757 dicit,
734 3696 1064 3764 conjicimus,
1093 3697 1185 3751 sed
1216 3707 1338 3751 ante
1363 3698 1533 3768 ipsum
1557 3706 1731 3752 tamen
1754 3698 2065 3752 Collationis

482 3786 621 3841 diem
676 3787 885 3842 habitus
927 3796 1029 3843 est.
1070 3788 1143 3842 lbi
1207 3790 1397 3842 ciL'ttur
1444 3787 1734 3842 secundum
1776 3787 2063 3842 Marcellini

486 3877 736 3938 edictum,
758 3878 865 3931 imo
895 3886 949 3933 et
994 3880 1225 3942 tertium,
1251 3894 1355 3948 quo
1383 3878 1617 3949 quidem,
1642 3887 1699 3931 ut
1726 3879 1941 3947 jamjam
1972 3893 2066 3931 ex-

486 3970 700 4037 posituri
734 3986 934 4033 smnus,
964 3969 1351 4024 Catliolicnrnrn
1381 3970 1660 4040 epistolam
1695 3970 2059 4038 promulgavit.

487 4059 539 4112 lu
565 4076 628 4112 eo
660 4060 907 4129 populum
935 4070 1148 4114 sanctus
1172 4062 1467 4130 Episcopus
1493 4060 1808 4125 obtestatur,
1837 4068 1896 4112 ut
1920 4059 2063 4112 Mar-

441 4170 447 4181 ·
481 4153 658 4208 cellini
684 4154 857 4208 edicto
890 4169 1091 4207 morem
1116 4168 1306 4223 gerens
1343 4154 1392 4205 in
1424 4152 1731 4207 Collationis
1759 4151 1931 4205 locum
1956 4166 2062 4205 non

483 4247 679 4313 irruat,
708 4246 830 4315 quin
860 4247 1017 4299 etiam
1062 4261 1156 4315 per
1200 4246 1343 4299 illum
1376 4246 1550 4300 locum
1572 4286 1586 4309 ,
1616 4244 1788 4314 quoad
1819 4260 1880 4299 ea
1908 4244 2062 4314 plane

480 4338 650 4392 soluta
681 4339 748 4392 sit
778 4354 881 4391 non
923 4346 1183 4402 transeat;
1226 4352 1292 4391 ne
1326 4351 1427 4406 qua
1473 4335 1674 4390 scilicet
1712 4335 2061 4389 tumultuandi

478 4427 687 4482 occasio
723 4428 786 4481 iis
826 4428 914 4497 qui
942 4427 1071 4481 nihil
1102 4429 1318 4481 omnino
1348 4427 1689 4491 maluissent,
1737 4427 2062 4495 praeberetur

480 4516 665 4585 (Ibid.,
695 4535 746 4570 n.
767 4517 842 4589 6).
868 4518 940 4572 lbi
973 4518 1088 4587 pius
1110 4519 1344 4574 Antistes
1374 4513 1603 4571 studium
1624 4534 1731 4586 pne
1756 4532 1814 4571 se
1841 4516 1941 4571 fert
1961 4531 2060 4587 op-

481 4608 605 4679 pido
635 4608 1015 4664 inﬂammatum
1063 4610 1344 4664 revocandi
1392 4608 1754 4663 schismaticos
1782 4608 1847 4661 ad
1890 4608 2063 4661 unita.

480 4705 584 4751 tein
606 4714 617 4750 :
638 4714 756 4768 qua:
775 4714 899 4753 vera
917 4709 1057 4754 esset
1085 4700 1290 4753 illorum
1308 4700 1545 4753 victoria.
1565 4697 1720 4763 Nunt,
1752 4698 1940 4767 inquit,
1959 4713 2060 4753 non

480 4789 631 4845 vincit
660 4791 758 4844 nisi
782 4794 961 4846 veritas
982 4834 995 4855 ,
1022 4792 1226 4845 victoria
1265 4793 1485 4846 veritatis
1516 4801 1585 4847 est
1615 4792 1835 4846 charitas
1859 4790 2019 4861 (Ibid.
2039 4830 2060 4860 ,

477 4899 530 4938 η.
556 4882 628 4956 1).
651 4884 763 4952 Qua
798 4886 999 4940 ratione
1022 4884 1230 4940 defendi
1267 4884 1788 4955 oporteatCarciliani
1818 4897 2056 4951 causam,

478 4982 531 5027 et
550 4989 654 5045 quo
680 4975 856 5031 studio
876 4975 1165 5029 cavendum
1192 4976 1401 5045 cuique,
1424 4991 1489 5029 ne
1515 4974 1711 5027 liarreat
1744 4974 1793 5026 in
1824 4973 2059 5043 quolibet

476 5068 709 5132 homine,
735 5068 802 5123 ibi
825 5068 1057 5122 ostendit
1076 5067 1239 5141 (Ibid.
1259 5109 1274 5131 ,
1292 5085 1343 5121 ιι.
1362 5066 1436 5140 5).
1470 5066 1603 5132 Quid
1618 5068 1771 5130 vobis,
1786 5065 1859 5120 ait
1879 5067 1942 5121 ad
1963 5082 2059 5137 po-

477 5157 681 5228 pulum,
707 5160 1068 5230 injungamus?
1103 5156 1284 5212 Partes
1317 5162 1447 5229 forte
1478 5158 1648 5210 uberes
1684 5158 1900 5226 pietatis.
1948 5156 2059 5212 Nos

475 5246 785 5315 disputemus
826 5265 917 5318 pro
953 5249 1089 5303 vobfs
1111 5262 1236 5303 :vos
1280 5256 1418 5301 orate
1455 5263 1547 5317 pro
1592 5247 1751 5301 nobis.
1795 5246 2059 5302 Orationes

474 5338 625 5391 etiam
667 5348 853 5392 vestras
888 5341 1098 5411 jejuniis
1138 5350 1182 5393 et
1224 5338 1547 5409 elemosynis
1584 5338 1836 5408 adjuvate.
1876 5340 2060 5395 Addita

477 5448 665 5500 pennas
692 5432 794 5485 illis
816 5475 830 5498 ,
869 5435 1045 5503 quibus
1075 5435 1243 5487 volant
1279 5433 1347 5486 ad
1378 5431 1555 5486 Deum.
1598 5432 1688 5487 Sic
1724 5442 1925 5503 agentes
1965 5450 2059 5487 ne-

464 5522 694 5593 ‘gotium,
718 5527 931 5595 fortasse
957 5525 1179 5580 utiliores
1207 5525 1346 5579 nobis
1375 5525 1510 5579 eritis
1528 5567 1543 5591 ,
1579 5540 1729 5594 quam
1772 5542 1865 5580 nos
1898 5526 2055 5580 vobis.

480 5612 641 5668 Nemo
663 5616 793 5669 enim
818 5630 1042 5673 nostrum
1068 5620 1117 5672 in
1136 5618 1231 5671 hac
1252 5617 1593 5685 disputatione
1616 5618 1679 5672 dc
1694 5634 1746 5673 se
1766 5619 2023 5688 prmumit
2039 5633 2060 5674 :

478 5705 530 5759 in
553 5702 656 5761 Dco
676 5717 747 5763 cst
774 5716 874 5763 tota
897 5727 1008 5783 spes
1030 5710 1187 5785 (Ibid.
1212 5726 1286 5778 ,n.
1309 5709 1387 5778 6).

1607 302 1761 357 \‘l'l‘A
1799 300 1857 357 S.
1899 294 2257 355 Αυςυδτικι
2300 292 2621 352 EPISCOPI.

3652 299 3758 355 “2

2259 416 2312 471 8.
2351 413 2711 468 Marcellinum
2751 411 3004 483 rogabant
3028 428 3123 469 sua
3151 410 3374 483 epistola
3400 412 3678 481 Catholici,
3702 426 3766 469 ut

2188 522 2303 561 eam
2341 505 2729 576 quamprimum
2771 505 3006 558 omniuut
3056 504 3225 559 oculis
3269 513 3591 573 proponeret
3621 522 3633 557 :
3660 520 3771 574 quo

2188 599 2343 664 forte,
2370 599 2527 651 etiam
2553 605 2677 652 ante
2698 596 3065 671 collationem,
3094 594 3551 649 schismatieorum
3580 595 3664 649 vel
3687 597 3771 649 in-

2189 691 2337 743 firma
2365 688 2447 743 vel
2477 687 2607 741 dura
2636 686 2817 751 corda,
2841 685 3089 740 exhibita:
3111 685 3183 739 ibi
3209 685 3308 754 pias
3326 683 3599 739 charitatis
3619 684 3765 739 testi-

2187 779 2430 835 ﬁcatione
2453 821 2468 845 ,
2506 788 2595 833 aut
2637 787 2970 842 sanarentur,
3015 784 3106 831 aut
3138 776 3512 832 edomareutur
3554 773 3767 847 (Collat.

2183 870 2422 940 Carthag.
2443 872 2628 938 Lcap.
2662 868 2775 939 16).
2818 867 2872 921 Id
2905 878 2960 922 ut
2991 875 3265 937 prazstaret
3290 866 3646 929 Marcellinus,
3669 880 3769 920 sua

2185 960 2297 1030 ipse
2320 959 2729 1031 pollicitatione,
2758 973 2863 1027 qua
2888 959 3123 1013 omnium
3166 956 3363 1028 iudicio
3391 972 3539 1010 suam
3572 956 3768 1027 agendi

2181 1053 2440 1107 rationem
2478 1052 2861 1123 permissurum
2897 1064 2955 1103 se
2994 1058 3299 1117 receperat,
3328 1049 3455 1101 satis
3499 1062 3770 1117 superque

2183 1144 2554 1213 impellebatur
2577 1141 2738 1213 (Ibid.
2763 1184 2777 1208 ,
2801 1159 2917 1211 cap.
2960 1142 3070 1210 17).
3109 1139 3291 1209 itaque
3328 1156 3446 1193 cum
3483 1139 3767 1209 epistolam

2179 1234 2599 1299 Catholicorum,
2626 1242 2736 1288 tum
2758 1233 3145 1288 Donatistarum
3171 1230 3438 1286 Notoriam
3460 1232 3670 1301 publice
3687 1232 3769 1285 af-

2181 1324 2267 1394 ﬁgi
2285 1340 2422 1380 novo
2443 1324 2615 1380 edicto
2631 1323 2809 1395 jussit.
2841 1324 2965 1378 Inde
2981 1339 3099 1378 cum
3120 1323 3490 1385 factumesset,
3506 1332 3562 1376 ut
3580 1321 3770 1378 istbmc

2178 1414 2393 1470 Notoria
2420 1417 2774 1471 iunotesceret
2796 1412 3101 1477 Catholicis,
3133 1413 3186 1468 hi
3229 1413 3533 1467 Marcellino
3561 1413 3769 1468 litteras

2178 1507 2309 1562 alias
2336 1508 2405 1562 ab
2436 1508 2650 1562 Aurelio
2672 1507 2797 1561 item
2824 1522 2888 1561 ac
2906 1505 3121 1560 Silvano
3149 1506 3474 1574 subscriptas
3494 1505 3766 1571 obtulere,

2177 1597 2368 1668 quibus
2415 1598 2604 1651 timere
2641 1612 2700 1651 se
2737 1596 3064 1667 significant,
3097 1611 3164 1650 ne
3211 1610 3241 1649 a
3288 1596 3605 1659 Donatistis,
3631 1609 3769 1650 suos

2176 1702 2362 1743 omnes
2378 1687 2444 1741 ad
2460 1688 2810 1743 Collationem
2829 1686 3034 1741 admitti
3059 1686 3174 1741 sine
3193 1686 3321 1751 ulla,
3342 1695 3398 1739 ut
3424 1687 3597 1756 palam
3623 1694 3764 1749 erat,

2175 1792 2333 1832 causa
2357 1777 2781 1847 efﬂagitantibus,
2810 1777 3004 1847 aliquid
3042 1778 3093 1830 in
3124 1792 3186 1832 ea
3213 1788 3508 1847 emergeret
3536 1776 3766 1832 seditio-

2176 1868 2259 1922 nis
2287 1883 2301 1919 :
2330 1869 2672 1922 consentiunt
2700 1875 2878 1921 tamen
2908 1868 3117 1921 illorum
3148 1866 3426 1936 postulatis
3452 1882 3514 1922 ea
3541 1867 3679 1937 lege,
3703 1878 3765 1921 ut

2174 1972 2240 2012 ex
2265 1958 2547 2012 Catholicis
2571 1957 2806 2026 episcopi
2834 1957 2909 2011 illi
2953 1956 3248 2012 octodecim
3286 1958 3434 2025 juxta
3462 1957 3760 2012 secundum

2173 2047 2459 2102 Marcellini
2487 2047 2715 2102 edictum
2741 2047 3020 2117 designati,
3045 2048 3141 2101 soli
3168 2048 3504 2113 interessent,
3531 2063 3598 2103 ne
3618 2049 3765 2103 scili-

2172 2145 2279 2205 cet,
2307 2139 2350 2193 si
2378 2138 2503 2208 quid
2526 2138 2775 2192 tumultus
2802 2138 3139 2203 excitaretur,
3166 2139 3217 2193 in
3242 2138 3374 2194 alios
3393 2154 3550 2209 quam
3583 2140 3762 2193 Dona-

2175 2233 2325 2287 tistas
2352 2241 2534 2302 posset
2573 2233 2823 2289 conferri.
2863 2234 3079 2289 Addunt
3107 2234 3304 2303 optime
3327 2249 3507 2288 secum
3531 2236 3613 2303 agi
3639 2248 3763 2288 sese

2172 2322 2590 2390 existimaturos,
2608 2324 2653 2378 si
2678 2339 2868 2378 vanum
2892 2324 3053 2378 fuisse
3077 2335 3272 2378 metum
3296 2324 3437 2377 illum
3458 2323 3767 2393 deprehen-

2172 2412 2367 2478 derint,
2402 2430 2573 2485 neque
2599 2416 2700 2468 alia
2730 2415 2796 2470 de
2820 2431 2978 2470 causa
3001 2416 3229 2470 voluisse
3250 2415 3550 2469 Donatistas
3577 2416 3762 2470 consi-

2172 2506 2243 2558 lio
2273 2506 2532 2561 interesse
2558 2507 2856 2570 universos,
2884 2508 2980 2561 nisi
3010 2519 3085 2573 ut,
3118 2516 3236 2576 post
3264 2507 3385 2561 illud
3415 2508 3638 2561 solemni
3671 2522 3760 2561 re.

2170 2598 2542 2653 conciliatione
2585 2597 2943 2664 terminatum,
2978 2599 3028 2651 in
3064 2598 3305 2653 eamdem
3337 2599 3614 2652 ecclesiam
3657 2612 3762 2651 una

2170 2703 2291 2741 cum
2332 2687 2621 2743 Catholicis
2654 2705 2775 2744 sese
2812 2690 3137 2753 conferrent,
3166 2688 3363 2757 gratias
3393 2689 3502 2743 De»
3536 2704 3634 2759 pro
3676 2702 3767 2742 re-

2172 2789 2351 2849 parata
2406 2782 2793 2837 communionis
2844 2783 3098 2837 societate
3133 2780 3387 2836 reddituri
3417 2779 3576 2851 (Ibid.
3598 2822 3612 2844 ,
3640 2796 3759 2849 cap.

2172 2872 2302 2945 18).
2344 2873 2399 2927 1η
2445 2875 2545 2929 hac
2583 2875 2806 2943 epistola
2851 2884 2957 2930 tam
2998 2876 3293 2945 perSpicue,
3336 2886 3440 2928 tam
3479 2874 3649 2927 valide
3681 2874 3761 2929 si-

2170 2968 2280 3018 mul
2300 2980 2362 3020 ac
2381 2966 2616 3021 breviter
2636 2968 2749 3036 ipsa
2772 2976 2881 3021 tota
2899 2967 3139 3037 exposita
3161 2976 3442 3032 estcausa,
3463 2977 3519 3020 ut
3537 2981 3597 3019 ea
3622 2965 3762 3019 lecta

2172 3056 2460 3112 Donatistae
2490 3073 2595 3111 non
2621 3060 2736 3112 sine
2773 3059 2967 3126 ineptia
2992 3058 3165 3127 questi
3196 3056 3420 3121 fuerint,
3455 3071 3564 3110 rem
3594 3073 3623 3108 a
3653 3055 3760 3108 Ca-

2172 3147 2378 3202 tliolicis
2404 3149 2554 3219 prius
2583 3158 2781 3216 actam,
2803 3165 2961 3219 quam
2991 3148 3058 3203 de
3086 3148 3293 3217 praeviis
3319 3148 3384 3201 ad
3426 3162 3546 3201 eam
3575 3146 3758 3200 condi-

2172 3239 2404 3294 tionibus
2418 3241 2500 3309 agi
2521 3252 2752 3309 emptum
2774 3238 2980 3309 esset(I
2987 3240 3088 3293 bid.
3100 3282 3114 3304 ,
3129 3257 3277 3309 capp.
3305 3239 3391 3305 18,
3406 3238 3548 3304 20,ct
3559 3237 3759 3291 Brcvic.

2168 3330 2353 3385 Coltat.
2382 3333 2433 3395 1,
2454 3348 2605 3403 capp.
2636 3334 2688 3398 7,
2712 3332 2792 3401 8).
2816 3332 2995 3385 Tertio
3015 3331 3268 3385 kalendas
3284 3332 3459 3399 junias
3483 3331 3607 3385 anni
3624 3346 3760 3398 qua—

2168 3422 2564 3491 dringentesimi
2608 3423 2870 3479 undecimi
2901 3406 3087 3477 omnes
3115 3423 3388 3479 catholica:
3428 3424 3762 3477 communio-

2169 3512 2252 3565 nis
2279 3513 2514 3581 episcopi
2543 3513 2890 3583 designarunt
2914 3514 3181 3568 antistites
3206 3513 3269 3566 ad
3296 3514 3672 3576 Collationem,
3702 3524 3753 3567 et

2168 3605 2473 3660 mandatum
2513 3621 2618 3675 quo
2648 3607 2933 3661 instructos
2974 3606 3095 3660 illos
3130 3605 3407 3671 volebant,
3442 3606 3494 3658 in
3525 3606 3758 3660 ecclesia

2167 3697 2567 3766 Carthagincnsi
2611 3699 2939 3767 scripserunt
2981 3705 3243 3765 prmseute
3285 3696 3623 3761 Marcellino,
3651 3696 3753 3765 ipsi

2166 3796 2342 3843 autem
2366 3788 2629 3855 eoncioni,
2659 3804 2777 3857 qua:
2802 3788 3047 3842 ducentis
3076 3788 3348 3856 sexaginta
3372 3803 3463 3842 sex
3491 3787 3759 3856 epi5c0pis

2166 3880 2464 3946 constabat,
2488 3880 2704 3934 Aurelio
2732 3879 3139 3949 Carthaginiensi
3168 3888 3224 3933 et
3247 3878 3466 3933 Silvano
3493 3876 3759 3933 Numidia:

2165 3970 2389 4040 primate
2421 3972 2846 4040 prresidentibtts.
2886 3971 3190 4025 Renuntiati
3216 3980 3358 4037 sunt,
3387 3972 3473 4040 qui
3496 3971 3546 4025 iu
3574 3970 3754 4025 Colla-

2168 4061 2311 4115 tione
2354 4062 2718 4130 disputarem,
2752 4063 2996 4117 Aurelius
3034 4060 3501 4131 Carthaginensis,
3531 4061 3758 4132 Alypius

2166 4152 2524 4222 Tagastensis,
2559 4155 2882 4224 Augustinus
2911 4154 3285 4223 Hipponensis,
3321 4154 3626 4209 Vincentius
3647 4151 3759 4208 Cu—

2166 4244 2447 4318 lusitanus,
2479 4246 2801 4300 Fortunatus
2829 4247 3307 4312 (lonstantinensis,
3339 4246 3756 4301 Fortunatianus

2165 4334 2451 4402 Siccensis,
2483 4336 2754 4391 Possidius
2779 4337 3127 4391 Calameusis.
3167 4339 3210 4391 Α
3232 4336 3469 4393 consiliis
3498 4336 3643 4391 fuere
3665 4336 3753 4390 isti

2164 4434 2391 4494 septem,
2418 4426 2649 4481 Novatus
2672 4427 2954 4493 Sitifensis,
2979 4428 3281 4483 Florentius
3301 4428 3751 4497 ilipponensium-

2166 4519 2566 4591 Diarrhytorum
2596 4561 2611 4585 ,
2654 4520 2973 4576 Maurentius
3022 4520 3499 4586 Thubursieeusis,
3538 4519 3754 4575 Priscus

2162 4611 2502 4678 Quidiensis,
2528 4611 2851 4668 Serenianus
2892 4613 3219 4678 Miditensis,
3252 4612 3549 4667 Bonifacius
3593 4611 3755 4666 Cata-

2163 4704 2397 4772 quensis,
2416 4711 2470 4758 et
2491 4702 2807 4772 Squillacius
2827 4702 3151 4757 Scillitanus.
3173 4700 3543 4757 Custodienda:
3558 4701 3752 4757 Gesta-

2162 4809 2280 4848 rum
2307 4794 2683 4863 conscriptioni
2710 4793 2943 4863 pnefecti
2974 4802 3116 4855 sunt,
3137 4793 3412 4848 Deuterius
3435 4792 3749 4847 Caesarean—

2162 4885 2237 4938 εἰς
2256 4926 2269 4948 ,
2294 4884 2404 4939 Leo
2429 4884 2746 4953 Moptensis,
2790 4885 3028 4938 Asterius
3059 4883 3298 4940 Vicensis
3316 4926 3332 4951 ,
3359 4898 3424 4939 ac
3457 4884 3754 4940 Restitutus

2163 4976 2701 5047 Tagorensis(Cotlat.
2726 4978 2963 5046 Carthag.
2987 4977 3201 5046 l,capp.
3219 4976 3310 5039 55,
3328 4978 3443 5045 57).
3474 4976 3643 5030 llosee
3658 4974 3753 5030 du-

2162 5078 2347 5125 centos
2370 5071 2638 5138 sexaginta
2667 5085 2756 5123 sex
2780 5070 3059 5138 episcopos
3078 5068 3368 5123 secundum
3392 5068 3754 5137 inauguratio-

2164 5160 2246 5215 nis
2273 5175 2382 5214 sua:
2410 5160 2652 5214 ordinem
2683 5160 3063 5228 subscripsisse
3092 5159 3379 5215 verisimile
3401 5168 3505 5213 est.
3533 5160 3602 5212 At
3621 5174 3752 5213 vero

2162 5252 2451 5307 electorum
2479 5252 2806 5315 octodecim,
2836 5266 2940 5305 uno
2973 5251 3186 5305 Aurelio
3214 5259 3468 5319 excepto,
3494 5250 3584 5319 qui
3622 5250 3755 5304 sub-

2163 5342 2375 5413 scripsit
2399 5343 2637 5397 omnium
2669 5343 2933 5412 princeps,
2954 5342 3165 5397 nomina
3186 5351 3460 5413 postremo
3487 5341 3605 5395 loco
3625 5340 3753 5395 sub-

2164 5444 2415 5490 notautur
2438 5432 2599 5510 (Ibid.
2622 5477 2637 5501 ,
2665 5451 2815 5507 capp.
2848 5436 2980 5502 156,
3010 5433 3157 5507 142).
3189 5434 3357 5489 Porro
3383 5434 3453 5489 ab
3489 5432 3754 5489 universis

2165 5526 2478 5595 praesulibus
2505 5535 2713 5580 servata
2743 5526 2855 5580 lucc
2892 5524 2989 5580 fuit
3027 5526 3080 5579 in
3122 5525 3505 5580 subscribendo
3534 5523 3704 5579 forma
3736 5540 3749 5577 :

2166 5620 2241 5674 Ν.
2270 5622 2533 5691 episcopus
2562 5620 2634 5674 Ν.
2667 5620 2960 5691 Carthagini
2984 5619 3301 5682 constitutus,
3326 5627 3567 5689 prrcsente
3599 5616 3662 5669 V.
3687 5614 3750 5670 C.

2172 5710 2468 5768 Marcellino
2503 5710 2725 5767 Tribuno
2755 5722 2799 5766 ct
2820 5700 3087 5776 'Notario,
3118 5709 3356 5764 mandato
3384 5727 3416 5763 a
3445 5708 3586 5764 nobis
3610 5710 3753 5777 [acto
