4042 6360
254 312 363 368 λεδ

254 429 481 484 consensi
496 430 834 501 ctsubscripsi
854 447 873 494 ;
902 432 1003 493 vel,
1022 429 1256 483 mandavi
1283 437 1331 483 et
1350 422 1621 495 subscripsi
1646 415 1831 487 (Ibid,

254 539 369 591 cup.
396 520 504 593 57).
538 522 737 589 Quibus
761 538 888 577 vero
912 520 1225 577 demandata
1248 528 1362 574 erat
1390 516 1686 588 disputandi
1713 530 1837 584 pro-

254 612 444 679 vincia,
472 614 528 667 hi
558 615 675 669 loco
704 628 891 667 vocum
922 614 1161 675 istarum,
1198 610 1443 664 .llandato
1470 626 1502 662 a
1530 608 1671 662 nobis
1701 608 1837 677 facta

253 704 482 758 consensi
502 718 524 767 ;
547 705 893 773 reponebant,
927 703 1044 758 Hoc
1068 702 1358 756 mandatum
1384 701 1599 771 suscepi.
1641 700 1720 754 Eo
1739 714 1835 753 au-

255 807 359 849 tem
397 794 791 851 Catltolicorum
821 796 1070 850 mandato
1108 794 1261 849 simul
1306 802 1360 848 et
1395 793 1743 862 responsione
1771 791 1837 845 ad

252 883 715 945 sebismaticorum
744 883 1038 951 Notoriam,
1068 883 1319 954 quidquid
1345 882 1558 951 majoris
1584 882 1837 936 momenti

251 973 536 1028 dicendum
551 984 687 1039 erat,
702 975 1096 1029 continebatur:
1117 975 1273 1044 idque
1293 972 1358 1027 de
1379 972 1653 1027 industria.
1677 971 1839 1039 Quip-

252 1082 317 1135 pe
345 1066 622 1135 vulgatum
645 1066 844 1130 fuerat,
871 1066 1262 1120 Donatistarum
1292 1080 1410 1120 esse
1438 1063 1740 1124 consilium,
1773 1060 1839 1115 de

254 1157 740 1228 pneseriptiunibus
769 1172 831 1212 ac
851 1156 1092 1212 formulis
1117 1155 1456 1227 quibusdam,
1477 1170 1596 1225 qua:
1620 1155 1696 1209 rei
1721 1162 1839 1207 tan-

254 1257 361 1301 tum
398 1247 725 1303 decisioucm
769 1248 1174 1318 protraherent,
1208 1246 1450 1315 litigare;
1493 1243 1633 1315 quod
1674 1243 1754 1298 eis
1794 1244 1839 1298 si

253 1348 573 1407 negaretur,
601 1338 892 1393 timendum
939 1346 1055 1393 erat
1101 1353 1169 1392 ne
1211 1330 1529 1407 colloquium
1574 1336 1840 1390 solverent

252 1426 474 1494 (Brevic.
493 1426 678 1482 Collat.
696 1429 747 1493 1,
771 1444 886 1498 cap.
904 1427 1010 1499 10).
1038 1426 1601 1497 itaquescriptionibus
1632 1425 1734 1482 illis
1762 1434 1841 1480 te-

252 1528 449 1571 statum
466 1533 588 1573 essc
603 1518 859 1573 Catholici
875 1518 1335 1587 volnerunt,quam
1357 1518 1550 1571 invicta
1567 1525 1744 1572 essent
1760 1533 1839 1572 ve

252 1607 442 1669 ritatis,
469 1608 623 1677 cujus
642 1624 669 1661 a
697 1608 931 1677 partibus
953 1609 1183 1670 stabant,
1207 1623 1382 1673 arma;
1407 1615 1463 1661 ut
1486 1608 1529 1661 si
1560 1608 1838 1677 continge-

251 1708 329 1752 ret
359 1698 717 1752 Collationem
756 1698 888 1752 solvi
930 1714 1024 1767 per
1056 1699 1387 1762 Donatistas,
1414 1698 1611 1752 nemini
1661 1708 1838 1751 tamen

250 1802 349 1842 non
381 1788 600 1843 abunde
627 1797 811 1844 uotum
835 1789 1005 1855 ﬁeret,
1034 1805 1131 1844 eos
1157 1789 1295 1843 haud
1322 1789 1421 1843 alia
1450 1789 1517 1844 de
1546 1804 1704 1844 causa
1736 1804 1838 1842 no-

250 1879 414 1933 luisse
460 1879 736 1945 conlerrc,
777 1880 876 1936 nisi
927 1881 1067 1952 quod
1109 1881 1176 1937 dc
1214 1881 1433 1938 victoria
1471 1881 1836 1951 desperarent,

249 1971 445 2040 quippe
474 1972 744 2042 reSpousis
772 1972 988 2027 omnino
1014 1971 1272 2026 destituti.

855 2072 1081 2129 CAPUT
1110 2072 1202 2127 XI.

253 2155 275 2207 1
305 2152 613 2209 Collationis
640 2154 824 2210 habita:
840 2154 1069 2211 kalendis
1087 2157 1254 2227 juniis
1277 2156 1442 2209 initia.
1475 2154 1511 2208 2
1552 2154 1837 2209 Donatista:

312 2242 611 2302 Catholicos
634 2263 827 2312 omnes,
849 2255 904 2301 ut
931 2246 996 2300 de
1028 2245 1472 2316 subscriptionibns
1500 2244 1727 2298 mandati
1754 2259 1840 2297 eo-

313 2353 439 2391 rum
475 2338 713 2392 certiores
737 2339 891 2406 ﬁant,
923 2338 1090 2392 vocari
1125 2338 1317 2391 uolunt.
1351 2338 1387 2393 5
1429 2337 1664 2391 Oblatam
1711 2352 1832 2389 con-

313 2428 532 2483 sedcndi
557 2429 847 2497 facultatem
870 2448 971 2485 non
1005 2431 1256 2501 accipiunt
1274 2430 1557 2485 Donatista:
1583 2428 1839 2483 :delectos

316 2529 496 2573 autem
523 2537 617 2589 pro
655 2538 710 2575 se
735 2522 1081 2591 disputaturos
1122 2523 1427 2576 renuntiant.
1460 2524 1493 2576 4
1519 2520 1587 2575 In
1622 2521 1840 2575 subscri-

314 2610 579 2680 ptionibus
608 2612 842 2665 mandati
867 2612 1260 2682 disputatoribus
1295 2614 1400 2667 suis
1426 2611 1532 2665 dati
1574 2610 1839 2683 aliquoties

315 2716 558 2769 peccasse
580 2703 966 2756 convincuntur.
994 2704 1027 2758 5
1051 2703 1259 2757 Necnon
1283 2704 1335 2757 in
1362 2702 1713 2768 Quodvultdeo
1734 2702 1840 2771 epi-

313 2805 479 2859 scopo
526 2793 842 2845 mendacium
886 2792 1170 2847 admisisse.
1213 2793 1247 2847 6
1275 2793 1354 2846 Ad
1386 2794 1715 2847 Collationem
1756 2808 1839 2846 sc-

315 2880 544 2932 cstndam
587 2882 817 2935 condicta
856 2883 937 2935 die
980 2900 1077 2937 non
1101 2883 1302 2935 veniunt
1331 2900 1394 2937 ea;
1428 2884 1710 2937 Donatistis
1740 2883 1839 2935 nisi

315 2982 518 3041 septem
546 2975 769 3044 episcOpi
807 2974 1162 3045 disputatores.
1194 2991 1259 3028 ex
1292 2973 1564 3030 Cat/colicis
1601 2991 1715 3029 vero
1740 2973 1837 3027 ad-

317 3073 444 3115 sunt
485 3064 761 3118 octodecim
798 3064 1029 3135 delegati.
1069 3065 1100 3119 7
1131 3063 1410 3119 Donatistis
1440 3066 1727 3119 conceditur
1754 3064 1838 3117 di-

317 3152 467 3206 latio.

320 3244 378 3297 1.
416 3244 513 3298 Die
540 3243 607 3298 ad
626 3246 949 3314 colloquium
975 3247 1283 3311 constituto,
1314 3248 1559 3300 nimirum
1596 3244 1837 3301 kalendis

252 3336 417 3407 juniis
460 3338 587 3392 anni
630 3339 1131 3409 quadringentesimi
1162 3339 1448 3404 undecimi,
1475 3355 1579 3409 quo
1619 3354 1761 3393 anno
1787 3340 1836 3392 in

254 3429 496 3497 quintam
527 3428 710 3483 feriam
733 3430 1052 3496 incidebant,
1086 3431 1417 3485 Marcellinus
1446 3447 1563 3485 cum
1591 3432 1717 3486 viris
1739 3447 1834 3485 va-

254 3517 343 3573 ria:
395 3518 688 3587 dignitatis,
725 3522 838 3575 sive
866 3536 1042 3576 rerum
1080 3521 1364 3575 forensium
1397 3521 1723 3575 administris
1758 3523 1840 3576 vi-

255 3606 388 3675 ginti
406 3649 420 3667 ,
443 3623 510 3662 ac
539 3609 761 3662 notariis
789 3610 1190 3675 ecclesiasticis,
1220 3609 1510 3665 Catholieis
1537 3611 1742 3664 duobus
1777 3626 1840 3665 ac

257 3699 480 3754 totidem
516 3700 819 3767 Donatistis,
857 3700 909 3755 in
937 3702 1277 3757 secretarium
1304 3701 1625 3757 thermarum
1652 3700 1867 3771 Gargi-'

254 3788 517 3845 lianarum
570 3792 859 3860 ingressus,
908 3807 973 3845 eo
1012 3793 1171 3846 etiam
1216 3791 1497 3855 antistites,
1540 3792 1628 3862 qni
1654 3791 1719 3845 ad
1760 3791 1833 3859 jac

255 3896 414 3936 uuam
460 3882 693 3948 stabant,
724 3897 755 3936 e
791 3882 1077 3936 Catholicis
1116 3881 1359 3936 videlicet
1393 3882 1684 3936 octodecim
1724 3881 1837 3936 cle-
1892 3944 1908 3958 θ

254 3983 387 4033 etus,
418 3989 483 4027 ac
515 3973 790 4028 universos
811 3974 1113 4029 Donatistas
1144 3962 1413 4029 introduci
1436 3974 1592 4043 jussit
1616 3973 1837 4046 (Collat.

255 4061 501 4136 Cari/mg.
532 4066 556 4120 1
586 4106 601 4129 ,
628 4082 741 4135 cap.
774 4067 795 4120 1
823 4066 860 4131 ).
881 4067 1052 4135 Atque
1077 4068 1146 4119 ita
1177 4067 1461 4119 Donatista:
1485 4068 1839 4136 arrogantiam

257 4153 400 4209 illam
434 4170 684 4223 posuere,
712 4171 813 4224 qua
839 4156 1037 4225 aliquot
1059 4166 1183 4211 ante
1211 4156 1388 4220 annis,
1418 4155 1693 4225 indignum
1722 4172 1842 4211 esse

252 4242 646 4314 jactitaverant,
684 4255 972 4316 martyrum
1002 4246 1135 4299 filios
1158 4260 1277 4301 cmn
1320 4248 1571 4315 progenie
1595 4247 1830 4301 Tradito-

258 4352 372 4390 rum
390 4338 681 4391 convenire
710 4336 819 4409 (Ad
843 4336 1132 4393 Donatistas
1172 4347 1283 4408 post
1311 4338 1493 4393 Collat.
1515 4355 1601 4392 nn.
1628 4340 1681 4401 1,
1713 4337 1838 4409 59).

258 4424 523 4497 Principio
543 4428 756 4496 quidem
786 4427 1119 4483 Marcellinus
1142 4428 1456 4497 rescriptum
1473 4427 1837 4499 Imperatoris,

258 4531 455 4587 suaque
494 4518 661 4587 ipsius
699 4518 893 4584 edicta,
925 4534 1129 4573 necnon
1176 4518 1348 4571 varias
1378 4518 1650 4589 utriusque
1690 4534 1841 4574 com-

260 4609 527 4663 munionis
552 4610 922 4678 episeoporum
949 4610 1013 4663 ad
1043 4626 1100 4663 se
1145 4610 1395 4679 epistolas
1426 4611 1636 4666 recitari
1660 4611 1837 4681 jussit.

260 4698 384 4753 Cum
407 4710 591 4755 autem
622 4700 674 4753 in
700 4701 861 4768 priori
892 4715 987 4754 suo
1013 4700 1191 4755 edicto
1231 4701 1561 4757 Marcellinus
1587 4704 1843 4759 schisma—

261 4788 370 4842 tica:
395 4789 613 4845 factioni
640 4790 976 4860 promisisset
1001 4791 1188 4856 alium,
1220 4806 1612 4863 quemcumque
1639 4794 1838 4849 voluis-

260 4889 392 4945 sent,
422 4881 685 4951 collegam
715 4880 767 4935 in
798 4880 900 4935 hoc
924 4881 1123 4949 judicio
1143 4896 1203 4937 se
1224 4893 1594 4952 recepturum;
1620 4900 1842 4955 respon-

260 4970 332 5025 dit
359 4972 689 5037 Petilianus,
728 4987 834 5025 non
879 4971 1106 5038 decere,
1136 4973 1324 5041 quibus
1358 4975 1558 5044 primus
1597 4977 1842 5045 cognitor

260 5076 358 5115 non
386 5062 691 5132 petentibus
735 5061 890 5116 datus
927 5071 1089 5128 esset,
1120 5062 1238 5133 eligi
1265 5064 1334 5119 ab
1376 5065 1507 5135 ipsis
1546 5066 1838 5121 secundum

262 5150 480 5220 (Collat.
510 5152 752 5223 Cartliag.
782 5153 835 5222 l,
862 5168 1013 5225 capp.
1045 5153 1096 5217 6,
1126 5153 1210 5223 7).
1252 5154 1448 5210 Verum
1476 5156 1685 5226 propria
1708 5172 1839 5211 con-

262 5243 481 5298 scientia
500 5242 853 5313 propriusque
880 5242 1037 5297 timor
1052 5244 1184 5298 alter
1214 5242 1315 5298 illis
1331 5246 1572 5315 cognitor
1592 5262 1654 5301 ac
1674 5246 1839 5316 judex

262 5333 375 5399 fuit,
405 5351 474 5391 eo
501 5336 617 5405 ipso
642 5351 801 5406 quem
844 5336 1111 5391 llonorius
1135 5336 1376 5405 dederat,
1413 5338 1568 5408 longe
1592 5340 1837 5409 sagacior

258 5434 310 5479 et
327 5428 571 5482 severior
592 5425 1000 5499 (AdDonatistas
1018 5438 1130 5499 post
1153 5426 1319 5484 Collat
1345 5469 1360 5494 ,
1388 5446 1443 5484 η.
1470 5430 1589 5501 46).
1625 5432 1721 5487 llic
1746 5448 1841 5486 an-

259 5525 470 5588 tequam
508 5534 667 5575 causa
727 5519 1028 5587 diceretur,
1080 5521 1222 5588 prior
1258 5519 1534 5590 judicavit.
1583 5522 1838 5579 Perlectis

261 5611 401 5666 hisce
429 5612 662 5680 scriptis,
716 5612 983 5667 Emeritos
1012 5613 1330 5680 praeteritum
1371 5612 1479 5681 jam
1505 5628 1624 5669 esse
1654 5613 1837 5682 dispu-

259 5702 402 5758 tandi
430 5711 661 5774 tempus,
692 5711 747 5759 et
770 5710 997 5774 quatuor
1022 5703 1141 5761 illos
1166 5716 1399 5772 menses,
1426 5716 1561 5773 quos
1583 5705 1835 5776 praescri-

1557 296 1753 353 LlDi-IR
1791 292 2077 352 SEXTUS.

3417 304 3520 362 4H

1949 432 2122 493 pserat
2144 420 2453 492 imperator,
2478 439 2509 478 a
2538 423 2744 480 decimo
2766 425 3222 496 quartokalemlas
3248 425 3382 495 junii
3410 428 3521 484 ela-

1946 532 2068 587 psos
2093 515 2364 571 contendit
2394 515 2612 590 (Collat.
2640 516 2881 588 Cartltag.
2911 520 2962 584 1,
2996 534 3110 586 cap.
3139 518 3262 587 20).
3295 517 3399 575 Sed
3426 535 3518 577 eos

1943 607 2009 661 ad
2039 606 2292 661 kalendas
2320 622 2486 677 usque
2517 607 2757 676 protendi
2784 607 2963 663 docuit
3010 608 3376 675 Marcellinus;
3409 609 3541 665 imo~

1944 700 2142 754 exactis
2168 709 2393 769 quatuor
2416 699 2687 753 mensibus
2709 700 2940 768 potuisse
2963 700 3135 755 adhuc
3154 709 3210 755 et
3235 700 3368 756 alios
3387 702 3521 757 duos

1947 790 2102 860 adjici
2126 791 2312 861 (Ibid.,
2335 808 2448 863 cap.
2478 789 2605 861 30).
2637 790 2752 859 Quo
2779 799 2954 846 tamen
2987 792 3235 861 prohibiti
3262 808 3365 849 non
3401 803 3525 849 sunt

1948 884 2253 950 Donatistae,
2299 884 2425 954 quin
2464 893 2647 953 postea
2688 882 3009 948 (latholicos,
3055 884 3206 954 quasi
3245 884 3311 939 ad
3356 886 3525 955 legiti-

1945 991 2090 1030 mum
2135 976 2275 1030 diem
2327 992 2433 1030 non
2467 970 2779 1038 adfuissent,
2832 990 3164 1045 pungi-avare
3210 984 3517 1030 tentarent:

1943 1065 2127 1121 eadem
2156 1066 2297 1121 enim
2324 1067 2553 1123 secunda
2581 1081 2791 1136 quoque
2817 1065 3119 1134 cognitione
3163 1065 3519 1135 ingesserunt,

1946 1159 2033 1212 ubi
2063 1157 2284 1212 validius
2305 1157 2461 1211 etiam
2479 1157 2733 1212 fuerunta
2760 1157 3050 1212 Catholicis
3085 1157 3266 1211 revicti
3297 1156 3519 1227 (Collat.

1944 1248 2186 1319 Cartltag.
2216 1249 2269 1314 2,
2305 1266 2454 1319 capp.
2482 1249 2571 1313 48,
2597 1247 2722 1319 50).
2765 1249 2853 1303 Sic
2895 1247 3109 1311 factum,
3140 1257 3198 1302 ut
3225 1263 3290 1302 eo
3328 1255 3521 1301 conatu

1950 1342 2079 1397 nihil
2126 1340 2268 1395 aliud
2313 1339 2599 1393 Douatistm
2638 1339 2909 1393 consecuti
2932 1339 3057 1402 sint,
3094 1338 3282 1392 nisiut
3315 1338 3520 1392 clarum

1943 1436 2381 1504 exploratumque
2429 1432 2578 1486 fieret
2604 1431 2867 1493 omnibus,
2902 1438 3235 1499 quantopere
3274 1443 3523 1483 vereren-

1945 1539 2049 1590 tur,
2081 1542 2146 1579 ne
2171 1525 2408 1579 discussa
2436 1523 2645 1592 penitus
2681 1536 2860 1585 causa,
2883 1528 2992 1573 tum
3024 1518 3265 1573 factionis
3291 1534 3401 1572 sua:
3424 1516 3522 1572 de-

1943 1617 2141 1679 bilitas,
2171 1622 2281 1668 tum
2307 1614 2445 1667 vires
2465 1611 2859 1667 Catholicorum
2889 1608 3258 1679 proderentur.
3290 1608 3523 1680 Questus

1943 1705 2115 1760 fuerat
2140 1702 2473 1757 Marcellinus
2512 1698 2925 1767 vitilitigationes
2951 1697 3188 1751 adhiberi
3235 1712 3266 1752 a
3301 1697 3519 1750 Donati-

1943 1798 2040 1853 stis
2070 1840 2085 1862 ,
2116 1812 2291 1851 causa:
2317 1810 2435 1864 qua:
2461 1792 2718 1862 agebatur
2755 1790 3015 1860 gravitate
3051 1789 3291 1857 indignas
3317 1806 3333 1846 :
3359 1803 3524 1859 quare

1945 1888 2038 1952 illi,
2080 1896 2139 1941 ut
2166 1886 2405 1940 formulis
2427 1882 2727 1938 forensibus
2752 1881 2929 1949 procul
2956 1880 3269 1943 amandatis,
3294 1880 3512 1950 juberet

1943 1978 2109 2033 solam
2164 1977 2216 2031 in
2275 1976 2374 2030 hoc
2428 1974 2627 2044 judicio
2686 1973 2863 2027 valere
2911 1972 3300 2041 Scripturarum
3337 1980 3521 2026 aucto-

1943 2070 2173 2134 ritatem,
2231 2067 2430 2138 petiere
2469 2064 2489 2137 (
2515 2064 2672 2128 lbid.,
2720 2064 2770 2125 1,
2828 2080 2976 2134 capp.
3027 2063 3116 2130 50,
3162 2063 3222 2116 3t
3254 2061 3292 2132 ).
3340 2062 3522 2117 Actio-

1944 2177 2064 2218 nem
2099 2159 2430 2214 Marcellinus
2473 2157 2539 2211 ab
2568 2156 2827 2211 electione
2875 2170 3217 2223 personarum
3247 2153 3425 2223 (quod
3452 2169 3519 2208 eo

1945 2261 2205 2323 prtcscnte
2234 2250 2456 2306 necdum
2501 2249 2787 2303 Donatista:
2822 2249 3209 2316 pra‘stiterant)
3239 2247 3522 2315 auspican-

1944 2344 2064 2397 dum
2091 2342 2372 2405 censebat;
2403 2341 2475 2394 illi
2499 2355 2629 2394 vero
2658 2338 2921 2392 forensem
2952 2336 3087 2391 hanc
3108 2338 3265 2391 etiam
3292 2340 3518 2391 formam

1942 2450 2062 2489 esse
2106 2432 2515 2495 contendebant,
2561 2446 2623 2484 ac
2669 2427 2890 2498 proinde
2936 2428 3090 2481 simul
3140 2442 3260 2481 cum
3305 2426 3524 2494 reliquis

1944 2523 2308 2579 omittendam.
2345 2521 2702 2576 Nihilominus
2727 2528 2901 2572 tamen
2930 2532 3048 2571 cum
3076 2516 3386 2586 urgentibus
3413 2516 3522 2569 Do-

1947 2615 2154 2669 natistis
2195 2614 2495 2668 sciscitatus
2545 2627 2611 2664 ex
2646 2608 2934 2663 Catholieis
2978 2608 3180 2671 fuisset,
3222 2609 3525 2677 placeretne

1946 2720 2094 2760 more
2114 2704 2400 2758 forensium
2427 2702 2748 2772 judiciorum
2777 2713 2956 2768 agere,
2998 2714 3065 2751 an
3088 2697 3199 2752 sola
3223 2697 3522 2751 divinarum

1945 2794 2332 2863 Scripturarmn
2384 2792 2741 2855 auctoritate;
2796 2802 3221 2859 responsumque
3262 2795 3423 2850 esset,
3468 2786 3523 2839 in

1945 2887 2193 2941 mandato
2212 2886 2470 2940 contineri
2499 2884 2735 2937 omnium
2763 2882 3112 2945 voluntatem,
3136 2878 3285 2948 cujus
3309 2876 3523 2947 quidem

1945 2981 2202 3035 terminos
2244 2978 2581 3048 praeter-gredi
2622 2976 2719 3030 sibi
2753 2992 2856 3030 non
2901 2976 3107 3040 liceret,
3140 2988 3311 3041 neque
3340 2981 3515 3024 tamen

1945 3072 1994 3125 id
2028 3071 2320 3128 forensibus
2358 3070 2502 3123 tricis
2546 3069 2652 3121 ullo
2683 3075 2835 3135 pacto
2873 3066 3079 3119 haerere
3109 3082 3121 3116 :
3154 3062 3376 3117 obtinuit
3404 3069 3521 3114 tan-

1944 3163 2064 3216 dem
2089 3161 2420 3214 Marcellinus
2447 3169 2498 3211 ut
2524 3160 2856 3221 recitaretur,
2887 3156 3094 3209 tametsi
3126 3154 3523 3207 intercederent

1949 3254 2253 3316 Donatistze,
2283 3266 2344 3305 ac
2369 3250 2588 3304 formam
2617 3263 2735 3301 esse
2761 3247 2977 3301 minime
3000 3243 3355 3299 necessariam
3378 3242 3526 3296 dictio

1947 3353 2112 3397 tarenl
2136 3360 2149 3406 ;
2175 3358 2285 3393 cum
2308 3342 2360 3393 in
2388 3356 2506 3405 uno,
2544 3337 2711 3407 inquit
2734 3336 3018 3399 Emeritos,
3050 3344 3240 3387 constet
3270 3332 3517 3386 Ecclesia:

1946 3446 2048 3489 tota
2096 3450 2309 3505 persona
2348 3431 2531 3503 (Ibid,
2560 3447 2673 3499 cap.
2716 3427 2840 3498 i7).
2889 3427 3053 3481 Lecto
3099 3424 3349 3479 mandato
3386 3423 3527 3477 bona

1946 3528 2048 3581 [ide
2076 3525 2304 3580 confessi
2337 3533 2479 3588 sunt,
2514 3539 2579 3577 co
2608 3522 2701 3574 l'ori
2736 3520 2976 3589 iurisque
3004 3517 3258 3571 formulas
3281 3516 3521 3581 excludi;

1944 3628 2103 3688 atque
2128 3616 2260 3671 adeo
2286 3614 2581 3669 faciendum
2623 3612 2722 3666 sibi
2752 3626 2902 3674 esse,
2936 3618 2992 3663 ut
3019 3608 3306 3663 Catholicis
3337 3624 3399 3663 ex
3437 3608 3522 3662 di~

1945 3713 2079 3765 vitae
2104 3710 2234 3779 legis
2262 3706 2577 3762 testimoniis
2603 3703 2987 3774 respondeatur
3021 3700 3202 3773 (Ibid,
3233 3716 3346 3770 cap.
3376 3698 3480 3772 70)
3506 3718 3520 3754 :

1945 3816 2126 3857 verum
2159 3801 2376 3869 hujusce
2414 3796 2659 3867 promissi
2690 3795 2997 3850 memoriam
3023 3792 3167 3847 brevi
3192 3790 3518 3860 abjeceruut.

2014 3892 2068 3945 9..
2105 3892 2231 3945 Post
2259 3889 2490 3943 mandati
2515 3889 2792 3941 lectionem
2819 3886 3039 3955 petiere,
3063 3884 3227 3953 utqui
3256 3883 3380 3937 illud
3404 3883 3523 3936 sub-

1946 3982 2305 4049 scripsissent,
2342 3978 2829 4043 introducerentur,
2859 3991 2926 4030 ne
2958 3974 3093 4030 forte
3118 3989 3216 4043 pro
3252 3974 3517 4043 episcopis

1948 4070 2224 4125 inferiores
2252 4069 2431 4123 clerici
2470 4068 2772 4124 subdititias
2800 4066 3145 4120 inseruissem
3170 4064 3517 4133 subscriptio.-

1948 4177 2063 4216 nes.
2106 4161 2367 4226 SuSpicati
2406 4169 2529 4213 sunt
2571 4158 2834 4213 Catholici
2886 4156 3204 4222 Donatistas,
3246 4172 3365 4210 cum
3394 4156 3525 4209 nihil

1948 4252 2199 4306 tumultus
2230 4249 2524 4319 usquedum
2555 4250 2666 4302 ausi
2695 4256 2875 4302 essent
2904 4247 3155 4309 excitare,
3198 4247 3349 4300 veriti
3375 4262 3440 4299 ne
3468 4247 3523 4311 in

1946 4344 2108 4410 ipsos,
2140 4342 2227 4411 qui
2257 4356 2418 4410 prope
2447 4340 2545 4393 soli
2586 4348 2757 4402 erant,
2788 4339 2961 4391 omnis
3005 4338 3198 4391 invidia
3239 4337 3520 4401 recideret,

1947 4432 2012 4486 de
2042 4430 2377 4485 acccrsendis
2422 4429 2711 4483 Catholicis
2753 4443 2818 4481 eo
2844 4428 3065 4481 consilio
3092 4442 3296 4497 urgere,
3329 4436 3385 4480 nt
3428 4442 3525 4496 per.

1946 4521 2294 4575 multitudinis
2341 4519 2707 4574 confusionem
2751 4518 2976 4571 tumultu
3031 4519 3228 4571 sensim
3286 4517 3512 4571 excitati

1945 4596 2376 4680 disceptationem
2400 4607 2977 4679 abrumperent(lbid.,
2998 4626 3145 4679 capp.
3169 4607 3257 4674 8|,
3278 4608 3367 4673 85,
3396 4608 3463 4660 84
3482 4608 3521 4673 ).

1946 4705 2279 4773 Quapropter
2303 4701 2613 4771 aliquandiu
2641 4700 2884 4769 refragati
2914 4709 3056 4765 sunt,
3105 4699 3277 4765 (|tt0ad
3306 4699 3521 4751 Donati-

1945 4804 2041 4850 sta:
2074 4795 2170 4864 ipsi
2197 4807 2321 4848 suos
2344 4808 2410 4847 ex
2439 4807 2543 4846 una
2586 4803 2754 4861 parte,
2777 4790 3077 4846 Catholieos
3106 4806 3136 4845 e
3171 4791 3379 4845 diversa
3412 4791 3521 4842 eol-

1946 4885 2199 4941 locandos
2220 4899 2339 4940 esse
2367 4894 2776 4955 proposuerunt,
2801 4893 2875 4949 ut,
2905 4884 2951 4938 si
2978 4901 3094 4953 quae
3133 4882 3299 4936 turba:
3322 4891 3520 4935 exorta:

1945 4985 2159 5041 essent,
2197 4976 2255 5037 in
2293 4974 2534 5030 insontes
2560 4984 2733 5029 tamen
2762 4990 2868 5027 non
2905 4981 3087 5042 posset
3128 4972 3242 5041 ejus
3267 4971 3341 5024 rei
3367 4970 3519 5039 culpa

1944 5068 2192 5124 derivari.
2232 5068 2304 5122 At
2329 5082 2457 5123 vero
2484 5075 2662 5137 postea
2692 5066 3016 5120 intellectum
3058 5074 3159 5127 est,
3192 5063 3511 5124 Donatistas,

1946 5169 2003 5214 ut
2033 5168 2320 5229 pra-sentes
2349 5158 2652 5215 Catholicos
2673 5158 2786 5212 sisti
2818 5164 3076 5226 peterent,
3107 5170 3212 5208 non
3231 5155 3331 5209 alia
3355 5171 3413 5210 re
3441 5156 3521 5209 in.

1943 5251 2151 5317 ductos,
2204 5266 2364 5321 quam
2394 5250 2534 5320 quod
2573 5247 2891 5319 persuadere
2920 5246 3023 5300 sibi
3057 5246 3358 5315 neutiquam
3395 5261 3518 5315 pos-

1944 5350 2067 5397 sent
2088 5357 2295 5408 eorum,
2322 5355 2457 5411 quos
2480 5354 2599 5394 cum
2625 5346 2875 5407 apparatu
2898 5351 2961 5391 ac
3000 5351 3192 5405 pompa
3215 5336 3400 5392 urbem
3432 5337 3516 5392 in-

1942 5434 2091 5504 gredi
2130 5448 2239 5488 non
2270 5432 2527 5496 viderant,
2574 5438 2776 5484 tantum
2801 5443 2920 5483 ease
2949 5443 3225 5482 numerum
3248 5469 3262 5494 ,
3291 5438 3519 5500 quantus

1944 5541 2007 5580 ex
2030 5523 2507 5593 subscriptionibus
2531 5519 2839 5591 apparebat.
2857 5519 3191 5576 Consensere
3212 5519 3387 5592 itaque
3420 5521 3523 5577 Ca-

1946 5614 2150 5680 tholici,
2183 5623 2243 5669 ut
2268 5613 2611 5683 coepiscOpos
2637 5627 2763 5666 suos
2789 5653 2803 5678 ,
2835 5612 2922 5682 qui
2966 5610 3103 5667 forte
3142 5612 3193 5666 in
3238 5614 3518 5667 ecclesiam

1945 5707 2186 5779 aliquam
2225 5705 2507 5765 convenire
2557 5706 2694 5762 inter
2747 5719 2805 5762 se
2845 5713 3157 5775 statuerant,
3207 5714 3521 5763 vocarentur
