4042 6360
541 275 646 332 413

542 391 732 465 (Ibid,
752 406 865 461 cap.
898 386 1030 457 89);
1058 400 1180 440 cum
1207 392 1387 439 autent
1418 396 1523 438 non
1552 381 1702 451 pauci
1732 394 1826 449 per
1845 378 1989 433 varia
2016 376 2129 432 loca

550 480 776 553 dispersi
804 494 927 535 esse
953 484 1203 549 possent,
1238 473 1444 543 recepit
1474 471 1693 544 Alypius
1720 470 1838 524 illos
1873 468 2133 524 adductu-

549 590 668 629 rum
699 588 760 628 se
789 572 839 627 in
864 570 1005 625 diem
1032 567 1342 622 crastinum.
1392 566 1642 619 Attamen
1682 560 1996 615 introductis
2040 559 2125 625 iis,

546 665 635 736 qui
660 678 754 733 pro
772 659 978 716 foribus
997 658 1195 728 reperti
1212 664 1357 722 sunt,
1381 668 1617 724 quosque
1636 668 1701 706 ex
1719 651 2015 721 composito
2036 665 2130 704 vo-

544 764 693 810 catos
725 752 853 807 nulli
881 751 1217 813 dubitemus;
1263 762 1447 803 eorum
1473 760 1502 798 a
1532 744 1722 815 quibus
1769 744 2124 813 subscriptum

544 845 717 900 fuerat
745 842 1073 905 mandatum,
1122 840 1333 904 abesse,
1360 844 1556 908 pra-ter
1584 850 1678 890 eos
1703 834 1794 906 qui
1819 833 2124 905 Carthagini

543 908 889 1005 aagrotabant.
910 941 1150 1001 repertus
1165 938 1247 985 est
1269 944 1445 986 nemo.
1469 926 1524 983 lu
1545 927 1646 983 hoc
1674 925 2122 997 subscriptionum

544 1024 791 1081 examine
813 1064 829 1090 ,
856 1021 1176 1078 schismatici
1213 1019 1501 1075 Catliolicis
1537 1018 1665 1073 vitio
1692 1018 1892 1073 dabant
1917 1058 1934 1084 ,
1979 1017 2121 1088 quod

544 1116 599 1171 in
628 1132 734 1186 qtto
762 1123 931 1170 tractu
956 1128 1091 1168 unus
1131 1120 1330 1166 tantum
1376 1119 1521 1166 esset
1557 1111 1791 1180 ipsorum
1821 1110 2120 1178 epiSCOpus,

542 1206 621 1261 illi
674 1220 1048 1275 nonnunquam
1096 1203 1233 1257 duos
1288 1210 1381 1256 aut
1426 1201 1586 1256 etiam
1629 1200 1813 1270 plures
1866 1200 2125 1257 haberent

543 1296 732 1368 (Ibid,
755 1314 903 1367 capp.
927 1296 1017 1360 65,
1048 1296 1070 1348 1
1094 1294 1193 1365 17)
1218 1312 1230 1347 :
1253 1302 1307 1347 at
1329 1288 1585 1348 Catholici
1612 1292 1748 1347 idem
1763 1307 1972 1362 quoque
1984 1291 2122 1362 apud

543 1388 674 1443 istos
689 1386 909 1442 inveniri
934 1385 1370 1440 demonstrabant
1395 1383 1583 1454 (Ibid.,
1598 1401 1709 1454 cap.
1732 1384 1852 1449 125,
1874 1384 1951 1438 vel
1980 1385 2119 1457 126).

546 1478 730 1533 Mutuo
750 1475 1164 1533 criminabantur
1187 1490 1328 1539 sese,
1344 1474 1482 1544 quod
1510 1476 1789 1545 episeopos
1814 1476 1864 1529 in
1892 1475 2048 1538 villis,
2070 1476 2122 1531 in

544 1569 720 1624 fundis
747 1578 802 1624 et
849 1567 1011 1640 agris,
1046 1568 1126 1623 vel
1166 1569 1217 1621 in
1247 1567 1459 1622 sedibus
1487 1568 1602 1622 sine
1634 1568 1785 1637 plebe
1818 1568 2121 1623 constituis-

541 1670 660 1717 sent
707 1658 892 1730 (Ibid.,
938 1676 1089 1729 capp.
1121 1660 1243 1724 181,
1278 1658 1423 1730 182).
1464 1660 1697 1729 Denique
1741 1659 1841 1714 sibi
1873 1658 2119 1724 invicem,

540 1766 573 1820 q
590 1767 668 1805 nte
691 1752 779 1806 alii
799 1752 867 1807 ab
881 1751 998 1805 aliis
1022 1751 1160 1820 passi
1180 1758 1349 1815 erant,
1369 1750 1601 1820 objicere
1631 1766 1734 1805 non
1762 1751 2079 1807 omittebant
2102 1768 2117 1805 :

540 1858 726 1897 verum
754 1841 1012 1911 ejusmodi
1041 1841 1435 1907 altercationes,
1466 1858 1583 1911 qua:
1603 1858 1633 1896 a
1663 1842 1880 1898 cardine
1901 1843 1978 1899 rei
2000 1851 2123 1898 tan-

542 1941 653 1985 tmn
679 1932 987 1986 avertebant
1005 1974 1018 1994 ,
1049 1932 1403 1997 Marcellinus,
1435 1932 1607 2002 quoad
1647 1933 1697 1987 iu
1726 1949 1783 1987 se
1809 1943 1944 1999 erat,
1973 1950 2121 1990 rese-

541 2024 715 2078 cabat.
762 2022 892 2079 Cum
919 2023 1219 2079 Felicianus
1256 2023 1597 2089 Mustitanus,
1636 2040 1668 2079 e
1709 2025 2125 2081 Maximianista-

541 2129 659 2169 rum
704 2114 974 2184 quondam
1015 2115 1275 2178 factione,
1323 2114 1713 2183 nominaretur,
1765 2116 1955 2173 institit
1995 2119 2123 2191 Aly-

542 2204 699 2274 pius,
746 2214 803 2259 ut
860 2220 980 2260 eum
1058 2206 1344 2260 Donatista.-
1397 2222 1508 2261 sua:
1564 2210 1953 2264 communionis
2002 2227 2123 2266 esse

541 2306 723 2364 aperte
778 2296 1152 2367 proﬁterentur
1191 2296 1407 2366 (Ihid.,
1440 2314 1554 2368 cap.
1597 2298 1736 2366 122;
1781 2298 1976 2353 Breric.
2008 2300 2123 2355 Col-

542 2386 634 2439 lat.
670 2388 722 2453 1,
768 2403 883 2456 cap.
916 2386 1060 2458 12):
1102 2387 1153 2441 id
1189 2404 1316 2443 vero
1344 2388 1417 2443 illi
1464 2401 1796 2444 recusarunt.
1831 2390 2123 2461 Episcopus

541 2475 613 2530 ibi
644 2477 876 2545 quidam,
909 2494 1003 2547 pro
1032 2479 1252 2532 Paulino
1282 2479 1530 2549 episcopo
1547 2478 1808 2534 catholico
1837 2493 2119 2550 prmsente,

540 2568 635 2621 sed
662 2568 863 2623 litteras
892 2569 1163 2624 nesciente
1182 2611 1197 2635 ,
1225 2569 1510 2625 subscribit
1535 2572 1553 2642 (
1574 2569 1755 2626 Collat.
1786 2571 2023 2644 Curtltag.
2054 2575 2077 2630 1
2104 2614 2119 2640 ,

538 2659 846 2730 “p.13”.

612 2750 665 2803 5.
690 2748 815 2807 Post
832 2752 1050 2807 recitata
1066 2751 1454 2807 Catholicorum
1477 2754 1711 2809 omnium
1729 2755 1964 2823 nomina,
1984 2756 2120 2811 Mar-

541 2843 765 2898 cellinus
796 2844 1075 2913 episcopos
1104 2854 1256 2916 rogat
1294 2854 1351 2900 ut
1388 2846 1607 2901 sedeant
1645 2865 1659 2901 :
1691 2848 1829 2917 quod
1872 2849 2118 2903 nimirum

541 2932 643 2987 illis
671 2934 931 2988 stantibus
957 2935 1054 3004 ipsi
1081 2936 1268 2991 sedere
1307 2938 1588 2991 molestum
1618 2938 1705 2992 sit.
1737 2938 1981 2994 Oblatum
2020 2943 2117 2995 lio-

542 3040 726 3079 norem
755 3036 1002 3080 recusant
1026 3027 1330 3092 Donatista),
1358 3028 1457 3082 sibi
1482 3028 1693 3084 interim
1715 3030 1950 3085 simulac
1978 3031 2115 3085 Mar-

540 3116 736 3170 celliuo
753 3117 929 3172 verbis
953 3118 1356 3174 adblandientes
1381 3120 1915 3189 magniﬁcentissimis
1933 3121 2112 3194 (Ibid.,

536 3225 687 3279 capp.
705 3209 826 3275 144,
853 3207 995 3282 145).
1025 3210 1256 3265 Tametsi
1273 3222 1448 3266 autem
1466 3228 1587 3267 eum
1605 3212 1681 3267 sic
1699 3212 1988 3268 efferebant
2008 3214 2118 3269 lau-

535 3299 712 3365 dibus,
727 3308 782 3353 ut
805 3298 1061 3366 dicerent,
1083 3301 1155 3355 ait
1172 3302 1514 3371 Augustinus,
1534 3303 1883 3371 honoriﬁcum,
1898 3306 2114 3375 justum,

536 3401 854 3459 reuerentem,
889 3393 1193 3463 benignum;
1239 3408 1450 3449 causam
1485 3405 1660 3450 tamen
1707 3407 1921 3465 propter
1957 3412 2114 3468 quam

534 3480 787 3550 agendam
815 3491 918 3535 tam
955 3484 1103 3537 multi
1130 3492 1505 3549 convenerant,
1542 3484 1679 3555 apud
1712 3500 1832 3540 eum
1858 3487 1940 3557 agi
1967 3488 2114 3543 nole-

533 3571 661 3626 bant
677 3571 889 3644 (Brevic.
914 3572 1095 3627 Collat.
1118 3576 1166 3639 1,
1187 3591 1299 3644 cap.
1321 3572 1429 3645 15).
1454 3574 1639 3629 Adacti
1661 3587 1786 3631 sunt
1806 3576 1878 3630 illi
1902 3576 2114 3631 tandem

532 3663 837 3734 aliquando,
862 3674 919 3720 ut
949 3681 1045 3736 pro
1064 3682 1159 3721 sua
1189 3676 1337 3737 parte
1367 3668 1725 3737 disputaturos
1756 3670 2111 3736 instituerent,
2158 3688 2173 3707 ι

536 3770 629 3808 seu
656 3756 832 3810 verius
853 3770 966 3822 eos,
989 3756 1179 3825 quibus
1211 3758 1363 3811 istam
1396 3760 1715 3826 provinciam
1747 3759 1858 3830 jam
1887 3760 2009 3815 inde
2046 3761 2113 3814 ab

531 3856 718 3901 octavo
778 3846 1030 3903 kalendas
1094 3849 1228 3919 junii
1284 3850 1697 3921 delegaverant,
1749 3853 2115 3908 renuntiarent

533 3935 743 4007 (Collat.
768 3938 1003 4011 Carthag.
1032 3942 1093 4007 1,
1119 3958 1233 4012 cap.
1276 3943 1423 4011 145).
1467 3942 1683 3997 Lectum
1733 3954 1816 3999 est
1851 3944 2009 4014 igitur
2036 3943 2113 3998 fa-

532 4037 677 4092 ctum
698 4045 759 4085 ea
779 4030 848 4085 de
867 4046 924 4085 re
946 4031 1273 4101 mandatum,
1295 4050 1400 4104 quo
1420 4035 1633 4104 quidem
1654 4036 1751 4089 soli
1772 4038 2114 4093 continentur

532 4130 734 4190 septem
776 4122 1092 4192 disputaturi
1122 4142 1135 4177 :
1164 4140 1343 4181 verum
1370 4127 1505 4182 alios
1530 4144 1739 4199 quoque
1768 4139 1993 4200 septem,
2021 4134 2111 4201 qui

535 4212 796 4281 prioribus
844 4222 1026 4268 essent
1072 4229 1102 4268 a
1131 4216 1388 4281 consiliis,
1423 4218 1547 4273 item
1575 4230 1817 4289 quatuor,
1861 4237 1891 4274 a
1921 4221 2112 4293 quibus

532 4310 679 4371 gesta
708 4302 1120 4370 custodirentur,
1172 4306 1367 4361 electos
1396 4323 1536 4374 esse,
1580 4309 1904 4378 Augustinus
1928 4320 2111 4366 auctor

530 4402 614 4445 est
648 4393 838 4464 (Epist.
870 4396 989 4462 141,
1019 4413 1071 4449 n.
1102 4397 1202 4467 2);
1240 4399 1379 4468 quod
1424 4400 1593 4470 ipsum
1628 4402 1681 4456 in
1730 4404 1911 4471 prima:
1936 4404 2111 4459 Colla-

536 4486 692 4540 tionis
740 4487 886 4544 calce
938 4504 1247 4559 expressum
1299 4492 1445 4563 legas
1498 4493 1705 4567 (Collat.
1762 4495 2003 4568 Curthag.
2055 4498 2105 4564 1,

532 4593 647 4647 cap.
671 4577 825 4648 2|8).

602 4669 656 4723 4.
692 4669 908 4725 Lectum
952 4673 1255 4728 mandatum
1298 4685 1495 4732 secuta:
1522 4686 1648 4733 sunt
1672 4679 2104 4751 subscriptiones,

533 4774 665 4826 quas
697 4760 767 4813 illi
791 4760 965 4817 denuo
990 4764 1399 4831 conﬁrmarunt;
1447 4768 1603 4838 idque
1631 4772 1940 4840 urgentibus
1985 4774 2105 4843 qui-

531 4849 651 4904 (lem
681 4851 986 4918 Catholicis,
1018 4854 1111 4909 sed
1154 4856 1435 4913 Donatistis
1469 4859 1596 4928 ipsis
1632 4861 1805 4915 acrius
1840 4864 1999 4917 etiam
2030 4865 2108 4919 in-

532 4941 793 4996 stantibus
821 4942 1001 5011 (lbid.,
1032 4962 1181 5016 capp.
1212 4947 1332 5013 152,
1368 4948 1486 5015 154,
1522 4951 1642 5011 165,
1673 4952 1827 5036 1'35).
1862 4954 1972 5010 Hoc
2018 4955 2103 5010 isti

532 5032 725 5088 obnixe
751 5050 781 5088 a
826 5035 1130 5091 Marcellino
1173 5038 1542 5108 efflagitarunt,
1577 5032 1891 5112 prarcipuam
1931 5060 2105 5102 causm

531 5138 641 5177 sure
683 5124 926 5182 ﬁduciam
952 5128 1005 5182 in
1035 5145 1255 5185 numero
1293 5146 1351 5186 se
1384 5136 1665 5201 repositam
1707 5135 1900 5192 habere
1932 5141 2102 5208 palam

536 5215 789 5282 professi;
818 5220 1056 5287 quamvis
1080 5236 1139 5275 ea
1166 5220 1232 5276 de
1258 5237 1315 5276 re
1343 5222 1747 5294 haudquaquam
1774 5228 1855 5297 agi
1884 5228 2104 5285 Marcel—

534 5303 673 5359 linus
711 5318 969 5373 moneret,
1000 5318 1158 5380 atque
1183 5312 1317 5366 adeo
1354 5314 1483 5367 satis
1511 5314 1810 5370 habiturum
1835 5332 1917 5384 se,
1946 5320 2106 5375 modo

538 5394 693 5463 primi
714 5395 897 5452 decem
928 5401 1284 5456 testimonium
1297 5402 1362 5457 de
1383 5412 1695 5459 caeterorum
1716 5406 2105 5478 subscriptione

532 5483 771 5549 ferrent;
801 5486 852 5542 in
899 5505 1005 5557 quo
1038 5505 1137 5545 nec
1164 5491 1561 5561 refragabantur
1587 5492 1847 5550 Catholici
1882 5514 1895 5551 :
1921 5514 2102 5555 verum

536 5574 822 5633 Donatistis
871 5596 1072 5636 morem
1110 5598 1295 5652 gerere
1331 5587 1583 5653 oportuit.
1628 5588 1727 5656 Qui
1771 5592 1929 5646 tertio
1970 5593 2105 5650 inter

536 5679 635 5724 eos
655 5667 775 5726 loco
800 5671 1109 5744 subscripsit
1133 5673 1303 5741 Felix,
1335 5676 1639 5748 episcopum
1664 5695 1727 5737 se
1749 5682 1893 5737 urbis
1921 5683 2104 5743 Romae

1638 263 1797 320 VITA
1835 262 1891 317 S.
1932 255 2297 316 AUCUSTINI
2335 260 2656 319 EPISCOPI.

2237 372 2513 441 professus
2538 387 2620 432 est
2660 376 2842 453 (Ibid.,
2873 399 2988 454 cap.
3023 384 3145 456 157)
3175 403 3188 440 :
3221 402 3392 460 neque
3419 390 3579 447 etiam
3606 392 3692 449 hic
3707 395 3818 454 Ca-

2239 464 2415 519 tholici
2447 470 2636 522 morati
2686 480 2833 540 sunt,
2875 474 2976 528 nisi
3004 477 3145 546 quod
3191 492 3349 534 suum
3379 479 3690 540 Innocentio
3718 486 3812 557 jus

2235 556 2551 612 servandum
2581 559 2824 617 dixerunt
2849 562 3035 635 (Ibid.,
3058 584 3208 639 capp.
3233 570 3355 635 161,
3382 571 3528 643 165).
3556 574 3822 644 Quorun-

2234 644 2355 701 dam
2381 649 2591 705 nomina
2620 652 2839 708 recitata
2863 664 3005 720 sunt,
3038 659 3127 727 qui
3157 660 3462 732 neutiquam
3482 676 3822 722 accesserant

2229 736 2604 810 Carthaginem
2638 782 2655 807 ,
2714 744 2808 799 sed
2854 761 3040 802 eorum
3073 749 3373 808 absentium
3418 754 3559 823 vice,
3606 759 3818 814 tametsi

2232 830 2536 886 mandatum
2578 849 2733 888 suum
2793 848 3061 906 presentes
3114 844 3445 911 prtescntibus
3489 847 3779 919 dirigerent
3801 891 3818 915 ,

2231 921 2320 976 alii
2369 922 2797 995 subscripserant
2848 928 3066 1001 (Brevia.
3118 932 3304 989 Collat.
3333 936 3387 1002 1,
3417 954 3535 1005 cap.
3579 940 3693 1011 14).
3726 941 3821 998 Sic

2232 1014 2465 1083 episcopi
2490 1017 2570 1071 sui
2603 1018 2741 1084 loco,
2764 1021 2855 1091 qui
2873 1032 3060 1092 captus
3081 1026 3251 1082 oculis
3274 1028 3457 1084 venire
3479 1031 3817 1101 amulverat,

2229 1103 2472 1161 Manilius
2516 1109 2793 1180 presbyter
2816 1112 3075 1170 Bazienus
3103 1117 3457 1191 subscripsit,
3510 1137 3577 1178 ne
3622 1139 3819 1180 nomen

2227 1196 2441 1263 quidem
2469 1198 2584 1267 ejus
2606 1204 2909 1271 exprimens
2939 1205 3152 1276 (Collat.
3174 1208 3417 1283 Carthag.
3444 1215 3495 1278 1,
3520 1215 3813 1287 capp.182,

2231 1287 2387 1359 183).
2433 1288 2522 1346 Sic
2565 1308 2773 1364 quoque
2820 1296 3042 1355 Rufinus
3091 1301 3377 1375 presbyter
3428 1321 3525 1377 pro
3581 1309 3823 1364 antistite

2225 1394 2324 1432 suo
2348 1379 2561 1436 Juliauo
2586 1384 2807 1442 absente
2836 1389 3217 1461 subscripsisse
3245 1405 3492 1464 repertus
3517 1406 3600 1454 est
3626 1397 3822 1472 (Ibid,

2226 1488 2376 1544 capp.
2405 1475 2525 1539 195,
2560 1477 2705 1549 195).
2737 1473 2867 1535 Item
2890 1480 3122 1550 professi
3149 1494 3274 1541 sunt
3301 1487 3393 1543 alii
3410 1488 3677 1561 episcopi,
3699 1507 3823 1545 ma-

2226 1582 2352 1621 num
2398 1582 2456 1624 se
2483 1580 2695 1641 rogatos
2712 1583 2939 1643 quatuor
2967 1592 2997 1631 e
3019 1578 3144 1645 suis
3166 1579 3383 1651 collegis
3422 1583 3819 1651 commodasse,

2228 1655 2321 1726 qui
2335 1660 2587 1727 adversa,
2611 1673 2665 1718 ut
2691 1653 3079 1737 'prazdieabant,
3105 1673 3411 1730 valetudine
3429 1675 3634 1732 detenti
3654 1677 3711 1732 in
3735 1678 3825 1733 iti-

2228 1766 2355 1807 nere
2375 1753 2582 1810 fuerant
2609 1757 2793 1828 (Ibid,
2816 1778 2965 1833 capp.
2990 1763 3117 1828 208,
3139 1765 3286 1837 209).
3313 1767 3460 1823 Felix
3481 1769 3827 1827 Zummensis

2227 1858 2327 1897 nec
2350 1856 2590 1916 repertus
2621 1860 2705 1905 est
2745 1852 2881 1922 ipse,
2927 1870 3023 1910 nec
3046 1855 3164 1926 quis
3189 1858 3306 1927 ejus
3335 1861 3549 1916 nomine
3575 1861 3824 1919 subscri-

2229 1936 2451 2005 psisset;
2496 1950 2656 2012 atque
2696 1945 3266 2027 adeo’communicatis
3295 1952 3436 2009 inter
3462 1970 3523 2010 se
3567 1956 3821 2013 consiliis

2229 2028 2513 2087 Donatista:
2563 2034 2665 2091 huc
2709 2038 2999 2110 confugere
3037 2044 3206 2098 coacti
3247 2055 3405 2111 sunt,
3451 2055 3511 2102 ut
3549 2048 3819 2115 dicerent,

2227 2120 2369 2177 illius
2400 2122 2537 2181 forte
2565 2142 2628 2182 ac
2654 2129 2848 2187 Felicis
2882 2133 3157 2204 cujusdam
3186 2136 3537 2205 Lambiensis,
3564 2141 3655 2212 qui
3686 2151 3823 2197 tunc

2224 2221 2534 2289 a‘grotabat,
2581 2224 2798 2281 confusa
2840 2227 3003 2284 fuisse
3031 2230 3247 2285 nemina
3290 2230 3473 2300 (Ibid.,
3504 2249 3659 2304 capp.
3683 2234 3823 2301 200,

2225 2310 2354 2381 201)
2391 2331 2405 2366 :
2435 2314 2581 2384 prius
2606 2324 2782 2371 autem
2809 2318 3038 2374 Felicem
3064 2322 3210 2376 illum
3231 2322 3603 2379 Zummensem
3626 2326 3829 2382 morbo

2224 2403 2470 2460 distineri
2500 2406 2895 2463 afﬁrmaverunt
2926 2408 3109 2483 (Ibid.,
3132 2430 3248 2484 cap.
3273 2414 3420 2485 114).
3444 2414 3677 2472 Novatus
3690 2416 3820 2473 Sitio

2228 2494 2390 2549 fcnsis
2432 2497 2655 2553 antistes
2685 2500 3005 2569 catholicus,
3038 2519 3158 2559 cum
3191 2506 3447 2560 Donatum
3476 2507 3683 2563 videret
3711 2508 3826 2565 loci

2223 2586 2495 2655 cujusdam
2513 2588 2700 2644 (Ιίιίοηί
2722 2605 2833 2647 sua:
2845 2593 3040 2650 subditi
3056 2596 3367 2669 episcopum
3386 2614 3505 2654 sese
3529 2598 3821 2669 ferentem,

2227 2674 2295 2729 ibi
2325 2677 2524 2732 nullum
2551 2694 2672 2736 esse
2694 2695 2795 2737 nec
2821 2684 3127 2755 episcopum
3157 2702 3255 2742 nec
3276 2689 3382 2743 ullo
3405 2690 3625 2745 omnino
3638 2691 3823 2746 Dona-

2226 2765 2399 2822 tismm
2420 2771 2649 2825 asseruit
2676 2770 2861 2843 (Ibid.,
2890 2792 3041 2846 capp.
3066 2777 3192 2842 205,
3213 2778 3365 2851 204).
3396 2781 3660 2837 Asellicus
3679 2798 3822 2853 quo-

2224 2872 2326 2922 que
2360 2858 2709 2917 Tusuritanus
2743 2863 3023 2934 episcopus
3064 2867 3271 2937 juratus
3298 2872 3624 2927 asseveravit
3652 2874 3827 2929 tertio

2224 2946 2477 3007 kalendas
2521 2953 2707 3018 maias,
2739 2970 2844 3025 quo
2886 2956 2975 3012 die
3003 2973 3068 3013 ex
3115 2959 3432 3032 Arzugibus,
3484 2964 3705 3034 regione
3744 2965 3825 3021 ad

2223 3039 2415 3095 Africa:
2446 3043 2721 3099 meridiem
2776 3047 2897 3111 sita,
2932 3048 3200 3117 profectus
3238 3060 3323 3106 est
3346 3092 3361 3117 ,
3405 3052 3776 3109 Victorianum
3799 3097 3819 3121 ,

2221 3130 2311 3197 qui
2338 3131 2435 3185 sibi
2485 3134 2749 3203 Aquensis
2796 3137 3189 3194 Donatistarum
3219 3142 3453 3213 episcopi
3484 3145 3701 3200 titulum
3725 3162 3824 3201 ar-

2224 3221 2459 3290 rogabat,
2490 3224 2859 3297 presbyterum
2884 3234 3088 3284 tantum
3119 3230 3303 3294 fuisse,
3320 3241 3479 3304 atque
3498 3234 3633 3290 adeo
3659 3235 3819 3292 illum

2223 3310 2274 3364 iu
2293 3312 2480 3368 itinere
2490 3314 2812 3384 ordinatum,
2828 3320 3035 3375 tametsi
3049 3321 3293 3377 adulterii
3321 3325 3616 3393 postulatus
3640 3336 3817 3393 esset,

2219 3402 2369 3469 cujus
2387 3403 2558 3459 adhuc
2571 3406 2821 3475 penderet
2830 3411 3060 3480 cognitio
3075 3411 3234 3485 (Ibid.
3246 3456 3260 3480 ,
3282 3431 3399 3488 cap.
3421 3417 3549 3481 207,
3566 3419 3644 3473 vel
3655 3418 3816 3492 208).

2290 3497 2343 3551 5.
2376 3495 2433 3551 Id
2466 3514 2624 3568 porro
2653 3500 2863 3558 videtur
2905 3505 3187 3563 observatu
3229 3510 3385 3582 longe
3413 3513 3816 3585 dignissimum,

2218 3587 2358 3654 quod
2381 3588 2433 3642 in
2448 3589 2814 3656 Quodvultdeo
2829 3594 3106 3653 Cessitano
3118 3600 3369 3671 episcopo
3379 3607 3598 3675 contigit
3614 3605 3783 3677 (Ibid.
3794 3649 3814 3673 ,

2218 3693 2367 3748 capp.
2393 3678 2498 3734 206
2516 3722 2528 3745 ,
2555 3680 2720 3753 207);
2750 3684 2801 3738 in
2830 3701 2937 3755 quo
2964 3689 3165 3745 scilicet
3192 3692 3609 3750 manifestissimi
3648 3712 3810 3753 men-

2217 3767 2351 3823 dacii
2390 3772 2614 3826 convicti
2671 3785 2797 3829 sunt
2843 3776 3039 3849 (Epist.
3072 3781 3198 3845 141,
3230 3799 3284 3836 n.
3319 3782 3393 3855 1).
3442 3786 3647 3841 Etenim
3679 3802 3818 3843 cum

2218 3858 2371 3914 istius
2399 3861 2632 3931 episcopi
2656 3864 2996 3936 subscriptio,
3016 3871 3236 3937 perinde
3260 3889 3322 3928 ac
3342 3875 3384 3929 si
3414 3875 3556 3930 illam
3582 3877 3817 3933 Cartha-

2216 3951 2337 4018 gine
2365 3965 2658 4021 exarasset,
2683 3956 2823 4011 inter
2848 3959 2981 4015 alias
3022 3962 3337 4031 haberetur,
3370 3984 3469 4024 nec
3496 3977 3674 4025 tamen
3714 3970 3814 4028 ille

2217 4053 2316 4094 suo
2337 4043 2551 4099 nomine
2578 4047 2799 4102 recitato
2823 4052 3203 4121 responderet;
3235 4064 3290 4111 et
3317 4073 3439 4113 cum
3474 4071 3815 4130 quaereretur

2217 4132 2302 4186 ubi
2332 4143 2493 4201 esset,
2517 4137 2689 4192 subita
2712 4142 3105 4209 perturbatione
3143 4148 3347 4215 czccati,
3388 4150 3487 4219 ipsi
3527 4166 3650 4206 eum
3675 4166 3813 4208 con-

2217 4224 2339 4279 fessi
2368 4236 2493 4281 sunt
2530 4228 2582 4282 in
2611 4231 2801 4287 itinere
2826 4234 3107 4290 defecisse.
3143 4237 3207 4292 Et
3248 4256 3362 4294 cum
3398 4254 3676 4311 qua’rercnt
3703 4244 3811 4301 Ca-

2215 4317 2405 4382 tholici,
2421 4322 2670 4390 quomodo
2698 4326 2913 4394 potuerit
2932 4330 3070 4398 apud
3091 4329 3447 4402 Carthaginem
3464 4336 3803 4405 subscribere,

2212 4410 2298 4477 qui
2323 4413 2491 4473 [uerat
2531 4414 2585 4467 in
2634 4415 2808 4471 itinere
2848 4418 3153 4490 defunctus;
3205 4423 3284 4477 illi
3324 4427 3412 4479 diu
3435 4428 3811 4496 [iactitaverunt

2215 4506 2510 4570 perturbati,
2542 4516 2588 4561 et
2616 4511 2886 4567 nescientes
2912 4515 3033 4584 quid
3062 4518 3441 4586 responderent.
3476 4519 3614 4574 Nam
3637 4522 3809 4593 primo

2212 4593 2470 4661 dixerunt,
2516 4614 2617 4652 non
2643 4599 2708 4654 de
2733 4601 2863 4667 ipso,
2891 4604 2982 4658 sed
3007 4606 3071 4659 de.
3096 4607 3198 4661 alio
3221 4609 3378 4677 fuisse
3400 4621 3711 4683 suggestum.
3736 4613 3811 4669 Et

2211 4700 2325 4738 cum
2349 4687 2597 4743 Catholici
2622 4703 2878 4761 putassent
2915 4695 2979 4750 de
3012 4698 3136 4763 alio,
3189 4699 3244 4752 id
3270 4710 3361 4766 est,
3391 4702 3456 4756 de
3496 4702 3676 4758 clerico
3719 4721 3812 4761 eos

2211 4776 2395 4843 dicere,
2419 4780 2505 4846 qui
2533 4797 2625 4850 pro
2646 4793 2841 4838 mortuo
2867 4786 3177 4843 subscribere
3199 4792 3358 4860 potuit
3371 4809 3391 4858 ;
3411 4794 3674 4863 quasitum
3703 4804 3804 4863 est,

2210 4876 2376 4919 utrum
2403 4869 2613 4925 clericus
2636 4889 2727 4926 suo
2756 4875 2973 4941 nomine,
2995 4893 3063 4931 an
3096 4879 3233 4934 illius
3252 4898 3343 4951 pro
3364 4894 3560 4937 mortuo
3577 4884 3806 4939 subscri—

2212 4959 2381 5025 pserit.
2406 4960 2510 5015 Sed
2536 4971 2650 5030 post
2672 4980 2888 5034 magnas
2905 4972 3174 5039 angustias
3187 4975 3621 5044 perturbationis,
3641 4986 3807 5048 atque

2212 5049 2561 5107 inconstantis
2583 5064 2637 5108 et
2666 5058 2826 5111 varia:
2850 5064 3214 5129 responsionis
3253 5080 3386 5132 suae,
3434 5069 3805 5138 responderunt

2210 5140 2375 5208 ipsum
2390 5143 2594 5210 quidem
2608 5147 2960 5217 subscripsisse
2978 5165 3293 5221 pra'sentem,
3309 5163 3421 5210 cum
3439 5166 3609 5213 octavo
3624 5159 3803 5215 kalen-

2211 5231 2302 5284 das
2318 5233 2495 5302 junias
2523 5237 2814 5292 mandatum
2843 5241 2983 5309 ﬁeret
2998 5259 3017 5305 ;
3044 5244 3133 5297 sed
3159 5248 3396 5312 quoniam
3414 5264 3549 5319 eger
3572 5250 3801 5305 subscri-

2212 5333 2396 5391 pserat,
2426 5338 2724 5383 remeantem
2754 5332 2827 5385 ad
2850 5336 3057 5405 prapria
3100 5337 3151 5390 in
3175 5338 3359 5393 itinere
3377 5340 3635 5411 defecisse.
3685 5343 3802 5409 Quo

2209 5416 2383 5469 audito
2403 5417 2647 5474 Catholici
2670 5423 2914 5492 petierunt
2930 5428 3190 5497 superiora
3213 5446 3383 5483 eorum
3400 5432 3547 5486 verba
3572 5434 3800 5501 recitari,

2210 5516 2265 5558 ut
2313 5509 2427 5578 ipsa
2462 5512 2676 5566 varietas
2713 5515 3023 5584 deprehensa
3051 5519 3363 5575 claresceret.
3396 5521 3548 5588 Quod
3584 5541 3700 5577 cum
3727 5529 3801 5596 fa-

2209 5611 2346 5653 ctum
2394 5604 2609 5671 fuisset,
2658 5615 2702 5659 ct
2750 5607 2867 5661 inde
2907 5622 3171 5679 appareret
3204 5630 3355 5683 quam
3394 5632 3573 5685 parum
3612 5615 3712 5671 sibi
3744 5619 3799 5671 in

2213 5694 2464 5761 responsis
2514 5695 2619 5750 suis
2673 5707 2995 5767 constarent;
3033 5704 3260 5768 qurcsivit
3303 5704 3544 5778 Cognitor
3566 5749 3582 5777 ,
3629 5717 3803 5764 utrum
