4042 6360
241 326 352 383 ll?

237 444 421 498 saltem
442 440 535 496 sub
563 439 661 495 Dei
680 438 1030 509 testiﬁcatione
1059 436 1341 507 firmarent,
1383 449 1495 487 cum
1521 433 1675 506 fuisse
1709 433 1830 487 Cor-

240 535 469 606 thagim’,
496 534 702 605 quando
724 542 995 604 prtesentes
1024 530 1348 601 praesentibus
1369 527 1751 590 mandaverunt,
1782 534 1835 577 at

236 628 626 682 adscriberent.
658 624 756 680 Ubi
785 624 1122 677 vehementius
1152 621 1449 692 perturbati,
1491 635 1589 674 nec
1627 634 1685 673 se
1717 633 1833 688 pcr-

233 718 382 786 jurio
411 718 619 786 illigare
657 717 791 780 ausi,
817 715 1186 785 responderunt
1215 729 1233 767 :
1265 710 1400 776 Quid
1438 711 1481 764 si
1506 719 1550 763 ct
1589 709 1718 763 alius
1743 724 1833 776 pro

238 808 416 861 eodem
440 805 716 877 apposuit?
738 804 883 859 Hauc
905 807 1073 858 eorum
1094 802 1365 873 falsitatem
1387 801 1740 873 deprehensam
1753 799 1834 869 ju-

236 898 372 952 dicio
389 896 488 951 Dei
503 896 807 966 relinquens,
816 895 969 963 jussit
989 904 1167 948 (cetera
1189 894 1389 947 nomina
1402 889 1598 945 recitari
1614 889 1829 960 (Brevic.

237 989 437 1045 Collat.
474 990 525 1053 l,
554 1006 669 1059 cap.
701 988 811 1057 11).
844 988 1017 1057 Atque
1044 987 1109 1039 ita
1145 985 1461 1051 Donatistm,
1491 982 1576 1053 qui
1603 981 1834 1037 Catholi-

233 1096 433 1138 corum
482 1081 904 1149 subscriptiones
953 1078 1150 1133 idcirco
1197 1075 1475 1129 voluerant
1517 1072 1828 1137 exatuinari,

233 1172 358 1241 quia
388 1170 558 1226 falsas
584 1172 635 1225 in
660 1168 738 1226 eis
760 1169 1040 1224 nonnullas
1062 1165 1389 1237 deprehendi
1418 1180 1573 1235 posse
1593 1162 1832 1219 credide-

234 1274 354 1318 rant
381 1264 491 1333 (Ad
520 1262 772 1316 Donatist.
803 1271 911 1334 post
932 1259 1119 1314 Cottat.
1166 1276 1220 1313 η.
1261 1258 1375 1328 56),
1408 1258 1519 1312 suis
1545 1271 1603 1310 se
1633 1254 1832 1311 retibus

240 1356 581 1423 implicuere.
610 1354 663 1408 In
687 1354 786 1407 hac
809 1363 983 1407 autem
1014 1350 1353 1406 contentione
1386 1364 1506 1404 cum
1544 1345 1832 1416 subfrigide

231 1445 463 1499 dixisset
490 1442 806 1507 Petilianus,
841 1442 956 1495 Non
986 1452 1058 1496 est
1084 1442 1359 1495 humanum
1384 1439 1546 1492 mori?
1581 1437 1832 1493 Continuo

230 1537 297 1589 ab
322 1536 523 1606 Alypio
546 1549 858 1605 responsum
875 1542 975 1593 est,
1001 1530 1345 1586 Humanitatis
1361 1537 1434 1584 cst
1464 1527 1612 1591 mori,
1646 1527 1734 1580 sed
1761 1527 1833 1579 in-

231 1624 573 1680 Itumunitatis
592 1634 662 1679 est
682 1624 860 1696 [altera
877 1622 1363 1694 (Collat.Carthag.|
1379 1665 1392 1686 ,
1407 1639 1520 1691 cap.
1535 1619 1683 1689 207).
1702 1620 1833 1674 Pur-

230 1720 384 1773 lcctis
406 1714 1301 1786 Donatistarumsubscriptionibus
1316 1713 1535 1785 Alypius
1561 1711 1829 1766 sexdecim

233 1809 413 1863 adhuc
447 1809 730 1879 cpiscoIios
770 1806 1080 1871 catholicos,
1114 1806 1201 1875 qui
1248 1804 1554 1859 mandatum
1594 1802 1829 1856 subscri-

231 1892 445 1964 berent,
471 1908 668 1968 pneter
693 1905 918 1968 quatuor
933 1895 1064 1952 alios
1093 1896 1143 1949 in
1172 1895 1304 1949 urbe
1321 1893 1507 1948 morbo
1526 1893 1827 1963 impeditos,

229 1990 426 2044 obtulit
448 1987 634 2060 (lbid.,
664 2005 815 2059 capp.
840 1988 965 2057 212,
996 1987 1143 2056 2l5).
1174 1988 1290 2054 Quo
1330 1986 1523 2041 factum
1565 1994 1646 2041 est
1690 1994 1744 2037 ut
1778 1986 1833 2039 in

230 2080 611 2151 episcoporum
635 2080 871 2133 omnium
896 2079 1263 2148 supputatione
1283 2077 1581 2132 Donatistas
1607 2090 1831 2130 numero

231 2174 515 2226 vincerent
546 2172 828 2226 Catholici.
865 2171 995 2225 Dein
1026 2160 1305 2240 episcopos
1342 2184 1550 2235 omnes,
1594 2168 1828 2237 exceptis

231 2265 448 2333 triginta
470 2279 567 2318 sex
618 2265 743 2329 illis,
772 2263 861 2334 qui
888 2263 951 2316 ad
996 2262 1344 2316 Collationem
1376 2262 1558 2316 selecti
1598 2263 1826 2326 fuerau',

231 2355 752 2429 dimiserunt(lbid.,
770 2373 884 2426 cap.
900 2355 1046 2423 216).
1066 2354 1167 2410 Sed
1194 2355 1440 2425 quoniam
1457 2354 1584 2408 hora
1608 2354 1827 2423 dieijam

232 2447 521 2501 undecima
576 2447 926 2516 pmterierat,
976 2445 1078 2500 hoc
1116 2455 1217 2512 est,
1274 2455 1421 2499 sexta
1466 2445 1827 2514 pomeridiana

229 2547 363 2594 erat.
397 2536 740 2592 Marcellinus
769 2537 836 2591 de
862 2538 1086 2607 partium
1112 2551 1373 2589 consensu
1394 2535 1741 2590 Collationem
1775 2535 1826 2589 iu

229 2630 588 2701 perendinum
617 2630 781 2695 diem,
814 2630 1062 2684 nimirum
1105 2629 1158 2682 in
1188 2628 1328 2682 diem
1359 2627 1584 2693 sabbati,
1615 2628 1825 2682 tertium

230 2737 403 2777 nonas
427 2722 631 2792 juuias,
660 2722 884 2787 distulit,
911 2731 967 2777 ut
996 2738 1114 2792 qua:
1143 2721 1280 2776 dicta
1314 2720 1520 2775 fuerant
1540 2729 1593 2774 ct
1623 2730 1825 2775 tantum

232 2816 373 2869 notis
392 2797 640 2885 excepta,
664 2830 758 2885 per
779 2814 1109 2884 interjectum
1128 2813 1271 2868 illum
1289 2812 1430 2867 diem
1453 2811 1679 2867 cxscribi
1702 2823 1751 2865 et
1777 2813 1826 2867 in

232 2906 611 2962 dilucidiorem
631 2905 853 2961 formam
871 2906 1035 2976 digeri
1067 2915 1282 2976 possent
1320 2904 1503 2975 (lbid.,
1532 2922 1645 2975 cap.
1674 2903 1823 2977 219).

302 2999 361 3054 6.
385 2998 674 3065 Postridie,
691 3009 879 3069 quarto
894 2998 1136 3054 videlicet
1155 2997 1509 3067 nonasjunias
1521 2997 1642 3051 anui
1659 2996 1827 3051 unde-

234 3089 363 3143 cimi
391 3104 557 3159 supra
587 3088 1189 3159 quadringentesimum,
1219 3104 1336 3158 qua:
1365 3097 1513 3141 sexta
1534 3095 1647 3142 erat
1676 3088 1824 3154 feria,

232 3189 446 3235 actores
480 3180 793 3244 Donatista‘,
829 3179 1170 3235 defensorum
1202 3178 1457 3233 Ecclesia:
1494 3178 1730 3233 veritatis
1762 3179 1829 3232 ti-

231 3273 405 3327 tulum
430 3272 535 3327 sibi
561 3280 892 3343 arrogantes,
929 3270 1234 3326 Marcellino
1262 3270 1533 3323 Noloriam
1563 3269 1824 3334 obtulere,

230 3379 331 3433 qua
346 3379 475 3419 enm
489 3365 878 3432 exposuissent.
896 3363 1130 3431 longiora
1145 3376 1263 3417 esse
1278 3360 1566 3430 superioris
1576 3359 1828 3431 Collatio-

234 3461 312 3513 nis~
345 3468 495 3524 acta,
525 3475 683 3530 quam
712 3470 767 3513 ut
793 3459 936 3514 brevi
963 3459 1408 3526 describerentur,
1432 3458 1825 3515 Catholicornm

234 3550 474 3604 mandati
494 3550 704 3619 copiam
734 3550 944 3605 interim
972 3549 1069 3604 sibi
1090 3549 1201 3604 ﬁeri
1229 3550 1515 3620 petierunt,
1535 3561 1591 3603 ut
1618 3550 1682 3603 ad
1706 3565 1829 3619 pro-

232 3639 600 3710 pngnandam,
629 3654 786 3709 quam
807 3648 1172 3709 susceperant,
1202 3655 1434 3705 causam,
1460 3650 1634 3695 essent
1661 3640 1826 3710 parati

236 3728 436 3802 (Ibid.,
505 3730 561 3795 2,
615 3747 730 3801 cap.
789 3731 857 3786 12
880 3730 921 3803 ).
987 3730 1154 3785 Jussit
1210 3730 1542 3785 Marcellinus
1594 3730 1825 3785 mandati

237 3823 543 3893 exemplum
584 3822 688 3878 illis
715 3822 829 3877 dari
860 3840 873 3874 :
907 3821 1047 3892 quod
1092 3823 1272 3891 utique
1316 3821 1369 3875 in
1411 3836 1594 3876 eorum
1621 3821 1827 3875 animos

238 3916 736 3985 perturbationem,
779 3926 835 3970 ut
883 3917 980 3985 ipsi
1014 3913 1243 3969 confessi
1290 3923 1449 3981 sum,
1499 3914 1681 3985 injecit
1721 3928 1824 3967 non

238 4008 515 4062 minimam
543 4005 727 4077 (Ibid.,
753 4024 903 4077 capp.
933 4008 1021 4072 53,
1054 4007 1166 4077 36),
1197 4022 1315 4061 cum
1348 4022 1531 4061 revera
1551 4047 1567 4073 ,
1591 4005 1733 4076 quod
1778 4006 1825 4071 ci

239 4098 650 4168 responderent,
691 4098 820 4152 nihil
870 4104 1223 4152 succurreret.
1268 4096 1402 4151 llinc
1444 4094 1827 4166 prosequenda:

240 4200 457 4259 postero
481 4189 593 4253 die,
627 4188 679 4243 id
706 4198 790 4244 est
815 4189 973 4243 tertio
1003 4202 1181 4241 nonas.
1210 4186 1386 4256 junias
1408 4225 1424 4253 ,
1474 4186 1783 4240 Collatiouis
1807 4226 1823 4251 ,

239 4282 585 4353 quantumvis
609 4281 673 4336 ad
696 4280 748 4337 id
769 4282 929 4335 arctis
954 4294 1012 4335 se
1040 4278 1315 4350 promissis
1345 4278 1690 4348 obligassent,
1710 4293 1828 4330 mu-

243 4384 419 4430 tavere
452 4372 758 4437 consilium,
790 4378 1068 4442 sperantes
1096 4369 1302 4424 scilicet
1330 4367 1463 4433 fore,
1504 4378 1559 4420 ut
1586 4382 1680 4437 per
1706 4383 1825 4421 mo-

244 4481 352 4521 ram
379 4466 617 4535 aliquam
638 4464 843 4519 animos
870 4462 1107 4531 recipere
1139 4459 1238 4515 sibi
1268 4459 1465 4514 liceret.
1490 4460 1737 4513 Attamen
1759 4458 1825 4513 ad

245 4556 501 4628 colloquii
531 4556 705 4611 locum
731 4554 831 4609 hoc
850 4553 935 4607 die
951 4552 1086 4622 junii
1115 4551 1270 4606 tertio
1290 4565 1348 4605 se
1367 4550 1660 4616 contulere,
1677 4565 1739 4603 ex
1765 4551 1826 4603 iis

243 4649 457 4719 quidem
490 4648 590 4703 soli
620 4656 822 4716 septem
868 4645 1257 4716 disputatores;
1308 4659 1339 4697 e
1381 4639 1666 4697 Catholicis
1701 4657 1826 4696 vero

243 4739 539 4794 octodecim
568 4738 929 4807 delegatorum
968 4735 1143 4790 nullus
1184 4733 1351 4789 defuit
1386 4732 1572 4808 (Ibid,
1604 4750 1715 4804 cap.
1743 4734 1820 4805 2).

246 4829 468 4900 Rogavit
487 4829 663 4884 denuo
676 4827 1025 4892 Marcellinus,
1048 4826 1121 4880 uti
1144 4825 1407 4881 sederent.
1431 4826 1690 4881 Continuo
1712 4841 1824 4879 mo-

244 4936 354 4975 rtem
382 4934 608 4991 gessere
641 4919 921 4974 Catholici.
960 4918 1157 4972 Verum
1198 4917 1485 4971 Donatistae
1524 4933 1629 4971 non
1665 4917 1824 4970 modo

245 5010 386 5065 hunc
415 5010 676 5065 honorem
704 5017 1021 5079 respuerunt
1040 5049 1055 5073 ,
1083 5008 1176 5063 sed
1212 5008 1372 5062 etiam
1396 5008 1718 5074 jactitarunt,
1758 5026 1823 5062 ne

243 5117 360 5156 cum
387 5101 678 5157 Catholicis
701 5116 801 5154 una
831 5100 1100 5164 sederent,
1128 5098 1318 5153 divinis
1354 5098 1555 5168 legibus
1574 5098 1671 5152 sibi
1701 5113 1822 5154 esse

243 5196 486 5249 vetitum.
520 5193 631 5249 Hoc
657 5194 843 5249 Patres
867 5191 1114 5248 catholici
1144 5191 1564 5253 dissimularunt.
1594 5201 1651 5246 ut
1674 5209 1741 5247 ne
1769 5193 1819 5246 in

245 5284 584 5340 confutandis
632 5283 699 5338 iis
741 5299 859 5353 quae
883 5282 949 5337 ad
990 5297 1102 5338 rem
1141 5282 1269 5337 nihil
1298 5282 1551 5351 faccrent,
1582 5283 1824 5340 luderent

246 5386 477 5446 tempus.
510 5374 787 5443 Extemplo
830 5382 1005 5428 tamen
1044 5388 1426 5429 consurrexere
1452 5388 1655 5428 omnes.
1685 5374 1821 5442 Quin

244 5476 297 5520 et
340 5466 474 5522 sede
502 5465 765 5521 removeri
793 5465 963 5535 jussa,
1016 5463 1344 5518 Marcellinus
1389 5463 1501 5533 ipse
1552 5464 1604 5518 in
1660 5465 1823 5534 pedes

249 5560 416 5623 stetit,
440 5557 712 5629 professus
732 5556 831 5611 sibi
850 5571 954 5611 nou
975 5556 1136 5611 licere
1151 5571 1244 5626 per
1265 5571 1382 5610 eam
1404 5557 1819 5622 venerationem,

248 5665 348 5718 qua
375 5649 798 5720 prosequebatur
822 5647 1106 5711 antistites,
1124 5646 1329 5711 sedere,
1347 5645 1470 5701 dum
1496 5646 1634 5701 idem
1654 5648 1824 5702 facere

250 5738 323 5796 illi
369 5746 682 5795 recusarent
709 5737 896 5811 (Ibid,
927 5754 1079 5808 capp.
1114 5738 1180 5805 5,
1221 5736 1297 5807 4).
1346 5736 1632 5792 Donatistae
1672 5752 1821 5793 suam

1627 317 1827 374 LIBER
1865 318 2152 377 SEXTUS.

3420 326 3527 385 418

1946 434 2179 503 ipsorum
2203 437 2555 507 arrogantiam
2578 436 2678 492 hac
2695 438 2881 508 agendi
2902 439 3107 515 ratione
3129 440 3256 495 satis
3280 440 3485 497 declar‘t
3500 473 3520 487 -

1926 524 2086 578 .bant.
2122 525 2415 596 thuidcm
2439 529 2490 582 in
2519 530 2669 582 tertia
2696 529 2990 584 Collatione
3008 528 3266 586 Catholici
3307 548 3401 601 per
3426 548 3522 589 oc-

1939 616 2206 671 casionem
2236 620 2580 688 quarumdam
2612 621 2906 676 litterarum
2931 622 3000 678 ab
3044 623 3150 678 illis
3174 624 3519 694 scriptarum,

1938 706 2130 775 quibus
2175 710 2608 778 reSpondebant,
2650 710 2994 767 deridiculam
3046 713 3189 768 illam
3236 715 3520 771 vanitatem

1939 803 2300 869 perstrinXerc
2326 819 2338 855 :
2368 803 2563 873 quippe
2588 817 2681 859 eos
2712 803 3018 874 Scripturas
3040 822 3316 877 perperam
3356 809 3520 864 inter-

1940 893 2166 960 pretari;
2203 902 2295 949 aut
2348 896 2392 949 si
2428 906 2646 966 pr0ptcr
2694 897 2852 953 verba
2902 899 3114 969 psalmi,
3174 899 3297 954 Non
3337 900 3441 956 sedi
3468 903 3520 956 in

1937 985 2148 1038 concilio
2176 987 2466 1055 impiorznu,
2513 1004 2716 1053 secum,
2765 1006 2900 1061 quos
2932 993 3211 1062 impiorum
3244 1010 3518 1061 nuncupa-

1940 1074 2084 1131 tione
2128 1087 2337 1133 notatos
2379 1080 2665 1147 volebant,
2725 1084 3016 1139 consedere
3067 1085 3472 1155 prohiberentur
3498 1130 3516 1155 ,

1938 1181 2108 1237 neque
2134 1169 2295 1223 etiam
2336 1170 2387 1223 in
2409 1171 2652 1226 eumdem
2679 1173 2880 1244 ingredi
2909 1175 3082 1230 locum
3108 1176 3357 1233 debuisse
3392 1195 3517 1249 pro-

1938 1268 2056 1327 pler
2081 1261 2316 1328 proxime
2336 1273 2616 1332 sequentes
2636 1263 2872 1335 ejusdem
2907 1268 3092 1337 psalmi
3116 1284 3293 1337 voces,
3322 1271 3385 1324 Et
3404 1288 3519 1325 cum

1936 1349 2109 1419 iniqua
2129 1353 2411 1421 gerentibus
2441 1370 2538 1407 non
2565 1356 2781 1410 introibo
2812 1357 2982 1428 (Psal.
3015 1375 3150 1426 xxv,
3174 1362 3264 1432 4);
3304 1363 3519 1433 quando

1938 1456 2066 1494 vero
2087 1441 2197 1509 jam
2227 1456 2408 1498 secum
2450 1445 2637 1500 eodem
2674 1447 2894 1504 introire
2923 1451 3139 1507 minime
3164 1452 3514 1523 dubitassem,

1936 1531 2219 1599 quominus
2261 1533 2418 1588 etiam
2454 1536 2841 1604 consederent,
2872 1539 3166 1598 detrectare
3209 1544 3515 1615 neutiquam

1935 1620 2130 1677 debere
2161 1621 2378 1695 (ηπ-θυῖε.
2407 1624 2590 1681 Coltat.
2627 1628 2680 1695 5,
2710 1644 2763 1682 η.
2793 1629 2902 1700 18).

2006 1713 2060 1766 7.
2110 1714 2409 1770 Marcellino
2454 1717 2614 1787 igitur
2642 1719 2956 1791 ueterisque
2983 1722 3511 1789 stantibus'Notoria,

1935 1821 2090 1875 quam
2117 1808 2285 1876 pridie
2307 1809 2608 1864 obtulerant
2633 1811 2918 1866 Donatista-
2941 1814 3172 1882 perlecta
3199 1824 3279 1869 est
3303 1816 3511 1885 (Collat.

1934 1891 2174 1967 Carr/mg.
2220 1897 2288 1963 2,
2343 1916 2458 1969 cap.
2515 1901 2625 1971 12).
2656 1901 2954 1957 Sciscitanti
3004 1903 3195 1959 deinde
3243 1905 3512 1970 Tribuno,

1935 1987 2188 2057 numquid
2242 1991 2407 2059 parati
2456 2002 2635 2047 essent
2679 1994 2910 2063 episcopi
2959 2009 3052 2047 sua
3093 1996 3314 2065 quisque
3354 1997 3515 2051 verba

1933 2080 2269 2134 subscribere
2292 2082 2476 2152 (Ibid.,
2490 2084 2658 2156 c.15);
2688 2086 2858 2155 primo
2871 2086 3082 2155 quidem
3105 2087 3391 2141 Donatistze
3404 2103 3518 2141 mo-

1934 2170 2006 2225 ris
2050 2172 2149 2227 huc
2197 2189 2317 2229 esse
2364 2184 2717 2244 negaverunt;
2759 2176 2951 2229 deinde
2997 2192 3126 2231 vero
3155 2186 3265 2231 tum
3295 2192 3518 2247 respon-

1932 2279 2086 2319 suros
2134 2282 2251 2322 sese
2301 2267 2568 2335 dixerunt,
2616 2285 2735 2323 cum
2784 2270 2881 2325 sibi
2926 2279 3195 2340 gestorum
3226 2273 3517 2341 superioris

1932 2357 2250 2428 collationis,
2295 2376 2412 2431 qua:
2453 2362 2685 2417 nondum
2727 2362 2943 2417 omnino
2986 2362 3249 2433 descripta
3282 2365 3511 2431 fuerant,

1936 2451 2185 2505 traditum
2236 2463 2375 2509 esset
2424 2454 2723 2523 exemplum
2777 2469 2789 2507 :
2834 2469 3030 2525 cupere
3079 2454 3221 2509 enim
3265 2469 3324 2510 se
3370 2456 3515 2526 prius

1932 2558 2090 2613 quam
2119 2560 2204 2599 res
2233 2543 2365 2599 ultra
2402 2556 2820 2615 promoveretur,
2854 2562 2914 2600 ea
2944 2545 3119 2600 denuo
3157 2546 3357 2616 legere,
3385 2563 3513 2603 ncc-

1933 2648 2037 2686 non
2077 2635 2390 2688 accuratiori
2430 2635 2643 2711 judicio
2676 2636 2977 2706 expendere
3001 2678 3016 2702 ,
3066 2636 3207 2706 quod
3252 2637 3430 2707 utique
3461 2639 3513 2692 in

1932 2724 2222 2795 exemplari
2267 2726 2404 2780 notis
2450 2736 2664 2781 exarato
2707 2728 2883 2782 minus
2931 2735 3191 2797 poterant,
3221 2734 3400 2797 utpote
3424 2728 3514 2797 qui

1931 2830 2023 2869 eas
2053 2832 2153 2869 non
2188 2828 2437 2882 nossent;
2483 2834 2602 2873 cum
2634 2818 2867 2888 alioquin
2914 2828 3066 2873 notas
3102 2819 3319 2873 alterius
3357 2818 3516 2873 sciret

1932 2921 2087 2959 neuio
2130 2904 2311 2978 (Ibid,
2338 2923 2486 2977 capp.
2530 2910 2613 2973 16,
2642 2908 2732 2974 ‘20,
2763 2909 2849 2973 55,
2902 2909 2992 2975 58,
3026 2908 3137 2978 45).
3185 2908 3252 2963 ΕΙ.
3281 2909 3381 2963 hoc
3410 2926 3514 2966 non

1930 2998 2069 3051 aliud
2101 3009 2233 3060 erat,
2266 3018 2423 3070 quam
2479 3009 2687 3071 tempus
2737 3001 2966 3066 trahere,
3024 3017 3086 3055 ac
3133 3002 3514 3070 prolationibus

1931 3105 2090 3162 agere
2119 3092 2251 3145 velle
2287 3109 2354 3147 ne
2380 3092 2442 3145 ad
2470 3092 2721 3161 judicium
2753 3093 3021 3146 veniretur
3055 3091 3238 3163 (Ibid.,
3261 3110 3373 3164 cap.
3398 3094 3511 3163 56).

1932 3181 2112 3251 Itaque
2139 3182 2560 3252 respondebatur
2587 3200 2614 3234 a
2638 3182 2945 3247 Catholicis,
2970 3198 3064 3237 eos
3088 3184 3138 3237 in
3186 3184 3353 3253 prima
3388 3182 3513 3238 Col-

1933 3272 2145 3338 latioue,
2171 3274 2215 3328 si
2242 3274 2365 3346 quid
2392 3282 2662 3345 gestorum
2698 3274 3002 3343 apograplto
3030 3289 3162 3343 opus
3188 3284 3352 3339 esset,
3392 3290 3513 3344 pro-

1931 3364 2137 3432 Spicerc
2163 3362 2429 3431 debuisse,
2462 3378 2558 3416 nec
2590 3361 2825 3432 polliceri
2847 3377 2905 3416 se
2933 3364 3076 3432 prius
3095 3362 3161 3416 ad
3186 3362 3513 3433 colloquium

1932 3455 2216 3519 redituros,
2263 3470 2420 3524 quam
2452 3454 2549 3508 sibi
2583 3453 2649 3508 ad
2680 3454 2730 3507 id
2758 3454 2953 3523 paratis
2978 3469 3097 3509 esse
3123 3454 3344 3509 liceret:
3376 3472 3514 3510 nunc

1930 3562 2058 3618 vero
2100 3555 2218 3617 post
2258 3546 2412 3599 fidem
2452 3545 2625 3599 datam
2653 3545 2878 3614 amplius
2909 3546 3315 3613 procrastinare,
3355 3547 3514 3600 haud-

1930 3652 2190 3707 quaquam
2213 3638 2471 3707 integrum
2502 3650 2654 3701 esse;
2683 3635 2802 3689 illos
2834 3634 3000 3705 pridie
3033 3636 3148 3704 ejus
3172 3635 3274 3690 diei
3316 3634 3515 3691 Catho-

1934 3730 2154 3783 lic«.rum
2184 3729 2487 3783 mandatum
2518 3728 2749 3798 petiisse,
2780 3742 2877 3781 nec
2903 3727 3059 3780 ullius
3094 3737 3348 3797 prmterea
3375 3729 3509 3782 alte-

1932 3820 2040 3873 rius
2063 3820 2137 3875 rei
2160 3820 2484 3874 meutioncm
2508 3817 2697 3874 fecisse
2719 3816 2901 3889 (Ibid,
2924 3833 3038 3888 cap.
3058 3817 3170 3885 49).
3195 3817 3330 3885 Quin
3352 3820 3510 3873 etiam

1931 3912 2261 3982 superiorem
2300 3911 2650 3966 Collatioucm
2702 3912 2877 3980 potius
2921 3911 2973 3964 in
3014 3911 3353 3966 recensendis
3398 3913 3509 3981 epi-

1934 4017 2213 4072 scoporum
2245 4001 2739 4071 subscriptionibus,
2777 4010 2935 4071 atque
2958 4002 3006 4054 iu
3037 4002 3155 4055 aliis
3185 4001 3508 4072 hujusmodi,

1931 4110 2086 4164 quam
2111 4094 2160 4147 in
2182 4109 2242 4147 re
2263 4094 2416 4147 ullius
2436 4093 2501 4148 ad
2525 4094 2789 4163 negotium
2811 4095 3082 4157 momenti,
3104 4094 3263 4148 fuisse
3283 4094 3511 4151 colloca-

1933 4194 2037 4238 tam
2058 4184 2217 4255 (Ibid.
2229 4226 2241 4250 ,
2260 4202 2372 4255 cap.
2390 4186 2501 4254 40).
2517 4183 2713 4240 Verum
2734 4185 2847 4238 istis
2868 4184 3084 4238 minime
3099 4185 3355 4251 contenti,
3369 4185 3509 4240 diem

1930 4275 2213 4331 Collationi
2242 4277 2585 4331 constitutum
2612 4277 2720 4345 jam
2758 4275 2878 4330 inde
2917 4291 2945 4329 a
2970 4284 3157 4346 quarto
3181 4276 3387 4331 decimo
3412 4277 3509 4331 ka-

1934 4367 2312 4437 lendasjuuias
2336 4367 2571 4437 elapsum
2595 4382 2733 4430 esse,
2763 4366 3208 4436 quemadmodum
3238 4368 3407 4437 pridie
3433 4369 3509 4423 fe-

1932 4468 2136 4521 ceram,
2181 4458 2406 4512 moleste
2451 4457 2787 4526 objectabat“
2832 4455 3017 4527 (Ibid.,
3061 4474 3210 4527 capp.
3250 4458 3350 4521 48,
3396 4460 3507 4531 50).

1935 4549 2171 4617 Denique
2200 4563 2319 4601 cum
2369 4548 2420 4600 in
2454 4546 2675 4616 petenda
2714 4546 2969 4602 dilatione
2995 4557 3227 4605 mentem
3262 4549 3512 4605 obfirma-

1934 4652 2071 4703 rent,
2100 4651 2159 4695 ut
2187 4640 2285 4695 hoc
2312 4640 2415 4695 illis
2450 4657 2478 4693 a
2510 4640 2689 4710 judice
2740 4640 3142 4707 concederetur,
3186 4644 3511 4711 Augustinus

1932 4734 2157 4788 obtinuit
2207 4731 2391 4803 (Ibid.,
2417 4749 2529 4802 cap.
2557 4729 2667 4804 56).
2700 4732 2763 4787 Et
2792 4732 2889 4803 ipsi
2917 4734 3132 4803 quidem
3160 4734 3296 4787 haud
3334 4735 3509 4804 iniqua

1934 4823 2301 4895 postulabant:
2327 4823 2419 4877 sed
2449 4837 2567 4876 cum
2595 4837 2653 4877 se
2684 4822 2849 4893 pridie
2876 4824 3135 4892 promisso
3159 4823 3223 4877 ad
3244 4823 3508 4892 agendum

1934 4916 2037 4970 hoc
2087 4915 2172 4971 die
2227 4915 2492 4985 negotium
2546 4914 2904 4985 obligasseut;
2940 4915 3049 4984 jam
3094 4930 3195 4967 non
3240 4924 3382 4977 erat,
3411 4929 3508 4969 cur

1930 5003 2224 5059 istiusmodi
2276 5004 2660 5070 postulatorum
2706 5003 2986 5058 haberetur
3015 5003 3120 5057 ulla
3158 5003 3289 5057 ratio
3321 5002 3504 5075 (Ibid,

1929 5096 2169 5168 cap.66).
2192 5094 2300 5151 lllis
2324 5096 2496 5165 igitur,
2523 5094 2763 5164 quamvis
2786 5109 2966 5164 parum
2992 5093 3170 5147 libenti
3192 5094 3390 5160 animo,
3426 5106 3506 5151 ta-

1930 5204 2051 5243 men
2082 5188 2387 5242 dilationem
2416 5186 2633 5240 indulsit
2665 5184 3000 5239 Marcellinus
3028 5182 3210 5253 (Ibid.,
3238 5201 3352 5254 cap.
3378 5187 3501 5255 6|);

1929 5295 2156 5351 cumque
2185 5278 2374 5333 notarii
2400 5294 2521 5333 sese
2546 5277 2731 5331 eodem
2759 5276 2844 5331 die
2871 5276 3151 5346 castigatus
3171 5276 3393 5332 seltedas
3413 5294 3506 5333 ex-

1929 5372 2164 5440 pleturos
2188 5369 2555 5440 promisissent
2580 5366 2758 5438 (Ibid.,
2784 5383 2894 5437 cap.
2917 5366 3028 5438 65),
3056 5368 3345 5436 promisere
3361 5370 3507 5423 simi-

1929 5460 2050 5514 litcr
2073 5474 2165 5515 eas
2200 5474 2257 5514 se
2296 5459 2688 5527 subscripturos
2710 5456 2993 5511 Donatistzu
3033 5452 3234 5528 (Ibid.,'
3249 5476 3362 5529 cap.
3388 5458 3502 5530 ϐτί).

1931 5548 2042 5604 lloc
2063 5558 2216 5617 pacto
2242 5556 2398 5616 caput
2427 5545 2554 5599 illud
2574 5587 2588 5612 ,
2611 5545 2695 5600 cui
2729 5546 2898 5614 [rimo
2926 5545 3165 5616 refragati
3188 5557 3359 5613 erant,
3385 5556 3473 5602 tau

1929 5642 2049 5695 dem
2073 5639 2354 5709 aliquando
2369 5638 2632 5693 admisere
2648 5639 2753 5710 (Ad
2773 5637 2960 5693 Donat.
2983 5649 3091 5710 post
3107 5638 3292 5694 Cultat.
3314 5658 3363 5693 η.
3392 5641 3502 5714 15).

1928 5734 2047 5791 Non
2078 5734 2219 5790 enim
2251 5748 2339 5788 cos
2367 5732 2615 5805 fugiebat,
2657 5733 2803 5804 quin,
2845 5734 2887 5788 si
2935 5732 3073 5787 dicta
3120 5733 3330 5804 propria
3372 5736 3498 5789 sub-
