4042 6360
524 281 626 340 .m
1649 270 1802 327 VITA
1844 268 1899 323 s.
1944 266 2309 326 AUGUSTINI
2347 271 2670 331 EP-lSCOPI.

524 391 902 462 scriptionibus
937 391 1255 447 conﬁrmare
1301 386 1678 453 detrectarent,
1727 385 1851 439 hinc
1903 381 2103 453 liquido

525 494 826 557 appareret,
871 483 1038 554 ipsos,
1077 497 1148 538 ne
1183 480 1294 565 suis
1343 479 1520 534 verbis
1564 477 1981 538 revincerentur,
2033 473 2100 526 ti-

527 578 744 633 muisse.
770 575 1027 643 Quocirca
1066 563 1246 628 satius
1271 584 1390 625 esse
1438 569 1721 630 duxerunt,
1769 564 1946 636 verbis
1990 563 2102 619 suis

522 681 706 743 postea
735 669 910 724 fucum
940 679 1180 737 quaerere
1207 678 1271 718 ac
1299 661 1710 730 nebulas,quam
1738 658 1821 712 illa
1848 657 1958 727 jam
1979 656 2102 710 inde

520 778 549 818 δ
582 761 838 834 principio
883 757 1156 814 damnare.
1185 755 1325 824 Ergo
1349 752 1437 806 ubi
1479 767 1539 806 se
1561 750 1954 820 subscripmros
1981 757 2099 802 acta

520 852 810 909 Donatistae
847 856 1181 917 receperunt,
1219 845 1373 900 tidem
1407 857 1615 914 quoque
1654 841 1851 896 dedere
1883 839 2096 904 notarii,

518 944 562 998 si
591 943 804 1014 quidem
831 940 1014 996 eodem
1042 947 1131 992 aut
1147 935 1386 1006 proximo
1405 934 1490 988 die
1515 931 1992 997 subscriberentur,
2025 931 2096 985 Ia-

523 1033 832 1090 borantibus
844 1031 932 1086 diu
950 1037 1214 1098 noctuque
1240 1025 1610 1094 exceptoribus
1631 1024 1700 1077 ita
1719 1022 1923 1078 absolvi
1941 1037 2096 1092 posse

518 1127 704 1182 eadem
725 1133 861 1189 acta,
894 1132 950 1176 ut
976 1121 1103 1175 feria
1128 1126 1334 1188 quarta,
1367 1115 1592 1185 septimo
1621 1115 1708 1170 die
1732 1114 2096 1183 iduumjonia-

516 1234 635 1275 rum
657 1218 938 1274 ederentur
954 1215 1005 1268 in
1025 1211 1288 1282 publicum
1303 1206 1512 1279 (Callet.
1527 1206 1764 1277 Carthag.
1784 1206 1839 1273 2,
1854 1221 1967 1274 cap.
1983 1205 2092 1275 65).

517 1309 654 1366 Tum
688 1322 814 1364 vero
854 1301 1110 1362 Catholici
1141 1301 1340 1370 pariter
1368 1313 1432 1353 ac
1480 1297 1766 1352 Donatistae
1804 1295 1872 1350 ad
1909 1295 2092 1348 feriam

514 1400 773 1472 quintam,
800 1405 1007 1452 sextum
1027 1390 1335 1449 earumdem
1359 1389 1536 1442 iduum
1562 1387 1725 1453 diem,
1748 1400 1864 1440 sese
1885 1386 1938 1439 in
1963 1400 2093 1439 con-

513 1492 714 1556 cilium,
743 1496 802 1543 ut
828 1487 898 1541 de
921 1497 1127 1539 summa
1160 1481 1238 1536 rei
1268 1478 1477 1533 tandem
1509 1477 1823 1546 disputetur,
1859 1489 2092 1530 conven-

514 1590 660 1634 turos
691 1577 905 1648 polliciti
934 1571 1099 1645 sunt(
1128 1570 1290 1632 Ibid,
1319 1585 1470 1638 capp.
1500 1567 1588 1636 66,
1617 1566 1732 1636 67).
1763 1565 2094 1619 Marcellinus

510 1684 722 1743 quoque
747 1665 1043 1737 petentibus
1076 1661 1358 1716 Donatistis
1386 1658 1608 1722 annuit,
1642 1665 1700 1712 ut
1727 1655 1901 1725 primo
1938 1669 2092 1707 mane

509 1759 720 1830 septimi
746 1758 855 1828 jam
883 1766 1007 1810 ante
1032 1750 1305 1807 memorati
1329 1748 1662 1803 traderentur
1681 1744 1918 1814 utrisque
1965 1744 2094 1798 utri-

509 1866 679 1920 usque
703 1845 1014 1904 Collationis
1042 1842 1319 1910 exempla;
1350 1838 1492 1910 quod
1547 1836 1852 1905 impletum,
1893 1834 2092 1904 scripto

509 1941 690 1996 testari
723 1944 1048 1994 tenerentur.
1071 1932 1254 2004 (Ibid.,
1277 1947 1425 2000 capp.
1447 1929 1534 1994 67,
1563 1927 1673 1997 68).
1696 1926 1780 1982 Sic
1815 1927 2088 1981 terminata

511 2042 596 2090 est
610 2029 836 2087 secunda
851 2027 1092 2092 Collatia,
1125 2024 1358 2078 Tribuno
1381 2020 1718 2090 promittente
1744 2016 1972 2071 edictum
1987 2031 2091 2085 quo

513 2126 748 2195 ipsorum
817 2117 1207 2174 Donatistarum
1259 2111 1504 2183 precibus
1563 2122 1868 2163 concessam
1930 2106 2090 2161 fuisse

509 2215 902 2285 ampliationem
919 2209 1232 2272 declararet,
1251 2206 1317 2258 ab
1339 2219 1396 2258 se
1414 2203 1802 2276 promulgatum
1823 2201 1883 2254 iri
1901 2198 2084 2272 (Ibid,

509 2326 659 2378 capp.
690 2307 778 2369 7'2,
816 2305 930 2372 7.3).
957 2303 1064 2354 lloc
1095 2300 1271 2368 utique
1293 2295 1511 2368 Alypius
1532 2296 1770 2365 petierat,
1797 2293 1997 2348 veritus
2025 2309 2089 2346 ne

511 2413 670 2467 quam
727 2395 848 2448 hinc
899 2391 1182 2446 Donatista:
1231 2395 1484 2456 caperent
1530 2385 1862 2440 occasionem
1911 2399 1943 2452 p
1981 2384 2086 2452 puli

504 2488 656 2545 falsis
679 2485 998 2548 rumoribus,
1027 2478 1472 2552 quemadmodum
1496 2475 1665 2546 pridie
1694 2474 1883 2529 factum
1899 2475 2084 2535 fuerat,

503 2577 872 2651 perturbandi.
913 2575 1043 2629 Cum
1072 2580 1248 2626 autem
1294 2584 1388 2639 per
1428 2568 1627 2621 hancce
1652 2565 2085 2634 disceptationem

508 2669 812 2724 Donatistas
835 2667 1052 2720 fratrum
1079 2661 1292 2716 nomine
1319 2657 1485 2714 semel
1510 2656 1881 2727 compellasset
1907 2655 2087 2726 Augu-

504 2760 696 2822 stinus,
722 2757 918 2811 dictum
953 2754 1244 2809 Petilianus
1270 2765 1376 2804 non
1406 2747 1521 2802 sine
1541 2745 1834 2802 oll‘ensione
1862 2745 2083 2814 accepit,

505 2866 678 2922 neque
693 2851 759 2904 de
780 2848 1070 2912 hocafiter,
1087 2859 1242 2915 quam
1263 2843 1328 2898 de
1343 2841 1530 2911 injuria
1543 2835 2084 2911 expostulavit(lbid.,

503 2959 654 3012 capp.
694 2940 785 3005 49,
841 2939 986 3010 50).
1062 2935 1263 2990 Scriba:
1320 2933 1642 3003 diligentiam
1701 2929 1782 2984 vel
1830 2929 2083 3000 majorem

504 3033 614 3088 suis
681 3027 956 3100 promissis
1000 3027 1286 3083 exhibuere
1331 3023 1349 3095 (
1389 3021 1549 3088 Ibid,
1585 3022 1638 3084 3,
1675 3036 1795 3090 cap,
1830 3020 1915 3089 '5);
1963 3035 2084 3072 nam

502 3133 696 3178 octavo
725 3123 840 3176 idus
859 3121 1054 3191 junias,
1080 3119 1208 3172 hora
1239 3116 1340 3170 diei
1369 3116 1545 3173 tertia.
1597 3112 1649 3168 id
1687 3120 1787 3177 est,
1825 3123 2004 3166 nostro
2033 3113 2084 3166 in

503 3214 690 3270 Galliis
707 3210 1015 3267 numerandi
1035 3206 1419 3272 more,circiter
1435 3218 1570 3257 noua
1584 3201 2086 3264 matutina,duarum

501 3305 852 3359 Collationum
863 3312 978 3356 aeta
993 3301 1042 3354 in
1059 3297 1360 3360 ecclesiam,
1375 3309 1530 3365 quam
1543 3291 1926 3363 Theoprepiam
1939 3305 2086 3345 voca-

501 3395 647 3456 bant.
671 3393 972 3447 detuleruut
996 3388 1062 3443 ad
1093 3386 1390 3442 Donatistas
1413 3383 1598 3451 ;cujus
1620 3383 1697 3436 rei
1721 3381 2083 3436 testimonium

500 3483 930 3540 deditMontanus
941 3477 1214 3532 Zamensis
1231 3474 1279 3546 (Ι
1288 3475 1370 3528 bid
1377 3513 1413 3539 .,
1429 3490 1543 3543 cap.
1558 3471 1612 3542 5)
1626 3515 1638 3525 .
1652 3471 1727 3524 Ea
1741 3469 2087 3541 quoquedua-

499 3575 603 3632 bus
626 3583 747 3645 post
771 3573 918 3628 horis
935 3572 985 3624 in
1013 3568 1280 3624 basilicam
1305 3565 1619 3620 Restitutam
1657 3563 1832 3617 delata
1851 3560 2086 3617 Catholi-

505 3668 583 3722 cis
597 3664 953 3725 tradiderunt;
971 3657 1114 3730 quod
1129 3667 1182 3713 et
1194 3655 1603 3711 Fortunatianus
1617 3652 1879 3709 Siccensis
1889 3653 2086 3721 scripto

504 3763 734 3811 testatus
749 3761 832 3808 est
861 3750 1170 3823 (Ibid.,cap.
1187 3747 1264 3818 ι).
1288 3745 1392 3800 Sed
1409 3745 1459 3798 in
1484 3742 1770 3798 testimonii
1790 3742 1870 3796 sui
1891 3741 2083 3796 sehcda

511 3846 870 3918 perscripsere
897 3840 1242 3906 schismatici,
1283 3842 1417 3893 duas
1456 3835 1614 3890 hasce
1647 3833 1964 3889 Collationes
1988 3832 2085 3886 ad-

507 3950 696 3992 versus
723 3933 1001 3990 traditores
1028 3942 1080 3987 et
1093 3937 1458 4000 persecutores
1477 3940 1599 3980 suos
1616 3937 1735 3978 sese
1749 3922 2080 3977 sustinuisse.

510 4027 732 4098 Utrique
753 4033 932 4081 autem
959 4025 1100 4079 dicto
1125 4021 1284 4077 diead
1298 4018 1620 4088 colloquium
1647 4016 1860 4070 tertium
1886 4015 2086 4070 reditu-

506 4133 596 4174 ros
623 4132 681 4173 se
702 4117 1077 4187 promiserunt.
1104 4113 1326 4168 Dubium
1351 4124 1454 4164 non
1481 4118 1562 4164 est
1587 4109 1709 4178 quin
1728 4107 2080 4174 Marcellinus,

497 4219 560 4267 ut
590 4211 750 4266 tidem
791 4211 1060 4271 liberaret,
1108 4208 1380 4274 utriusque
1411 4201 1718 4256 (lollationis
1743 4207 1880 4262 acta,
1925 4200 2082 4253 simul

499 4314 658 4374 atque
686 4301 947 4370 descripta
977 4301 1144 4361 tuere,
1175 4296 1381 4366 publice
1405 4291 1544 4364 affigi
1571 4291 1791 4363 jusserit
1815 4307 1827 4343 :
1861 4305 1958 4344 nec
1979 4290 2082 4344 alio

497 4393 632 4448 forte
671 4392 1004 4448 referendum
1057 4400 1138 4445 est
1173 4387 1301 4442 illud
1345 4386 1599 4449 edictum,
1643 4385 1782 4454 quod
1828 4383 1879 4437 in
1910 4383 2081 4452 capite

496 4485 744 4540 secunda:
762 4484 1070 4552 Collatimiis
1115 4487 1460 4543 memoratur,
1492 4476 1602 4543 ubi,
1633 4491 1750 4544 quae
1795 4473 1904 4543 jam
1943 4475 2080 4528 inter

497 4575 778 4646 episCOpos
801 4585 946 4643 gesta
977 4573 1188 4637 lnerint,
1219 4583 1377 4638 atque
1413 4568 1526 4622 initi
1572 4574 1775 4635 partem
1805 4563 2097 4618 conflictus.

495 4669 734 4724 omnium
778 4665 985 4733 oculis,
1038 4665 1108 4718 nti
1155 4661 1509 4732 promiserat,
1559 4671 1855 4728 proponere
1899 4670 1958 4710 se
1996 4664 2078 4710 te-

493 4767 681 4816 suum
1090 4822 1316 4880 CAPUT
1357 4820 1474 4877 xu.

496 4947 519 5001 l
558 4944 727 5001 Tertia
751 4943 1029 4999 Collatione
1053 4950 1192 5011 sex-to
1211 4939 1324 4992 idus
1345 4937 1524 5008 junias
1552 4933 1719 4988 habita
1746 4933 1932 4987 instant
1969 4929 2077 4984 Do-

565 5035 790 5101 natista,
813 5043 867 5087 ut
889 5031 1190 5087 discutiatur
1210 5029 1412 5098 quinam
1434 5041 1525 5096 pro
1548 5022 1837 5094 petitoribus
1857 5020 2072 5076 habendi

566 5129 694 5190 sint,
721 5134 871 5195 utque
896 5124 958 5178 de
986 5122 1194 5194 petenda
1231 5118 1508 5174 Collatione
1535 5115 1904 5170 Catholicorum
1933 5128 2076 5165 man-

565 5219 685 5272 data
703 5214 1108 5284 expendanturﬁ
1130 5213 1288 5268 Iidem
1315 5210 1611 5264 catholicam
1627 5208 1899 5262 Ecclesium
1923 5221 2072 5276 agno-

566 5319 708 5364 scunt
735 5325 842 5364 eam
870 5325 1004 5368 esse,
1025 5322 1138 5376 qua:
1166 5314 1266 5359 toto
1291 5303 1408 5358 orbe
1436 5309 1715 5372 prapagata
1736 5307 1825 5352 est.
1849 5297 1882 5351 5
1911 5295 1976 5351 Ut
1998 5297 2074 5349 in-

565 5399 837 5467 telligatur,
868 5397 968 5450 utri
1003 5396 1099 5450 sint
1137 5395 1402 5464 petitores,
1444 5392 1581 5447 uaria
1618 5399 1730 5442 acta
1768 5389 2072 5451 recitantur;

565 5491 734 5561 sicque
759 5489 921 5542 invitis
948 5487 1227 5542 Donatistis
1256 5486 1321 5540 ad
1347 5485 1418 5539 rei
1445 5493 1594 5555 caput
1619 5481 1892 5535 acceditur.
1916 5482 1947 5534 4
1972 5479 2077 5532 Ποο

565 5592 763 5638 nattsta!
791 5581 1053 5651 proferunt
1079 5579 1299 5632 libellum
1325 5577 1386 5630 de
1418 5575 1679 5639 Ecclesiae,
1707 5581 1759 5624 ut
1783 5572 2071 5640 loquuntur,

566 5673 802 5746 puritate.
819 5672 852 5727 5
873 5670 920 5726 II
928 5685 1023 5724 unc
1049 5669 1230 5739 refutat
1248 5668 1556 5738 Augustinus
1571 5706 1586 5732 ,
1609 5681 1668 5718 ac
1697 5663 1759 5716 de
1779 5663 2070 5734 gravissimo

3694 286 3800 343 820

2281 384 2370 439 illo
2397 388 2558 457 capite
2586 391 2973 445 controuersiam
2993 395 3212 466 expedit.
3235 395 3268 451 6
3294 395 3558 451 Acceditur
3576 399 3644 451 ad
3665 416 3797 470 qutu-

2279 477 2492 531 stioncm
2517 478 2580 532 de
2607 477 2876 536 thciliauo
2909 493 2955 536 et
2993 485 3057 537 dc
3083 485 3370 540 schismate.
3397 487 3430 541 7
3462 487 3796 543 Maximiani-

2277 576 2466 620 starum
2497 569 2703 622 historia
2731 571 3006 640 perturbati
3026 591 3085 627 ac
3114 576 3342 645 oppressi
3377 575 3676 643 Donatistae,
3703 595 3796 632 nec

2279 673 2485 711 causam
2517 675 2716 727 causat,
2749 677 2838 716 nec
2875 680 3138 732 personam
3188 681 3417 736 persona:
3461 669 3799 739 prtejudicarc

2277 751 2598 817 conﬁtentur.
2623 753 2656 808 8
2678 752 3072 810 Controversiam
3097 757 3158 811 de
3184 759 3386 813 veritate
3413 758 3652 815 Cirtensis
3673 777 3798 814 con-

2277 843 2381 896 cilii
2419 855 2633 898 movent.
2677 847 2709 900 9
2740 845 2931 900 Locum
2955 847 3132 920 θριαιὶ
3149 892 3162 914 ,
3196 869 3295 921 quo
3321 852 3417 922 ipsi
3445 854 3792 920 revincuntur,

2275 932 2454 1000 inspici
2481 936 2670 988 volunt.
2715 937 2781 991 10
2811 935 2972 991 Iidem
3002 941 3210 1009 prolatis
3239 941 3548 997 documentis
3567 985 3583 1011 ,
3612 946 3796 1010 quibus

2275 1019 2534 1077 chiliani
2559 1042 2619 1079 ac
2663 1025 2850 1082 Felicis
2889 1029 3171 1084 innocentia
3214 1032 3585 1099 declarabutur,
3618 1053 3794 1090 omnes

2274 1115 2624 1184 diﬁicultatum
2653 1120 2809 1174 nodos
2839 1133 3026 1176 secant.
3052 1125 3109 1178 Η
3138 1123 3408 1180 Cat/tolicis
3443 1127 3641 1181 demum
3664 1145 3793 1180 cau-

2275 1223 2384 1260 sam
2410 1208 2672 1279 adjudicat
2698 1209 2956 1282 Coguitor.

2276 1299 2325 1351 1.
2367 1298 2530 1354 Sexto
2555 1300 2868 1370 idusjunias
2910 1303 3290 1372 Co!lationem,
3342 1315 3492 1376 prout
3531 1306 3790 1362 condisc-

2212 1397 2362 1456 rant,
2393 1392 2563 1459 primo
2588 1409 2743 1450 niane
2763 1397 3014 1465 auspicati
3038 1408 3177 1451 sunt.
3201 1399 3501 1454 Catholicos
3545 1400 3612 1454 de
3637 1415 3792 1455 more

2202 1481 2493 1536 octodecim
2538 1499 2794 1550 numero,
2826 1487 3125 1543 Donatistas
3147 1505 3273 1544 vero
3314 1500 3511 1545 tantum
3540 1491 3790 1546 undecim

2205 1571 2272 1625 ibi
2307 1582 2542 1638 repertos
2574 1575 2835 1631 introduci
2866 1577 3201 1633 Marcellinus
3247 1580 3438 1649 jussit;
3488 1596 3550 1636 ac
3591 1581 3792 1636 deinde

2201 1662 2439 1717 decrevit
2479 1671 2538 1717 ut
2564 1665 2754 1719 amotis
2781 1682 3286 1736 supervacanearum
3326 1685 3589 1724 morarum
3623 1672 3787 1740 tergi-

2201 1755 2588 1809 versationilius
2607 1797 2620 1818 ,
2650 1757 2858 1812 tandem
2887 1758 2954 1811 de
2991 1760 3208 1814 cardine
3238 1763 3398 1814 totius
3440 1763 3513 1815 rei
3543 1762 3786 1834 disputa-

2201 1853 2336 1897 rent.
2363 1843 2478 1899 Mox
2505 1845 2761 1902 Catholici
2788 1849 3170 1904 Donatistarum
3199 1866 3316 1906 esse
3339 1852 3613 1918 dixerunt,
3646 1869 3786 1923 quo-

2201 1935 2339 1988 niam
2365 1937 2506 2005 ipsos
2529 1946 2774 2008 tanquam
2798 1953 3164 2009 persecutores
3192 1959 3316 1997 suos
3343 1960 3404 1998 ac
3427 1945 3707 2000 traditores
3730 1947 3782 1999 in

2201 2025 2461 2081 mandatis
2490 2029 2600 2082 suis
2627 2031 3032 2098 proscidissent.
3064 2033 3266 2103 objecta
3289 2035 3508 2088 crimina
3532 2035 3785 2106 legitimis

2199 2118 2525 2182 argumentis
2563 2119 2872 2182 adstruere;
2918 2137 3121 2176 necnon
3167 2123 3218 2177 in
3263 2124 3563 2178 universum
3595 2127 3676 2180 sui
3715 2128 3784 2180 ab

2202 2205 2438 2261 Ecclesia
2468 2208 2674 2264 discidii
2710 2225 2896 2265 caUSas
2931 2211 3166 2281 proferre
3198 2213 3414 2285 (Collat.
3445 2213 3685 2285 Cartltag.
3711 2217 3744 2268 5
3763 2258 3777 2278 ,

2199 2312 2313 2364 cap.
2357 2298 2464 2366 M).
2495 2297 2695 2365 Quibus
2731 2301 3152 2356 arschisntaticis
3179 2318 3487 2372 responsum
3526 2313 3634 2369 est,
3669 2307 3782 2375 pri-

2198 2403 2340 2441 mum
2371 2388 2603 2444 oniniom
2629 2390 3016 2446 discutiendum
3047 2407 3199 2456 esse,
3245 2394 3349 2448 utri
3383 2396 3462 2448 vel
3493 2397 3781 2464 petitorum

2198 2480 2278 2534 vel
2321 2479 2658 2536 defensorum
2717 2498 2996 2553 personam
3043 2485 3397 2552 sustinerent;
3440 2501 3665 2556 eamque
3707 2488 3780 2540 oh

2198 2584 2310 2623 rem
2330 2610 2344 2634 ,
2376 2571 2442 2624 ab
2471 2572 2602 2625 utris
2632 2573 2790 2642 petita
2836 2573 3061 2628 Collatio
3108 2574 3289 2630 fuisset
3309 2617 3322 2637 .
3369 2577 3780 2631 examinandum

2198 2657 2386 2729 (lbid.,
2413 2677 2529 2731 cap.
2561 2660 2668 2734 16).
2699 2662 2753 2717 ld
2797 2663 3008 2733 quidem
3040 2665 3301 2724 obstinate
3342 2665 3696 2737 ingesserunt,
3719 2679 3780 2721 ut

2194 2747 2482 2805 Catholicis
2505 2753 2782 2821 petitorum
2811 2763 2990 2824 partes
3009 2755 3418 2825 suscipientibus
3437 2798 3452 2824 ,
3485 2757 3579 2826 ipsi
3606 2759 3672 2812 ad
3699 2759 3780 2812 fo—

2196 2855 2406 2895 rensem
2433 2842 2646 2896 modum
2669 2843 3040 2899 cavillarentur
3070 2863 3084 2900 :
3111 2845 3249 2901 unde
3278 2855 3411 2900 orta:
3439 2848 3661 2902 fuissent
3695 2849 3781 2903 di-

2196 2929 2422 2985 lationes
2450 2947 2512 2986 ac
2539 2932 2683 2988 trioa:
2705 2932 2943 2988 inﬁnitae.
2973 2935 3082 2990 Nec
3109 2944 3280 2990 tamen
3303 2935 3636 2991 Marcellinus
3655 2939 3780 2993 alic-

2195 3036 2319 3074 num
2347 3021 2414 3075 ab
2441 3038 2500 3078 ea
2529 3023 2866 3094 inquisitione
2897 3026 3132 3081 animum
3173 3042 3280 3097 prin
3317 3042 3376 3083 se
3405 3027 3609 3084 ferebat
3637 3048 3650 3082 :
3679 3031 3777 3085 sed

2193 3128 2312 3167 cum
2337 3114 2547 3170 abunde
2577 3125 2907 3185 perspectum
2925 3126 3068 3172 esset
3085 3116 3370 3172 Catholicis
3387 3159 3402 3182 ,
3435 3134 3538 3188 quo
3562 3131 3778 3189 specta-

2195 3213 2313 3257 rent
2335 3203 2654 3271 adversarii;
2679 3205 2801 3261 licet
2826 3206 2926 3261 hos
2956 3207 3097 3277 ipsos
3127 3224 3248 3263 vere
3275 3218 3608 3263 accusatores
3632 3225 3775 3272 esse,

2187 3291 2296 3361 jam
2328 3293 2457 3348 satis
2497 3295 2744 3350 mandato
2768 3311 2867 3351 suo
2893 3297 3380 3364 demonstrassent;
3413 3299 3664 3353 nolebant
3695 3309 3778 3352 ta-

2194 3398 2316 3438 men
2345 3384 2396 3436 in
2420 3384 2520 3440 hoc
2548 3385 2738 3456 inquiri
2765 3387 3019 3456 penitius;
3057 3388 3316 3458 agendum
3353 3397 3477 3443 ante
3504 3389 3680 3444 omnia
3706 3390 3778 3446 de

2194 3474 2272 3528 rei
2299 3475 2462 3544 ipsius
2487 3475 2659 3546 capite
2681 3477 3027 3532 admonentes
3043 3477 3227 3548 (Ibid.,
3249 3496 3397 3550 capp.
3418 3480 3503 3534 18.
3520 3478 3633 3550 98).
3665 3481 3778 3534 Ro-

2192 3565 2387 3636 gabant
2415 3566 2465 3619 in
2497 3565 2680 3637 primis
2700 3568 3042 3623 ostenderent
3063 3569 3349 3624 Donatistae
3363 3610 3379 3636 ,
3407 3586 3538 3640 quas
3557 3572 3628 3625 oh
3649 3585 3782 3624 can-

2192 3669 2282 3710 sas
2309 3658 2666 3712 secessionem
2705 3657 2772 3711 ab
2811 3657 3046 3714 Ecclesia
3088 3659 3374 3730 Seripturis
3408 3660 3599 3715 divinis
3649 3675 3778 3730 pro-

2193 3747 2376 3811 missa,
2396 3761 2458 3800 ac
2490 3756 2599 3800 toto
2628 3755 2887 3802 terrarum
2915 3748 3042 3802 orbe
3071 3749 3290 3814 diffusa,
3315 3749 3559 3804 fecissent
3583 3748 3776 3818 (Ιῡίά.,

2192 3852 2307 3905 cap.
2342 3837 2437 3907 82)
2470 3854 2484 3890 :
2519 3847 2628 3891 tum
2660 3837 2945 3906 probarent
2971 3838 3051 3902 id,
3083 3839 3221 3909 quod
3249 3850 3584 3909 receperant,
3615 3842 3776 3894 nimi-

2193 3944 2310 3983 rum
2349 3928 2487 3998 apud
2519 3944 2579 3984 se
2623 3943 2740 3983 esse
2781 3929 3096 3986 catholicam
3129 3931 3414 3985 Ecelesiam
3443 3928 3625 4002 (Ibat,
3657 3949 3775 4002 cap.

2196 4019 2307 4092 75).
2337 4020 2449 4087 Qua
2480 4021 2760 4076 occasione
2787 4021 3110 4091 Augustinus
3140 4040 3153 4076 :
3183 4021 3322 4077 Deus
3364 4040 3484 4089 nos,
3527 4025 3629 4088 ait,
3661 4023 3776 4079 dis-

2194 4120 2450 4180 putatores
2504 4119 2551 4164 et
2578 4111 2838 4165 collatores
2864 4112 3022 4182 magis
3041 4154 3055 4178 ,
3081 4128 3230 4182 quam
3257 4112 3531 4184 litigatores
3553 4130 3660 4169 esse
3679 4132 3777 4170 uo-

2191 4201 2305 4254 luit.
2352 4200 2472 4255 Non
2513 4202 2916 4272 interponantur,
2947 4218 3063 4272 qua
3101 4204 3170 4256 ad
3207 4221 3311 4257 rem
3350 4207 3630 4259 necessaria
3669 4225 3776 4262 non

2190 4305 2324 4347 sunt.
2351 4291 2580 4348 Ecclesia
2609 4304 2678 4349 est
2703 4311 2852 4364 quam
2880 4296 3148 4350 asserimus
3174 4297 3466 4352 testimoniis
3487 4283 3780 4368 Scriptura-

2189 4402 2302 4439 rum
2344 4386 2662 4452 diuinarum,
2692 4385 2922 4440 omnibus
2966 4397 3117 4452 nota,
3165 4389 3218 4442 in
3263 4398 3456 4456 monte,
3487 4391 3612 4444 sicut
3637 4391 3772 4444 scri-

2190 4485 2330 4546 ptum
2359 4487 2450 4538 est,
2489 4478 2734 4531 altissimo
2770 4479 3059 4546 constituta,
3089 4481 3157 4533 ad
3193 4497 3341 4551 quam
3371 4484 3572 4536 veniunt
3597 4500 3772 4538 omnes

2187 4577 2373 4639 gentes.
2392 4568 2455 4624 Si
2469 4579 2540 4624 est
2551 4571 2742 4640 aliquid
2753 4583 2927 4624 contra
2945 4571 3090 4625 istaut
3112 4572 3388 4628 Ecclesium
3399 4576 3534 4645 quod
3549 4576 3771 4641 dicatur,

2179 4661 2290 4730 jam
2307 4660 2586 4727 dicatur,ct
2613 4661 2765 4715 nulla:
2792 4677 2946 4715 mora:
2971 4662 3372 4733 interponantur.
3404 4666 3656 4731 Quamdiu
3671 4666 3774 4720 ista

2187 4759 2328 4802 tanta
2340 4751 2516 4820 populi
2531 4752 2829 4821 exspectatio
2843 4767 3084 4820 suspensa
3100 4755 3197 4806 est?
3213 4753 3289 4807 De
3303 4757 3473 4808 anima
3489 4772 3582 4809 sua
3597 4772 3774 4811 omnes

2187 4843 2426 4913 cogitant,
2458 4853 2502 4896 et
2530 4860 2621 4896 nos
2641 4843 2938 4897 moratorias
2963 4845 3363 4914 prccscriptiones
3389 4846 3458 4899 ad
3484 4847 3578 4900 hoc
3605 4848 3770 4899 inter-

2186 4935 2438 5005 ponimus,
2470 4945 2524 4988 ut
2562 4937 2630 4988 ad
2668 4935 2821 5004 ﬁnem
2865 4937 3222 5006 cognoscenda
3254 4937 3475 4991 ueritatis
3511 4953 3773 5009 nunquam

2185 5025 2437 5079 veniatur!
2462 5023 2649 5094 (Ibid.,
2671 5041 2786 5096 cap.
2815 5025 2929 5096 21.)
2948 5025 3134 5096 Neque
3164 5034 3338 5082 tamen
3369 5029 3514 5083 ibant
3541 5028 3769 5094 intleias,

2184 5113 2308 5183 quin
2353 5115 2462 5168 suis
2499 5111 2733 5183 ipsorum
2783 5114 3029 5183 precibus
3070 5114 3382 5186 Imperator,
3420 5126 3478 5170 ut
3520 5116 3634 5186 ipse
3680 5132 3770 5172 re-

2185 5207 2386 5276 scripto
2415 5204 2557 5275 quod
2589 5203 2767 5259 denuo
2804 5205 3081 5260 recitatum
3121 5214 3201 5260 est
3241 5207 3549 5273 tesmbatur,
3595 5205 3772 5262 Colla-

2186 5298 2386 5352 tionem
2415 5297 2805 5352 concessisset:
2835 5296 2929 5352 sed
2952 5313 3058 5352 non
3074 5299 3307 5354 contenti
3332 5314 3394 5354 ea
3436 5297 3773 5368 professione

2185 5388 2450 5451 ha-retiei.
2483 5396 2741 5460 praeterea
2781 5389 3076 5456 instabant,
3104 5391 3336 5446 oblatum
3376 5391 3612 5447 Honorio
3637 5406 3775 5464 sup-

2186 5480 2374 5550 plicem
2407 5479 2641 5534 libellum
2685 5479 3058 5552 proferendum
3101 5496 3253 5545 esse,
3281 5481 3594 5537 declaranda
3626 5483 3776 5554 lega-

2185 5581 2356 5625 torum
2387 5571 2628 5634 nomina,
2659 5579 2714 5625 et
2737 5570 2939 5626 edenda
2970 5587 3086 5641 qum.
3115 5587 3141 5623 a
3172 5570 3458 5627 Catholicis
3485 5571 3582 5627 hac
3609 5573 3676 5626 de
3709 5589 3773 5629 re

2182 5672 2492 5733 acceperant
2527 5661 2808 5726 mandata;
2846 5663 2983 5731 quod
3023 5662 3074 5716 ni
3112 5661 3293 5731 fieret,
3321 5664 3537 5718 omnino
3561 5664 3782 5718 nullius.
