4042 6360
271 332 364 391 ιὶι

274 462 380 510 rere
428 459 683 506 momenti
726 448 1075 518 rescriptum,
1121 446 1260 517 quod
1308 446 1733 515 impetraverant.
1792 445 1844 497 Id

267 560 392 601 vero
422 557 643 615 prorsus
672 558 701 596 a
730 556 888 595 causa
919 540 1149 594 alienum
1177 554 1295 593 esse
1321 537 1709 593 contendebant
1744 534 1844 589 Ca—

266 637 465 701 tholici,
487 634 679 705 quibus
703 633 907 686 tametsi
936 630 1273 684 Marcellinus
1298 630 1350 683 in
1377 630 1478 683 hoc
1507 629 1733 693 faveret,
1756 643 1846 682 es-

264 727 480 799 pngnari
514 736 691 779 tamen
715 740 977 793 nunquam
1005 722 1173 791 potuit
1211 721 1506 792 pervicacia
1548 720 1844 773 Donatista-

262 836 397 873 rum.
431 817 758 887 Exspectatio
779 856 792 877 ,
835 831 933 866 non
965 813 1079 865 dico
1125 812 1275 881 hujus
1315 812 1543 875 civitatis,
1577 810 1850 880 ingerebat

262 912 615 980 Augustinus,
644 910 730 961 sed
756 909 971 961 universi
997 921 1121 975 pene
1152 906 1348 975 generis
1377 904 1583 956 humani
1608 918 1849 972 suspensa

260 1014 361 1065 est;
383 1004 580 1072 aliquid
608 1003 670 1054 de
697 1000 919 1053 Ecclesia
938 1000 1078 1067 cupit
1109 999 1287 1051 audire
1312 1012 1328 1049 :
1353 1006 1398 1050 et
1438 1013 1528 1049 nos
1566 996 1732 1047 adhuc
1767 995 1849 1063 fo-

261 1110 427 1146 renses
465 1094 713 1161 formulas
765 1091 1062 1142 discutimus
1094 1130 1108 1153 ,
1150 1096 1196 1140 et
1256 1087 1530 1139 miserrime
1565 1085 1851 1153 litigamus!

260 1183 308 1253 (l
316 1185 573 1252 bid.,cap.
588 1181 699 1252 41.)
722 1182 921 1245 Quanta
944 1189 1184 1249 aguntur,
1208 1187 1261 1230 ut
1291 1178 1416 1231 nihil
1442 1178 1646 1248 agatur!
1665 1175 1847 1248 (Ibid.,

258 1292 369 1339 cap.
400 1272 518 1342 40.)
553 1271 680 1325 Item
721 1272 855 1323 alius
884 1285 915 1324 e
938 1266 1224 1321 Catholicis
1249 1266 1528 1336 episcopus
1559 1284 1571 1319 :
1608 1265 1744 1330 Quid
1773 1276 1845 1318 est

257 1365 417 1426 aliud,
452 1365 649 1433 inquit,
698 1377 902 1414 causam
939 1360 1221 1422 dimittere,
1251 1366 1298 1410 et
1333 1374 1574 1427 personas
1596 1370 1852 1426 quaerere;

257 1457 352 1508 nisi
388 1455 615 1524 c/Iugere
651 1453 811 1507 velle?
850 1450 1021 1515 Quare
1069 1448 1283 1503 petiisti?
1340 1446 1533 1518 (lbid.,
1573 1462 1687 1516 cap.
1732 1446 1851 1513 56.)

256 1548 448 1603 lstlia-c
476 1553 655 1599 autem
683 1541 1043 1596 controversia
1065 1540 1131 1593 de
1155 1538 1551 1594 Catholicorum
1575 1538 1641 1591 ad
1673 1537 1852 1590 llono-

258 1641 394 1693 rium
428 1636 692 1706 legatione
722 1632 1057 1687 continuatur
1088 1629 1153 1683 ad
1184 1643 1349 1698 usque
1378 1626 1654 1681 articulum
1680 1624 1854 1679 Colla-

257 1731 420 1783 tiouis
468 1727 870 1796 nonagesimum
911 1724 1193 1791 septimum
1216 1762 1231 1786 ,
1262 1721 1348 1774 ubi
1392 1726 1575 1773 rttrsus
1604 1726 1855 1787 urgentur

254 1822 318 1874 ab
364 1820 636 1873 bmreticis
680 1814 965 1877 Catholici,
1021 1822 1076 1866 ut
1124 1827 1183 1866 se
1226 1810 1485 1880 petitores
1529 1822 1648 1862 esse
1688 1808 1850 1878 proﬁ-

256 1922 489 1969 tcantur.
1496 1889 1537 1924 .

319 2007 378 2059 2.
410 2003 673 2058 Nonnulla
702 2015 910 2071 quoque
959 1998 1025 2052 de
1064 1994 1467 2065 Catholicornm
1514 1993 1728 2047 nomine
1774 1991 1854 2045 in-

253 2099 480 2165 terjecta
528 2092 690 2165 Sunt(
723 2091 879 2153 Ibid.,
928 2090 981 2153 5,
1035 2104 1183 2157 capp.
1251 2084 1361 2148 22,
1411 2084 1500 2149 50,
1541 2084 1630 2147 75,
1687 2084 1847 2150 etc.):

250 2187 314 2239 de
340 2200 452 2253 quo
481 2183 606 2253 quid
642 2180 988 2252 indicandum
1035 2184 1215 2241 esset,
1260 2182 1376 2243 post
1404 2173 1635 2227 decisam
1680 2185 1852 2224 causae

254 2277 419 2329 totius
444 2289 705 2328 summam
731 2272 1053 2326 declaratum
1083 2267 1145 2321 iri
1176 2265 1517 2319 Marcellinus
1548 2263 1854 2332 pronuntia-

252 2368 323 2420 vit
351 2365 545 2433 (ibid,
568 2381 718 2433 capp.
747 2362 814 2415 36
832 2404 845 2425 ,
868 2358 993 2428 94);
1017 2357 1225 2411 interim
1256 2371 1362 2408 non
1391 2355 1550 2407 licere
1571 2353 1692 2417 sibi,
1713 2351 1852 2407 hunc

252 2458 468 2511 titulum
500 2455 603 2507 illis
632 2468 823 2521 negare
843 2494 855 2514 ,
884 2464 1017 2520 quos
1044 2447 1230 2502 eodem
1257 2446 1661 2500 cohonestasset
1685 2443 1736 2495 in
1768 2458 1853 2497 re-

252 2550 456 2617 scripto
486 2561 584 2600 suo
604 2544 731 2612 Imp.
754 2555 895 2596 rator
916 2539 1103 2610 (lbid.,
1130 2554 1280 2608 capp.
1310 2537 1399 2601 92,
1428 2536 1517 2600 91,
1546 2534 1687 2605 147).
1716 2533 1849 2587 Cum

253 2638 561 2695 exaniinari
591 2635 859 2689 Tribunus
884 2630 1166 2695 voluisset,
1208 2628 1309 2681 utri
1339 2641 1465 2680 vere
1497 2627 1746 2694 petitores
1772 2624 1853 2677 di-

250 2729 413 2784 cendi
441 2737 647 2789 essent,
675 2736 765 2777 eas
792 2735 919 2776 vero
949 2728 1128 2790 partes
1154 2716 1410 2772 Catholici
1434 2757 1449 2782 ,
1480 2730 1543 2768 ne
1572 2729 1727 2783 quam
1758 2728 1852 2767 an-

250 2835 366 2875 sam
402 2817 795 2872 Donatistarum
822 2811 1025 2866 cavillis
1052 2810 1261 2873 darent,
1293 2808 1343 2860 in
1373 2822 1431 2861 se
1470 2806 1708 2874 recipere
1751 2803 1850 2857 de-

254 2916 578 2971 rectarent;
604 2904 930 2974 Augustinus
968 2902 1069 2955 hoc
1104 2913 1223 2953 esse
1251 2898 1523 2967 respondit
1553 2894 1853 2951 Catholica-

251 3018 370 3056 rum
419 2999 731 3062 consilium,
780 2993 1178 3050 criminationes
1207 2990 1484 3055 videlicet,
1512 2988 1703 3058 quibus
1748 2986 1849 3040 Ec-

259 3094 483 3148 clesium
532 3091 817 3145 Donatista:
857 3088 936 3142 vel
988 3087 1039 3139 in
1087 3100 1184 3139 suo
1212 3082 1463 3137 mandato
1491 3081 1843 3152 impetebant,

252 3184 493 3247 diluere,
526 3196 694 3251 neque
733 3180 804 3233 ob
834 3177 974 3231 aliud
1006 3174 1222 3247 petiisse
1248 3173 1633 3237 Collationem,
1664 3173 1762 3226 nisi
1795 3182 1851 3226 ut

253 3278 418 3331 iidem
454 3275 772 3339 Donatistae,
816 3288 844 3325 a
877 3272 1066 3341 quibus
1110 3268 1271 3337 petita
1297 3281 1507 3337 quoque
1534 3264 1735 3332 fuerat,
1768 3260 1848 3319 vel

250 3368 467 3423 discidii
495 3369 574 3420 sui
605 3365 904 3435 :cquitatem
932 3362 1254 3432 approbare,
1295 3360 1377 3413 vel
1408 3358 1746 3428 iniquitatem
1788 3357 1849 3411 il-

253 3461 354 3515 lius
378 3474 669 3529 agnoscere
712 3467 870 3526 atque
913 3454 1201 3509 emendare
1240 3460 1457 3524 possent
1485 3450 1667 3522 (Ibid,
1697 3466 1846 3520 capp.

255 3553 397 3617 110,
432 3552 559 3622 illi)
594 3552 743 3619 :jam
775 3546 1060 3601 Marcellini
1088 3561 1237 3608 esse,
1270 3544 1402 3597 utris
1426 3544 1708 3613 petitorum
1750 3556 1849 3594 no-

253 3661 376 3700 men
409 3643 718 3698 coaveniret
760 3639 1101 3709 pronuntiare
1128 3636 1316 3708 (lbid.,
1360 3652 1478 3706 cap.
1513 3635 1659 3706 108).
1699 3633 1851 3690 Schi-

253 3735 464 3789 smatici
501 3734 761 3802 tantiSper
801 3730 867 3785 de
909 3728 1167 3784 Catholici
1212 3728 1507 3798 signiﬁcatu
1538 3726 1847 3797 litigarunt:

255 3827 382 3881 fassi
421 3835 601 3879 tamen
650 3832 805 3889 sunt,
854 3821 905 3875 id
947 3820 1176 3874 nominis
1212 3817 1503 3889 abjudieari
1536 3818 1854 3873 adverSariis

255 3920 368 3974 suis
396 3933 507 3971 non
552 3930 737 3985 posse,
777 3911 1067 3967 dummodo
1120 3911 1424 3965 universum
1476 3917 1735 3964 terrarum
1764 3922 1853 3962 or-

256 4012 378 4065 bem
406 4009 510 4063 sibi
537 4005 928 4062 communionis
974 4004 1183 4058 vinculo
1212 4002 1551 4073 coniunctum
1589 4016 1710 4056 esse
1760 4000 1852 4055 dc-

258 4108 619 4157 monstrarent
642 4098 798 4170 (Ibid.
813 4138 827 4160 ,
851 4114 963 4167 cap.
985 4096 1134 4166 102).
1160 4095 1399 4165 Magnum
1420 4106 1595 4149 autem
1615 4095 1853 4149 veritatis

259 4194 503 4264 partibus
528 4198 859 4245 momentum
904 4204 968 4242 ex
1015 4202 1079 4241 eo
1107 4187 1357 4252 accessit,
1391 4186 1530 4256 quod
1560 4202 1680 4241 cum
1710 4186 1853 4241 dice-

258 4295 379 4339 rent
401 4280 671 4338 Catholici
698 4281 984 4335 Ecclesiam
1015 4287 1123 4334 toto
1150 4280 1280 4333 orbe
1306 4277 1551 4332 diﬁ‘usam
1583 4278 1728 4333 falsis
1751 4278 1854 4333 cri-

260 4374 646 4429 minationibus
674 4372 741 4425 ah
769 4372 874 4425 illis
900 4386 1018 4425 esse
1060 4370 1347 4440 appetitam
1370 4411 1385 4436 ,
1420 4370 1591 4439 palam
1630 4369 1852 4440 professi

260 4475 383 4519 sunt
406 4462 765 4529 schismatici,
804 4460 944 4515 nolle
966 4475 1024 4514 se
1049 4460 1194 4513 litem
1223 4460 1484 4514 universis
1520 4459 1684 4515 totius
1708 4458 1853 4515 orbis

262 4554 518 4609 Ecclesiis
562 4553 855 4615 intentare;
906 4550 1021 4607 illas
1064 4550 1321 4618 siquidem
1363 4564 1392 4603 a
1433 4549 1851 4604 Christianorum

259 4647 452 4701 Afrieze
480 4643 842 4699 controversia
874 4656 1087 4711 prorsus
1107 4641 1325 4708 alienas,
1346 4649 1655 4710 exsiieetare
1681 4641 1854 4711 potius

259 4738 574 4793 certaminis
599 4736 828 4800 exitum,
858 4746 914 4787 ut
953 4748 1045 4788 eos
1074 4733 1172 4787 sibi
1202 4734 1575 4788 communione
1603 4733 1855 4802 copulent

259 4840 311 4885 et
346 4828 747 4885 Catholicorum
790 4842 968 4882 secum
1018 4826 1230 4879 nomine
1268 4824 1498 4895 gaudere
1540 4825 1732 4891 velint,
1762 4826 1852 4894 qui

262 4921 365 4974 hac
408 4920 462 4973 in
504 4917 802 4972 Collationc
822 4908 1046 4970 vicerint
1084 4914 1267 4988 (Ibid,
1297 4931 1411 4985 cap.
1444 4914 1555 4985 99).
1597 4915 1686 4970 Sic
1711 4916 1851 4970 enim

260 5010 628 5081 agnoscebant
656 5009 754 5063 sibi
784 5008 912 5061 nihil
943 5022 1091 5071 esse,
1125 5006 1266 5077 quod
1296 5007 1548 5062 Ecclesiae
1580 5022 1675 5077 per
1699 5024 1852 5062 mun-

262 5104 385 5156 dum
420 5102 733 5156 universum
778 5099 983 5154 dill‘nsa:
1025 5099 1337 5168 ohjicerent.
1389 5099 1467 5153 Ex
1512 5115 1611 5169 qua
1647 5102 1853 5155 confes-

263 5192 414 5247 sione
444 5191 578 5247 illud
600 5206 809 5262 quoque
832 5191 1267 5259 consequebatur,
1294 5190 1630 5246 Cacilianum
1653 5192 1855 5247 scilicet

266 5284 468 5340 idcirco
494 5285 562 5339 ab
583 5284 769 5339 eadem
810 5284 895 5337 illa
924 5283 1159 5337 Ecclesia
1188 5298 1290 5337 non
1321 5282 1482 5337 fuisse
1520 5292 1815 5339 resecatum
1835 5326 1851 5353 ,

266 5375 350 5429 vel
371 5375 495 5445 quia
524 5375 782 5428 innocens
804 5384 945 5426 esset
968 5374 1104 5441 ipse,
1127 5372 1213 5427 vel
1233 5373 1354 5442 quia
1382 5372 1494 5427 ﬁeri
1520 5388 1623 5427 non
1654 5383 1851 5442 posset,

266 5476 324 5520 ut
352 5470 472 5536 ejus
508 5466 664 5536 culpa
711 5464 1244 5529 comnacularcntur,
1296 5464 1383 5534 qui
1429 5466 1851 5519 communionem

270 5558 435 5629 ipsius
464 5560 776 5613 retinerent.
806 5557 872 5611 Et
900 5556 1011 5611 hate
1039 5556 1329 5626 argumenti
1353 5556 1429 5609 vis
1455 5556 1612 5610 etiam
1638 5555 1704 5608 ad
1724 5555 1857 5610 Afri-

269 5666 432 5706 canos
462 5665 652 5704 omnes
680 5649 969 5703 catholicos
993 5647 1321 5718 pertinebat;
1353 5647 1548 5718 quippe
1567 5649 1653 5718 qui
1682 5648 1851 5702 eidem

272 5740 346 5795 illi
378 5742 627 5797 Ecclesii-
674 5740 937 5809 copulati,
981 5738 1369 5794 Catholicornm
1416 5753 1603 5794 nomen
1645 5740 1696 5794 in
1740 5740 1853 5809 ejus

1638 319 1699 376 Ll
1708 320 1836 376 BER
1876 320 2161 381 SEXTUS.

3435 339 3539 394 L2?

1960 445 2160 499 unitate
2195 458 2409 517 semper
2437 456 2730 503 tenuerant.
2764 448 2891 515 Qua:
2930 463 3059 505 sane
3104 450 3379 508 manifesta
3424 466 3538 511 erat

1953 535 2140 590 horum
2168 538 2419 606 victoria,
2451 555 2550 595 nec
2596 540 2714 595 sine
2754 541 2931 595 divino
2972 540 3231 598 beneficio
3260 558 3534 601 concessa.

1950 625 2205 696 Negatum
2249 629 2461 699 quidem
2508 640 2593 685 est
2634 633 2702 685 ab
2747 630 3040 699 btereticis,
3073 632 3191 685 illos
3219 632 3272 687 in
3300 648 3539 689 comnm-

1952 718 2111 772 nione
2136 717 2235 772 hac
2261 720 2544 775 universali
2591 735 2746 775 esse:
2780 736 2964 775 verum
3009 721 3109 791 ipsi
3145 720 3249 776 huc
3288 724 3538 781 recidisse

1951 820 2125 860 causa:
2154 806 2519 863 diflicultatetn
2563 824 2767 863 summa
2809 826 2929 864 cum
2976 812 3244 880 voluptate
3278 826 3533 883 cognovev

1952 905 2094 951 runt.
2129 896 2308 968 Itaque
2348 901 2500 970 petiit
2541 902 2797 955 continuo
2822 900 3081 972 Alypius,
3113 910 3169 955 ut
3194 902 3294 956 sibi
3323 903 3533 967 liceret,

1954 988 2092 1056 quod
2117 992 2469 1058 quzerebatur,
2493 994 2817 1062 argumentis
2842 992 3205 1047 demonstrare
3220 993 3401 1063 (Ibid.,
3420 1012 3533 1064 cap.

1955 1078 2079 1150 102)
2105 1096 2118 1132 :
2149 1080 2243 1133 sed
2268 1081 2371 1135 alio
2397 1081 2808 1151 disputationem
2853 1091 3059 1138 vertere
3082 1084 3259 1137 conati
3282 1084 3537 1138 εειιίδιιιειὲ

1955 1170 2073 1237 tiei,
2103 1172 2275 1227 denuo
2300 1172 2591 1243 legatorum
2620 1175 2863 1229 mandata
2886 1176 2986 1229 sibi
3016 1174 3253 1231 exhiberi
3282 1191 3534 1247 poposce-

1956 1270 2112 1329 runt,
2163 1263 2412 1318 Ecclesia:
2458 1278 2638 1331 causa,
2684 1280 2841 1334 quam
2886 1265 2997 1334 jam
3053 1266 3276 1335 ingrcssi
3349 1278 3533 1332 erant,

1955 1352 2150 1405 omissa
2166 1351 2389 1424 (Brevia.
2422 1353 2604 1409 Collat.
2634 1355 2687 1421 5,
2716 1372 2769 1408 n.
2800 1355 2874 1425 ὅ).
2905 1356 3037 1409 Cum
3064 1371 3191 1409 veto
3215 1358 3536 1426 Augustinus

1957 1444 2008 1497 in
2035 1444 2268 1500 Ecclesia
2295 1454 2406 1499 toto
2430 1445 2559 1501 orbe
2587 1456 2870 1517 propagata
2894 1448 3026 1501 velle
3051 1462 3108 1501 se
3127 1448 3348 1517 gradum
3374 1450 3537 1517 ligerc

1958 1535 2313 1604 proﬁteretur,
2343 1536 2525 1602 Hanc,
2570 1538 2815 1607 inquiens
2834 1578 2850 1604 ,
2879 1536 3161 1591 Ecclesium
3193 1539 3432 1610 elegimus
3460 1557 3538 1592 rc-

1956 1626 2243 1691 tinendam;
2273 1628 2345 1681 illi
2373 1628 2611 1693 reposuit
2644 1629 2912 1683 Emeritus
2930 1668 2946 1695 ,
2973 1628 3060 1682 Sic
3101 1646 3295 1699 semper
3322 1630 3533 1698 eligere,

1954 1726 2001 1769 et
2023 1727 2215 1770 mutare
2228 1718 2473 1771 consuesti
2493 1718 2697 1787 (Callet.
2721 1717 2961 1789 Cari/mg.
2984 1719 3039 1785 5,
3066 1735 3213 1789 capp.
3242 1719 3363 1786 100,
3392 1721 3534 1790 101).

1956 1806 2156 1873 Quibus
2202 1809 2318 1862 sine
2362 1808 2524 1863 dubio
2568 1809 2975 1864 Manichmorum
3016 1811 3292 1877 lueresim,
3343 1812 3397 1866 in
3432 1828 3535 1881 qua

1958 1898 2185 1953 bteserat
2213 1900 2521 1955 adolescens
2545 1942 2560 1967 ,
2593 1902 2693 1972 ipsi
2724 1902 2877 1957 tacite
2906 1902 3258 1971 exprobrabat
3287 1920 3300 1955 :
3343 1904 3437 1957 sed
3469 1918 3539 1959 ne

1956 2006 2062 2045 uno
2102 1991 2317 2060 quidem
2364 1994 2530 2047 verbo
2575 1994 2640 2047 ad
2688 1995 2943 2062 privatam
2971 1994 3112 2047 illam
3156 1994 3400 2063 injuriam
3448 2010 3545 2049 τε-.

1956 2084 2254 2153 pellendam
2285 2085 2458 2153 dicto,
2496 2085 2585 2139 Vir
2607 2094 2820 2140 sanctus
2844 2087 3139 2141 orationem
3176 2100 3323 2140 suam
3351 2102 3539 2156 prosc-

1955 2184 2108 2229 cutus
2127 2184 2228 2229 est.

2027 2269 2079 2321 5.
2111 2267 2479 2322 Pronuntiavit
2506 2268 2715 2322 tandem
2744 2267 3013 2337 Cognitor,
3036 2282 3159 2333 eos,
3191 2269 3280 2335 qui
3311 2268 3537 2321 crimina

1958 2358 2080 2411 aliis
2108 2358 2477 2422 intenderent,
2516 2358 2699 2413 haberi
2741 2360 3020 2427 petitores;
3057 2358 3101 2413 si
3128 2358 3338 2427 quidem
3371 2359 3537 2426 ipsam

1955 2447 2302 2502 Collationem
2335 2448 2400 2502 ab
2449 2449 2682 2518 utrisque
2710 2449 2947 2517 partibus
2977 2451 3192 2518 petitam
3220 2449 3382 2505 fuisse
3412 2466 3536 2517 lro-

1956 2536 2170 2591 baretur
2199 2536 2386 2607 (lbid.,
2431 2555 2545 2607 cap.
2577 2540 2721 2610 120).
2752 2539 2904 2607 Quod
2947 2549 3003 2593 ut
3040 2540 3297 2594 Catholici
3324 2542 3539 2609 planum

1955 2628 2221 2697 facerent,
2247 2640 2422 2684 aetum
2452 2645 2637 2685 corum
2656 2672 2671 2695 ,
2710 2647 2828 2700 qua:
2855 2632 3011 2685 tertio
3053 2631 3305 2686 kalendas
3334 2634 3540 2687 februa—

1954 2720 2060 2774 rias
2088 2722 2211 2773 anni
2241 2721 2742 2791 quadringentesimi
2768 2722 2902 2777 sexti
2926 2723 3067 2791 apud
3094 2722 3380 2779 Praefectos
3418 2740 3541 2793 pro-

1954 2810 2078 2865 fessi
2111 2811 2316 2864 fuerant
2360 2812 2666 2875 Donatistae,
2699 2811 2979 2880 legendum
3024 2813 3324 2867 obtulerunt
3354 2812 3537 2883 (lbid.,

1953 2916 2069 2971 cap.
2105 2900 2250 2971 124).
2280 2902 2347 2955 At
2372 2902 2594 2955 omnino
2636 2910 2740 2956 non
2770 2903 2918 2957 licuit
2959 2903 3095 2957 ultra
3120 2904 3284 2969 diem,
3313 2921 3417 2975 quo
3441 2906 3539 2960 da-

1954 3004 2064 3046 tum
2095 3003 2442 3062 pramotatur,
2473 2995 2693 3064 legendo
2716 2995 3005 3065 procedere
3032 3013 3045 3049 :
3079 3013 3200 3051 nam
3223 3013 3342 3052 cum
3377 3000 3540 3054 Dona.

1954 3084 2091 3138 tistze
2116 3084 2217 3139 hoc
2244 3085 2295 3139 in
2325 3095 2443 3139 actu
2486 3101 2611 3141 sese
2644 3087 3045 3156 impedivissent
3070 3101 3122 3142 et
3148 3090 3505 3158 implicassent
3524 3130 3538 3156 ,

1952 3191 2020 3230 ne
2047 3177 2157 3229 suis
2185 3177 2417 3246 ipsorum
2447 3178 2623 3231 verbis
2644 3219 2657 3243 ,
2707 3180 2847 3248 quod
2892 3183 3135 3251 apposite
3176 3182 3279 3235 illis
3314 3184 3541 3252 ohjectat

1953 3268 2258 3335 Possidius,
2286 3270 2509 3323 convicti
2532 3278 2856 3335 tenerentur,
2880 3273 3008 3326 nihil
3041 3275 3288 3337 omisere,
3326 3292 3430 3345 quo
3476 3278 3543 3332 lo-

1954 3359 2185 3413 ctionem
2198 3360 2312 3429 ejus
2338 3359 2679 3429 prohiberent
2696 3361 3013 3431 (Ibid.,cap.
3036 3364 3179 3436 111).
3214 3366 3447 3436 Eamque
3471 3370 3542 3424 ob

1955 3467 2067 3504 rem
2096 3452 2222 3505 illud
2240 3452 2349 3521 jam
2375 3453 2624 3506 detritum
2647 3464 2699 3507 et
2715 3455 2869 3508 toties
2890 3470 2918 3507 a
2945 3456 3226 3525 Cognitore
3251 3460 3536 3527 repulsum,

1956 3542 2042 3597 hic
2066 3544 2221 3599 etiam
2256 3544 2599 3599 obtruserunt
2627 3561 2641 3609 ;
2669 3545 2805 3599 velle
2834 3562 2892 3600 se
2942 3546 3233 3616 legatorum
3254 3590 3267 3612 ,
3295 3565 3325 3603 a
3351 3552 3542 3619 quibus

1956 3632 2127 3689 fuerat
2166 3636 2443 3705 impetrata
2478 3636 2734 3703 Collatio,
2766 3638 3012 3692 mandata
3041 3641 3361 3709 expendere.
3385 3644 3537 3709 Quod

1955 3728 2055 3782 etsi
2083 3736 2190 3782 tam
2221 3729 2426 3784 ardenti
2457 3717 2633 3784 studio
2660 3730 3043 3799 efﬁagitarent,
3074 3744 3131 3785 ut
3166 3733 3446 3787 concilium
3477 3750 3538 3788 ea

1956 3818 2023 3874 de
2046 3834 2201 3874 causa
2233 3835 2397 3890 prope
2423 3822 2729 3876 viderentur
2749 3824 3003 3889 soluturi;
3028 3824 3077 3877 id
3122 3833 3298 3879 tamen
3327 3842 3535 3896 :equum

1953 3929 2151 3984 negare
2180 3915 2511 3971 Marcellinus
2536 3917 2929 3985 perseveravit;
2962 3918 3157 3986 quippe
3185 3918 3273 3987 qui
3299 3932 3404 3971 non
3433 3919 3536 3973 alia

1957 4003 2059 4073 legi
2078 4044 2092 4067 ,
2118 4019 2275 4073 quam
2304 4021 2422 4074 quae
2445 4013 2667 4073 utraque
2693 4019 2815 4074 pars
2837 4006 2887 4059 in
2915 4006 3145 4059 medium
3169 4010 3406 4075 proferre
3429 4011 3539 4063 vel-

1957 4094 2049 4159 let,
2060 4094 2330 4164 jussurum
2360 4110 2419 4150 se
2445 4094 2967 4166 promisisset(lbid.,
2987 4114 3102 4168 cap.
3121 4099 3261 4169 140).
3280 4099 3538 4166 Quocirca

1957 4195 2235 4256 postquam
2280 4187 2410 4241 nihil
2457 4186 2556 4241 hac
2596 4188 2683 4241 via
2711 4202 3026 4257 promovere
3052 4206 3109 4245 se
3136 4191 3535 4261 intellexerunt,

1956 4285 2072 4331 acta
2101 4277 2344 4347 quaedam
2374 4277 2774 4333 Catholicorum
2804 4280 3041 4336 obtulere
3063 4291 3184 4336 ante
3203 4297 3396 4337 annum
3420 4300 3539 4339 sex-

1956 4375 2067 4422 tum
2094 4383 2122 4422 a
2148 4369 2667 4440 quadringentesimo
2692 4371 2956 4438 confecta,
2988 4374 3178 4443 quibus
3200 4384 3259 4429 ut
3282 4376 3539 4432 schisma-

1956 4457 2075 4512 ticis
2117 4459 2342 4514 coeundi
2389 4459 2455 4514 ad
2505 4461 2827 4532 colloquium
2868 4463 3169 4520 ediceretur
3210 4468 3534 4533 necessitas,

1956 4550 2223 4605 variorum
2250 4552 2530 4607 criminum
2559 4568 2654 4609 eos
2681 4555 3077 4611 insimulabant.
3101 4558 3353 4614 Petebant
3380 4562 3537 4630 igitur

1958 4642 2278 4710 Donatistre,
2310 4645 2495 4699 eadem
2527 4655 2643 4700 aeta
2672 4656 2922 4717 tanquam
2964 4651 3257 4721 antiquiora
3298 4653 3381 4707 his
3418 4670 3536 4724 qua:

1956 4733 2214 4789 Catholici
2263 4735 2631 4805 proferebant,
2678 4731 2959 4808 prtemitti,
2997 4753 3154 4812 atque
3182 4744 3299 4798 illos
3326 4762 3388 4799 ex
3435 4747 3532 4801 ob-

1952 4826 2108 4895 jectis
2137 4827 2328 4881 ibidem
2372 4829 2683 4884 criminibus
2727 4833 2977 4901 petitores
3033 4835 3289 4889 declarari
3332 4835 3532 4906 (lbid.,

1956 4933 2069 4987 cap.
2126 4918 2220 4971 Ml
2256 4916 2297 4990 ).
2343 4918 2546 4975 Interea
2609 4920 2868 4978 Catholici
2932 4926 3240 4980 relationem
3319 4929 3532 4983 Anulini

1955 5007 2022 5062 ad
2056 5008 2460 5064 Constantinum
2522 5011 2789 5079 obtulere,
2850 5023 2939 5080 ut,
2986 5016 3029 5069 si
3079 5017 3333 5071 rationem
3399 5026 3537 5073 tem-

1959 5116 2144 5169 porum
2205 5102 2354 5172 sequi
2401 5103 2759 5172 placeret,ab
2806 5108 3169 5171 ea,utmulto
3213 5110 3528 5180 antiquiore,

1956 5192 2239 5249 duceretur
2273 5196 2547 5251 exordium
2589 5196 2942 5270 (Ibid.,capp.
2984 5201 3116 5266 144,
3159 5202 3302 5272 148).
3346 5204 3409 5257 Et
3445 5220 3535 5260 re-

1956 5298 2082 5338 vera
2118 5284 2452 5341 Marcellinus
2490 5287 2630 5343 hunc
2665 5290 2865 5344 servari
2902 5290 3139 5346 ordinem
3174 5292 3328 5360 jussit
3348 5293 3531 5365 (lt-id.,

1957 5395 2068 5448 cap.
2104 5380 2250 5450 150).
2282 5380 2435 5437 Unde
2456 5381 2647 5437 factum
2675 5392 2789 5448 est,
2811 5392 2868 5437 nt
2897 5384 2983 5439 illa
3010 5376 3265 5454 qnmstio,
3291 5388 3390 5442 utri
3431 5386 3536 5444 sci-

1955 5470 2077 5523 licet
2095 5472 2348 5541 petitores
2373 5480 2573 5539 csscnt,
2588 5488 2743 5543 quam
2767 5489 2833 5528 eo
2854 5476 3025 5530 solum
3046 5478 3222 5531 animo
3251 5478 3534 5534 Donatista:

1958 5559 2247 5627 iniecerant
2266 5601 2280 5625 ,
2311 5569 2370 5615 ut
2403 5576 2434 5615 a
2457 5562 2721 5631 pr:ccipuo
2748 5563 2824 5618 rei
2853 5562 3023 5635 capite
3048 5576 3344 5621 averterent
3367 5610 3379 5630 .
3405 5583 3533 5622 seno

1956 5651 2055 5705 sim
2083 5650 2147 5705 ad
2175 5652 2300 5706 illud
2325 5669 2428 5708 non
2447 5654 2560 5708 sine
2579 5654 2757 5711 divino
2772 5660 2993 5713 consilio
3014 5660 3292 5716 deduceret
3313 5662 3530 5735 (tiret-ie.

1959 5740 2143 5796 Collat.
2174 5743 2205 5795 5
2227 5783 2241 5810 ,
2266 5761 2315 5797 η.
2361 5745 2391 5797 7
2412 5787 2425 5811 ,
2456 5754 2501 5799 et
2528 5746 2605 5799 At!
2638 5746 2924 5805 Donatista:
2960 5760 3070 5822 post
3113 5750 3279 5806 Colla:
3326 5770 3374 5808 n.
3411 5754 3527 5827 «13).
