4042 6360
493 312 606 371 623

434 452 437 457 η
494 430 607 487 Hoc
623 428 699 485 illi
717 424 1230 489 animadverterunt,
1253 434 1424 491 neque
1448 418 1556 474 ullo
1580 418 1741 473 modo
1764 416 1864 471 sibi
1887 414 2064 470 value—

495 528 619 576 runt
674 527 971 589 temperare
1001 557 1017 582 ,
1070 515 1198 585 quin
1243 510 1370 567 illud
1414 526 1553 580 mgre
1605 523 1664 563 se
1712 507 1853 562 ferre
1902 496 2065 559 testa-

495 616 697 673 rentur,
722 622 784 662 ac
807 607 979 679 palam
1010 605 1248 660 dicereut
1281 619 1295 655 :
1328 601 1528 657 Sensim
1554 601 1608 653 in
1632 614 1839 651 causam
1866 595 2065 650 induci-

496 717 611 755 mur
639 698 844 771 (Collat.
875 696 1114 766 Carthag.
1145 695 1180 748 5
1199 736 1213 756 ,
1262 710 1377 760 cap.
1422 691 1515 745 151
1544 688 1583 760 ).
1614 688 1729 755 Quo
1756 686 1898 741 dicto
1941 685 2068 740 satis

498 797 682 860 aperte
705 786 1064 851 declarabant,
1084 784 1134 837 id
1161 783 1259 836 sibi
1287 782 1437 835 unice
1448 782 1499 834 in
1530 778 1772 833 omnibus
1792 777 1902 831 suis
1927 776 2073 829 moli-

497 879 724 935 tionibus
738 877 1083 947 propositum,
1103 872 1305 941 nequid
1322 872 1489 933 fieret,
1506 868 1718 923 efficere
1734 884 1747 931 ;
1766 877 1924 935 atque
1935 865 2071 919 adeo

498 969 831 1026 dissimulare
886 966 1184 1035 neutiquam
1234 978 1423 1034 posse,
1480 962 1605 1030 quin
1656 959 1753 1013 sibi
1796 959 2070 1012 veritatem

499 1060 687 1116 obesse
712 1062 928 1114 scirent.
956 1056 1177 1112 Easdem
1203 1054 1445 1124 querelas
1466 1051 1646 1121 paucis
1668 1049 1956 1119 interiectis
1977 1049 2074 1102 ἰιρι

499 1159 620 1207 rant
640 1147 822 1219 (lbid.,
853 1163 968 1216 cap.
1006 1145 1153 1213 195).
1186 1142 1229 1197 0
1254 1142 1487 1197 violentia
1525 1140 1776 1204 veritatis,
1815 1138 2074 1193 exclamat

500 1240 855 1311 Augustinus,
909 1237 1128 1311 quolibet
1152 1235 1386 1305 equulco,
1416 1232 1710 1304 quibuslibet
1738 1231 1939 1301 ungulis
1966 1231 2072 1300 {or-

500 1330 598 1385 tior
650 1329 719 1382 ad
765 1326 1137 1399 exprimendam
1204 1322 1602 1395 confessionem!
1660 1321 1827 1392 Hujus
1884 1320 2077 1373 timoris

500 1421 869 1491 apertissimam
888 1436 1053 1474 vocem
1073 1419 1184 1491 quis
1204 1418 1269 1472 de
1289 1418 1492 1471 illorum
1512 1414 1683 1469 clauso
1709 1424 1903 1485 pectore
1926 1428 2080 1467 ecca-

500 1520 654 1575 teret,
692 1518 740 1564 et
785 1525 886 1563 non
924 1508 1036 1562 dico
1066 1509 1110 1562 si
1135 1524 1219 1562 eos
1260 1508 1408 1561 donis
1446 1507 1740 1577 largissimis
1768 1506 2041 1559 ditaremus
2063 1544 2093 1575 ,‘

498 1599 588 1654 sed
626 1599 671 1653 si
696 1615 780 1653 eos
826 1598 984 1667 ptenis
1023 1597 1381 1651 crudelissimis
1425 1607 1763 1666 torqueremus
1784 1597 1810 1650 ?
1849 1593 2080 1650 Clamant

510 1689 743 1759 pra‘clari
769 1689 863 1742 viri
879 1727 897 1754 ,
926 1688 1012 1760 qui
1037 1687 1104 1740 ad
1134 1688 1383 1759 agendum
1409 1686 1701 1740 videbantur
1737 1684 1912 1751 electi,
1942 1701 2003 1737 ac
2028 1701 2082 1738 se

502 1782 668 1854 potius
695 1781 763 1835 ad
791 1798 891 1835 non
915 1780 1164 1850 agendam
1190 1780 1371 1833 electos
1413 1795 1519 1833 esse
1559 1786 1819 1842 testantur,
1858 1787 1904 1830 et
1950 1777 2051 1829 invi

501 1873 642 1927 diose
673 1872 841 1943 judici
884 1880 1275 1933 conquerantur,
1317 1870 1499 1923 sensim
1534 1885 1587 1923 se
1618 1869 1671 1922 in
1699 1883 1863 1922 causa:
1888 1867 2083 1920 interna

504 1965 681 2020 deduci
711 1964 813 2038 (Ad
846 1963 1138 2017 Donatistae
1170 1972 1279 2032 post
1320 1961 1503 2015 Collat.
1540 1978 1593 2014 rt.
1634 1962 1702 2015 45
1794 1960 1838 2012 υ
1864 1976 2080 2029 magna,

503 2059 596 2112 sed
615 2072 715 2111 non
742 2056 971 2109 miranda
996 2054 1260 2124 confusio!
1282 2052 1485 2121 quando
1513 2052 1645 2105 enim
1672 2052 1869 2103 damon
1893 2050 1965 2102 sic
1994 2066 2083 2102 ex-

505 2148 741 2204 orcistam
772 2148 1009 2201 timeret?
1038 2145 1222 2217 (Ibid,
1254 2162 1305 2197 η.
1347 2144 1460 2214 44.)
1490 2144 1628 2213 Ergo
1648 2185 1663 2209 ,
1693 2152 1749 2196 ut
1770 2142 2083 2212 penitiorem

505 2240 648 2296 illam
702 2239 1093 2309 inquisitionem
1149 2236 1459 2299 eluderent,
1514 2224 1817 2290 Catholicos
1878 2242 2083 2303 pactam

504 2332 678 2388 standi
728 2332 855 2386 solis
883 2330 1168 2400 Scripturis
1214 2328 1410 2395 iidem,
1462 2328 1586 2382 dum
1627 2326 1825 2381 chartis
1868 2324 2086 2394 publicis

505 2434 740 2486 utuntur,
794 2423 993 2478 violare
1043 2421 1399 2477 obtenderunt
1450 2418 1665 2489 (Collat.
1729 2416 1967 2488 Carthag.
2020 2416 2084 2482 5,

504 2529 618 2587 sap.
653 2513 797 2585 H9).
828 2514 960 2568 lluic
984 2512 1219 2582 petitioni
1246 2525 1557 2580 responsum
1585 2519 1668 2563 est
1689 2507 2085 2576 abAugustino,

504 2605 617 2662 suis
646 2604 935 2659 Ecclesiam
966 2617 1087 2657 esse
1129 2600 1443 2655 catholicam
1461 2644 1475 2662 ,
1508 2614 1701 2667 eosque
1729 2600 1796 2652 ad
1825 2598 1963 2651 illius
1991 2612 2087 2651 au-

505 2693 803 2749 ctoritatem
828 2691 1020 2746 divinis
1042 2690 1267 2760 eloquiis
1288 2688 1600 2743 firmandam
1624 2703 1833 2758 Semper
1860 2702 1977 2742 esse
2008 2702 2090 2756 pa-

507 2783 829 2847 ratissimos;
860 2791 917 2835 ut
955 2791 1131 2835 autem
1161 2781 1303 2849 leges
1335 2779 1416 2834 vel
1461 2788 1607 2848 gesta
1638 2778 1719 2833 vel
1747 2793 2090 2847 quantumque

506 2874 575 2931 de
597 2872 821 2929 archivis
846 2872 1066 2927 oll'erant
1087 2871 1373 2934 recitanda,
1396 2871 1463 2925 ab
1489 2870 1616 2940 ipsis
1634 2870 1750 2939 cogi
1784 2869 2090 2934 Donatistis,

507 2965 597 3037 qui
624 2964 769 3034 prius
800 2962 991 3019 talibus
1032 2970 1211 3033 agunt.
1244 2961 1468 3015 Crimina
1494 2962 1624 3014 enim
1646 3001 1659 3023 ,
1693 2960 1859 3028 inquit
1879 3002 1891 3022 ,
1921 2960 2091 3012 dicunt

510 3054 794 3111 traditionis
812 3096 826 3122 ,
869 3064 914 3107 et
943 3070 1002 3107 ea
1027 3064 1113 3106 aut
1143 3070 1243 3107 non
1275 3052 1486 3122 probant
1513 3052 1757 3113 arcltivis,
1786 3060 1832 3104 et
1863 3050 1991 3104 nihil
2016 3051 2095 3102 di-

509 3156 667 3211 cunt;
694 3156 781 3199 aut
812 3144 1043 3214 probant,
1086 3154 1131 3197 et
1170 3144 1383 3197 arcliivis
1414 3160 1503 3196 nos
1534 3143 1746 3196 vicissim
1778 3158 1925 3213 agere
1953 3158 2091 3196 com-

513 3237 708 3310 pellunt
730 3234 911 3308 (lbid.,
941 3252 1056 3305 cap.
1086 3235 1229 3304 155).
1257 3233 1350 3287 Cui
1378 3234 1705 3303 responsioni
1731 3248 1851 3288 cum
1872 3233 2091 3288 Marcel-

509 3326 652 3385 linus
673 3336 814 3383 esset
838 3327 1148 3396 suffragatus
1176 3325 1360 3399 (Ibid.,
1389 3343 1501 3396 cap.
1525 3326 1662 3395 I56),
1685 3326 1967 3380 Donatista:
1990 3341 2094 3380 non

512 3421 841 3478 erubucruut
879 3407 1057 3473 denuo
1084 3418 1151 3472 ad
1183 3408 1437 3486 reiectam
1471 3417 1577 3486 jam
1616 3416 1703 3471 diu
1736 3418 2002 3486 querelam
2030 3408 2095 3471 de

513 3513 803 3583 legatorum
828 3507 1162 3581 proferendis
1179 3509 1229 3562 in
1252 3507 1481 3562 medium
1509 3507 1770 3562 mandatis
1788 3506 2093 3578 confugere,

512 3603 605 3659 sed
630 3620 735 3659 non
760 3604 868 3658 alio
890 3613 1048 3672 atque
1072 3612 1225 3657 antea
1265 3616 1511 3656 successu
1541 3600 1726 3671 (Ibid.,
1758 3618 1910 3670 capp.
1958 3601 2057 3655 1.37
2076 3640 2092 3665 ,

514 3696 662 3765 164).
688 3695 857 3751 Iussit
888 3696 1068 3764 itaque
1106 3694 1437 3748 Marcellinus
1472 3701 1646 3747 actum
1668 3731 1683 3759 ,
1724 3707 1880 3762 quem
1920 3693 2094 3745 Dona-

514 3786 651 3841 tista:
679 3785 997 3849 allerebant,
1042 3799 1183 3839 anno
1211 3783 1731 3853 quadringentesimo
1775 3783 1930 3837 tertio
1968 3798 2096 3837 cou~

513 3876 730 3941 fectum,
750 3877 850 3947 legi
883 3876 1197 3946 (lbid.,cap.
1229 3876 1382 3946 174);
1428 3876 1736 3931 Catholicos
1764 3876 1972 3930 interim
2007 3894 2094 3929 ro-

512 3981 678 4037 gans,
707 3977 767 4021 ut
793 3982 887 4020 sua
908 4006 923 4029 ,
955 3968 1162 4021 tametsi
1192 3967 1487 4037 antiquiora
1506 4008 1522 4033 ,
1553 3968 1749 4022 differri
1792 3978 2097 4036 paterentur

515 4056 700 4129 (Ibid.,
722 4075 836 4129 cap.
871 4059 1015 4127 170).
1043 4059 1259 4113 Peracta
1380 4060 1622 4122 lectione,
1642 4060 1972 4114 Marcellinus
2000 4076 2095 4130 ap-

515 4165 703 4221 parere
725 4149 937 4229 quidem
964 4149 1095 4203 dixit
1120 4150 1370 4218 petitores
1389 4165 1507 4205 esse
1536 4150 1858 4216 Catholicos,
1887 4153 2097 4221 quando

515 4238 591 4297 illi
610 4239 911 4295 schismatis
932 4247 1094 4310 atque
1132 4239 1399 4295 haereseos
1442 4241 1641 4295 crimen
1684 4241 2096 4296 Douatistisim-

516 4330 820 4401 pingerent;
866 4339 1267 4395 verumtamen,
1298 4346 1403 4401 quo
1444 4332 1511 4387 de
1540 4332 1638 4386 hac
1678 4348 1736 4387 rc
1780 4342 2099 4387 statueretur

514 4422 720 4490 :equius
737 4461 753 4485 ,
778 4421 879 4476 alia
909 4432 1025 4475 aeta
1051 4422 1294 4477 similiter
1311 4437 1431 4477 esse
1457 4421 1924 4493 recitanda(lbid.,
1943 4440 2093 4493 capp.

515 4512 639 4577 177,
673 4511 819 4583 180).
861 4512 977 4580 Quo
1016 4513 1142 4567 nihil
1189 4514 1363 4568 minus
1406 4514 1897 4585 tergiversatoribus
1924 4514 2093 4569 Dona-

517 4604 657 4660 tistis
681 4604 828 4660 cordi
858 4616 990 4660 erat.
1016 4605 1349 4677 QuaprOpter
1373 4606 1458 4661 hic
1478 4608 1636 4669 etiam
1658 4606 1723 4660 ad
1753 4606 1935 4661 solitas
1956 4618 2097 4661 artes

514 4694 822 4762 redierunt,
863 4706 919 4751 et
946 4697 1309 4752 cavillationes
1346 4697 1413 4753 de
1454 4698 1764 4769 praescripto
1786 4699 1906 4760 die.
1938 4714 2095 4768 quem

512 4790 750 4861 elapsum
777 4804 897 4845 esse
920 4791 1295 4857 causabantur,
1323 4790 1389 4845 de
1414 4791 1681 4857 mandato,
1703 4790 1874 4861 deque
1896 4791 2097 4846 ratione

402 4902 413 4911 ο
514 4880 833 4952 procedendi
861 4881 1226 4951 ingesserunt,
1258 4880 1443 4936 eadem
1473 4882 1731 4937 cantilena
1762 4897 1917 4936 aures
1946 4882 2097 4936 iude-

512 4971 751 5029 sinenter
778 4972 1168 5038 obtundentes,
1193 4983 1246 5026 ut
1269 4972 1468 5028 scilicet
1496 4972 1576 5027 vel
1603 4973 1821 5027 omnino
1848 4972 1922 5027 rei
1943 4983 2099 5042 caput

513 5066 869 5129 omitteretur,
889 5065 974 5120 vel
1005 5066 1191 5119 saltem
1213 5104 1226 5128 ,
1256 5064 1345 5134 qui
1373 5074 1478 5118 tam
1511 5064 1663 5134 longa
1694 5074 1904 5133 tamque
1944 5064 2098 5135 plena

514 5153 705 5208 fastidii
736 5164 850 5209 acta
876 5155 1191 5226 perlegeret,
1224 5163 1366 5208 esset
1392 5172 1546 5208 uerno
1575 5154 1761 5225 (lbid.,
1793 5172 1942 5224 capp.
1974 5155 2096 5222 181,

516 5244 640 5310 185,
668 5246 791 5308 188,
812 5244 961 5314 215).
989 5245 1123 5300 Vicit
1153 5257 1329 5300 tamen
1355 5246 1639 5315 aliquando
1670 5246 1878 5300 tandem
1903 5245 2101 5316 Cogni-

516 5343 599 5390 tor
626 5344 732 5389 tam
760 5336 1358 5407 lougas‘obstinationes
1378 5379 1393 5403 ,
1425 5347 1481 5393 et
1510 5338 1817 5392 relationem
1848 5337 2062 5391 Auulini
2084 5379 2099 5403 ,

514 5444 617 5497 qua
646 5427 1034 5483 Donatistarum
1058 5431 1301 5500 querelas
1324 5430 1390 5486 de
1416 5430 1697 5485 Czeciliano
1718 5429 1783 5484 ad
1804 5429 2106 5485 Constanti-

516 5536 640 5575 num
668 5518 963 5585 deferebat,
987 5524 1195 5577 recitari
1219 5524 1382 5579 voluit
1403 5520 1455 5596 (1
1459 5524 1585 5589 bid.,
1609 5540 1759 5595 capp.
1785 5523 1910 5597 216,
1935 5522 2100 5594 220):

514 5611 580 5666 ad
620 5626 855 5682 eumque
893 5614 1106 5669 modum
1145 5616 1212 5671 de
1250 5632 1406 5671 causa
1458 5617 1669 5673 tractari
1717 5626 1947 5686 emptum
1999 5626 2100 5671 est.

514 5701 753 5765 Perlecta
783 5704 992 5761 Auulini
1022 5706 1088 5761 de
1109 5707 1387 5765 Ca-ciliano
1417 5711 1661 5780 epistola,
1683 5710 2105 5780 Donatisttelquo

1588 260 1757 357 vim
1796 297 1856 355 s.
1895 291 2258 353 AUGUSTINI
2296 272 2618 351 EPISCOPI.

3659 292 3770 353 ω

2186 407 2327 465 hami
2354 409 2511 464 dubie
2534 416 2874 463 occurrerent
2899 407 2963 463 iis
2989 423 3107 479 qua:
3133 407 3255 463 inde
3279 406 3487 462 fuerant
3503 422 3765 463 consecu-

2186 501 2325 571 tura)
2350 500 2698 571 Augustinum
2740 509 3026 570 rogarunt,
3064 516 3171 571 quo
3206 500 3423 555 nomine
3457 498 3770 555 defenderet

2192 591 2532 647 Czccilianum
2557 633 2573 654 ,
2605 593 2789 661 ejusne
2815 591 2953 645 tilias
2976 600 3151 657 esset,
3174 606 3240 645 an
3274 606 3379 645 nou
3401 589 3584 665 (lbid.,
3611 608 3765 660 capp.

2179 683 2277 738 221
2307 725 2321 747 ,
2348 683 2494 753 227).
2528 683 2729 750 Quibus
2773 682 2890 747 ille,
2936 682 3137 736 nullum
3166 697 3291 737 vere
3327 696 3391 736 ac
3432 680 3641 751 proprie
3671 698 3770 751 pa-

2174 784 2309 831 trem
2341 776 2423 831 vel
2447 786 2601 845 caput
2632 776 2682 829 in
2712 776 2792 829 his
2817 790 2935 843 qua:
2972 773 3039 828 ad
3067 773 3222 828 fidem
3251 788 3311 827 ac
3341 772 3566 828 salutem
3599 773 3772 842 perti-

2176 878 2383 933 nerent,
2408 878 2599 937 przcter
2620 882 2781 920 unum
2808 866 3097 928 Christum,
3126 879 3415 934 agnoscere
3440 863 3771 918 Catholicos.

2177 960 2478 1030 respondit;
2510 974 2573 1014 ac
2616 958 2838 1029 proinde
2863 958 3002 1028 quod
3047 973 3105 1013 se
3145 958 3341 1013 Paulus
3368 957 3765 1013 Corinthiorum

2178 1062 2380 1119 patrem
2423 1049 2658 1116 diceret,
2702 1064 3032 1119 nequaquam
3074 1044 3141 1103 ad
3180 1063 3301 1103 eum
3346 1047 3557 1101 modum
3594 1048 3768 1119 accipi

2179 1142 2375 1199 debere
2395 1184 2409 1204 .
2438 1142 2531 1197 sed
2559 1150 2763 1196 tantum
2790 1141 2911 1211 quia
2942 1150 3084 1195 esset
3111 1139 3449 1209 dispensator
3476 1137 3772 1207 evangelici

2183 1233 2458 1288 ministerii
2488 1231 2668 1304 (Ibid.,
2698 1248 2845 1302 capp.
2874 1230 3161 1301 222,2i2)
3192 1248 3205 1284 :
3234 1223 3575 1285 Cmcilianum
3606 1229 3769 1298 igitur

2182 1340 2286 1379 nou
2329 1325 2522 1395 patris,
2552 1340 2654 1378 non
2686 1323 2874 1377 matris
2894 1362 2908 1389 ,
2936 1323 3077 1393 quod
3119 1323 3191 1377 illi
3232 1322 3435 1377 insulse
3466 1314 3775 1391 interroga-

2182 1426 2400 1482 Veram,
2442 1418 2614 1471 locum
2654 1414 2895 1470 obtinere
2919 1414 3056 1484 apud
3095 1408 3396 1469 Catholicos
3434 1413 3620 1485 (lbid.,
3652 1424 3770 1483 cap.

2182 1508 2343 1577 251),
2392 1506 2485 1560 sed
2534 1504 2900 1559 tantummodo
2931 1504 3142 1567 fratris,
3176 1505 3289 1559 sive
3318 1503 3441 1559 boni
3469 1503 3580 1558 sive
3609 1503 3774 1567 mali;

2187 1600 2288 1653 hoc
2315 1598 2456 1653 enim
2489 1597 2743 1651 Ecclesia:
2770 1596 2899 1650 nihil
2929 1595 3145 1650 officere
3169 1613 3181 1648 :
3212 1596 3328 1663 ejus
3357 1611 3415 1649 se
3443 1609 3657 1650 causam
3674 1593 3777 1648 de-

2187 1690 2436 1756 fendere,
2476 1688 2597 1759 quia
2642 1689 2975 1743 innocentem
3015 1704 3137 1742 eum
3183 1688 3608 1744 arbitrabantur:
3646 1694 3701 1741 at
3729 1684 3777 1740 si

2186 1794 2340 1836 secus
2367 1780 2523 1844 foret,
2554 1780 2651 1848 ipsi
2682 1777 2771 1833 uni
2800 1781 3007 1847 culpam
3037 1793 3184 1831 suam
3214 1776 3380 1831 fraudi
3422 1777 3649 1831 futuram
3684 1793 3698 1828 :
3730 1775 3773 1829 si

2187 1870 2380 1925 vellent
2407 1868 2701 1923 adva'sarii
2728 1868 2796 1920 ab
2825 1868 2940 1937 ejus
2965 1868 3301 1921 accusatione
3340 1866 3647 1932 discedere,
3678 1880 3778 1919 nec

2186 1976 2309 2015 eum
2354 1959 2666 2014 defensuros
2715 1974 2925 2028 quoque
3000 1957 3336 2021 Catholicos;
3416 1967 3575 2027 atque
3641 1956 3781 2009 adeo

2188 2066 2403 2106 causam
2456 2059 2602 2105 tanto
2652 2051 2946 2104 breviorem
3011 2050 3123 2104 fore
3183 2046 3381 2115 (lbid.,
3430 2065 3583 2119 capp.
3635 2046 3777 2110 250,

2187 2141 2329 2208 252,
2402 2139 2554 2213 255).
2613 2140 2873 2195 Producta
2929 2148 3013 2194 est
3068 2136 3319 2193 diuticule
3368 2139 3482 2193 hac
3536 2134 3779 2207 disputa-

2191 2235 2264 2288 tio
2293 2252 2304 2285 :
2334 2249 2561 2303 cumque
2608 2234 2810 2286 interea
2858 2231 3193 2286 Marcellinus
3223 2229 3507 2283 DttllallSllS
3537 2245 3783 2283 nonnun—

2190 2337 2345 2391 quam
2400 2322 2745 2391 responderet
2782 2321 2956 2375 verbis
2985 2321 3290 2389 Augustini;
3324 2320 3610 2374 Petilianus
3633 2316 3784 2373 illum

2193 2413 2545 2479 insimulavit,
2602 2413 2851 2483 dejerans
2902 2414 3021 2482 plus
3073 2429 3227 2483 mque
3280 2413 3455 2467 favere
3491 2413 3785 2468 Catholicis

2194 2504 2380 2578 (lbid.,
2412 2522 2563 2575 capp.
2595 2505 2734 2570 255,
2765 2503 2912 2574 254).

2263 2598 2316 2651 4.
2347 2598 2718 2665 Augustinum,
2751 2596 2837 2650 ubi
2876 2597 3106 2650 sermoni
3146 2610 3245 2649 suo
3270 2595 3337 2649 de
3361 2596 3563 2665 paterni
3599 2595 3789 2648 nomi-

2195 2690 2278 2743 nis
2321 2689 2645 2760 proprietate
2676 2689 2832 2743 linem
2878 2689 3147 2757 imposuit,
3199 2688 3484 2741 Donatista:
3529 2683 3791 2742 sciscitati

2195 2792 2338 2849 sunt,
2366 2798 2395 2835 a
2418 2797 2521 2852 quo
2537 2790 2677 2836 esset
2704 2783 2753 2835 iu
2779 2782 3083 2851 episc0pum
3101 2790 3441 2834 consecratus
3464 2778 3789 2851 (lbid.,cap.

2195 2875 2345 2945 245).
2369 2874 2639 2929 Possidius
2664 2888 2811 2936 vero,
2831 2872 2991 2941 utqui
3016 2871 3189 2939 magni
3211 2870 3348 2925 illius
3370 2870 3466 2925 viri
3492 2879 3790 2938 praecepto.

2198 2966 2270 3019 ris
2295 2966 2374 3019 sui
2408 2973 2744 3033 perSpectum
2777 2962 2995 3015 haberet
3034 2962 3291 3024 auiutum,
3327 2960 3619 3030 respondit,
3649 2974 3786 3013 cau-

2198 3070 2310 3112 sam
2344 3055 2641 3125 Augustini,
2674 3054 3071 3124 qualiscumque
3098 3052 3308 3117 tandem
3351 3052 3436 3105 illa
3479 3063 3639 3116 esset,
3685 3050 3791 3107 de-

2199 3148 2518 3203 fendendam
2550 3148 2633 3201 hic
2652 3162 2753 3201 nou
2780 3146 3077 3213 suscepisse
3113 3144 3414 3198 Catholicos
3439 3141 3627 3217 (lbid.,
3655 3160 3780 3214 cap.

2196 3238 2346 3309 2i5).
2377 3238 2727 3293 Nihilosecius
2755 3245 2929 3290 tamen
2960 3236 3039 3288 illi
3072 3235 3338 3301 institere,
3367 3236 3594 3305 atquein
3617 3236 3797 3291 sancti

2203 3331 2448 3401 Episcopi
2495 3328 2828 3383 ordinatione
2883 3343 3127 3395 qmerere
3183 3328 3463 3381 calumnia:
3516 3326 3796 3395 quidpiam

2199 3422 2530 3476 videbantur.
2552 3420 2647 3477 Ubi
2680 3410 2853 3474 tamen
2888 3417 3001 3488 ipse
3033 3434 3224 3473 manus
3254 3418 3352 3471 sibi
3376 3418 3405 3470 ἐι
3433 3417 3650 3487 Megalio
3682 3418 3795 3470 itu-

2200 3513 2400 3584 positas
2427 3511 2597 3583 palam
2619 3521 2762 3567 esset
2788 3512 3075 3581 professus,
3106 3509 3367 3577 simulque
3396 3518 3652 3576 rogasset,
3687 3508 3792 3560 ha-

2202 3605 2385 3659 berent
2411 3620 2478 3659 ne
2510 3602 2729 3673 aliquid,
2763 3601 2903 3667 quod
2932 3610 3115 3654 contra
3142 3600 3417 3662 dicerent;
3448 3601 3551 3651 alio
3580 3614 3799 3652 sermo-

2201 3711 2322 3749 nem
2365 3695 2699 3748 detorserant
2747 3692 2933 3761 (lbid.,
2965 3708 3081 3761 cap.
3126 3690 3274 3760 ξιτ).
3321 3690 3575 3743 Libellum
3609 3689 3833 3759 itaquc'

2201 3788 2361 3842 totius
2386 3786 2594 3841 concilii
2624 3788 2705 3841 sui
2752 3784 2966 3839 nomine
3004 3784 3329 3845 obtulerunt,
3362 3798 3468 3851 quo
3506 3798 3570 3835 ex
3600 3790 3802 3834 aucto-

2201 3884 2439 3936 ritatibus
2454 3882 2648 3936 divinis
2671 3880 2895 3950 probare
2919 3876 3330 3939 contendebmt,
3354 3885 3593 3943 pastores
3613 3874 3795 3929 malos

2203 3974 2435 4027 maculas
2460 3987 2578 4027 esse
2602 3988 2663 4026 ac
2692 3987 2873 4025 novos
2895 3969 3171 4033 Ecclesiae,
3189 3968 3341 4036 cujus
3367 3967 3416 4021 in
3447 3966 3565 4020 [iliis
3588 3966 3801 4035 impro.

2203 4064 2325 4118 bum
2356 4064 2553 4117 nullum
2583 4078 2703 4117 esse
2748 4069 3041 4130 oporteret,
3080 4060 3265 4112 saltem
3293 4056 3683 4127 deprehensum
3726 4072 3799 4112 ac

2203 4157 2587 4211 manifestum:
2630 4154 2865 4207 occultos
2899 4152 3039 4206 enim
3083 4150 3288 4220 aliquos
3327 4150 3379 4203 in
3435 4164 3499 4203 ea
3554 4148 3795 4212 latitare,

2203 4246 2313 4316 ipsa
2336 4246 2384 4299 vi
2407 4246 2643 4299 veritatis
2671 4242 2818 4297 fateri
2838 4242 3159 4311 cogn-bantur
3178 4239 3360 4308 (Ibid.,
3376 4256 3494 4310 cap.
3511 4238 3658 4309 2m).
3682 4240 3794 4293 De—

2202 4339 2420 4393 claravit
2446 4337 2800 4401 Marccllinus,
2832 4337 2987 4388 istum
3013 4334 3244 4388 libellum
3282 4348 3387 4386 nou
3416 4332 3651 4386 oumium
3675 4347 3801 4386 sua:

2203 4428 2387 4499 partis,
2419 4428 2511 4481 sed
2544 4425 2909 4480 tantummodo
2938 4433 3139 4493 septem
3167 4422 3551 4487 disputaturum
3574 4421 3801 4476 nomine

2202 4520 2450 4575 debuisse
2487 4517 2751 4571 conscribi
2781 4514 2963 4588 (lbid.,
2993 4531 3108 4583 cap.
3133 4512 3257 4575 252,
3280 4511 3409 4583 255)
3436 4529 3447 4562 :
3482 4511 3618 4565 unde
3649 4510 3797 4564 libe-

2204 4627 2320 4667 rum
2365 4618 2479 4665 erat
2516 4606 2820 4671 Catholicis,
2860 4607 3007 4660 illmn
3055 4604 3363 4673 csplodere,
3409 4612 3464 4657 et
3504 4603 3802 4672 quominus

2203 4703 2536 4766 recitaretur,
2565 4698 2923 4762 intercedere;
2954 4706 3007 4750 at
3036 4712 3102 4750 uc
3128 4696 3396 4750 minimam
3427 4695 3639 4765 quidem
3666 4710 3798 4747 mo-

2206 4811 2316 4849 ram
2336 4803 2424 4847 aut
2445 4791 2838 4847 etinctationcm
2868 4788 3083 4856 injicere
3103 4787 3400 4849 volucrum,
3427 4801 3492 4840 ne
3516 4800 3803 4854 argumen-

2206 4894 2400 4943 torum,
2442 4882 2633 4951 quibus
2672 4880 2956 4933 utebantur
2993 4877 3306 4942 adversarii,
3348 4876 3455 4929 vim
3503 4872 3802 4929 formidare

2203 4971 2643 5041 videreuturhld
2663 4969 2911 5024 Donatist.
2938 4978 3047 5039 post
3085 4968 3265 5021 Collat.
3304 4984 3355 5021 η.
3388 4967 3504 5038 49).
3528 4965 3801 5021 Libellum

2206 5067 2362 5138 igitur
2388 5082 2541 5120 suum
2587 5062 2873 5117 Donatista:
2899 5070 3152 5117 curarunt
3180 5059 3457 5130 legendum
3484 5059 3552 5113 ab
3575 5073 3681 5112 uno
3727 5075 3798 5116 ex

2206 5158 2443 5228 ipsorum
2470 5154 2754 5225 episcopis.
2795 5154 3083 5222 chentem
3120 5150 3236 5205 sine
3270 5150 3653 5219 interruptione
3683 5149 3801 5203 ulla

2206 5246 2465 5304 Catholici
2494 5246 2660 5315 :cquis
2681 5252 2730 5298 et
2764 5243 3011 5313 benignis
3025 5241 3241 5295 auribus
3265 5239 3547 5294 audierunt
3580 5237 3801 5305 (Collat.

2208 5340 2447 5411 Cartltag.
2471 5340 2527 5404 5,
2554 5355 2703 5403 capp.
2721 5335 2985 5399 257-259,
3005 5344 3051 5388 et
3064 5334 3213 5404 264).
3240 5332 3507 5403 Scriptum
3524 5340 3701 5386 autem
3731 5333 3807 5386 il-

2210 5432 2301 5488 lud
2322 5447 2388 5487 eo
2414 5430 2591 5485 animo
2614 5427 2979 5493 confecerant,
3001 5434 3059 5480 ut
3094 5424 3492 5481 Catholieorum
3522 5423 3807 5487 mandato,

2209 5523 2350 5595 quod
2379 5523 2657 5578 recitatum
2686 5520 2745 5573 in
2768 5519 2937 5589 prima
2960 5517 3254 5572 Collatione
3285 5517 3475 5577 fuerat,
3503 5514 3813 5584 responde-

2211 5626 2351 5673 rent.
2385 5614 2543 5685 Atqui
2582 5612 2964 5669 demonstravit
2993 5610 3334 5680 Augustinus,
3360 5606 3490 5663 nihil
3509 5621 3626 5672 eos,
3654 5605 3812 5675 quod

2215 5710 2386 5766 eidem
2434 5706 2684 5763 mandato
2728 5704 3073 5768 Satisl'accret,
3121 5701 3401 5765 attulisse;
3441 5696 3581 5771 quod
3623 5696 3816 5770 ipsum
