4042 6360
282 313 378 371 ιϋ

280 431 385 486 sola
406 431 675 500 utriusque
692 431 880 502 scripti
899 431 1124 488 lectione
1143 432 1338 486 clarum
1360 441 1470 487 erat
1487 432 1702 497 (Brevic.
1720 433 1841 490 Col-

281 525 365 575 lat.
397 523 450 586 5,
472 539 526 576 n.
554 522 662 593 10).
683 524 858 591 Quare
883 525 1307 594 percommodum
1330 526 1518 580 accidit
1539 527 1841 596 Catholicis,

275 622 330 666 ut
355 627 507 665 suum
541 612 772 681 ipsorum
805 614 1104 668 mandatum
1126 614 1438 669 adversariis
1463 631 1556 684 per
1574 615 1841 670 Notoriam

284 705 660 776 postulantibus
698 706 1006 771 edidissent,
1048 707 1352 777 eisdemque
1393 709 1588 777 pariter
1623 710 1841 778 petitam

281 799 665 853 concessissent
684 809 888 868 septem
919 800 1123 854 dierum
1145 800 1468 860 dilationem.
1496 817 1600 870 quo
1629 801 1704 854 illi
1730 802 1842 854 elu-

273 891 541 944 rnhratam
570 891 796 960 aliquam
836 906 900 946 ac
926 907 1018 959 per
1045 898 1120 944 tot
1142 891 1255 946 dies
1283 891 1580 945 meditatam
1618 907 1840 960 respon-

270 983 469 1035 sionem
497 981 755 1036 ail'en‘ent
779 999 792 1033 τ
813 982 1076 1051 siquidem
1106 983 1225 1037 hinc
1252 984 1452 1053 liquido
1473 993 1587 1038 erat
1610 973 1840 1038 animad-

267 1083 494 1134 vertere,
541 1074 730 1142 quibus
777 1074 1034 1141 capitibus
1081 1075 1152 1128 illi
1191 1076 1318 1130 nihil
1365 1077 1606 1145 reSponsi
1654 1076 1842 1130 darent

268 1161 407 1231 (qua:
431 1177 562 1217 sane
579 1179 836 1232 perquam
863 1169 1036 1233 gravia
1061 1167 1257 1234 erant).
1286 1167 1396 1235 ipsa
1421 1182 1523 1221 non
1552 1166 1712 1221 fuisse
1732 1181 1839 1220 mc-

265 1252 446 1305 morize
475 1253 602 1306 vitio
639 1256 1014 1322 pt‘a'termissa:
1035 1257 1126 1311 sed
1147 1257 1286 1326 quod
1296 1268 1478 1313 essent
1498 1259 1839 1327 responsione

265 1344 405 1397 omni
428 1346 700 1412 supr-riora
730 1347 840 1414 (Ad
865 1347 1153 1403 Donatistae
1182 1360 1291 1418 post
1316 1350 1520 1418 Collat.,
1553 1369 1604 1405 η.
1637 1349 1748 1423 49).

329 1433 383 1487 5.
419 1433 662 1487 Βειὶιίιιι)
703 1437 803 1489 isto
828 1437 1008 1491 codice
1035 1439 1351 1494 schismatici
1385 1441 1484 1511 ipsi
1511 1440 1833 1508 Catholicos,

260 1535 318 1577 ut
343 1524 392 1578 ei
422 1527 828 1592 responderent,
856 1528 1252 1598 interpellarunt
1276 1529 1492 1603 (Collat.
1513 1531 1746 1604 Carthag.
1779 1534 1832 1599 5,

261 1631 374 1683 cap.
401 1613 533 1684 260)
561 1633 572 1668 :
599 1617 679 1670 his
703 1618 940 1673 accidere
961 1619 1089 1673 nihil
1108 1623 1591 1691 poteratoplatius;
1615 1638 1836 1692 eamque

260 1707 588 1774 provinciam
619 1710 958 1778 Augustinus,
984 1713 1191 1766 tametsi
1232 1723 1486 1783 perpetuo
1519 1713 1836 1769 interturba-

254 1808 377 1852 rent
394 1799 708 1864 adversarii,
731 1802 1154 1874 susecpit(Ibid.,
1170 1821 1319 1876 capp.
1344 1805 1468 1870 264,
1486 1804 1633 1878 267).
1658 1806 1724 1861 Ει
1744 1807 1833 1860 illo

256 1887 475 1956 quidem
517 1899 734 1959 urgente
763 1890 1095 1946 adversarios
1119 1893 1185 1948 de
1211 1893 1359 1964 palea
1392 1894 1667 1949 dominicae
1695 1911 1833 1950 area:

255 1994 428 2048 usque
453 1980 521 2034 ad
547 1982 942 2037 ventilationem
970 1984 1261 2052 toleranda,
1310 1986 1530 2055 negabat
1566 1987 1832 2042 Emeritus

252 2084 436 2124 aream
478 2072 530 2124 in
557 2071 840 2142 Evangelio
869 2073 969 2144 legi
1007 2073 1188 2148 (Ibid.,
1216 2093 1328 2146 cap.
1356 2076 1515 2147 262):
1545 2077 1635 2132 sed
1662 2077 1833 2132 citatis

249 2174 315 2212 ex
345 2158 554 2215 Joanne
585 2162 760 2218 verbis
779 2179 899 2219 eum
922 2175 1134 2220 sanctus
1157 2166 1354 2222 Praisul
1380 2167 1594 2233 revicit;
1628 2169 1834 2240 ipsique

254 2252 394 2308 adeo
424 2254 706 2308 Donatistae
725 2266 931 2312 secreto
954 2258 1240 2314 Emeritum
1260 2260 1338 2314 sui
1358 2271 1672 2315 monuerunt
1694 2275 1836 2316 erro-

251 2343 327 2394 ris
357 2360 372 2394 :
404 2359 564 2412 quem
594 2345 802 2412 quidem
833 2347 901 2400 ita
928 2348 1179 2414 correxit,
1211 2359 1267 2403 ut
1293 2365 1390 2405 nec
1415 2359 1589 2405 tamen
1616 2351 1832 2406 lucreti-

254 2446 372 2484 cam
411 2433 490 2487 vel
514 2434 904 2489 schismatiCam
930 2438 1167 2507 posuerit
1191 2440 1618 2508 perversitatem.
1647 2439 1832 2494 Conti-

251 2536 361 2575 nuo
392 2523 536 2576 enim
564 2525 788 2594 subjecit
809 2527 971 2594 palea:
993 2529 1204 2583 nomine
1229 2529 1395 2584 malos
1415 2530 1650 2585 occultos
1668 2530 1832 2599 signi-

259 2610 409 2664 tit-ari
442 2610 659 2680 (Contra
690 2613 1058 2681 Gaudentium,
1099 2617 1185 2672 lib.
1223 2619 1277 2682 2,
1317 2636 1370 2672 ιι.
1414 2621 1489 2689 4).
1524 2619 1832 2689 Quanquam

253 2700 368 2754 lucc
419 2705 697 2771 reSponsio
743 2707 795 2759 in
844 2708 974 2761 actis
1016 2708 1271 2764 Petiliano
1327 2712 1572 2766 tribuitur
1615 2713 1828 2784 (Collat.

251 2789 500 2863 Carr/mg.
531 2795 584 2858 5,
619 2812 731 2865 cap.
762 2795 909 2867 265).
932 2797 1149 2853 Tribuni
1177 2800 1388 2856 tandem
1411 2805 1722 2860 auctoritate
1742 2811 1832 2860 vix

253 2883 584 2952 Augustinus
625 2886 868 2952 obtinuit,
900 2901 957 2943 ut
998 2890 1095 2944 sibi
1124 2893 1372 2947 continua
1413 2895 1553 2950 serie
1593 2910 1654 2950 ac
1690 2897 1834 2952 nullo

251 2972 632 3043 interpellante
674 2979 814 3049 loqui
855 2980 1038 3036 liceret
1063 2981 1288 3054 (Brevia.
1325 2984 1509 3039 Collat.
1541 2987 1594 3053 5,
1623 3005 1674 3040 η.
1719 2986 1828 3060 16).

251 3061 571 3118 Sermonem
610 3081 782 3134 suum,
811 3085 966 3140 quem
1005 3072 1289 3128 universim
1317 3075 1601 3130 Catholicis
1629 3078 1832 3132 adscri-

253 3153 350 3219 bit,
389 3156 547 3211 nobis
571 3157 682 3226 ipse
713 3160 915 3229 redegit
940 3163 990 3215 in
1015 3164 1410 3233 compendium.
1436 3166 1543 3220 Illic
1566 3168 1708 3221 onmi
1730 3177 1834 3222 stu-

249 3241 342 3297 dio
382 3249 731 3315 qtuestionem
773 3249 908 3305 hanc
953 3253 1163 3308 lirmare
1203 3255 1519 3325 aggreditur,
1569 3258 1832 3326 improbos

252 3333 341 3390 hic
370 3337 443 3390 ab
471 3337 710 3393 Ecclesia
740 3340 1044 3398 manifestos
1070 3343 1285 3412 perinde
1310 3354 1466 3414 atque
1495 3347 1729 3401 occultos
1755 3358 1834 3402 to-

251 3423 440 3492 lerari,
471 3443 569 3481 nec
610 3443 796 3482 eorum
831 3433 1080 3500 peccatis,
1122 3435 1208 3504 qui
1249 3451 1367 3498 cum
1408 3436 1510 3490 illis
1537 3448 1829 3503 versantur,

251 3513 427 3569 bonos
456 3516 619 3572 inﬁci.
656 3519 839 3573 Exstat
881 3521 1054 3577 adhuc
1094 3524 1146 3577 in
1175 3527 1306 3579 actis
1332 3524 1637 3581 Collationis
1677 3529 1831 3597 hujus

253 3609 518 3662 orationis
539 3610 741 3664 initium
766 3611 986 3682 (Collat.
1010 3613 1246 3686 Carthag.
1287 3617 1340 3680 5,
1365 3633 1481 3687 cap.
1513 3619 1606 3672 28l
1624 3619 1670 3689 );
1703 3620 1831 3674 reli-

251 3714 356 3765 qua
379 3715 532 3766 vero,
561 3717 662 3755 una
686 3718 806 3756 cum
841 3705 983 3760 serie
1019 3715 1250 3771 actuum,
1283 3724 1504 3776 quorum
1531 3720 1719 3776 praeter
1744 3727 1830 3764 ar-

250 3788 539 3843 ticulorum
586 3792 763 3848 titulos
800 3795 932 3847 nihil
974 3805 1236 3864 superest,
1262 3797 1646 3852 desiderantur.
1678 3799 1830 3866 Quod

253 3889 434 3934 autem
481 3892 694 3936 sanctus
733 3883 925 3938 Doctor
945 3884 1172 3952 dixerat,
1199 3886 1486 3942 seminatos
1515 3887 1566 3942 in
1597 3889 1829 3944 Ecclesia

255 3971 466 4026 malosa
481 3973 713 4039 diabolo,
734 3975 782 4028 id
805 3976 873 4028 illi
893 3975 1136 4031 refellere
1155 3977 1660 4052 studuerunt(lbid.,
1675 3997 1826 4051 capp.

252 4061 383 4128 282,
415 4063 566 4135 285).
610 4066 861 4121 Catholici
890 4084 1016 4122 vero
1044 4082 1164 4122 cum
1201 4069 1410 4124 aliunde
1453 4071 1590 4125 idem
1630 4072 1841 4126 conlir-_

255 4167 490 4220 marunt,
522 4166 630 4210 tum
662 4158 743 4211 vel
771 4159 996 4212 maxime
1021 4161 1332 4214 auctoritate
1349 4161 1598 4232 Cypriani
1621 4163 1827 4231 cpisco-

250 4246 326 4311 pi,
359 4261 521 4314 quem
553 4247 607 4299 in
644 4247 827 4316 primis
861 4249 962 4302 sibi
989 4250 1312 4303 venerationi
1356 4266 1476 4305 esse
1507 4251 1826 4306 schismatiei

252 4351 362 4402 pne
391 4351 448 4390 se
478 4335 739 4392 ferebant.
770 4337 930 4408 Cujus
956 4339 1164 4408 quidem
1193 4341 1384 4403 verbis,
1413 4343 1617 4410 quoties
1637 4357 1697 4396 ea
1727 4343 1825 4397 sibi

252 4426 665 4494 objicit-bantur,
709 4442 826 4481 cum
858 4429 1176 4498 respondere
1213 4446 1382 4500 neque
1426 4431 1701 4498 auderent,
1731 4448 1824 4487 ne-

255 4510 359 4588 que
390 4520 653 4584 valerent,
683 4521 975 4574 retinebant
1006 4530 1177 4576 tamen
1207 4522 1321 4592 ejus
1361 4523 1658 4577 auctoritati
1701 4539 1826 4579 con-

256 4610 450 4665 cedere
477 4609 708 4683 (Brevic.
743 4609 924 4666 Collat.
956 4613 1008 4677 5,
1033 4631 1088 4667 ιι.
1112 4613 1200 4676 20,
1224 4624 1271 4668 et
1294 4613 1372 4666 Ad
1394 4613 1686 4670 Donatistas
1715 4625 1826 4685 post

253 4700 437 4755 Collat.
482 4719 536 4755 η.
583 4701 694 4773 10).
739 4704 817 4757 Ad
858 4703 972 4758 lucc
1014 4702 1316 4761 Catholicos
1353 4708 1819 4775 calumniabantur,

249 4792 399 4859 quasi
452 4792 588 4846 duas
634 4793 863 4848 existere
901 4794 1166 4849 Ecclesias
1211 4795 1544 4864 docuissent,
1601 4813 1822 4868 quarum

246 4883 411 4935 etiam
440 4881 612 4936 altera
635 4883 870 4936 mortalis
891 4892 1050 4938 esset.
1073 4884 1200 4951 Qua:
1219 4886 1514 4940 criminatio
1530 4902 1598 4942 eo
1620 4889 1823 4943 niteba-

249 4979 350 5037 tur,
383 4987 492 5041 qno
525 4981 838 5040 praesentem
865 4972 1114 5028 Ecclesia:
1142 4985 1354 5040 statum,
1383 4976 1433 5029 in
1459 4993 1562 5046 quo
1587 4979 1823 5038 mortals

247 5074 346 5129 est,
365 5064 467 5118 hoc
477 5062 867 5118 csthominibus
878 5065 1032 5119 morti
1047 5066 1284 5122 obnoxiis
1295 5078 1560 5136 constans,
1580 5069 1818 5136 afuturo,

247 5153 300 5206 in
313 5170 421 5222 quo
432 5153 605 5208 sancti
621 5154 888 5222 regnaturi
911 5163 1033 5208 sunt
1044 5156 1374 5211 mortalitatis
1393 5159 1590 5228 legibus
1608 5175 1670 5215 ex
1678 5162 1822 5230 pcdi-

249 5242 308 5307 ti,
325 5243 644 5296 distinxerat
659 5243 978 5312 Augustinus
992 5242 1197 5315 (Collat.
1213 5245 1447 5318 Carthag.
1463 5247 1514 5312 5,
1531 5265 1678 5320 capp.
1693 5250 1814 5317 285,

246 5331 376 5396 287,
403 5331 606 5386 Brevic.
634 5331 818 5387 Collat.
851 5334 904 5401 5,
929 5351 1016 5388 nn.
1047 5334 1134 5399 16,
1165 5333 1274 5408 19).
1308 5337 1501 5392 Verum
1537 5339 1674 5394 haud
1706 5358 1822 5397 ma-

247 5437 416 5492 gnum
444 5422 571 5476 huic
610 5423 879 5492 negotium
909 5422 1005 5476 luit
1032 5425 1342 5480 calumniam
1368 5426 1653 5498 dissolvere
1681 5448 1694 5484 :
1735 5441 1817 5486 el.—

245 5514 386 5566 enim
412 5528 537 5566 cum
565 5527 657 5565 sua
681 5513 845 5582 ipsius
873 5513 1031 5567 verba
1057 5515 1215 5585 relegi
1250 5517 1501 5585 petiisset,
1533 5534 1597 5574 eo
1621 5522 1818 5578 redacti

247 5614 375 5657 sunt
416 5604 727 5668 Donatistae,
767 5612 824 5656 ut
852 5619 956 5656 non
999 5604 1138 5673 quod
1177 5606 1265 5660 ille
1293 5607 1515 5684 dixerat,
1543 5609 1640 5667 sed
1677 5613 1819 5681 quod

245 5693 424 5749 animo
443 5693 786 5761 cogiLavcrat,
800 5682 1321 5765 accusarent(Collal.
1345 5682 1578 5769 Carthag.
1595 5701 1642 5767 5,
1664 5718 1811 5773 capp.

489 5785 713 5844 Sauc'r.
769 5790 1044 5846 AUGUST.
1100 5787 1146 5849 !.

1620 313 1822 372 LlBER
1857 313 2137 371 SEXTUS.

3413 341 3521 400 426

1949 431 2072 498 281,
2101 430 2251 503 285).
2280 435 2450 505 Atque
2487 437 2550 492 ad
2581 455 2703 494 eum
2733 443 2944 499 modum
2976 450 3254 508 terminata
3302 455 3532 515 videbo!

1950 533 2036 577 tur
2064 525 2311 580 Ecclesia:
2334 543 2512 597 causa,
2554 531 2604 585 in
2645 548 2745 602 qna
2786 535 2886 590 hoc
2913 538 3010 593 sibi
3053 555 3372 613 proposuere
3412 549 3513 604 Cas

1950 615 2146 682 tliolici,
2175 617 2330 674 nullis
2355 636 2468 674 eam
2489 626 2754 687 maculari.
2787 643 2886 682 nec
2907 628 3191 699 Caeciliani,
3216 652 3314 693 nec
3331 639 3512 710 cujus-

1949 703 2029 756 vis
2069 706 2286 760 alterius
2323 709 2492 778 culpis
2536 713 2915 792 demonstrare.
2959 721 3036 774 Ac
3078 723 3362 783 Donatistae
3393 703 3508 800 ipsi

1945 794 2190 862 placitum
2235 799 2357 855 illud
2407 803 2616 858 tandem
2662 821 2941 876 agnovere,
2988 828 3108 867 cum
3146 816 3198 869 in
3241 794 3508 889 angustias

1943 886 2198 953 compulsi
2229 887 2726 949 Maximianistarnm
2752 897 2964 954 historia
2985 903 3182 974 (Epist.
3215 886 3335 977 Ml,
3355 931 3405 966 ιι.
3435 915 3507 979 6;

1940 973 2137 1033 Brevic.
2182 979 2364 1036 Collat.
2397 987 2449 1052 5,
2490 1005 2575 1042 nn.
2616 991 2889 1056 2l-25,~et
2939 995 3180 1070 27),sibi
3211 1019 3240 1057 a
3287 973 3510 1065 veritate

1942 1067 2100 1120 verba
2132 1069 2237 1134 illa,
2261 1090 2376 1142 qua:
2403 1079 2553 1132 toties
2575 1081 2676 1135 illis
2702 1067 3018 1153 Augustinus
3039 1093 3260 1167 oggerit,
3280 1099 3506 1167 exprimi

1944 1159 2080 1224 passi
2124 1174 2262 1227 sunt,
2306 1165 2570 1232 nimirum,
2604 1169 2714 1223 Nec
2750 1190 2902 1228 causa
2939 1159 3124 1243 causar,
3165 1166 3256 1237 nec
3294 1204 3509 1256 persona

1943 1265 2169 1317 personae
2196 1257 2486 1324 prtejudicat
2504 1260 2521 1327 (
2534 1260 2691 1331 Epist.
2721 1265 2840 1328 l4],
2860 1284 2911 1320 ιι.
2941 1270 3001 1335 6;
3033 1271 3198 1340 Epist.
3225 1276 3342 1340 M2,
3363 1295 3416 1332 η.
3436 1281 3504 1344 5;

1941 1339 2018 1394 Ad
2033 1341 2323 1398 Donatistas
2344 1360 2452 1416 post
2472 1349 2677 1420 Collat.,
2707 1372 2759 1410 ιι.
2781 1356 2870 1424 24,
2902 1359 3043 1432 etc.).
3071 1363 3252 1435 Itaque
3274 1339 3505 1437 ριόηιιηἑ

1942 1433 2086 1487 tiavit
2134 1436 2484 1504 Illarcellinus,
2525 1456 2680 1514 caput
2730 1447 2830 1503 hoc
2857 1453 3098 1520 ampliori
3144 1433 3501 1526 disputatione

1940 1538 2044 1576 non
2089 1524 2352 1596 indigere,
2392 1544 2455 1585 ac
2493 1547 2551 1586 se
2601 1546 2873 1606 postquam
2916 1543 3016 1597 alia
3053 1524 3241 1600 omnia
3263 1548 3502 1606 discussa

1937 1630 2135 1683 essent,
2165 1620 2230 1674 de
2257 1639 2320 1676 eo
2346 1638 2553 1695 quoque
2583 1628 2806 1685 laturum
2837 1649 2953 1688 esse
2990 1641 3303 1695 sententiam
3337 1660 3351 1696 :
3389 1643 3500 1713 jam

1939 1708 2096 1777 igitur
2155 1711 2454 1768 schismatts
2510 1731 2722 1773 causam
2791 1733 2948 1793 atque
2998 1728 3254 1798 originem
3302 1708 3505 1788 exami-

1939 1798 2162 1851 nandam
2195 1801 2413 1869 (Collat.
2445 1805 2682 1879 Carthag.
2714 1812 2766 1872 5,
2793 1829 2906 1882 cap.
2933 1815 3078 1886 289).
3124 1819 3356 1877 Instabat
3375 1840 3500 1879 con-

1938 1895 2018 1940 tra
2047 1900 2264 1960 utraque
2299 1909 2438 1962 pars,
2474 1906 2530 1952 ut
2554 1898 2621 1953 de
2651 1917 2958 1974 unaquaque
3004 1924 3080 1975 re,
3124 1914 3301 1968 statim
3345 1926 3501 1987 atque

1935 1980 2229 2037 absolutum
2269 1996 2410 2041 esset
2447 1989 2560 2058 ejus
2593 2009 2834 2062 examen,
2863 2003 3227 2066 pronuntiaret
3263 1980 3496 2075 (Brcaic.

1937 2069 2119 2125 Collat.
2148 2075 2199 2136 5,
2241 2093 2295 2130 η.
2329 2078 2420 2144 21)
2452 2097 2463 2132 :
2491 2095 2544 2134 at
2589 2083 2698 2149 ille,
2733 2085 2830 2140 hoc
2875 2103 2967 2156 per
3010 2091 3154 2161 leges
3191 2069 3294 2150 non
3342 2099 3502 2157 licere

1935 2164 2239 2230 respondit;
2285 2183 2348 2220 ac
2373 2168 2563 2238 jndicis
2597 2172 2827 2229 officium
2858 2194 2996 2245 esse,
3046 2182 3112 2236 de
3142 2193 3251 2240 toto
3291 2191 3504 2259 negotio

1934 2250 2090 2305 simul
2135 2255 2268 2310 ferre
2322 2263 2670 2326 sententiam,
2715 2279 3048 2340 mentemque
3097 2291 3276 2344 suam,
3327 2282 3501 2349 quoad

1934 2345 2148 2399 omnino
2167 2363 2319 2403 causa
2343 2363 2555 2420 peracta
2579 2354 2664 2419 sit,
2688 2364 2960 2431 prcmwe(
2983 2363 3162 2419 Collat.
3182 2345 3420 2440 Carthag.
3444 2372 3500 2437 5,

1929 2445 2084 2504 capp.
2110 2435 2234 2502 292,
2263 2439 2410 2510 5M).

2007 2523 2058 2577 6.
2091 2523 2221 2578 Cum
2261 2528 2517 2598 originem
2557 2542 2610 2587 et
2653 2550 2862 2591 causam
2893 2539 3093 2596 discidii
3131 2546 3358 2615 primam
3394 2565 3499 2605 ex-

1936 2611 2128 2680 plorari
2175 2616 2332 2670 vellet
2377 2619 2724 2690 Marcellinus,
2775 2627 2824 2682 id
2865 2611 3153 2700 quominus
3190 2636 3358 2704 ﬁeret,
3401 2642 3499 2694 ob-

1937 2703 2113 2758 nixius
2141 2705 2425 2764 Donatistae
2465 2713 2722 2770 obsistere
2755 2734 3029 2788 cmperunt
3055 2720 3282 2798 (Brevia.
3317 2729 3498 2784 Collat.

1934 2793 1987 2858 5,
2019 2811 2071 2848 η.
2110 2794 2240 2868 2i);
2281 2799 2413 2854 adeo
2457 2811 2513 2856 nt
2551 2805 2670 2874 ejus
2708 2809 2806 2874 rei,
2850 2820 3027 2880 utpote
3066 2793 3182 2884 qua:
3227 2819 3503 2890 episeopos

1933 2885 2278 2957 contingeret,
2307 2890 2571 2948 Christum
2601 2914 2758 2951 unum
2795 2899 3025 2969 judicent
3055 2922 3173 2962 esse
3216 2885 3498 2966 causaren-

1936 2981 2056 3039 tur;
2102 2993 2304 3033 necnon
2345 2981 2641 3040 Catholicos
2679 3001 2930 3046 vocarent
2969 2995 3024 3048 in
3057 2996 3326 3064 invidiam,
3358 3003 3498 3072 quod

1934 3080 2050 3120 eam
2088 3067 2153 3122 ad
2186 3069 2473 3126 humanum
2511 3077 2734 3132 tribunal
2779 3080 3094 3139 detulissent
3125 3087 3339 3158 (Collat.
3372 3067 3502 3146 Car-

1934 3156 2139 3226 thag.5,
2167 3176 2316 3230 capp.
2347 3162 2470 3224 2l5,
2497 3163 2647 3235 297).
2679 3168 2789 3224 lluc
2814 3173 2970 3226 etiam
2994 3156 3173 3232 solitas
3198 3179 3503 3239 inserebant

1933 3251 2174 3317 querelas
2201 3251 2267 3308 de
2297 3257 2750 3322 persecutionibus
2784 3279 2913 3332 quas
2941 3271 3140 3336 perpeti
3176 3272 3497 3330 viderentur.

1935 3338 2041 3394 Sed
2069 3339 2330 3397 Catholici
2351 3345 2534 3400 eadem
2557 3348 2664 3414 illa,
2700 3367 2816 3420 quae
2840 3361 2946 3408 tam
2971 3355 3225 3414 invidiose
3246 3363 3498 3420 crimina-

1935 3430 2144 3497 bantur,
2186 3448 2279 3487 eos
2325 3437 2526 3504 priores
2568 3440 2844 3498 admisisse
2889 3457 3266 3506 monstrarunt.
3314 3453 3498 3525 Neque

1935 3523 2036 3577 illis
2065 3524 2347 3594 quidquam
2375 3528 2587 3598 profuit,
2615 3533 2752 3602 quod
2777 3534 3269 3608 Circumcellionum
3295 3523 3500 3604 scelera

1933 3612 2236 3671 dictitarent
2265 3619 2392 3674 nihil
2426 3621 2492 3674 ad
2529 3626 2804 3696 episeopos
2835 3629 3132 3696 pertinere;
3177 3636 3503 3707 quandomti-

1933 3702 2053 3759 dem
2082 3706 2307 3762 furiosos
2337 3709 2454 3763 illos
2482 3711 2704 3768 ducibus
2732 3731 2912 3770 eorum
2946 3720 3150 3776 clericis
3177 3702 3255 3778 tot
3293 3702 3505 3796 tamque

1933 3792 2197 3850 horrenda
2223 3801 2360 3852 mala
2383 3803 2715 3858 commisisse
2735 3809 3026 3864 constabat.
3077 3813 3199 3868 llaec
3234 3824 3406 3870 autem
3434 3818 3502 3874 de

1934 3887 2298 3943 vexationibus
2323 3900 2481 3960 atque
2507 3893 2713 3962 injuriis
2741 3903 3101 3957 controversia
3133 3903 3339 3975 longius
3383 3890 3502 3978 pro-

1931 3974 2088 4031 ducta
2112 3988 2192 4032 est
2221 3995 2234 4031 :
2268 3995 2449 4034 verum
2477 3998 2598 4037 cum
2627 3983 2958 4044 Marcellinus
2997 3974 3337 4064 praecepisset
3378 3974 3501 4069 pro~

1933 4069 2034 4123 lata
2084 4085 2116 4124 a
2163 4068 2448 4128 Catholicis
2483 4075 2828 4133 instrumenta
2869 4081 2990 4150 legi,
3034 4084 3152 4140 linis
3190 4088 3241 4143 ei
3285 4068 3499 4147 laudent

1931 4157 2209 4229 impositus
2248 4160 2362 4217 fuit.
2394 4163 2549 4218 Salva
2576 4183 2693 4238 ergo
2723 4184 2878 4222 causa
2917 4169 3172 4239 Ecclesiie,
3204 4179 3502 4247 conﬁrmata

1931 4257 1976 4300 et
2001 4249 2468 4308 incommutabililer
2491 4256 2595 4323 lixa
2611 4273 2669 4309 ac
2689 4260 2925 4327 stabilita,
2949 4271 3186 4335 tanquam
3209 4285 3363 4336 supra
3382 4272 3501 4341 [un-

1930 4337 2218 4393 damentum
2253 4351 2408 4412 petrae
2438 4360 2588 4414 quam
2621 4358 2780 4415 porta:
2821 4355 3096 4420 inferorum
3123 4372 3224 4410 non
3266 4359 3499 4416 uincant:

1930 4429 2024 4482 hac
2039 4447 2156 4501 ergo
2184 4433 2342 4499 salva,
2367 4434 2690 4504 AuguStinus
2706 4439 2893 4508 inquit,
2915 4445 3135 4501 venimus
3150 4458 3194 4512 et
3214 4450 3282 4501 ad
3296 4468 3498 4507 causam

1929 4519 2202 4587 Caeciliani,
2223 4525 2336 4594 jam
2350 4527 2530 4593 securi,
2546 4527 2784 4597 quidquid
2799 4531 2883 4585 ille
2901 4533 3202 4590 inveniretur
3215 4542 3496 4599 admisisse.

1929 4610 1998 4664 Et
2026 4613 2263 4685 diximus,
2293 4614 2449 4670 Salva
2476 4635 2628 4673 causa
2655 4620 2912 4691 Ecclesiae,
2941 4627 3023 4679 cui
3048 4629 3176 4683 nihil
3201 4633 3497 4700 prtejudicat

1929 4712 2182 4774 peccatum
2209 4701 2486 4773 Caeciliani,
2527 4709 2780 4766 videamus
2805 4722 2850 4766 et
2885 4715 3043 4784 ipsius
3076 4734 3300 4788 causam,
3331 4723 3496 4791 qualis

1926 4792 2008 4847 sit.
2026 4793 2084 4848 Si
2095 4795 2424 4851 invenerimus
2436 4815 2547 4853 eum
2563 4800 2870 4863 innocentem
2883 4820 2902 4868 ;
2911 4807 3023 4875 jam
3040 4823 3123 4861 vos
3141 4808 3225 4862 ubi
3235 4811 3392 4877 eritis,
3407 4815 3494 4882 qui

1927 4897 1974 4940 et
1993 4889 2044 4940 in
2065 4888 2176 4956 ipsa
2193 4889 2413 4943 humana
2436 4892 2687 4946 calumnia
2706 4894 2992 4962 defecistis?
3013 4897 3075 4952 Si
3090 4908 3255 4952 autent
3268 4901 3495 4957 inventus

1926 4979 2076 5048 fuerit
2097 4996 2300 5046 nocens,
2319 4981 2362 5034 si
2376 4981 2602 5036 inventus
2623 4982 2771 5053 fuerit
2786 5002 2929 5050 reus;
2949 5003 3038 5040 nec
3065 4989 3138 5040 sic
3162 4988 3278 5042 victi
3295 5007 3488 5058 sumus,

1925 5072 2044 5141 quia
2057 5072 2292 5126 unitatem
2305 5073 2561 5138 Ecclesiw,
2576 5091 2686 5145 qua:
2705 5077 2884 5130 invicta
2895 5087 2980 5144 est,
2997 5077 3291 5135 obtinemus.
3311 5081 3488 5138 Inven-

1926 5170 2004 5216 tus
2015 5163 2078 5216 sit
2088 5180 2291 5233 prorsus
2308 5180 2444 5227 reus;
2457 5164 2703 5219 hominem
2717 5168 3001 5232 anathema,
3018 5165 3201 5222 Christi
3212 5169 3489 5228 Ecclesium

1925 5269 2026 5307 non
2069 5253 2260 5308 desero.
2295 5252 2406 5308 Hoc
2450 5255 2676 5325 fecimus,
2719 5256 2938 5310 diximus
2966 5273 2986 5310 :
3012 5258 3245 5330 deinceps
3287 5278 3398 5316 eum
3422 5267 3490 5318 ad

1925 5342 2085 5397 altare
2120 5345 2245 5398 inter
2281 5345 2556 5414 episcopos,
2586 5361 2709 5416 quos
2731 5346 2902 5414 ﬁdeles
2925 5357 2972 5400 et
3009 5347 3293 5406 innocentes
3321 5355 3486 5408 credi-

1925 5448 2056 5498 mus,
2080 5449 2177 5486 non
2215 5432 2545 5487 recitabimus.
2597 5433 2706 5488 Hoc
2745 5434 2907 5489 solum
2952 5438 3176 5507 fecimus.
3224 5441 3490 5515 Numquid

1926 5534 2126 5592 prapter
2149 5521 2468 5577 Caecilianum
2493 5524 2842 5594 rebaptizaturi
2869 5531 2982 5583 estis
3011 5530 3177 5588 orbem
3203 5536 3490 5589 terrarum?

1927 5611 2040 5666 Hac
2060 5613 2322 5666 securitate
2348 5615 2612 5668 constituta
2635 5627 2680 5668 ct
2709 5617 2927 5684 ﬁrmata,
2959 5623 3104 5692 cmpit
3131 5623 3312 5678 discuti
3330 5641 3484 5679 causa

1924 5703 2180 5760 chiliani
2209 5704 2388 5774 (Serm
2433 5706 2554 5770 339,
2587 5724 2635 5759 ιι.
2675 5707 2750 5779 6).
2783 5709 3014 5766 Recitata
3040 5722 3121 5766 est
3159 5713 3312 5783 igitur
3339 5714 3482 5770 Anno

2928 5804 3016 5878 (Ω
3026 5807 3339 5884 ualens.)
