4042 6360
518 346 625 403 497

523 464 613 518 lini
642 462 973 534 proconsulis
996 460 1060 515 ad
1081 459 1483 515 Constantinum
1508 457 1887 525 imperatorem
1913 452 1977 505 de
2008 452 2100 505 Do-

525 556 833 608 natistarum
878 550 1297 606 accusationibus
1325 548 1576 601 adversus
1616 545 1955 599 C:rciliauum
1985 542 2100 610 cpi-

523 646 685 708 stola;
728 646 850 699 item
880 644 980 698 alia
1025 642 1262 711 ejusdem
1298 638 1532 703 Anulini,
1568 652 1669 706 qua
1696 634 2097 689 Constantinum

521 737 802 790 certiorem
830 734 1071 799 faciebat,
1100 737 1293 786 missos
1329 730 1396 784 ab
1424 744 1480 783 se
1507 728 1569 782 ad
1603 728 1896 782 Romanam
1935 738 2097 795 syno-

522 827 647 880 dum
678 825 1013 879 Ctecilianum
1042 839 1103 877 ac
1124 823 1239 891 ejus
1263 820 1593 876 adversarios
1609 836 1620 871 :
1638 833 1755 888 qua:
1775 816 1991 885 epistola
2015 815 2098 868 in-

526 916 892 986 teriit(Collat.
917 915 1151 985 Cathag.,
1171 915 1223 973 5,
1252 911 1539 983 capp.3l6,
1563 909 1708 981 3l8).
1735 908 1865 963 Huic
1886 906 2097 962 lectioni

523 1007 718 1063 addita:
742 1021 951 1076 quoque
977 1003 1440 1060 suntConstamini
1468 1001 1533 1055 ad
1559 999 1844 1054 Miltiadem
1864 998 2099 1067 aliosque

524 1098 785 1152 antistites
812 1098 876 1152 ad
918 1096 1196 1150 concilium
1240 1094 1531 1147 Romanum
1558 1090 1852 1145 destinatos
1885 1088 2095 1153 litterae,

524 1204 729 1244 necnon
766 1198 814 1241 ct
855 1189 1019 1257 prima
1050 1185 1268 1239 Romani
1298 1182 1505 1237 concilii
1536 1194 1674 1233 anno
1703 1194 1858 1248 supra
1887 1187 2096 1231 trecen-

529 1281 773 1333 tesimum
796 1278 1001 1332 decimo
1032 1276 1186 1331 tertio
1215 1274 1378 1328 habiti
1408 1272 1576 1327 sessio
1595 1268 1941 1342 (lbid.,capp.
1970 1265 2094 1332 519,

524 1368 673 1443 321).
721 1370 815 1424 llic
858 1384 984 1422 vero
1031 1366 1445 1421 intcrturbarunt
1478 1365 1780 1427 Donatistae,
1827 1376 1922 1413 nec
1952 1360 2097 1430 prius

525 1463 828 1517 tumultuari
850 1460 1183 1522 destiterunt,
1214 1473 1368 1527 quam
1396 1456 1475 1510 eis
1493 1455 1757 1509 Tribunus
1786 1450 2101 1506 concederet

522 1563 597 1619 It,
629 1570 746 1627 qua:
784 1561 1083 1622 spectarent
1106 1551 1171 1604 ad
1210 1546 1470 1604 Carciliani
1510 1545 1922 1608 damnationem,
1954 1541 2097 1611 lege-

524 1644 907 1715 rentur(lbid.,
936 1659 1085 1712 capp.
1114 1640 1234 1701 322.
1268 1636 1412 1710 555).
1442 1638 1575 1693 Tum
1606 1636 1679 1691 illi
1708 1643 1948 1690 exortum
1978 1632 2099 1687 hinc

522 1751 642 1792 esse
666 1736 943 1792 discidium
972 1732 1375 1798 contendentes,
1403 1730 1543 1801 quod
1562 1727 1939 1799 persecutionis
1960 1735 2097 1779 tem-

522 1846 651 1899 pore
686 1830 862 1885 divina
892 1828 1155 1882 volumina
1190 1839 1480 1895 prtecessor
1504 1820 1769 1877 Cmciliani
1801 1818 2101 1873 Mensurius

524 1921 860 1980 tradidisset.
907 1918 1294 1973 accusationem
1342 1914 1480 1969 illam
1530 1921 1587 1967 ut
1627 1911 1931 1983 probarent.
1976 1924 2098 1963 cum

523 2013 763 2083 ejusdem
827 2010 1073 2066 Mensurii
1118 2008 1393 2079 epistolam
1445 2004 1511 2059 ad
1565 2002 1863 2059 Secundum
1909 2000 2102 2072 Tigisi-

524 2114 708 2157 sanum
738 2143 754 2166 ,
816 2110 927 2155 tum
986 2099 1142 2169 hujus
1210 2096 1612 2166 responsionem
1657 2092 1723 2147 ad
1775 2091 2095 2147 Mensurium

526 2196 814 2250 recitarunt
844 2191 1028 2263 (lbid.,
1074 2206 1225 2260 capp.
1270 2187 1394 2250 554,
1432 2183 1575 2247 342).
1608 2183 1915 2239 Familiares
1949 2190 2100 2236 erant

523 2287 627 2343 illa:
682 2284 956 2355 epistolm,
1014 2296 1112 2337 nec
1160 2280 1268 2334 ullo
1320 2288 1507 2348 pacto,
1550 2290 1759 2331 verrene
1810 2282 1988 2330 essent
2031 2290 2097 2329 an

523 2392 697 2441 secus,
722 2385 967 2431 constare
993 2380 1218 2444 poterat.
1244 2371 1350 2427 Sed
1387 2386 1451 2425 ex
1484 2369 1548 2423 iis
1575 2381 1903 2437 nequaquam
1940 2365 2099 2420 ﬁebat

522 2468 884 2533 manifestum,
931 2466 1143 2520 codices
1185 2476 1367 2517 sacros
1414 2459 1736 2515 Mensurium
1779 2456 2093 2512 tradidisse:

519 2560 661 2630 quod
690 2561 862 2630 ipsum
892 2569 1064 2613 tamen
1092 2555 1234 2611 haud
1262 2554 1487 2610 obscure
1530 2551 1597 2607 de
1638 2550 1882 2606 Secundo
1913 2551 2098 2604 innue-

522 2652 649 2706 bant
678 2649 902 2722 (Brevic.
944 2646 1127 2702 Collat.
1156 2647 1210 2713 3,
1238 2662 1289 2699 η.
1312 2642 1426 2715 27).
1456 2642 1614 2697 Lecta
1655 2649 1733 2695 est
1762 2640 1977 2705 deinde,
2006 2654 2095 2693 as-

522 2741 874 2797 sentientibus
902 2738 1208 2801 Catholicis,
1238 2736 1342 2790 lata
1372 2735 1422 2788 iu
1451 2732 1787 2787 Czeciliauum
1814 2731 1843 2785 ὸ
1872 2729 2095 2786 Cartha-

522 2833 731 2903 ginensi
786 2830 1009 2886 concilio
1046 2827 1304 2883 sententia
1360 2823 1562 2895 (lbid.,
1605 2841 1655 2876 η.
1689 2823 1780 2888 26,
1825 2832 1871 2876 et
1908 2820 2092 2875 Collat.

520 2926 764 2998 Carthag.
794 2925 847 2989 3,
864 2940 1011 2995 capp.
1042 2922 1166 2987 546,
1192 2917 1337 2989 547).
1358 2918 1524 2983 Quam
1553 2919 1604 2970 in
1638 2930 1747 2969 rem
1766 2913 2097 2969 animadver-

521 3032 638 3072 sum
662 3017 879 3071 voluere
907 3011 1183 3076 Catholici,
1233 3008 1442 3079 publico
1472 3007 1617 3063 nullo
1651 3006 1850 3075 judicio
1877 3005 2097 3059 damna-

519 3119 630 3163 tum
658 3106 818 3162 fuisse
846 3103 1197 3167 Mensurium;
1237 3111 1292 3156 et
1341 3098 1755 3169 Carthaginense
1790 3098 2090 3161 concilium,

518 3198 659 3269 quod
685 3207 865 3253 contra
894 3196 1231 3251 Czecilianum
1256 3192 1511 3264 legerant,
1544 3206 1650 3245 non
1676 3189 1873 3244 habere
1904 3204 2098 3243 consu-

520 3291 621 3343 lem
651 3296 705 3342 et
730 3288 905 3351 diem;
940 3284 1180 3355 quamvis
1221 3281 1323 3337 hoc
1356 3298 1516 3337 mera:
1546 3280 1876 3350 negligentiae
1905 3280 2092 3349 magis,

517 3392 676 3447 quam
708 3375 897 3441 fraudi,
928 3376 1171 3428 lubentes
1196 3373 1293 3443 ipsi
1323 3372 1614 3426 tribuerent
1647 3388 1657 3421 :
1683 3370 1913 3441 denique
1936 3368 2096 3423 Czeci-

520 3468 713 3521 lianum
741 3466 795 3520 in
830 3481 895 3520 eo
933 3465 1237 3519 damnatum
1276 3464 1568 3523 absentem,
1603 3460 1759 3529 idque
1787 3460 1854 3515 ab
1883 3462 2093 3530 episco-

522 3559 606 3629 pis
632 3558 742 3628 qui,
771 3559 926 3626 cujus
944 3556 1180 3611 criminis
1206 3555 1353 3608 illum
1369 3553 1809 3618 condemnabant,
1837 3552 1935 3606 hoc
1956 3552 2093 3606 idem

515 3651 725 3705 sibimet
742 3650 794 3704 in
821 3650 924 3702 alio
948 3647 1177 3703 concilio
1202 3644 1568 3701 condonarunt
1591 3644 1607 3712 (
1632 3643 1815 3698 Collat.
1846 3642 2091 3714 Carthag.

515 3743 570 3803 5,
595 3758 710 3809 cap.
738 3738 1149 3809 35!).Ultimum
1171 3746 1344 3790 autem
1377 3734 1503 3788 illud
1525 3742 1581 3787 ut
1602 3734 1813 3804 planum
1840 3732 2088 3796 facerent,

516 3831 760 3887 Cirtense
783 3830 1061 3885 coucilimn
1084 3843 1224 3882 anno
1254 3824 1626 3881 trecentesimo
1654 3824 1838 3893 quinto
1857 3823 2093 3876 habitum

517 3922 617 3991 legi
649 3921 1014 3991 postularunt;
1045 3918 1198 3987 cujus
1239 3915 1619 3978 testimonium,
1666 3929 1787 3968 cum
1831 3914 2013 3967 consul
2041 3922 2095 3968 et

516 4014 632 4067 dies
652 4012 766 4080 ejus
790 4011 1074 4078 legeretur,
1100 4022 1165 4062 eo
1190 4007 1459 4061 inﬁrmare
1481 4004 1662 4059 conati
1690 4011 1813 4058 sunt
1836 4002 2096 4057 schisma-

518 4106 627 4173 tici,
654 4103 793 4174 quod
821 4104 869 4157 ci
910 4100 1167 4171 temporis
1199 4106 1341 4166 nota,
1376 4106 1567 4168 praeter
1598 4106 1813 4151 actuum
1842 4094 2095 4150 ecclesia-

514 4198 791 4258 sticarum,
815 4192 887 4246 uti
908 4190 1174 4255 volebant,
1196 4187 1652 4252 consuetudinem,
1671 4195 1813 4242 esset
1832 4186 2094 4256 adscripta

516 4292 535 4346 ⁷(
550 4284 707 4348 lbid.,
727 4300 839 4353 cap.
856 4280 1002 4354 353).
1026 4281 1129 4337 Sed
1142 4279 1395 4336 Catholici
1422 4293 1689 4348 nunquam
1712 4292 1814 4331 non
1829 4278 1909 4332 sui
1932 4277 2098 4332 moris

522 4376 682 4430 fuisse
707 4372 1111 4438 contenderunt,
1143 4371 1417 4425 consulem
1458 4380 1513 4423 et
1558 4368 1697 4423 diem
1725 4368 1964 4422 conciliis
1997 4367 2095 4422 ad-

520 4467 759 4523 scribere
785 4464 1011 4539 (Brevic.
1038 4462 1224 4520 Collat.
1248 4464 1301 4527 3,
1329 4480 1381 4517 n.
1405 4460 1517 4535 27).
1537 4464 1781 4516 Attamen
1812 4461 2097 4517 Donatista:

513 4551 645 4614 hinc
688 4556 991 4624 disputandi
1038 4554 1199 4609 ﬁnem
1245 4570 1350 4608 non
1400 4554 1656 4619 fecerunt,
1708 4551 1879 4608 donec
1921 4552 2095 4621 palam

514 4650 691 4705 edixit
718 4648 987 4718 Cognitor,
1019 4644 1216 4700 decreti
1245 4644 1400 4698 ﬁdem
1420 4642 1714 4712 adjectione
1742 4642 1975 4698 consulis
1992 4657 2099 4697 non

527 4744 699 4813 perire
737 4738 959 4813 (Collat.
986 4736 1229 4806 Carthag.
1272 4736 1325 4802 5,
1354 4752 1502 4805 capp.
1549 4734 1672 4798 595,
1705 4732 1851 4805 596).
1886 4733 2025 4802 Ergo
2067 4748 2099 4788 a

516 4835 751 4889 concilio
774 4830 1002 4886 Cirtensi
1023 4829 1090 4886 ad
1119 4827 1534 4898 Carthaginiense
1563 4826 1788 4881 reditum
1814 4834 1915 4881 est.
1948 4826 2102 4880 Insti-

514 4936 637 4979 aere
662 4920 947 4977 Catholicis
975 4919 1283 4985 Donatistte,
1308 4927 1364 4970 ut
1393 4915 1506 4985 ejus
1535 4916 1899 4969 auctoritatem
1940 4928 2103 4983 agno-

526 5023 758 5079 scerent,
786 5028 849 5068 ac
879 5009 1243 5075 Czecilianum,
1275 5005 1701 5078 quandoquidem
1743 5007 1794 5059 in
1842 5021 1907 5060 eo
1936 5006 2103 5059 fuerat

526 5106 930 5170 condemnatus,
980 5117 1129 5158 reum
1170 5115 1289 5156 esse
1324 5097 1727 5154 conﬁterentur.
1770 5097 2101 5166 Responsum

531 5206 615 5249 est
634 5212 663 5247 a
695 5194 998 5258 Catholicis,
1032 5192 1333 5248 Donatistas
1363 5190 1508 5261 ipsos
1529 5188 1726 5258 liquido
1755 5187 2101 5258 signiﬁcasse,

529 5303 652 5341 cum
697 5303 809 5342 rem
858 5286 925 5341 ad
974 5285 1375 5341 Constantinum
1424 5281 1758 5347 detulerunt,
1808 5278 2103 5348 bujusmodi

534 5378 1031 5432 condemnationem
1062 5377 1279 5431 minime
1298 5373 1547 5429 sufﬁcere
1572 5372 1591 5445 (
1612 5371 1803 5426 Brevic.
1836 5369 2021 5425 Collat.
2049 5372 2103 5437 3,

533 5486 584 5523 ιι.
617 5466 727 5537 50).

606 5562 659 5613 7.
692 5561 757 5611 At
782 5572 906 5612 vero
932 5557 1119 5622 etiam,
1146 5571 1303 5626 quam
1334 5554 1602 5609 inﬁrmum
1630 5561 1769 5609 esset
1796 5552 2015 5623 petitum
2043 5566 2107 5605 ex

539 5652 629 5705 illo
658 5646 882 5704 concilio
922 5644 1319 5715 Carthaginensi
1359 5653 1750 5713 argumentum,
1788 5643 1955 5696 multo
1982 5642 2111 5695 luei-

535 5742 657 5795 dius
681 5739 839 5793 allata
864 5736 1171 5792 Priminiani
1196 5735 1381 5790 eodem
1413 5735 1569 5803 plane
1601 5735 1759 5789 modo
1787 5748 1815 5788 a
1842 5734 2110 5790 Maximia-

1624 341 1775 394 \'l'l'.\
1816 338 1871 393 S.
1917 335 2275 392 AUGUSTIXI
2317 336 2633 393 EPISCOPI.

3675 343 3778 398 ω

2210 450 2359 505 nistis
2374 450 2605 504 danmati
2627 450 2842 505 historia
2860 450 3291 506 demonstrarunt
3317 472 3328 507 :
3358 454 3427 508 ita
3448 464 3505 508 ut
3525 455 3782 511 schisma-

2208 544 2293 595 t.ci
2316 543 2551 595 veritatis
2568 544 2764 595 retibus
2792 542 3047 609 impediti,
3066 553 3118 597 et
3147 544 3197 597 in
3228 544 3519 599 horrendas
3542 550 3780 601 contrusi

2203 636 2493 703 angustias,
2527 633 2656 687 nihil
2688 634 3004 699 invenirent,
3037 635 3176 703 quod
3223 635 3271 687 in
3304 651 3388 701 ea,
3420 637 3469 689 in
3500 653 3656 707 quam
3688 653 3782 692 eos

2203 723 2703 777 Maximianistarum
2747 725 2945 777 mentio
2986 724 3306 794 conjecerat,
3352 730 3785 782 consternatione

2203 826 2539 884 repellerent,
2567 816 2665 870 nisi
2682 816 2818 885 quod
2838 826 2953 870 erat
2977 818 3261 871 Catholicis
3287 817 3611 877 fundamenti
3638 822 3780 889 loco,

2208 924 2397 978 nempe
2422 926 2519 963 nec
2538 924 2752 963 causam
2780 924 2973 973 cauae,
3002 926 3097 964 nec
3130 926 3407 979 personam
3442 914 3784 982 pmejudicare

2204 1015 2442 1069 persona:
2473 1000 2573 1069 (Ad
2599 1000 2780 1055 Donat.
2799 1013 2909 1069 post
2927 1000 3134 1067 Collat.,
3154 1020 3198 1055 c.
3221 1003 3288 1057 50
3305 1022 3317 1064 ;
3335 1004 3515 1058 Collat.
3537 1006 3779 1077 Cartlmg.

2204 1093 2257 1158 5,
2283 1109 2397 1161 cap.
2428 1092 2574 1164 3'72).
2610 1093 2741 1147 llinc
2766 1095 2996 1165 erumpit
3024 1095 3346 1163 Augustinus
3372 1096 3423 1150 in
3460 1097 3543 1151 illa
3573 1100 3732 1153 verba
3767 1117 3784 1153 :

2206 1183 2251 1237 0
2276 1201 2569 1255 responsum
2596 1184 2757 1251 breve,
2784 1186 3050 1255 liquidum,
3081 1186 3290 1241 verum!
3321 1186 3441 1241 Non
3467 1193 3626 1258 potuit
3652 1189 3786 1244 enim

2202 1291 2293 1345 pro
2320 1276 2457 1329 nobis
2486 1276 2696 1341 brevior,
2728 1285 2773 1329 et
2801 1278 2979 1329 certior
2999 1319 3012 1340 ,
3042 1287 3085 1329 et
3115 1277 3351 1345 liquidior
3378 1280 3503 1349 ferri
3538 1283 3787 1335 sententia

2204 1365 2393 1433 (Serm.
2430 1366 2564 1431 161,
2592 1383 2644 1419 n.
2678 1367 2785 1433 15).
2816 1366 2954 1420 Nihil
2986 1368 3125 1420 aliud
3156 1384 3217 1421 ex
3248 1369 3312 1422 iis
3339 1379 3657 1441 extorquere
3686 1389 3785 1426 cu-

2203 1459 2411 1529 picbanl
2438 1459 2715 1513 Catholici.
2745 1458 2773 1512 1
2779 1460 2905 1522 llud,
2930 1461 3021 1521 ait.
3046 1462 3088 1513 si
3116 1472 3305 1515 montes
3325 1480 3501 1516 aureos
3524 1464 3784 1528 daremus,

2201 1549 2400 1619 quando
2427 1566 2585 1603 emere
2606 1566 2860 1619 possemus
2879 1549 2979 1619 (Ad
2996 1549 3178 1603 Donat.
3196 1560 3306 1620 post
3325 1550 3528 1616 Collat.,
3549 1570 3599 1605 η.
3618 1554 3732 1623 52.)
3762 1554 3788 1605 ?

2206 1638 2382 1693 Multis
2411 1640 2607 1709 quidem
2634 1640 2791 1693 verbis
2820 1640 3087 1709 super/luis
3106 1682 3119 1704 ,
3169 1641 3316 1695 addit
3361 1641 3496 1696 idem
3543 1652 3784 1709 sanctus,

2201 1742 2336 1801 gesta
2353 1741 2679 1784 oneraverunt
2699 1746 2716 1794 ;
2732 1740 2777 1783 et
2801 1732 2917 1798 quia
2934 1748 3031 1784 non
3051 1742 3322 1801 potuerunt
3336 1734 3537 1802 efficere,
3555 1745 3610 1786 ut
3630 1751 3788 1787 causa

2203 1840 2302 1876 non
2326 1834 2573 1893 ageretur,
2614 1824 2707 1876 hoc
2750 1827 2974 1894 fecerunt
3011 1824 3221 1877 multum
3262 1824 3538 1894 loquendo,
3570 1835 3622 1877 ut
3646 1828 3785 1894 quod

2203 1924 2368 1966 actum
2390 1923 2480 1978 est,
2503 1913 2703 1984 diﬁcile
2722 1914 2983 1984 legeretur.
3018 1913 3124 1969 Sed
3152 1914 3325 1968 debent
3352 1916 3486 1970 vobis
3514 1917 3661 1968 etiam
3683 1918 3786 1970 ista

2202 2022 2371 2059 eorum
2398 2023 2559 2075 pauca
2580 2006 2725 2058 verba
2741 2006 2979 2076 sufﬁcere,
2998 2022 3060 2059 ne
3076 2016 3277 2075 praptcr
3302 2008 3465 2061 nescio
3486 2024 3598 2078 qum
3618 2010 3789 2062 nescio

2200 2113 2410 2165 quarunt
2440 2096 2699 2149 hominum
2726 2096 2958 2162 crimina,
3003 2097 3205 2151 oderitis
3234 2097 3475 2150 unitatem
3516 2100 3787 2153 catholica!

2203 2186 2479 2250 Ecclesiae;
2507 2186 2625 2255 quia
2652 2189 2777 2238 sicut
2930 2186 3192 2253 dixerunt,
3232 2187 3529 2257 relegertmt,
3563 2188 3783 2241 subscri-

2203 2287 2423 2348 pserunt,
2453 2294 2541 2331 nec
2566 2294 2719 2331 causa
2747 2293 2916 2331 causa:
2940 2278 3234 2349 pra'judicat
3253 2321 3267 2343 ,
3299 2296 3384 2332 nec
3425 2298 3638 2350 persona
3668 2298 3787 2350 per-

2201 2386 2338 2424 sonat
2371 2370 2563 2441 (Epist.
2599 2371 2719 2435 Ml,
2752 2388 2805 2425 η.
2832 2372 2917 2441 7).
2949 2370 3128 2425 Latius
3155 2373 3387 2426 excurrit
3422 2374 3744 2443 Augustinus
3764 2416 3781 2439 ,

2202 2470 2259 2516 ut
2286 2477 2378 2516 eos
2407 2477 2532 2515 usus
2557 2462 2773 2529 indicet,
2801 2477 2932 2533 quos
2963 2461 3196 2517 Ecclesia
3225 2472 3397 2532 potest
3426 2480 3489 2517 ex
3519 2464 3604 2517 illa
3637 2468 3783 2519 veri-

2201 2560 2308 2607 tate
2335 2552 2560 2615 elicere,
2609 2569 2765 2622 quam
2812 2553 3097 2607 Donatista:
3136 2552 3277 2607 illius
3319 2552 3495 2624 lingua
3541 2555 3782 2610 confessi

2200 2651 2341 2705 Sunt,
2371 2643 2459 2713 qui
2496 2640 2833 2697 defensorum
2875 2658 3048 2698 causa:
3096 2660 3207 2698 suae
3250 2652 3362 2698 erat
3414 2645 3786 2701 nobilissimus

2202 2734 2414 2804 (Brevic.
2439 2734 2621 2789 Collat.
2652 2736 2705 2799 5,
2738 2754 2790 2789 n.
2819 2736 2966 2802 2-4).
2999 2734 3119 2790 Non
3146 2738 3277 2790 enim
3305 2738 3447 2791 scivit
3474 2738 3598 2809 quid
3625 2739 3781 2805 dixit,

2201 2826 2371 2896 inquit
2397 2826 2753 2896 Augustinus;
2781 2828 2870 2881 sed
2896 2826 3102 2897 Caipltw
3120 2828 3315 2891 similis,
3341 2845 3453 2880 cum
3489 2838 3612 2882 esset
3639 2828 3785 2883 Pon-

2203 2919 2347 2987 tifex,
2374 2918 2686 2988 prophetavit
2714 2918 2903 2987 (Serm.
2938 2918 3060 2984 l64,
3090 2936 3144 2973 η.
3169 2916 3279 2991 l3).
3310 2919 3436 2973 Post
3464 2919 3627 2988 ipsam
3651 2918 3782 2972 Col-

2201 3007 2449 3063 lationem
2470 3008 2627 3062 verba
2656 3009 2819 3061 suain
2846 3009 3046 3062 alienos
3068 3023 3256 3063 sensus
3275 3016 3584 3079 convertere
3610 3009 3784 3064 moliti

2199 3107 2323 3155 sunt
2349 3118 2362 3153 :
2394 3100 2485 3155 sed
2518 3100 2730 3154 frustra.
2752 3100 2886 3154 Hinc
2911 3101 3173 3155 exclamat
3199 3101 3556 3169 Augustinus:
3586 3099 3630 3154 0
3653 3101 3786 3153 mira

2201 3191 2462 3263 defensio!
2496 3191 2619 3245 Tam
2644 3193 2851 3245 densum
2870 3202 2916 3245 et
2939 3201 3133 3244 arctum
3149 3202 3239 3255 est,
3262 3190 3344 3244 ubi
3371 3192 3440 3245 eis
3460 3192 3786 3246 adhteserunt

2200 3283 2369 3350 pedes,
2388 3291 2442 3336 ut
2460 3299 2542 3336 eos
2563 3284 2766 3337 evellere
2793 3294 3049 3347 conantes,
3079 3286 3270 3355 [rustra
3292 3292 3337 3337 et
3362 3300 3538 3337 manus
3558 3294 3603 3336 et
3628 3293 3786 3351 caput

2202 3372 2362 3441 ﬁgant
2380 3414 2395 3437 ,
2444 3382 2489 3426 et
2516 3374 2567 3425 in
2597 3374 2767 3426 eodem
2797 3372 2902 3425 luto
2929 3374 3215 3427 haesitantes
3242 3373 3430 3426 arctius
3460 3373 3786 3427 involvantur

2202 3462 2306 3530 (Ad
2330 3462 2517 3516 Donat.
2557 3473 2669 3532 post
2707 3462 2914 3528 Collat.,
2946 3481 2998 3516 n.
3030 3462 3143 3528 25).
3176 3463 3241 3517 Et
3272 3463 3392 3517 hinc
3418 3471 3551 3529 erat,
3576 3479 3671 3517 cur
3698 3464 3783 3516 vel

2201 3552 2603 3621 pertinacissimi
2661 3554 3052 3607 Donatistarum
3122 3553 3223 3608 sibi
3294 3554 3392 3605 hoc
3449 3568 3554 3605 uno
3615 3553 3786 3607 verbo

2198 3642 2397 3695 nullum
2439 3643 2680 3711 responsi
2737 3644 2913 3697 locum
2956 3642 3182 3712 relinqui
3237 3659 3341 3697 non
3381 3642 3783 3698 dissimularent

2201 3733 2392 3802 (Epist.
2426 3735 2544 3792 175.
2578 3752 2630 3786 tt.
2664 3735 2743 3804 7).

2269 3826 2321 3880 8.
2364 3825 2431 3880 Ut
2466 3825 2774 3880 Collationis
2804 3825 3075 3879 historiam
3122 3841 3537 3896 prosequamur;
3567 3826 3781 3895 rogavit

2198 3916 2483 3982 Tribunus,
2512 3932 2636 3970 num
2664 3916 2727 3970 ad
2753 3915 3155 3971 Constantinum
3184 3925 3306 3970 ante
3333 3917 3614 3971 concilium
3640 3916 3778 3971 Car-

2204 4009 2529 4078 thaginensc,
2562 4023 2627 4061 an
2657 4016 2858 4061 tantum
2889 4017 3008 4076 post
3037 4008 3163 4061 illud
3189 4007 3507 4061 celebratum
3539 4005 3785 4076 perfuge-

2201 4100 2307 4153 rint
2328 4099 2612 4153 Donatista:
2631 4098 3099 4169 (Collat.Carthag.
3126 4100 3179 4163 3,
3198 4116 3313 4168 cap.
3345 4098 3468 4168 377)
3501 4114 3512 4149 ε
3543 4097 3625 4151 cui
3652 4096 3783 4168 quid

2205 4189 2281 4243 illi
2312 4189 2702 4259 responderint,
2732 4204 2834 4242 non
2866 4188 3109 4243 habetur.
3142 4188 3398 4243 Catholici
3422 4203 3567 4253 vero,
3592 4188 3640 4241 id
3668 4188 3786 4242 sive

2202 4290 2328 4335 ante
2357 4281 2469 4336 sive
2500 4290 2619 4350 post
2647 4290 2994 4335 memoratum
3038 4279 3319 4333 concilium
3360 4277 3552 4333 factum
3592 4278 3784 4343 fuerit,

2203 4368 2609 4440 expendendum
2627 4384 2745 4423 esse
2760 4366 3092 4423 Constantini
3114 4366 3395 4435 judicium,
3417 4381 3478 4421 ac
3499 4365 3785 4421 lectionem

2202 4469 2414 4514 actuum
2469 4456 2890 4528 prosequendam
2945 4456 3331 4512 contenderunt
3381 4454 3586 4528 (llud,
3629 4471 3785 4524 capp.

2204 4552 2327 4617 579,
2361 4548 2488 4620 382)
2532 4567 2544 4603 :
2586 4559 2742 4619 atque
2770 4549 2838 4602 ita
2865 4554 2985 4617 post
3008 4548 3179 4602 varias
3213 4546 3668 4600 schismaticorum
3718 4544 3791 4597 de

2204 4641 2427 4696 Cirtensi
2445 4640 2669 4694 concilio
2690 4638 3125 4709 vitilitigationes,
3146 4635 3400 4692 Romana:
3424 4633 3631 4707 synodi,
3666 4649 3790 4703 qua:

2205 4732 2543 4786 Caecilianum
2566 4731 2786 4785 crimine
2817 4730 3150 4793 liberaverat,
3191 4728 3493 4782 continuata
3519 4735 3601 4780 est
3627 4734 3791 4795 atque

2208 4824 2447 4877 absoluta
2476 4824 2632 4877 lectio
2668 4821 2839 4894 (Ibid.
2861 4862 2879 4888 ,
2904 4837 3021 4891 cap.
3052 4819 3209 4892 405).
3236 4818 3331 4874 His
3351 4818 3579 4889 peractis
3608 4818 3789 4871 Dona-

2208 4916 2366 4969 tistre.
2383 4929 2501 4968 cum
2514 4914 2580 4967 de
2592 4913 2794 4983 synodo
2809 4913 3065 4975 Romana,
3080 4908 3524 4981 quemadmodum
3541 4921 3634 4962 eos
3650 4906 3766 4959 Mar

2208 5007 2429 5059 cellinus
2457 5006 2867 5074 interrogaverat
2892 5002 3076 5073 (lbid.,
3096 5019 3210 5071 cap.
3232 5000 3380 5069 405),
3405 5008 3547 5054 esset
3568 5012 3789 5066 respon.

2208 5094 2462 5153 dendum.
2480 5094 2543 5148 ad
2564 5093 2803 5148 Cirtense
2827 5093 3109 5147 concilium
3132 5089 3436 5152 redeuntes,
3458 5088 3561 5142 hoc
3591 5086 3794 5140 ideirco

2209 5185 2597 5254 supposititium
2616 5199 2735 5239 esse
2746 5182 3097 5246 affirmarunt,
3110 5181 3249 5252 quod
3269 5178 3649 5250 persecutionis
3666 5186 3793 5231 temo

2213 5291 2341 5346 pore
2365 5289 2697 5344 nequaquam
2724 5274 2948 5327 liberum
2978 5269 3368 5326 fueritconcilia
3389 5268 3497 5322 ulla
3518 5266 3796 5323 celebrare

2213 5365 2429 5434 (Brevic.
2452 5363 2637 5419 Collat.
2660 5364 2715 5429 3,
2739 5381 2789 5417 η.
2814 5363 2913 5427 32;
2936 5361 3120 5417 Collat.
3142 5359 3386 5429 Carthag.
3405 5360 3460 5421 5,
3482 5374 3632 5425 capp.
3662 5356 3794 5420 L07,

2211 5456 2357 5524 408).
2392 5454 2445 5509 In
2487 5471 2604 5509 eam
2654 5470 2765 5509 rem
2807 5453 2997 5522 inquiri
3024 5450 3190 5505 voluit
3216 5449 3550 5503 Marcellinus
3576 5444 3795 5515 (Collat.

2214 5545 2453 5617 Carthag.
2472 5545 2525 5608 3,
2548 5562 2660 5613 cap.
2683 5541 3096 5614 H3).Catholici
3124 5554 3251 5607 ergo
3280 5537 3594 5593 Christianas
3616 5536 3801 5604 plebes

2216 5636 2449 5691 fervente
2476 5652 2684 5705 quoque
2714 5633 3076 5703 persecutione
3102 5631 3286 5685 solitas
3310 5628 3615 5697 congregari
3646 5641 3784 5679 eom-

2215 5739 2570 5786 monstraruut
2590 5728 2880 5797 ιιι-ειεδετιίηι
2899 5742 2963 5783 ex
2979 5724 3141 5795 gestis
3158 5719 3566 5791 martyrum,qui
3580 5716 3803 5773 confite-
