4042 6360
338 256 436 317 H9

336 380 524 437 bantur
546 381 599 437 in
627 384 957 453 passionibus
984 389 1097 444 suis
1116 405 1173 446 se
1193 391 1468 448 collectam
1492 404 1546 449 et
1576 394 1902 457 dominicum

333 474 862 548 egisse.Quapropter
885 483 1104 550 petiere,
1138 494 1195 540 ut
1221 501 1251 541 e
1269 488 1380 542 suis
1408 490 1630 561 aliquos,
1655 510 1684 548 a
1711 497 1903 565 quibus

330 575 441 618 acta
491 565 852 635 hujuscemodi
902 574 1260 632 confessiones
1299 578 1599 636 exhibentia
1649 584 1902 643 alfcrren-

313 662 428 721 itur,
461 658 699 713 mittendi
740 671 975 731 potestas
1000 666 1097 720 sibi
1130 668 1280 723 ﬁeret
1306 669 1526 739 (Collat.
1561 674 1799 747 Carthag.
1831 680 1895 745 5,

308 744 599 815 εταρ.419).
632 749 743 817 Qua
774 765 979 823 negata,
998 766 1154 826 atque
1179 760 1300 815 inde
1320 744 1770 832 expostulantibus
1800 744 1896 823 Ca?

306 828 555 902 ‘lholicis,
573 840 855 896 Donatistze
873 845 969 913 ipsi
987 848 1225 915 qutedam
1242 864 1527 923 martyrum
1544 866 1686 925 gesta
1710 860 1761 913 in
1780 877 1893 917 me-

320 924 461 979 dium
491 931 761 996 protulere
776 935 1039 989 recitanda
1057 937 1237 1007 (ma,
1253 959 1366 1011 cap.
1389 944 1534 1015 452).
1552 924 1662 1003 Pro
1681 966 1739 1006 se
1763 968 1893 1022 quo-

315 1031 416 1083 que
438 1017 695 1075 Catholici
722 1023 824 1077 alia
854 1037 1145 1099 martyrum
1175 1043 1289 1087 acta
1318 1034 1718 1109 deprompsere,
1750 1046 1890 1102 unde

316 1107 550 1172 privatos
576 1111 830 1179 quosdam
863 1116 1073 1172 domum
1118 1120 1375 1180 habendis
1405 1107 1633 1185 ﬁdelium
1662 1135 1887 1191 coetibus

317 1198 481 1267 (quod
512 1200 586 1254 illi
625 1206 1018 1263 contendebant
1056 1212 1199 1266 nulla
1243 1217 1443 1271 ratione
1481 1222 1715 1288 potuisse
1749 1224 1883 1297 ﬁeri)

310 1304 457 1343 suam
479 1297 931 1365 accominodasse,
968 1301 1074 1371 imo
1101 1306 1256 1361 etiam
1288 1313 1569 1368 nonnullos
1592 1315 1643 1368 iu
1670 1332 1884 1376 carcere

310 1380 424 1449 ipso
448 1382 776 1451 Baptismum
802 1391 1017 1448 collecta
1050 1395 1216 1463 plebis
1245 1398 1434 1455 ibidem
1463 1403 1595 1460 facta
1619 1412 1883 1479 accepisse

305 1472 583 1527 constabat
610 1474 792 1547 (Ibid.,
832 1497 983 1551 capp.
1024 1486 1144 1549 455,
1186 1489 1310 1556 449,
1352 1472 1881 1569 451.455).Qnibus

302 1563 559 1629 recitatis,
595 1583 699 1621 non
744 1573 906 1626 semel
942 1579 1294 1643 pronuntiavit
1320 1583 1582 1643 Tribunus
1601 1589 1876 1649 duodecim

300 1650 677 1722 episcoporum
706 1662 1020 1729 concilium,
1049 1670 1203 1736 quale
1230 1671 1472 1730 Cirtense
1510 1678 1711 1747 fuerat,
1753 1693 1877 1740 tunc

299 1740 472 1806 facile,
502 1750 746 1813 quamvis
776 1757 1153 1818 persecutionis
1175 1768 1442 1832 tempore,
1484 1772 1716 1838 potuisse
1744 1790 1875 1830 con-

295 1833 506 1901 gregari
539 1835 556 1904 (
582 1835 776 1892 Brevic.
805 1840 988 1899 Collat.
1021 1848 1073 1913 5,
1102 1866 1154 1902 n.
1189 1852 1286 1917 55;
1329 1833 1512 1913 Collat.
1544 1860 1781 1936 Carthag.
1804 1868 1870 1934 5,

294 1924 585 1992 caput).
611 1928 893 1987 Donatistae
920 1944 1092 1992 autem
1119 1953 1236 1996 acta
1264 1949 1658 2019 sua,nimirum,
1677 1964 1871 2014 utvero

294 2011 477 2067 simile
525 2026 628 2080 est,
676 2030 977 2078 sanctorum
1022 2026 1308 2097 Saturnini,
1340 2036 1509 2092 Dativi
1550 2052 1604 2095 et
1646 2045 1869 2101 aliorum

292 2098 413 2153 ideo
442 2104 827 2177 produxerunt,
870 2124 925 2167 nt
952 2116 1033 2170 his
1062 2123 1402 2180 ostenderent
1428 2128 1669 2189 Cirtense
1693 2139 1871 2192 conci-

292 2189 421 2243 lium
442 2202 683 2263 tempore
712 2207 1095 2268 persecutionis
1120 2210 1355 2269 habitum
1386 2218 1579 2288 fuisse,
1606 2239 1724 2279 cum
1756 2227 1867 2296 ipsa

290 2280 462 2347 pridie
498 2285 619 2341 idus
650 2287 941 2348 februarias
982 2301 1104 2354 anni
1138 2310 1490 2365 trecentesimi
1518 2316 1689 2383 quarti
1718 2329 1867 2375 nota-

289 2381 493 2425 rentur.
546 2375 803 2436 Catholici
847 2396 1066 2456 contra,
1110 2395 1248 2449 notis
1300 2404 1593 2469 temporum
1639 2408 1865 2465 necdum

286 2460 564 2533 discussis,
610 2474 915 2532 asserebant
959 2496 1064 2536 non
1109 2483 1271 2541 fuisse
1323 2491 1422 2546 nisi
1462 2496 1701 2552 undecim
1746 2511 1866 2569 post

287 2556 565 2611 mensibus
587 2561 930 2622 celebratum.
962 2571 1027 2624 Et
1052 2584 1197 2630 certe
1226 2578 1385 2648 elapsi
1415 2593 1565 2638 erant
1589 2602 1619 2640 a
1660 2556 1861 2662 marty-

286 2659 410 2697 rum
437 2648 691 2716 passione
720 2668 932 2711 menses
963 2661 1249 2727 tredecim;
1276 2670 1699 2741 quandoquidem
1723 2693 1863 2736 anno

286 2741 671 2796 trecentesimo
708 2746 891 2813 quinto
918 2749 1149 2807 habitum
1181 2756 1276 2811 fuit
1298 2761 1452 2819 tertio
1473 2778 1639 2820 nonas
1664 2772 1857 2826 martii.

282 2824 386 2880 Sed
415 2827 663 2886 Officium
685 2841 793 2889 tum
819 2841 1025 2895 concilii
1054 2844 1229 2914 hujus,
1242 2865 1362 2904 cum
1387 2863 1623 2911 actorum
1650 2860 1859 2918 illorum

283 2926 516 2987 tempus,
546 2926 897 2985 consideratis
921 2937 1225 2993 conSulihus
1248 2956 1310 2995 ac
1333 2943 1520 3001 diebus
1548 2962 1857 3020 computare

276 3009 509 3076 jussum,
544 3030 707 3071 unum
744 3024 963 3077 omnino
1003 3042 1239 3085 mensem
1281 3033 1640 3095 intercessisse
1664 3058 1859 3099 renun-

279 3101 449 3154 tiavit.
496 3104 572 3158 Ea
602 3123 662 3162 re
696 3113 933 3169 nonnihil
961 3119 1153 3174 turbati
1192 3134 1316 3178 sunt
1350 3125 1635 3196 Catholici;
1662 3135 1855 3204 quippe

276 3191 365 3257 qui
392 3199 760 3253 tantummodo
781 3214 897 3270 post
919 3206 1118 3262 ﬁnitam
1133 3212 1472 3272 Collationem
1493 3191 1855 3290 deprehende-

276 3278 622 3354 runt
650 3298 765 3344 acta
794 3304 1084 3367 martyrum
1116 3301 1422 3361 Diocletiani
1460 3318 1515 3364 et
1551 3278 1853 3373 blaxitniani

273 3373 579 3442 consulatu,
610 3389 756 3447 gesta
780 3392 956 3439 autem
985 3389 1240 3449 Cirtensis
1262 3399 1468 3454 concilii
1492 3411 1611 3469 post
1636 3420 1847 3462 eorum-

272 3462 397 3517 dem
433 3471 771 3527 consulatum
798 3478 1102 3547 consignata
1132 3498 1280 3550 esse;
1312 3487 1433 3544 hinc
1457 3507 1614 3560 porro
1642 3494 1847 3566 lapsum

273 3567 394 3609 esse
411 3555 681 3627 Ofﬁcium,
700 3565 839 3632 quod
871 3568 922 3621 in
944 3569 1048 3635 his,
1078 3574 1295 3641 perinde
1316 3555 1473 3650 atque
1490 3584 1542 3637 in
1569 3586 1669 3641 illis
1692 3555 1842 3656 actis,

274 3660 377 3699 non
419 3659 542 3717 post
566 3656 895 3713 consulatum
914 3701 931 3728 ,
960 3664 1051 3718 sed
1077 3667 1385 3736 simpliciter
1406 3680 1736 3737 consulatum
1768 3684 1843 3740 le-

269 3736 432 3802 gisset
456 3737 671 3808 (Collat.
700 3744 937 3819 Carthag.
972 3752 1025 3818 5,
1060 3771 1210 3825 capp.
1249 3759 1373 3828 455,
1415 3765 1538 3831 455,
1576 3778 1621 3823 et
1651 3736 1841 3830 Breuic.

270 3823 456 3879 Collat.
485 3829 538 3893 δ,
581 3848 634 3884 η.
666 3834 780 3904 32).
811 3837 1038 3910 Longior
1063 3823 1148 3899 illa
1178 3846 1276 3902 fuit
1300 3823 1613 3924 disceptatio
1639 3823 1707 3919 do
1723 3823 1845 3920 iii;

270 3917 434 3970 tensis
461 3923 675 3976 concilii
701 3928 852 3993 actis,
890 3945 1062 4001 neque
1086 3936 1371 3996 Donatistae
1396 3917 1552 4002 ﬁnem
1583 3950 1842 4012 faciebant

268 4004 488 4074 urgendi
518 4008 840 4084 Catholicos,
864 4029 922 4073 ut
942 4017 1005 4077 ea
1024 4030 1351 4096 supposititia
1371 4044 1528 4105 atque
1546 4004 1839 4102 adulterina

266 4109 385 4151 esse
414 4097 713 4159 faterentur
747 4125 761 4161 :
804 4115 1009 4167 tametsi
1060 4117 1293 4174 fraudem
1334 4123 1419 4179 hic
1443 4097 1647 4185 factam
1688 4135 1835 4191 nullo

264 4185 356 4253 ipsi
381 4195 1117 4271 comprobarentargumento
1135 4209 1324 4279 (Epist.
1354 4215 1474 4283 Ml,
1493 4236 1545 4272 η.
1572 4185 1833 4292 “xC—uin

263 4279 473 4334 tandem
524 4283 858 4343 Marcellinus
885 4296 1154 4364 evicisset,
1189 4310 1244 4355 ut
1270 4302 1338 4359 de
1367 4279 1601 4365 Romana
1629 4279 1833 4383 synodo

270 4373 668 4440 responderent,
701 4380 1007 4450 Miltiadem,
1036 4405 1142 4458 quo
1170 4396 1395 4461 praeside
1420 4397 1599 4455 habita
1623 4373 1827 4475 fuerat,

269 4458 508 4517 ﬁxerunt
531 4467 829 4525 traditionis
854 4491 1001 4532 reum
1030 4498 1042 4533 :
1070 4496 1228 4551 quam
1266 4493 1653 4551 accusationem
1680 4504 1830 4558 vanis

264 4550 571 4615 quibusdam
597 4572 661 4613 ac
685 4560 920 4622 futilibus
936 4550 1253 4630 testimoniis
1271 4578 1598 4641 adornabant

260 4635 492 4713 tartltag.
522 4646 577 4711 5,
601 4664 716 4718 cap.
737 4653 885 4713 471).

253 5000 354 5068 ipse
383 5012 775 5078 pronuntiant,
807 5019 996 5077 litterae
1024 5028 1271 5093 perlecta:
1296 5045 1417 5089 sunt
1450 5000 1631 5109 una,
1667 5060 1815 5117 capp.

253 5092 340 5117 ε...
402 5099 527 5117 ...ω
832 5109 845 5117 .
1031 5116 1037 5117 κ

249 5092 363 5161 διε,
399 5099 551 5171 530).
587 5103 680 5158 His
705 5109 848 5176 quod
886 5092 1042 5183 objici
1088 5128 1295 5186 posset,
1336 5092 1466 5180 nihil
1506 5092 1819 5192 maelii;

248 5184 554 5261 Donatistae,
584 5197 684 5251 nisi
710 5205 850 5269 quod
882 5208 1111 5262 cavillati
1147 5222 1291 5279 sunt,
1321 5232 1413 5271 eas
1437 5224 1649 5277 nomina
1689 5242 1817 5283 con-

246 5276 413 5333 sulum
441 5296 549 5343 non
577 5287 830 5353 praeferre
862 5310 876 5346 :
900 5295 997 5349 sed
1022 5295 1273 5368 Cognitor
1297 5320 1357 5358 ea
1388 5320 1447 5362 re
1480 5325 1811 5383 nequaquam

243 5362 497 5425 inﬁrmari
523 5376 841 5447 rescriptum
868 5362 1158 5471 declaravit
1173 5390 1356 5463 (Ibid.,
1370 5362 1806 5476 cappIgQ—g:

244 5454 379 5528 533).
409 5462 485 5515 At
510 5468 763 5523 continuo
795 5483 931 5539 post,
968 5454 1276 5537 earumdem
1306 5454 1594 5546 litterarum
1622 5454 1808 5552 e'xem:

242 5546 397 5615 plum,
424 5553 481 5608 in
497 5571 604 5623 quo
619 5562 862 5618 consules
882 5568 1222 5639 notabantur,
1242 5587 1504 5645 repertum
1526 5593 1607 5638 est
1622 5584 1804 5657 (lbid.,

242 5653 344 5708 cap.
358 5644 504 5715 534).
522 5649 656 5703 Tum
675 5651 743 5707 illi
759 5655 823 5708 ad
838 5657 995 5713 aliam
1014 5667 1416 5731 responsionem
1431 5673 1802 5748 confugerunt,

1682 273 1881 335 LIBER
1919 280 2200 345 SEXTUS.

3477 339 3582 398 430

2011 412 2302 480 etquidem
2346 417 2484 477 haud
2524 425 2680 496 paulo
2723 433 3062 510 solidiorcm,
3106 446 3150 501 si
3181 451 3339 507 modo
3366 458 3573 516 veritati

2006 512 2148 557 esset
2172 505 2367 563 innixa.
2402 512 2655 575 Dixerunt
2681 524 2874 596 itaque,
2901 540 3018 599 p0st
3040 505 3215 593 datum
3236 542 3364 599 illud
3384 551 3575 604 rescri-

2007 598 2171 655 ptum,
2200 596 2267 651 ab
2290 601 2478 659 eodem
2507 609 2743 681 principe
2765 596 3171 682 condemnatum
3212 629 3374 689 fuisse
3403 636 3570 695 Czeci-

2002 680 2217 751 lianum,
2249 690 2465 763 ejusque
2489 700 2564 753 rei
2594 700 2840 771 Optatum
2870 720 3054 769 testem
3084 733 3202 775 esse
3247 723 3429 794 (lbid.,
3450 747 3565 799 cap.

2004 770 2122 799 κτὼ
2178 776 2277 799 [Α-
2313 796 2328 799 Α
2360 794 2393 799 ν-

2000 770 2144 839 552).
2167 776 2280 831 Jam
2306 794 2428 837 ante
2446 770 2774 859 r03averant,
2794 807 2848 851 ut
2864 806 3173 862 recitaretur
3198 770 3345 867 lo‘eus
3369 770 3566 886 Optali,

2001 871 2045 886 Α,
2088 862 2185 886 ,_,__
2223 867 2284 886 ...

3199 862 3342 867 η---
3375 862 3566 886 ..ν-..η

1998 871 2051 913 et
2087 862 2188 919 hoc
2220 867 2548 931 Marcellinus
2574 894 2876 942 curaturum
2908 906 3028 949 sese
3056 902 3371 967 promiserat
3400 927 3412 962 ε
3437 927 3566 981 quae

1998 964 2233 1023 propter,
2251 974 2367 1014 cum
2383 963 2505 1019 illud
2534 975 2767 1028 secundo
2786 981 3077 1050 petiissent,
3100 1006 3333 1051 annuere
3354 963 3563 1072 quoique

1998 1040 2250 1072 ρηιιιηιτηε
2324 1054 2426 1072 ..-1.
2547 1068 2557 1072 -

2786 1040 2798 1045 ,
3064 1040 3077 1050 ι
3104 1040 3331 1051 νην-νη-
3355 1040 3473 1067 Ψωι
3497 1040 3560 1063 υυ

1992 1040 2273 1112 Catholici,
2324 1054 2494 1120 palam
2545 1068 2718 1118 tamen
2758 1076 3037 1130 contestali
3088 1082 3234 1148 prius
3254 1126 3270 1150 ,
3320 1040 3560 1149 errorem

1992 1132 2229 1201 ejusdem
2264 1147 2529 1214 auctoris,
2569 1153 2614 1205 si
2652 1153 2787 1213 forte
2820 1176 2940 1216 eum
2969 1167 3072 1222 labi
3098 1176 3423 1246 contigisset,
3455 1185 3560 1239 sibi

1992 1222 2199 1246 ΑΡΙΞ----
2260 1229 2273 1246 ¹
2384 1234 2395 1246 ¹

1990 1222 2206 1281 ofﬁcere
2258 1229 2658 1309 haudquaquam
2700 1262 2883 1317 posse;
2939 1222 3557 1332 quand'oq-uiflemw’illiluls-

1990 1314 2182 1384 scripta
2212 1336 2314 1375 non
2353 1324 2589 1385 habenda
2617 1348 2796 1393 essent
2824 1343 2889 1396 ab
2909 1350 3120 1403 errandi
3150 1357 3452 1417 conditione
3490 1364 3556 1419 li-

1985 1400 2131 1472 hera,
2155 1410 2293 1477 quod
2321 1413 2470 1469 unius
2486 1430 2597 1474 erat
2612 1422 2894 1495 Scriptum
2917 1440 3378 1516 canonicze(lbid.,
3398 1467 3550 1522 capp,

1990 1493 2086 1522 ιοη
2148 1498 2240 1522 103
2296 1503 2414 1522 νιν-λ
2475 1508 2513 1522 ιν
2692 1517 2741 1522 .--
2802 1519 2814 1522 -

1983 1493 2106 1559 480,
2136 1498 2260 1565 48Ξ,
2291 1503 2440 1577 555).
2475 1508 2661 1568 Verum
2689 1493 2818 1573 illud
2843 1537 3001 1578 unum
3039 1493 3551 1611 depreliensu’mwgs't;

1983 1585 2220 1611 .44-"--.
2249 1592 2289 1611 n
2331 1602 2344 1611 .
2387 1606 2398 1611 _
2609 1604 2639 1611 ..

1983 1585 2224 1644 videlicet
2248 1592 2492 1662 Optatum
2518 1604 2771 1672 scribere,
2813 1626 2907 1679 per
2944 1585 3265 1688 aliquantum
3298 1586 3551 1699 temporis

1980 1677 2169 1736 Brixia:
2195 1686 2337 1753 pacis
2363 1704 2489 1761 ergo
2516 1694 2787 1755 detentum
2815 1677 3148 1765 Caecilianum
3180 1714 3337 1773 fuisse
3356 1677 3543 1791 (12:11.,

1977 1789 2073 1844 cap
2109 1777 2254 1847 556).
2274 1780 2405 1837 Tum
2425 1790 2809 1850 contenderunt
2830 1797 3136 1869 Donatistae,
3152 1777 3395 1875 Optatum
3418 1777 3546 1871 ver:-

1978 1861 2059 1918 bis
2088 1868 2417 1928 mollioribus
2449 1888 2733 1938 extenuare
2774 1887 3004 1945 voluisse
3036 1891 3300 1954 Caeciliani
3325 1902 3544 1960 damna-

1978 1951 2195 2009 tionem.
2226 1958 2329 2015 Sed
2364 1979 2673 2037 responsum
2699 1984 2808 2040 est,
2838 1976 3033 2037 debere
3059 1982 3231 2054 itaque
3261 1989 3379 2045 illos
3394 1996 3539 2052 aliud

1975 2049 2356 2118 testimonium,
2394 2072 2498 2125 quo
2537 2061 2586 2115 id
2617 2066 2919 2134 probarent,
2948 2073 3243 2134 evidentius
3273 2087 3540 2154 reperire;

1973 2136 2026 2192 in
2056 2154 2160 2208 quo
2186 2156 2368 2200 eorum
2397 2148 2664 2220 diligentia
2694 2157 2882 2215 frustra
2915 2162 3030 2218 fuit.
3061 2165 3223 2223 Jussit
3254 2136 3377 2230 verto
3399 2177 3540 2234 Mar-

1970 2231 2196 2288 celliuus
2222 2239 2458 2307 paginam
2490 2244 2704 2314 codicis,
2728 2261 2786 2305 ut
2809 2252 2932 2310 inde
2951 2255 3124 2327 Optati
3151 2278 3337 2322 sensus
3356 2286 3542 2328 nosce-

1972 2332 2136 2390 retur,
2174 2335 2331 2381 totam
2362 2334 2571 2390 recitari
2606 2356 2618 2391 :
2647 2341 2798 2411 cujus
2824 2344 3048 2405 lectione
3065 2356 3249 2423 patuit,
3275 2362 3537 2428 proditum

1971 2412 2160 2471 litteris
2188 2420 2256 2474 ab
2282 2418 2473 2491 Optato
2502 2426 2685 2498 fuisse,
2702 2437 2980 2493 concilium
3010 2412 3305 2504 Romanum
3324 2466 3537 2513 omnem

1968 2505 2206 2561 criminis
2230 2514 2583 2581 suspicionem
2611 2535 2640 2572 a
2667 2522 2943 2583 Caeciliano
2966 2535 3225 2589 sententia
3241 2554 3334 2595 sua
3356 2557 3536 2599 remo-

1966 2594 2126 2650 visse.
2157 2599 2232 2652 Ex
2262 2600 2353 2657 illo
2377 2606 2518 2659 enim
2548 2608 2616 2663 ab
2643 2610 2832 2668 Ofﬁcio
2859 2618 3135 2676 recitatum
3163 2635 3244 2680 est
3268 2645 3281 2679 :
3304 2630 3533 2687 Cecilia-

1967 2700 2062 2739 nus
2086 2691 2308 2744 omnium
2331 2710 2485 2766 supra
2514 2714 2899 2759 memoratarum
2930 2714 3184 2776 sententiis
3205 2717 3439 2775 innocens
3460 2734 3535 2792 est

1966 2778 2338 2842 pronuntiatus.
2368 2782 2516 2849 Quod
2546 2803 2666 2843 cum
2691 2793 3033 2863 recitaretur,
3068 2801 3352 2861 Donatistae
3375 2788 3527 2866 dixe?

1964 2875 2086 2920 runt
2110 2868 2209 2924 hoc
2236 2886 2294 2926 se
2322 2888 2427 2928 non
2449 2878 2659 2946 petiisse
2686 2885 2915 2952 recitari,
2945 2890 3205 2963 simulque
3231 2902 3531 2959 stomacha-

1962 2956 2155 3013 bantur
2177 2961 2429 3021 adversus
2445 2982 2558 3035 eos,
2589 2972 2677 3041 qui
2704 2974 2867 3030 risum
2897 2987 3075 3036 tenere
3098 3000 3201 3039 non
3230 3000 3529 3062 potuerant,

1960 3064 2079 3102 cum
2124 3052 2395 3109 audissent
2444 3074 2603 3127 quam
2651 3076 2883 3131 apertam
2937 3081 3123 3128 contra
3178 3092 3235 3131 se
3286 3082 3559 3151 paginam,

1958 3139 2319 3205 protulissent.
2364 3143 2465 3200 Sed
2501 3148 2621 3216 quia
2651 3151 2787 3207 risus
2825 3172 2928 3210 non
2969 3170 3173 3228 poterat
3200 3139 3526 3225 notariorum

1959 3227 2149 3283 tabulis
2176 3233 2365 3303 excipi,
2398 3236 2571 3292 verbis
2610 3240 2894 3299 Donatista:
2924 3227 3033 3303 suis
3060 3254 3198 3321 apud
3236 3257 3364 3313 Acta
3392 3261 3528 3317 risos

1956 3330 2016 3371 se
2050 3332 2167 3374 esse
2204 3325 2375 3377 testati
2415 3336 2554 3392 sunt,
2588 3345 2709 3385 cum
2748 3333 3016 3405 dicereut,
3045 3341 3265 3398 Audiam
3288 3349 3372 3418 qui
3401 3352 3525 3406 rise-

1953 3420 2070 3463 runt
2100 3427 2121 3465 :
2146 3414 2288 3482 quod
2316 3416 2382 3471 ab
2410 3424 2778 3490 exceptoribus
2806 3428 3080 3498 scriptum,
3112 3444 3166 3489 et
3185 3450 3213 3488 a
3238 3414 3523 3499 Donatistis

1953 3502 2303 3573 subscriptum
2325 3518 2406 3564 est
2434 3509 2647 3581 (Brevia.
2666 3515 2848 3572 Collat.
2880 3521 2934 3588 5,
2958 3539 3010 3577 n.
3035 3525 3126 3591 58,
3151 3537 3200 3581 et
3218 3529 3299 3583 Ad
3323 3532 3516 3589 Donat.

1953 3602 2064 3662 post
2084 3593 2291 3663 Collat.,
2318 3616 2372 3652 η.
2398 3600 2513 3672 54).

2021 3686 2106 3739 10.
2146 3686 2243 3741 llic
2262 3687 2373 3757 jam
2392 3694 2700 3760 apertissime
2733 3715 2823 3753 nos
2859 3701 3102 3772 adjuvare
3132 3722 3404 3778 cmperunt,
3432 3714 3517 3768 in-

1947 3772 2061 3840 quit
2077 3773 2419 3845 Augustinus,
2453 3791 2689 3853 tanquam
2723 3804 2755 3840 a
2790 3790 2930 3844 nobis
2971 3804 3130 3847 essent
3166 3797 3409 3866 instructi,
3439 3815 3515 3858 vet

1947 3870 2183 3934 tanquam
2218 3868 2473 3925 nobiscum
2509 3875 2577 3927 ad
2605 3876 2940 3936 innocentiam
2967 3884 3222 3942 Caeciliani
3247 3892 3517 3961 defenden-

1943 3956 2064 4011 dam
2101 3959 2552 4035 declarandamque
2570 3968 2760 4036 Idelecti
2793 3971 2894 4044 (Ad
2928 3975 3217 4035 Donatistus
3247 3956 3357 4053 post
3392 3986 3514 4041 Col-

1943 4049 2056 4118 lat.,
2083 4068 2136 4107 n.
2164 4054 2272 4125 54).
2299 4055 2434 4123 Quin
2459 4059 2564 4139 imo
2590 4060 2688 4117 hac
2719 4062 2773 4118 in
2796 4075 2943 4134 parte
2963 4049 3514 4139 ipsoruminetCatbo-

1942 4139 2162 4198 licorum
2203 4138 2533 4205 sedulitatem
2572 4152 2811 4209 vicerunt
2838 4175 2854 4212 :
2881 4162 3075 4215 etenim
3108 4179 3200 4231 pro
3227 4167 3512 4228 Caeciliano

1940 4244 2278 4290 monumenta
2314 4236 2569 4296 Catholici
2604 4246 2816 4313 quidem
2856 4248 3006 4316 bina,
3040 4253 3117 4308 illi
3154 4266 3327 4313 autem
3375 4278 3506 4331 qua—

1940 4331 2087 4379 terna
2126 4326 2176 4379 in
2220 4330 2448 4386 medium
2484 4337 2750 4401 protulere
2776 4338 2965 4412 (Epist.
2994 4344 3078 4410 M,
3111 4365 3162 4401 η.
3191 4349 3313 4421 i2),
3350 4326 3507 4411 nimi-

1935 4426 2052 4466 rum
2079 4413 2250 4483 Optati
2289 4422 2643 4477 testimonium
2673 4441 2793 4481 cum
2823 4432 2989 4487 tribus
3013 4435 3131 4489 aliis
3160 4413 3469 4500 lectionibus
3487 4486 3505 4512 ,

1934 4518 2153 4573 quarum
2185 4508 2317 4563 duas
2340 4510 2615 4579 Catholici,
2638 4531 2756 4571 cum
2785 4520 2888 4576 illis
2918 4524 3157 4582 instructi
3184 4547 3286 4586 non
3304 4545 3502 4603 essent,

1932 4594 2147 4649 maximi
2177 4608 2384 4668 emptas
2409 4603 2819 4679 voluissent(Ad
2839 4610 3131 4670 Donatistas
3159 4632 3268 4689 post
3292 4621 3501 4691 Collat.,

1930 4701 1983 4738 ιι.
2015 4686 2136 4755 54).
2189 4689 2313 4744 Erat
2356 4691 2456 4747 hoc
2498 4694 2568 4749 ab
2616 4697 2681 4753 iis
2728 4699 3044 4768 docendum,
3092 4686 3427 4766 Cai'cilianum

1928 4776 2297 4845 Constantino,
2329 4785 2419 4852 qui
2445 4799 2586 4848 eum,
2620 4798 2676 4841 ut
2704 4789 2957 4848 Catholici
2986 4796 3497 4866 demonstraveram,

1928 4865 2102 4931 priore
2139 4868 2339 4936 judicio
2380 4872 2718 4943 absolverat,
2775 4880 2826 4934 in
2878 4887 3154 4952 posteriori
3201 4890 3499 4957 cognitione

1926 4957 2090 5013 fuisse
2108 4960 2411 5029 damnatum
2442 4982 2455 5018 ε
2484 4968 2624 5035 quod
2654 4978 2708 5023 ut
2728 4972 3018 5047 efﬁcerent,
3040 4978 3328 5047 supplicem
3346 4981 3509 5055 lihel-q

1924 5047 2034 5101 lum
2060 5050 2229 5105 eidem
2258 5054 2476 5123 principi
2504 5057 2571 5110 ab
2598 5073 2655 5112 se
2680 5059 2913 5116 oblatum
2942 5065 3309 5133 produxerunt
3343 5068 3494 5142 (Bre-

1921 5140 2014 5193 m.
2045 5140 2226 5195 Collat.
2257 5145 2311 5209 δ,
2352 5163 2440 5199 nn.
2478 5149 2567 5215 59,
2599 5148 2725 5223 40);
2758 5169 2863 5222 quo
2904 5170 3030 5210 sane
3068 5167 3122 5212 et
3165 5159 3286 5215 illos
3323 5140 3391 5217 ab
3426 5179 3492 5219 eo

1920 5231 2318 5300 condemnatos,
2359 5245 2415 5291 et
2454 5238 2773 5296 declaratam
2814 5245 3074 5301 Caeciliani
3110 5248 3503 5320 innocentiam,

1920 5323 2248 5391 exploratum
2274 5335 2407 5381 erat.
2441 5328 2571 5385 Dein
2599 5331 2931 5399 imperatoris
2968 5341 3245 5395 memorati
3283 5343 3349 5397 ad
3383 5344 3487 5399 νο-

1916 5412 2089 5467 rinum
2121 5416 2321 5472 litteras
2351 5418 2600 5485 intulere,
2632 5424 2821 5490 quibus
2852 5441 2944 5482 eos
2982 5433 3214 5499 graviter
3250 5433 3487 5490 detesta-

1916 5510 2022 5569 tus,
2050 5508 2339 5575 nequitiam
2369 5525 2553 5567 eorum
2583 5513 3019 5586 Dominijudicio,
3044 5522 3132 5591 qui
3158 5523 3266 5593 jam
3295 5524 3346 5578 in
3368 5525 3487 5581 illos

1912 5604 2148 5664 coeperat
2192 5598 2478 5661 vindicare,
2522 5602 2837 5662 dimittebat.
2889 5609 2943 5664 In
2988 5627 3078 5668 cos
3127 5613 3301 5669 afferri
3353 5615 3482 5671 nihil

1913 5696 2113 5753 p0tcrat
2143 5689 2491 5758 luculentius;
2522 5710 2689 5765 neque
2736 5697 2786 5752 id
2833 5715 2924 5756 eos
2969 5701 3189 5760 forsitan
3237 5706 3435 5760 latebat
3465 5723 3478 5736 ·
