4042 6360
507 355 606 417 43f

504 486 689 525 verum
721 486 749 523 a
788 468 1021 524 Tribuuo
1049 470 1421 539 impetraturos
1447 482 1506 522 se
1532 469 1813 537 sperabant
1837 467 2074 527 eamdem

508 565 825 626 libertatem,
847 577 1002 630 quam
1029 577 1058 614 a
1085 560 1430 615 Constantino
1451 574 1545 627 per
1571 558 1725 611 hasce
1743 558 1941 611 litteras
1963 572 2083 626 pcr-

509 656 722 708 uiissam
752 653 877 722 ipsis
893 667 1011 706 esse
1034 650 1243 719 patebat
1272 669 1284 703 :
1314 650 1404 704 sed
1439 650 1527 703 ille
1560 648 1698 701 aliud
1734 648 1831 701 sibi
1872 648 1939 699 ab
1971 648 2079 700 llo-

506 748 659 803 nario
689 762 779 815 pra
796 755 1005 814 ceptum
1042 758 1160 798 esse
1200 742 1472 813 respondit
1501 741 1706 812 (Callet.
1751 740 1987 810 Carlltag.
2022 740 2076 805 5,

504 854 655 907 capp.
706 837 826 899 155,
864 834 1027 903 552).
1070 835 1239 901 Atque
1273 834 1407 885 adeo
1457 831 1583 884 nihil
1622 829 1763 883 aliud
1808 831 2075 884 consecuti

506 941 626 983 sunt
658 928 873 998 prolatis
895 936 969 979 tot
996 925 1376 983 instrumentis,
1408 923 1511 975 nisi
1540 930 1595 975 ut
1632 923 1775 990 ipsos
1805 920 2079 975 damnatos

508 1021 669 1073 fuisse
718 1018 887 1088 palam
931 1019 1110 1079 fieret;
1142 1014 1404 1083 simulque
1433 1013 1875 1065 convincerentur
1916 1026 2101 1089 quam;

506 1111 685 1180 inique
713 1108 999 1162 Catholicls
1021 1105 1198 1159 odium
1226 1112 1279 1157 ct
1299 1102 1545 1157 invidiam
1576 1113 1789 1171 propter
1812 1101 1862 1155 id
1893 1102 2073 1156 conci-

504 1210 735 1265 lassent;
760 1199 896 1267 quod
922 1195 1060 1263 apud
1089 1195 1460 1263 Imperatorem
1483 1208 1695 1247 causam
1717 1192 1944 1260 egissent
1971 1190 2077 1245 Ec-

502 1293 710 1355 elus-im;
736 1306 853 1343 cum
880 1298 931 1342 et
962 1288 1057 1356 ipsi
1077 1285 1415 1340 Caecilianum
1447 1299 1476 1336 a
1508 1283 1795 1352 majoribus
1811 1283 1920 1335 suis
1940 1281 2076 1350 apud

482 1381 905 1435 Constantinum
933 1376 1228 1430 faterentur
1254 1383 1580 1436 accusatum,
1610 1374 1775 1442 iisque
1805 1371 2077 1441 agentibus

502 1472 570 1525 ab
596 1473 685 1525 illo
710 1471 1033 1531 damnatum,
1060 1465 1161 1522 etsi
1191 1465 1533 1528 mendaciter,
1560 1464 1862 1533 jactitarent
1884 1462 2073 1535 (Epist.

504 1563 625 1624 1M,
658 1578 710 1612 η.
748 1560 822 1629 8).
857 1558 972 1612 lam
1012 1556 1323 1611 videbantur
1357 1555 1545 1608 afferre
1575 1554 1703 1607 nihil
1729 1568 1903 1623 posse,
1935 1552 2075 1621 quod

500 1651 790 1706 Ecclesiam
809 1647 1133 1702 cumulatius
1152 1646 1425 1715 adjuvaret
1452 1661 1464 1696 :
1488 1645 1773 1697 attulerunt
1804 1651 1997 1705 tamen,
2022 1649 2078 1695 et

498 1757 607 1798 non
645 1757 798 1795 secus
840 1755 902 1794 ac
938 1739 1145 1791 Balaam
1170 1735 1348 1790 invito
1382 1734 1561 1787 animo
1602 1733 1691 1787 Dei
1725 1732 1915 1801 populo
1943 1731 2076 1785 bene

498 1842 742 1903 precatus
768 1840 888 1893 est;
910 1830 987 1884 sic
1013 1829 1098 1883 isti
1129 1837 1312 1881 contra
1342 1827 1667 1879 voluntatem
1700 1824 1932 1893 partibus
1970 1823 2075 1876 Ec-

465 1952 471 1958 τ
498 1925 673 1977 clesize
699 1922 989 1984 catholicae,
1020 1921 1128 1974 Deo
1156 1917 1528 1987 compellente,
1553 1917 1742 1970 mirum
1774 1917 1823 1968 in
1856 1915 2072 1969 modum

498 2011 992 2078 favermu.Quippe
1022 2010 1219 2062 iurem
1241 2006 1494 2061 Ecclesiae
1522 2012 1655 2070 erat,
1680 2004 1911 2058 Felicem
1941 2019 2073 2073 quo-

498 2119 604 2175 que
630 2103 1042 2172 Aptungeusem,
1070 2116 1097 2151 a
1127 2114 1234 2169 qua
1248 2097 1418 2152 fuerat
1446 2096 2071 2161 ordinatus'Caccilianus,

498 2195 835 2249 innocentem
882 2192 1247 2244 demonstrare
1284 2206 1297 2242 :
1347 2188 1496 2257 cujus
1537 2187 1750 2256 quidem
1793 2187 1867 2240 rei
1903 2187 2072 2241 docu-

498 2293 676 2339 menta
703 2282 983 2336 Catbolicis
1020 2280 1087 2333 ad
1114 2295 1333 2333 manum
1374 2287 1545 2342 erant,
1580 2286 1631 2331 ut
1660 2292 1743 2343 ea,
1775 2276 1864 2330 ubi
1894 2292 2069 2331 causa:

496 2375 633 2429 ratio
670 2374 720 2428 id
767 2374 1071 2443 postularet,
1102 2372 1480 2441 depromerem
1508 2388 1521 2424 :
1556 2385 1725 2438 neque
1756 2379 1929 2423 tamen
1971 2369 2073 2423 illis

495 2466 715 2521 forsitan
759 2466 838 2519 nsi
874 2473 1073 2529 essent,
1123 2463 1332 2532 quando
1378 2461 1508 2515 satis
1554 2459 1764 2513 aliunde
1794 2458 2070 2512 manifesta

494 2566 613 2611 erat
650 2554 914 2609 Caeciliani
942 2554 1260 2607 innocentia.
1291 2550 1395 2606 Sed
1432 2551 1574 2618 ipsos
1605 2550 1891 2604 Donatistae
1932 2565 2071 2618 pra:-

493 2653 787 2709 verterunt,
822 2653 876 2698 et
898 2643 1254 2707 Constantini,
1282 2640 1420 2711 quod
1461 2640 1695 2694 facturos
1725 2640 1841 2692 illos
1865 2653 2072 2707 spems-

471 2744 579 2790 .set
605 2749 783 2799 nemo,
808 2733 1009 2787 litteras
1038 2732 1091 2785 in
1125 2731 1299 2785 medio
1330 2744 1572 2799 posuere,
1600 2730 1808 2799 quibus,
1832 2728 2070 2782 discussa

462 2840 671 2890 ‘cansa,
705 2824 933 2880 Felicem
962 2839 992 2878 a
1020 2822 1314 2877 traditionis
1352 2822 1574 2876 crimine
1604 2822 1881 2875 liberatum
1909 2821 2070 2875 fuisse

495 2917 848 2988 agnoscebat;
889 2915 1132 2985 idemque
1175 2914 1523 2978 decernebat,
1557 2923 1614 2967 ut
1657 2913 1940 2982 lngentius,
1981 2913 2069 2981 qui

488 3009 748 3063 adversus
773 3006 1025 3072 Felicem,
1066 3005 1255 3059 falsum
1298 3020 1355 3059 se
1398 3003 1588 3058 fecisse
1626 3003 1796 3057 fassus
1839 3012 1971 3067 erat,
2003 3002 2069 3057 ad

493 3100 833 3163 Comitatum,
861 3098 949 3151 ubi
968 3096 1231 3151 Czeciliani
1253 3105 1589 3149 accusatores
1611 3095 1817 3148 molesti
1846 3095 2067 3148 nimium

488 3207 556 3247 ac
582 3189 878 3260 pertinaces
904 3185 1206 3241 confutandi
1235 3194 1404 3251 erant,
1435 3185 1749 3239 mitteretur.
1783 3185 2069 3238 Donatista}

493 3286 697 3338 litteras
737 3281 873 3345 illas,
902 3278 1033 3349 ipsis
1069 3278 1412 3332 vehementer
1446 3276 1715 3340 adversas,
1740 3291 1803 3330 co
1830 3274 2068 3343 profere-

491 3372 636 3435 bant,
666 3368 806 3440 quod
840 3382 933 3424 eas
967 3368 1226 3422 sententia
1268 3368 1319 3420 in
1358 3368 1502 3435 ipsos
1527 3381 1555 3418 a
1582 3365 1927 3419 Constantino
1966 3365 2067 3417 lata

490 3462 811 3529 posteriores
838 3456 1023 3512 haberi
1048 3458 1242 3512 vellent
1276 3475 1287 3509 :
1318 3470 1422 3525 quo
1459 3454 1703 3509 videlicet
1741 3470 1951 3507 causam
1978 3468 2069 3508 eo-

489 3553 611 3605 dem
659 3550 749 3605 illo
790 3547 992 3619 judicio
1035 3547 1415 3616 persuaderent
1458 3544 1656 3598 finitam
1704 3545 1848 3598 nullo
1911 3544 2068 3598 modo

486 3640 679 3705 fuisse;
714 3646 874 3708 atque
902 3636 1039 3692 adeo
1068 3635 1357 3690 examinari
1396 3642 1663 3702 oportere,
1695 3633 1819 3703 quid
1848 3633 2068 3701 hujusce

491 3731 709 3801 ligentii
748 3729 1058 3784 missionem
1083 3734 1228 3780 esset
1250 3734 1593 3779 consecutum
1633 3724 1736 3793 (Ad
1782 3722 2067 3777 Donatistas

497 3830 605 3889 post
635 3820 844 3887 Callat.,
871 3835 925 3872 n.
955 3815 1068 3888 55).
1111 3815 1217 3870 Sed
1262 3813 1677 3883 respondebatur
1705 3828 1734 3865 a
1761 3811 2063 3879 Catholicis,

493 3912 621 3966 nihil
649 3912 874 3979 amplius
894 3924 1011 3964 esse
1031 3907 1195 3971 dubii,
1222 3906 1348 3976 quin
1378 3905 1649 3960 absolutus
1668 3902 1854 3958 fuisset
1875 3920 1902 3956 a
1930 3904 2069 3957 Con-

490 4003 725 4055 stantino
752 3999 1102 4062 Caecilianus;
1135 3996 1348 4067 jamque
1384 3994 1487 4050 hoc
1519 3996 1621 4050 illis
1650 3994 1976 4060 incumbere,
2008 4002 2067 4048 ut

492 4093 787 4147 institutum
821 4090 1044 4145 alterum
1065 4089 1319 4158 judicium
1347 4089 1671 4158 argumentis
1700 4087 1947 4157 legitimis
1966 4087 2065 4141 do-

468 4190 676 4237 cerent
700 4180 916 4252 (Brevia.
938 4178 1127 4235 Callet.
1156 4180 1210 4245 5,
1239 4196 1292 4233 η.
1315 4178 1429 4249 42).
1458 4178 1593 4244 Quin
1625 4189 1828 4248 postea,
1864 4179 2067 4235 collatis

486 4277 630 4329 inter
655 4288 714 4328 se
735 4281 1031 4343 temporum
1059 4272 1217 4335 notis,
1243 4271 1566 4327 intellectum
1591 4280 1673 4325 est
1699 4270 1917 4340 lngentii
1937 4286 2066 4326 can-

492 4381 606 4419 sam
651 4364 979 4420 absolutione
1014 4361 1284 4418 Cznciliani
1322 4362 1551 4432 priorem
1599 4361 1882 4416 exstitisse.
1934 4361 2069 4417 llinc

494 4458 703 4515 interim
745 4458 873 4513 illud
909 4455 1209 4528 compendii
1248 4455 1531 4511 accedebat
1558 4455 1867 4521 Catholicis,
1903 4455 2064 4525 quod,

490 4552 682 4619 quibus
724 4550 1040 4605 testimoniis
1077 4549 1359 4603 utebantur
1404 4548 1713 4613 adversarii,
1742 4563 1804 4603 ea
1848 4547 2069 4603 mirifice

492 4641 688 4698 Felicis
728 4642 1081 4696 innocentiam
1130 4640 1491 4695 adstruebant.
1542 4640 1688 4695 llauc
1750 4650 1925 4695 tamen
1968 4640 2067 4709 ipsi

490 4747 699 4801 quoque
724 4742 977 4801 praetcrea
1020 4729 1488 4797 confirmaverunt,
1516 4730 1688 4785 oblata
1716 4730 1908 4785 ,Ειίοηί
1941 4746 2067 4800 pro-

490 4821 745 4888 consulis,
770 4822 857 4892 qui
886 4821 953 4877 de
981 4836 1140 4876 causa
1179 4822 1319 4876 illius
1346 4829 1692 4891 cognoverat,
1718 4822 1975 4876 relatione
1998 4820 2066 4876 ad

487 4910 892 4966 Constantinum
913 4926 927 4977 ;
960 4912 1066 4966 imo
1081 4920 1136 4967 et
1162 4913 1290 4981 ipsis
1308 4911 1545 4982 ejusdem
1564 4912 1879 4983 cognitionis
1902 4914 2063 4979 actis;

488 5000 557 5056 ad
578 5018 697 5073 quae
721 5012 1063 5059 monumenta
1088 5003 1225 5073 quod
1255 5011 1612 5072 opponerent,
1641 5003 1771 5058 nihil
1814 5003 2065 5074 ponderis

490 5091 715 5161 alicujus
741 5093 1014 5148 inventum
1041 5109 1070 5147 a
1099 5093 1405 5147 Donatistis.

564 5182 653 5235 ll.
690 5182 948 5239 Catholici
978 5183 1210 5248 tandem,
1246 5184 1334 5238 ubi
1365 5182 1547 5238 videre
1572 5183 1682 5253 jam
1715 5184 1843 5238 satis
1868 5199 1929 5239 ea
1950 5183 2065 5239 dis-

489 5284 643 5325 cussa
676 5287 814 5339 esse,
833 5289 951 5343 qua:
987 5274 1084 5328 sibi
1114 5272 1444 5329 defendenda
1468 5271 1700 5339 fuerant,
1726 5275 1990 5343 petierunt
2009 5283 2067 5329 ut

492 5361 638 5418 litem
654 5364 902 5432 Cognitor
918 5366 1177 5419 sententia
1204 5381 1295 5420 sua
1324 5364 1498 5420 finiret
1519 5364 1725 5435 (Callat.
1744 5364 1983 5435 Carthag.
2006 5366 2061 5435 5,

490 5468 639 5522 capp.
661 5451 946 5525 57l,576).
972 5453 1256 5508 Donatista:
1272 5462 1455 5509 contra
1485 5454 1669 5508 eadem
1698 5456 1811 5509 sine
1843 5456 1943 5509 line
1980 5456 2064 5510 in—

491 5543 761 5611 gerebant,
785 5552 838 5597 et
865 5559 981 5611 qua:
1003 5544 1101 5612 ipsi
1125 5560 1220 5613 pro
1246 5560 1304 5601 se
1324 5546 1627 5613 attulerant,
1651 5562 1713 5601 ea
1733 5546 2067 5615 queritaban-

490 5640 580 5684 tur
604 5647 665 5684 ex
688 5632 956 5686 voluntate
981 5633 1401 5689 adversariorum
1428 5636 1716 5691 adulterata
1740 5635 1921 5704 (Ibid.,
1946 5654 2059 5708 cap.

484 5718 637 5792 £83).
680 5720 852 5786 Quare
894 5730 1165 5791 comperto
1205 5721 1310 5793 jam
1352 5726 1469 5779 novi
1528 5726 1879 5793 instrun‘tenti,
1923 5727 2061 5795 quod

1646 357 1805 412 VITA
1845 358 1900 411 S.
1944 355 2301 413 AUCL’STINI
2340 358 2660 417 EPlSCOPl.

3654 369 3767 428 459

2189 468 2474 539 legeretur,
2499 473 2623 525 nihil
2650 488 2947 543 superesse,
2964 475 3292 532 Marcellinus
3316 490 3491 548 partes
3515 491 3767 552 utrasque

2187 560 2357 612 locum
2404 562 2679 615 sententia:
2729 564 3019 619 scribenda:
3064 569 3361 623 secedendo
3410 571 3538 625 dare
3578 572 3759 641 jussit.

2183 648 2377 702 Oborta
2396 649 2513 704 dem
2523 667 2607 705 nm
2638 665 2792 707 nocte
2819 653 2919 726 (Ad
2938 654 3224 712 Donatistas
3245 658 3572 729 pastCallat.,
3592 678 3644 716 η.
3668 663 3763 734 16)

2187 739 2329 811 (nam
2362 742 2444 795 illa
2471 753 2624 798 aetate
2651 762 2791 814 sa'pe
2812 749 3170 819 contingebat,
3198 766 3255 805 ut
3275 752 3481 822 judices
3506 754 3761 809 audiendi

2186 833 2497 887 necessitate
2526 850 2689 904 usque
2716 836 2782 889 ad
2804 838 3021 892 multam
3049 850 3257 895 noctem
3286 843 3473 899 sedere
3499 860 3761 915 cogeren-

2187 930 2289 988 tur,
2322 938 2419 977 ncc
2447 925 2545 978 nisi
2573 936 2731 980 noctu
2760 928 2879 982 lites
2908 929 3263 1005 dirimerent),
3290 934 3552 1003 episcopis
3576 950 3767 992 rursus

2184 1013 2443 1068 introduci
2482 1016 2668 1085 jussis,
2715 1018 3055 1076 Marcellimts
3111 1026 3428 1079 sententiam
3476 1026 3763 1082 recitavit:

2182 1120 2282 1173 qua
2311 1115 2473 1161 totum
2500 1111 2802 1163 summatim
2846 1113 3113 1181 negotium
3161 1115 3488 1185 complexus,
3517 1117 3764 1172 confutao

2185 1202 2265 1248 tos
2301 1211 2329 1248 a
2368 1195 2657 1252 Catholicis
2690 1199 2992 1255 Donatistas
3036 1204 3274 1256 omnium
3327 1215 3761 1274 argumentorum

2182 1283 2608 1340 manifestatione
2633 1290 3006 1356 pronuntiavit.
3037 1291 3189 1357 Quod
3230 1302 3570 1363 posteaquam
3612 1296 3769 1348 evul-

2184 1384 2359 1442 gatum
2403 1384 2505 1438 est,
2553 1377 2742 1430 mirum
2790 1388 2985 1447 quanta
3031 1382 3230 1435 exstitit
3276 1384 3509 1437 omnium
3554 1384 3762 1450 laetitia,

2182 1464 2320 1533 quod
2352 1466 2488 1520 Deus
2531 1469 2761 1534 tandem,
2791 1485 2820 1522 a
2861 1472 3051 1540 quibus
3076 1480 3243 1527 staret
3262 1475 3474 1541 veritas,
3505 1491 3533 1529 a
3571 1477 3769 1547 Quibus

2180 1564 2356 1608 autem
2406 1558 2735 1611 mendacium
2789 1572 2945 1630 atque
2988 1578 3164 1631 error,
3191 1564 3759 1634 prodidisset(Callat.

2182 1644 2420 1716 Carllmg.
2451 1647 2668 1718 3,cupp.
2702 1650 2826 1716 58l,
2859 1651 3010 1721 585).

2777 1782 2999 1837 CAPUT
3039 1784 3179 1839 XIII.

2181 1866 2205 1920 l
2241 1866 2496 1931 Quantum
2516 1870 2773 1924 eminuerit
2802 1873 2853 1926 in
2875 1873 3152 1929 Callatiane
3170 1876 3495 1945 Augustinus.
3514 1879 3550 1933 2
3575 1879 3761 1936 Danao

2248 1957 2476 2011 tistarum
2500 1969 2620 2033 quat
2648 1963 2787 2015 tricis
2804 1978 2864 2014 ac
2890 1965 3337 2034 tergiversationes.
3368 1970 3404 2024 5
3430 1970 3596 2035 Quam
3630 1989 3761 2042 pru-

2248 2049 2419 2102 denter
2442 2067 2547 2104 sese
2573 2054 2777 2122 gesserit
2801 2053 3150 2111 Marcellinus.
3175 2058 3210 2113 ι
3234 2058 3513 2116 υοηαιὶειω
3546 2064 3615 2116 ad
3642 2063 3757 2118 lm-

2249 2150 2523 2207 pcratarem
2552 2154 2840 2212 provocant.
2869 2146 2903 2200 5
2929 2144 3227 2203 Callationis
3260 2160 3373 2203 acta
3411 2150 3752 2209 Marcellinus

2246 2230 2431 2298 scripta
2460 2231 2511 2284 in
2550 2232 2890 2289 schismaticas
2922 2238 3086 2293 edicto
3123 2243 3430 2313 promulgat.
3460 2244 3493 2298 6
3519 2244 3587 2299 In
3609 2263 3755 2301 coin-

2248 2320 2485 2387 pendium
2511 2322 2602 2374 illa
2632 2324 2809 2394 redigit
2839 2326 3167 2397 Augustinus.
3199 2331 3229 2385 7
3258 2329 3384 2386 Post
3418 2332 3763 2390 Callationens

2248 2413 2526 2481 frequentes
2558 2414 2626 2466 ad
2654 2413 2929 2471 Ecclesium
2956 2436 3009 2473 se
3034 2422 3281 2491 recipiunt
3304 2423 3601 2481 Donatistae.
3632 2427 3667 2485 8
3686 2426 3763 2484 In

2247 2501 2323 2556 Itis
2343 2505 2638 2558 nominatim
2668 2505 2889 2563 Gabinus
2912 2526 2971 2563 ac
2991 2511 3129 2582 virga
3158 2512 3373 2568 Felicia.

2247 2633 2296 2685 1.
2332 2633 2381 2688 ls
2408 2635 2577 2690 exitus
2602 2634 2701 2691 fuit
2727 2638 3057 2694 celeberrimi
3081 2642 3222 2698 illius
3253 2654 3564 2713 conventus,
3594 2662 3761 2717 quem

2174 2720 2419 2777 Africana
2445 2726 2676 2781 Ecclesia
2715 2728 2825 2797 jam
2864 2739 3003 2787 totos
3051 2741 3177 2788 octo
3229 2750 3399 2790 annos
3447 2739 3754 2810 expetebat,

2174 2828 2435 2885 quemque
2464 2816 2515 2870 iu
2539 2820 2817 2888 prmcipuis
2840 2822 3178 2892 episcopatus
3198 2824 3472 2895 Augustini
3495 2827 3758 2886 fructibus

2169 2908 2289 2973 jure
2316 2922 2676 2962 numeramus.
2708 2910 2866 2965 Certe
2893 2913 3107 2981 quidem
3142 2924 3294 2969 extra
3335 2919 3757 2974 controversiam

2173 3004 2278 3060 est,
2308 2996 2478 3064 ipsum
2508 3012 2571 3051 ex
2595 2998 2984 3056 Catholicorum
3010 3011 3159 3072 parte
3180 3004 3296 3074 ejus
3330 3008 3478 3075 quasi
3518 3016 3757 3062 mentem

2172 3085 2463 3150 exstitisse;
2488 3103 2587 3143 nec
2605 3090 2726 3155 alia,
2754 3100 2810 3144 ut
2828 3106 2925 3145 nos
2958 3092 3169 3161 quidem
3197 3095 3533 3163 arbitramur,
3551 3084 3668 3151 ulla
3694 3111 3759 3154 re

2173 3176 2363 3229 melius
2394 3177 2719 3248 intelligitur,
2752 3190 3004 3249 quantum
3046 3182 3262 3252 ingenio
3290 3185 3516 3240 valuerit
3564 3185 3760 3241 doctor

2174 3268 2260 3322 ille
2289 3283 2351 3321 ac
2371 3269 2560 3323 vindex
2587 3271 2853 3325 Ecclesiae.
2881 3273 3091 3327 Etenim
3114 3276 3236 3330 licet
3260 3276 3453 3345 ubique
3478 3278 3591 3348 ipse
3617 3294 3759 3348 pre.

2171 3361 2341 3416 claras
2372 3361 2545 3431 Alypii
2569 3362 2723 3416 dotes
2745 3364 2987 3429 extollat,
3018 3366 3139 3420 licet
3172 3368 3333 3421 etiam
3354 3369 3544 3437 quibus
3564 3369 3758 3440 dispu-

2173 3452 2316 3506 tandi
2378 3451 2646 3520 provincia
2706 3452 3021 3509 demandata
3072 3464 3192 3521 est,
3242 3458 3276 3511 ii
3334 3457 3495 3513 dubio
3567 3462 3754 3529 procul

2171 3543 2409 3596 omnium
2434 3543 2796 3597 Africanorum
2823 3546 3117 3601 antistitum
3148 3548 3265 3617 ejus
3284 3549 3452 3604 relatis
3467 3549 3756 3608 clarissimi

2166 3633 2315 3702 justa
2365 3648 2429 3688 ac
2475 3636 2778 3703 peritissimi
2815 3634 3047 3703 fuerint;
3090 3638 3430 3694 nihilosecius
3478 3648 3652 3695 tamen
3696 3643 3754 3697 in

2170 3726 2416 3780 omnibus
2446 3727 2723 3795 Augustini
2772 3727 2946 3793 dictis,
2976 3743 3038 3783 ea
3089 3729 3289 3784 dilucet
3330 3730 3524 3800 ingenii
3556 3731 3656 3797 vis,
3686 3746 3753 3786 ea

2172 3814 2394 3869 facilitas
2419 3831 2481 3870 ac
2509 3818 2761 3884 suavitas,
2793 3828 2995 3874 tantum
3034 3819 3263 3890 denique
3297 3823 3480 3891 gratia:
3508 3822 3663 3877 simul
3696 3833 3755 3879 et

2171 3921 2477 3972 nervorum,
2496 3917 2553 3961 ut
2572 3907 2795 3962 aliorum
2823 3924 2932 3978 pra:
2949 3910 3036 3964 ille
3057 3910 3250 3964 lumina
3270 3921 3604 3977 evanescant,
3628 3926 3756 3969 exs-

2172 3996 2598 4066 tinguanturque.
2638 3997 2968 4054 luridiciales
3011 3999 3287 4065 formulas,
3338 4009 3393 4055 et
3432 4017 3613 4055 curam
3650 4002 3753 4057 ob-

2170 4088 2413 4142 servandi
2451 4089 2618 4143 sicubi
2653 4088 2918 4159 quidpiam
2960 4102 3183 4159 peceent
3221 4093 3524 4159 Donatistw,
3556 4093 3757 4163 Alypio

2170 4190 2225 4235 et
2246 4180 2484 4235 Possidio
2530 4181 2779 4251 relinquit
2828 4199 2842 4235 :
2886 4191 2941 4235 at
2965 4182 3172 4251 quoties
3210 4182 3372 4236 ardua
3413 4182 3654 4252 quietiam
3693 4190 3754 4239 et

2170 4272 2345 4340 magni
2398 4272 2655 4325 momenti
2683 4270 2904 4340 quaestio
2942 4272 3201 4342 agitatur,
3229 4282 3319 4327 aut
3359 4272 3617 4327 firmanda
3660 4281 3748 4328 est

2174 4365 2424 4419 Ecclesiae
2466 4364 2617 4429 ﬁdes,
2660 4373 2769 4418 tum
2799 4379 2927 4419 vero
2957 4365 3029 4419 illi
3073 4365 3401 4435 disceptandi
3441 4381 3631 4420 munus
3683 4380 3755 4420 ac

2174 4459 2341 4512 vicem
2382 4472 2570 4512 omnes
2588 4455 2859 4512 deferunt.
2892 4457 3026 4511 Hinc
3048 4468 3132 4512 est
3159 4473 3254 4512 cur
3296 4472 3419 4512 eum
3458 4457 3511 4510 in
3560 4457 3751 4526 primis

2171 4548 2373 4602 duabus
2398 4547 2774 4604 Collationibus
2798 4548 2881 4600 vix
2901 4547 3184 4617 quidquam
3214 4548 3444 4601 locutum
3472 4547 3709 4615 reperias
3729 4565 3748 4602 :

2172 4638 2224 4692 in
2274 4638 2337 4693 iis
2364 4652 2491 4691 vero
2515 4652 2633 4707 qua:
2674 4637 2827 4692 nobis
2861 4652 2891 4691 e
2919 4638 3070 4691 tertia
3100 4638 3281 4691 relicta
3311 4645 3455 4700 sunt,
3483 4650 3752 4706 nusquam

2169 4728 2283 4783 fere
2310 4729 2453 4782 illum
2490 4743 2593 4781 non
2622 4727 2917 4782 audiamus.
2947 4728 3002 4783 Si
3034 4729 3124 4798 qui
3158 4744 3315 4798 porro
3350 4728 3748 4782 animadverte-

2169 4829 2310 4883 runt,
2341 4819 2526 4875 eadem
2560 4818 2740 4873 abillo
2766 4818 2817 4872 in
2845 4820 2954 4873 suis
2983 4819 3129 4873 libris
3159 4819 3322 4872 multo
3346 4817 3542 4872 clarius
3567 4833 3629 4872 ac
3649 4833 3748 4873 ve-

2168 4908 2467 4963 hementius
2494 4918 2734 4975 tractata,
2761 4924 2917 4978 quam
2949 4909 3000 4962 in
3028 4908 3347 4973 Collatione;
3390 4908 3549 4963 iidem
3588 4908 3752 4965 simul

2168 5000 2505 5067 cantitentur,
2536 5014 2637 5054 non
2660 5001 2873 5056 licuisse
2896 5002 2968 5054 illi
2990 5015 3085 5070 per
3111 5002 3413 5070 frequentes
3438 5001 3747 5054 Donatista-

2168 5108 2283 5147 rum
2332 5093 2776 5163 interpellationes
2818 5093 3003 5147 eadem
3052 5092 3207 5147 isthic
3253 5092 3449 5162 ingenii
3503 5093 3751 5148 libertate

2168 5198 2323 5253 agere
2350 5182 2522 5253 (Bald.
2551 5184 2605 5237 in
2635 5183 2860 5236 Historia
2888 5183 3098 5249 Collat.,
3129 5201 3245 5254 pag.
3277 5184 3400 5248 125,
3430 5182 3490 5249 C,
3514 5182 3607 5256 Β).
3634 5183 3748 5238 Nec

2167 5273 2310 5328 forte
2338 5275 2603 5328 immerito
2630 5284 2721 5327 aut
2749 5275 3045 5329 istiusmodi
3074 5274 3473 5343 perturbationi,
3498 5282 3587 5327 aut
3613 5288 3746 5327 con-

2168 5364 2417 5418 tentionis
2456 5363 2648 5417 fervori
2677 5364 2941 5428 tribueris,
2971 5365 3109 5433 quod
3149 5365 3483 5418 observatum
3522 5364 3746 5433 quibus-

2166 5453 2307 5517 dam,
2333 5463 2577 5523 tanquam
2598 5454 2666 5509 ab
2691 5453 2887 5508 incuria
2918 5453 3382 5523 profectum,inter
3407 5462 3747 5509 sacramenta

2167 5545 2313 5613 regni
2343 5544 2511 5608 ludar,
2537 5560 2659 5615 qua:
2704 5545 2934 5614 legitima
2964 5555 3131 5609 erant,
3157 5555 3210 5599 et
3246 5544 3396 5614 regni
3426 5544 3587 5599 Israel
3607 5585 3622 5610 ,
3652 5545 3745 5599 ubi

2168 5646 2358 5704 praeter
2378 5638 2545 5705 legem
2574 5637 2998 5702 celebrabantur,
3029 5653 3131 5690 non
3149 5639 3276 5690 satis
3302 5636 3607 5691 distinxisse
3633 5635 3742 5689 Ca-

2169 5728 2418 5794 tliolieos;
2444 5728 2533 5784 sed
2563 5730 2850 5798 generatim
2869 5729 3179 5795 affirmasse,
3213 5727 3534 5800 repudiatam
3560 5741 3589 5781 a
3611 5726 3742 5781 Pro-
