4042 6360
472 279 587 336 435

484 411 591 451 non
621 394 747 450 satis
772 400 994 449 constat.
1026 389 1132 446 Sed
1164 380 1219 445 in
1241 389 1341 444 hac
1364 403 1459 444 eos
1487 387 1631 457 ipsos
1654 383 1940 452 Scriptura:
1966 380 2049 434 lo-

485 498 599 548 cos,
629 483 716 553 qui
741 483 847 552 jam
891 482 942 535 in
980 479 1275 535 Collationc
1316 476 1539 533 discussi
1586 474 1825 538 fuerant,
1866 484 2054 525 rursus

487 574 726 643 proferre
750 588 853 626 non
884 574 1199 625 verebantur
1227 587 1240 623 :
1272 570 1426 623 istum
1455 564 1697 620 videlicet
1717 578 1782 616 ex
1801 560 2055 628 Apostolo

490 646 731 734 petitum.
765 662 1129 733 Nolitejugum
1157 659 1336 713 ducere
1362 673 1473 711 cum
1497 653 1782 724 inﬁdelibus
1809 650 1905 723 (ll.
1935 649 2051 705 Cor.

489 771 572 820 vt,
606 756 743 823 14),
774 754 1007 822 aliosque
1036 750 1365 819 hujusmodi;
1402 747 1493 802 sed
1529 746 1792 816 prmcipue
1818 749 2053 796 ostenta-

489 847 618 901 bant
646 848 792 901 illum
819 842 1023 915 Aggmi,
1050 843 1357 911 Quicumque
1387 839 1645 893 accesserit
1668 837 1758 890 illa
1776 876 1789 900 ,
1821 834 2056 902 inquina-

493 938 624 991 bitur
662 938 868 1007 (Aggazi
905 951 961 1001 ιι,
994 935 1117 1004 14).
1145 933 1342 986 Ibidem
1386 928 1714 983 conabantur
1755 924 2055 995 explicare,

386 1038 399 1051 ’
491 1028 632 1098 quod
673 1033 721 1081 in
753 1027 1045 1083 Collationc
1075 1025 1345 1088 dixerant,
1371 1021 1592 1075 Causam
1627 1032 1798 1072 causae
1818 1056 1833 1082 ,
1860 1023 1914 1070 et
1940 1029 2059 1083 per-

494 1133 678 1172 sonam
711 1133 814 1171 non
844 1115 1186 1185 prmjudicare
1214 1125 1455 1182 persona:
1481 1108 1596 1178 (Ad
1628 1107 1915 1161 Danatistas
1949 1110 2059 1173 post

494 1206 700 1271 Callat.,
729 1224 780 1260 ιι.
821 1206 953 1275 25).
998 1204 1359 1258 Causabantur
1386 1200 1697 1255 sententiam
1733 1205 1890 1250 noctu
1934 1209 2059 1264 pro-

496 1298 783 1351 nuntiatam
812 1312 930 1351 esse
955 1295 1151 1367 (Ibid,
1180 1311 1267 1347 nn.
1301 1293 1397 1355 ili,
1435 1291 1536 1356 20,
1573 1287 1715 1361 58);
1747 1302 1806 1342 se
1832 1287 1972 1355 ipsos
2006 1285 2058 1338 in

493 1386 802 1441 Collationis
839 1388 957 1442 loco
1001 1386 1147 1455 quasi
1190 1387 1241 1438 in
1270 1398 1482 1438 carcere
1525 1382 1792 1441 inclusos;
1824 1385 2058 1444 ereptam

495 1480 592 1533 sibi
617 1479 910 1533 facultatem
938 1479 1122 1541 libere,
1151 1492 1267 1547 quae
1292 1476 1515 1537 vellent,
1543 1474 1596 1525 in
1625 1470 1853 1524 medium
1884 1465 2059 1537 profe-

492 1570 673 1635 rendi;
697 1570 907 1640 etquod
932 1586 1049 1623 cum
1074 1569 1234 1639 judex
1267 1567 1422 1621 fidem
1448 1565 1760 1620 catholicam
1784 1561 2058 1631 proﬁtere-

494 1670 611 1724 tur,
650 1661 807 1715 etiam
859 1663 1199 1730 propensiore
1238 1660 1413 1714 animo
1444 1658 1627 1712 fuisset
1669 1656 1719 1709 in
1760 1654 2061 1709 Catbolicos

495 1748 516 1822 (
538 1749 611 1805 De
652 1749 814 1804 Gestis
850 1768 964 1804 cum
1011 1751 1256 1813 Emerita,
1303 1767 1354 1802 η.
1386 1748 1472 1818 9.).
1504 1748 1766 1802 Emeritus
1812 1745 2059 1799 defensor

494 1854 677 1894 eorum
704 1840 753 1894 in
779 1838 1070 1894 Collationc
1093 1841 1379 1909 prmeipnu-
1402 1836 1707 1910 (Possidius,
1730 1836 1781 1889 in
1810 1834 1921 1889 Vita
1950 1836 2056 1886 Au-

497 1933 709 2001 gustini,
739 1949 784 1985 ο.
820 1933 886 1986 14
907 1930 957 2003 ),
989 1932 1183 2001 aliquot
1214 1940 1332 2000 post
1355 1930 1506 1984 anuis
1526 1969 1539 1995 ,
1583 1929 1804 1982 fueritne
1828 1925 2059 1980 auctori-

496 2030 602 2075 tate
632 2024 831 2087 victus,
873 2039 938 2076 an
969 2024 1198 2092 potentia
1243 2034 1528 2090 oppressus
1548 2061 1562 2083 ,
1599 2020 1814 2073 cuilibet
1841 2032 1905 2071 ex
1934 2016 2061 2085 ipsis

494 2113 624 2166 actis
666 2124 848 2183 patere
875 2113 1080 2167 dicebat
1107 2112 1214 2184 (De
1239 2111 1398 2165 Gestis
1427 2128 1539 2164 cum
1577 2110 1844 2172 Emerita,
1878 2125 1930 2161 η.
1967 2105 2056 2178 '5).

494 2200 625 2254 Tum
667 2218 792 2256 vero
828 2203 972 2271 ipse,
1011 2218 1128 2257 cum
1176 2202 1261 2256 alii
1296 2201 1526 2271 judicem
1556 2216 1585 2253 a
1619 2199 1904 2255 Catbolicis
1930 2214 2061 2252 auro

493 2299 795 2361 corruptum
828 2293 988 2347 fuisse
1029 2294 1081 2346 in
1122 2294 1307 2362 vulgus
1333 2300 1639 2361 sparserunt
1669 2290 1864 2363 (lbid.,
1896 2307 1948 2343 ιι.
1982 2292 2057 2354 2;

494 2384 575 2438 Ad
600 2385 888 2439 Danatistas
912 2396 1024 2458 post
1044 2385 1251 2450 Callet,
1271 2403 1359 2439 nn.
1392 2387 1413 2438 1
1442 2426 1456 2449 ,
1484 2384 1581 2448 39,
1611 2385 1705 2448 57,
1732 2384 1851 2454 etc.)
1879 2383 2057 2449 Quan-

456 2512 457 2515 η
490 2489 647 2542 quam
685 2490 812 2530 vero
850 2477 1226 2544 Imperatorem
1271 2474 1681 2544 appellaverint,
1722 2472 2063 2527 nihilominus

492 2575 664 2619 tamen
697 2567 863 2620 tertia:
888 2566 1199 2621 Collationis
1221 2575 1337 2619 acta
1366 2564 1583 2634 perinde
1604 2606 1617 2629 ,
1642 2574 1797 2633 atque
1822 2565 2061 2632 superio-

493 2670 609 2708 rum
639 2656 886 2721 duarum,
909 2656 1329 2724 subscripseraut
1362 2673 1375 2709 :
1406 2654 1498 2709 sed
1527 2669 1780 2722 nusquam
1819 2640 1928 2707 fere
1959 2669 2061 2707 non

492 2747 690 2810 addito,
718 2747 861 2801 salva
899 2747 1251 2816 appellatione
1294 2761 1355 2800 se
1391 2745 1744 2800 subscribere.
1776 2745 2061 2799 Marcellini

492 2836 842 2905 subscriptio,
875 2837 1084 2891 tametsi
1116 2837 1342 2905 primum
1382 2852 1440 2890 se
1476 2836 1891 2905 subscripturnm
1934 2851 2061 2905 spo-

493 2926 786 2993 pondisset,
819 2937 994 2981 tamen
1022 2928 1238 2981 omnino
1271 2928 1320 2981 in
1350 2927 1506 2980 trium
1531 2925 1732 2980 dierum
1760 2927 1891 2980 actis
1918 2926 2060 2980 desi-

492 3018 725 3072 deratur.
750 3020 817 3073 At
838 3019 948 3073 fieri
978 3034 1106 3073 sane
1130 3019 1317 3088 potuit,
1348 3026 1413 3087 ut
1431 3017 1667 3086 partibus
1692 3019 1742 3071 in
1769 3017 1818 3071 id
1840 3032 2062 3072 consen-

493 3109 744 3164 tientibus
771 3110 872 3163 hoc
896 3124 1058 3165 onere
1084 3109 1336 3163 liberatus
1365 3107 1541 3162 fuerit.

561 3198 616 3254 5.
645 3199 779 3264 Quin
801 3209 916 3252 acta
937 3198 1262 3260 Collationis,
1281 3198 1367 3251 ubi
1394 3198 1615 3265 primum
1639 3195 1782 3250 fuere
1798 3195 2060 3264 descripta

492 3290 820 3355 concinuius,
854 3290 1058 3358 publice
1089 3290 1354 3357 proposita
1386 3288 1597 3351 fuerint,
1630 3288 1757 3341 nulli
1784 3302 2062 3341 censemus

491 3378 877 3448 ambigendum.
915 3378 982 3430 Et
1019 3378 1120 3431 huc
1146 3377 1359 3431 indubie
1379 3376 1708 3431 referendum
1736 3384 1817 3430 est
1839 3376 2063 3443 subiun-

492 3481 633 3524 ctum
662 3478 913 3524 extremm
932 3469 1211 3524 Collatioui
1234 3468 1535 3534 Cognitoris
1563 3469 1810 3523 edictum.
1832 3468 1933 3521 Sed
1957 3484 2062 3522 non

491 3563 561 3615 ita
589 3562 919 3630 perspicmun
950 3569 1047 3623 est,
1080 3575 1145 3613 an
1174 3559 1272 3613 hoc
1302 3559 1482 3612 haberi
1512 3559 1696 3612 debeat
1729 3574 1823 3627 pro
1846 3568 2061 3611 senten-

492 3654 562 3706 tia
584 3653 873 3707 secundnm
899 3652 1200 3705 Catholicos
1243 3650 1574 3719 pronuntiata
1596 3689 1609 3712 ,
1651 3665 1751 3718 qua
1779 3650 1893 3710 ille,
1930 3658 2062 3703 teste

491 3747 781 3815 Augustino
814 3786 828 3807 ,
878 3743 1053 3797 omnia
1104 3759 1221 3813 qua:
1276 3742 1594 3811 de'prolixa
1647 3742 1803 3794 trium
1857 3741 2061 3795 dierum

490 3838 695 3889 actione
717 3836 884 3904 potuit
904 3835 1191 3895 recordari,
1216 3832 1520 3900 complexus
1544 3841 1622 3885 est
1644 3830 1855 3897 (Brevia.
1878 3830 2058 3885 Collttt.

491 3929 526 3981 5
543 3967 557 3991 ,
587 3942 639 3978 ιι.
663 3925 785 3996 45).
808 3926 916 3979 lloc
933 3934 1107 3978 autem
1145 3924 1197 3977 in
1220 3923 1393 3977 edicto
1415 3925 1684 3990 sequentia
1702 3921 1928 3975 declarat
1948 3930 2064 3974 tan-

491 4032 646 4086 quam
670 4016 1061 4070 evidentissime
1075 4015 1289 4084 probata
1308 4013 1516 4082 (Labbe,
1532 4022 1647 4065 tam.
1666 4012 1720 4075 2,
1740 4029 1857 4081 pag.
1876 4010 2059 4082 1505):

493 4108 666 4162 Alieni
713 4108 928 4161 sceleris
965 4122 1101 4160 noxa
1150 4106 1308 4158 alium
1340 4105 1451 4157 ﬁeri
1505 4119 1651 4157 reum
1696 4103 1912 4156 omnino
1958 4118 2060 4156 non

492 4213 683 4267 posse;
715 4208 872 4265 atque
894 4196 1028 4249 adeo
1057 4209 1161 4248 non
1198 4194 1430 4263 potuisse
1456 4192 1749 4247 Ecclesiam
1776 4192 1981 4245 collatis
2009 4192 2059 4244 in

493 4288 829 4363 Caecilianum
879 4285 1191 4339 criminibus
1241 4283 1420 4346 infici;
1474 4297 1647 4350 neque
1693 4290 1866 4334 tamen
1915 4281 2059 4334 illum

492 4377 709 4433 admissi
733 4376 1024 4445 cujuspiam
1045 4374 1342 4428 convictum
1372 4372 1477 4424 ullo
1505 4371 1661 4426 modo
1685 4371 1871 4436 fuisse;
1897 4386 2063 4441 quan-

491 4465 772 4536 doquidem
800 4465 848 4519 ei
873 4464 1188 4528 Concilium,
1214 4476 1241 4514 a
1264 4476 1370 4532 quo
1391 4462 1484 4516 fuit
1508 4461 1770 4514 inauditus
1795 4471 1849 4515 et
1868 4461 2061 4516 absens

491 4556 891 4619 condemnatus,
908 4555 1116 4608 ofﬁcere
1138 4551 1276 4606 haud
1297 4549 1463 4620 magis
1478 4551 1657 4615 valuit,
1678 4566 1834 4619 quam
1856 4550 2060 4603 absenti

492 4660 702 4715 quoque
732 4645 997 4698 Primiano
1033 4640 1535 4696 Maximianistarum
1582 4640 1815 4710 synodus
1851 4656 1864 4692 :
1897 4639 2060 4694 fuisse

492 4746 666 4791 autem
695 4735 916 4790 crimine
939 4734 1215 4787 liberatum
1246 4732 1297 4785 in
1325 4731 1502 4786 multis
1528 4730 1905 4799 posterioribus
1921 4730 2061 4798 judi-

493 4827 628 4897 ciis;
658 4827 916 4880 Donatum
942 4838 1070 4878 vero
1093 4832 1361 4878 auctorem
1394 4822 1597 4876 discidii
1628 4822 2015 4891 pronuntiatum
2043 4841 2057 4877 :

493 4919 723 4974 Felicem
766 4920 1159 4987 Aptungensem
1207 4914 1275 4969 de
1317 4914 1640 4968 calumniosa
1695 4914 2061 4969 criminatione

494 5012 737 5066 similiter
765 5011 815 5064 in
855 5006 1079 5063 solemni
1104 5006 1300 5076 judicio
1327 5014 1603 5076 purgatum
1632 5021 1770 5061 esse.
1799 5006 2062 5061 Perstrin-

493 5101 569 5167 git
594 5102 665 5155 ibi
692 5100 1075 5154 Donatistarum
1104 5097 1463 5166 pertinaciam,
1488 5096 1676 5165 quibus
1695 5097 1870 5165 perire
1892 5096 1941 5149 in
1971 5112 2060 5149 er-

496 5203 619 5242 rore
644 5203 739 5242 suo
758 5230 772 5253 ,
803 5204 959 5259 quam
988 5188 1154 5242 libere
1185 5189 1236 5241 in
1279 5187 1417 5239 viam
1443 5185 1627 5239 salutis
1663 5186 1864 5248 redire,
1896 5186 2061 5239 satius

495 5277 808 5331 videbatur:
834 5287 993 5347 utque
1023 5277 1310 5346 periculum
1345 5275 1497 5329 faciat
1520 5316 1534 5336 ,
1566 5290 1689 5327 num
1719 5274 1850 5328 forte
1874 5313 1889 5339 ,
1917 5275 2058 5343 quod

497 5367 565 5420 ab
590 5366 667 5420 eis
689 5366 926 5421 obtinere
949 5368 1029 5421 vis
1053 5368 1288 5421 veritatis
1314 5382 1419 5421 non
1444 5365 1622 5431 valuit,
1654 5365 1720 5419 sit
1747 5381 2059 5433 expressum

495 5457 784 5519 severitas;
811 5465 901 5510 aut
918 5456 1102 5511 saltem
1128 5458 1437 5526 prohibeat,
1467 5472 1533 5512 ne
1559 5471 1715 5526 quam
1745 5456 1878 5522 sibi,
1910 5471 2058 5511 eam-

496 5546 620 5603 dem
641 5554 851 5617 quoque
875 5546 993 5601 aliis
1017 5549 1301 5614 perniciem
1328 5548 1566 5613 afferant,
1594 5549 1899 5618 gravissima
1924 5549 2062 5602 mul-

495 5643 577 5690 cta
609 5634 873 5706 proposita
902 5634 1090 5701 edicit,
1122 5644 1179 5689 ut
1203 5651 1388 5691 omnes
1427 5638 1659 5692 omnium
1687 5638 1930 5693 ordinum
1958 5638 2069 5719 viri

1606 270 1763 326 VITA
1800 266 1855 324 S.
1901 260 2263 323 AUGUSTI?"
2298 262 2618 323 EPISCOPI.

3616 272 3728 333 436

2159 379 2468 449 provideant
2489 396 2584 449 pro
2603 395 2696 435 sua
2721 381 2877 447 virili,
2906 398 2977 437 ne
2996 394 3287 440 conventus
3317 387 3520 442 illorum
3551 398 3641 443 aut
3668 392 3726 445 in

2160 472 2395 534 urbibus,
2435 484 2525 527 aut
2563 474 2764 543 uspiam
2807 476 3022 531 omnino
3055 478 3232 532 sinant
3278 482 3456 545 coire;
3495 482 3731 553 itemque

2160 563 2286 618 dent
2308 578 2521 634 operam
2543 607 2559 632 ,
2588 575 2647 619 ut
2673 566 2913 622 ecclesias
2938 582 3037 622 suo
3061 569 3228 638 ipsius
3262 571 3411 640 jussu
3442 573 3734 629 Donatistis

2160 664 2283 709 ante
2316 655 2658 710 Collationem
2701 657 2951 724 rcdditm,
2981 674 3137 728 quam
3182 666 3405 730 primum
3455 666 3735 722 tradantur

2161 748 2461 804 Catbolicis.
2492 751 2773 808 Persanctc
2792 753 3037 816 affirmat,
3064 771 3157 811 eos
3180 757 3267 825 qui
3291 757 3398 825 jam
3428 759 3646 814 istorum
3675 762 3733 815 in

2161 839 2437 895 factionem
2478 844 2855 914 transfugient,
2885 863 3095 916 paruam
3141 850 3337 919 legibus
3366 865 3526 921 super
3565 869 3625 908 ea
3670 870 3736 910 re

2163 934 2540 1003 promulgatis,
2583 935 2675 988 sed
2719 937 2942 991 necdum
2994 951 3165 993 tamen
3219 943 3371 1011 plene
3415 945 3736 1007 observatis,

2161 1023 2499 1078 constitutam
2525 1025 2690 1078 vitare
2712 1028 2930 1082 ulterius
2952 1046 3053 1083 non
3078 1046 3252 1098 posse.
3280 1033 3406 1087 item
3432 1036 3734 1103 universos,

2161 1111 2249 1180 qui
2278 1109 2740 1170 Circumcelliones
2767 1117 2819 1170 in
2848 1118 2957 1172 suis
2983 1120 3191 1187 praediis
3220 1120 3515 1187 habuerint,
3547 1141 3737 1180 eorum

2162 1211 2380 1257 conatus
2425 1206 2702 1261 seditiosos
2730 1222 2976 1263 coercere
3000 1211 3149 1276 jubet
3175 1230 3187 1264 :
3216 1214 3302 1281 qui
3346 1217 3396 1266 ni
3437 1216 3734 1284 paruerint,

2163 1295 2275 1349 loca
2305 1296 2392 1349 illa
2412 1312 2440 1351 a
2464 1296 2589 1353 fisco
2614 1316 2735 1353 mox
2761 1302 3098 1370 occupanda;
3136 1308 3329 1374 quippe
3357 1306 3455 1360 hoc
3478 1323 3579 1360 non
3610 1308 3737 1362 fidei

2161 1386 2433 1442 catholica:
2480 1397 2708 1456 tantum,
2754 1392 2845 1447 sed
2875 1394 3033 1448 etiam
3079 1396 3300 1460 publica:
3340 1401 3739 1468 tranquillitatis

2164 1478 2439 1534 interesse.
2480 1481 2723 1535 Attamen
2763 1498 3065 1539 concessam
3109 1487 3282 1541 edicto
3322 1502 3417 1541 suo
3460 1491 3738 1558 superiore

2164 1568 2448 1623 Donatistis
2473 1582 2795 1626 commeatus
2815 1576 3147 1629 securitatem
3170 1578 3509 1642 confirmans,
3542 1595 3608 1633 ne
3629 1595 3736 1649 qua

2163 1661 2362 1715 reditus
2387 1662 2488 1715 illis
2520 1664 2898 1718 intercludatur
2918 1707 2933 1730 ,
2960 1674 3134 1732 vetat,
3171 1666 3341 1721 donec
3378 1670 3487 1722 suis
3511 1670 3738 1739 quisque

2164 1751 2377 1806 sedibus
2402 1752 2587 1807 redditi
2613 1753 2897 1817 declarent,
2925 1764 3099 1809 utrum
3126 1756 3190 1809 ad
3221 1758 3506 1811 Ecclesiam
3531 1760 3732 1824 redire,

2164 1850 2318 1907 atque
2337 1856 2427 1895 eas
2448 1843 2796 1905 conditiones,
2820 1859 2952 1912 quas
2981 1845 3084 1898 illis
3104 1845 3212 1914 jam
3235 1854 3356 1900 ante
3380 1846 3733 1903 Collationem

2162 1931 2486 1995 obtulerant,
2518 1947 2579 1986 ac
2616 1933 2773 1987 etiam
2806 1944 2930 1988 tunc
2956 1935 3243 1989 offerebant
3272 1935 3527 1991 Catholici
3550 1979 3563 2000 ,
3592 1940 3740 1992 acci-

2163 2035 2287 2088 pere
2316 2019 2525 2073 demum
2572 2024 2833 2077 sententia
2883 2034 3042 2078 esset.
3090 2025 3338 2079 Testatur
3378 2042 3585 2096 quoque
3621 2027 3735 2096 jam

2161 2120 2369 2177 peracta
2413 2112 2704 2167 Collationc
2749 2114 3106 2182 Augustinus,
3153 2116 3436 2184 episcopali
3480 2118 3736 2186 dignitate

2164 2200 2279 2252 illos
2298 2217 2400 2254 non
2422 2201 2673 2267 abdicari,
2696 2203 2783 2272 qui
2808 2218 2866 2257 se
2887 2203 2951 2256 ad
2974 2205 3285 2260 catholicam
3307 2209 3735 2264 communionem

2162 2289 2449 2354 referrent;
2478 2293 2704 2356 tametsi,
2727 2294 2813 2362 qui
2835 2294 3110 2361 pra'fracto
3132 2297 3309 2349 animo
3332 2300 3736 2365 perseverabant

2164 2380 2214 2433 in
2241 2396 2441 2443 errore,
2473 2382 2594 2435 hinc
2630 2384 2965 2452 superbiendi
2995 2400 3175 2438 ansam
3203 2395 3455 2454 caperent
3483 2389 3502 2455 (
3519 2389 3596 2441 Ad
3622 2389 3737 2442 Da-

2164 2472 2370 2524 natistas
2400 2482 2511 2542 post
2547 2472 2756 2538 Callat.,
2781 2491 2835 2527 ιι.
2859 2475 2985 2543 58).
3010 2476 3341 2531 Marcellinus
3370 2480 3739 2547 appellationis

2167 2560 2551 2614 Donatistarum
2575 2578 2671 2616 suo
2700 2564 2752 2616 in
2782 2564 2955 2617 edicto
2979 2564 3191 2621 disertis
3217 2567 3391 2621 verbis
3420 2584 3522 2621 non
3550 2570 3739 2623 memi-

2166 2650 2236 2701 nit
2265 2668 2277 2702 :
2302 2650 2403 2704 hoc
2430 2652 2674 2705 nimirum
2708 2654 2837 2707 nihil
2865 2654 3025 2719 aliud,
3056 2670 3212 2723 quam
3240 2658 3540 2725 superiores
3568 2660 3730 2729 leges.

2166 2741 2280 2808 ipso
2307 2740 2640 2810 Imperatoris
2664 2743 2732 2798 de
2769 2744 3006 2798 habenda
3037 2745 3332 2800 Collationc
3360 2748 3607 2803 mandato
3644 2764 3737 2803 re—

2165 2839 2381 2884 novatas
2402 2872 2417 2897 ,
2441 2832 2706 2887 observari
2736 2832 2906 2903 jubet.
2951 2835 3251 2892 Marcellino
3280 2838 3389 2906 jam
3414 2840 3519 2892 vita
3555 2841 3739 2895 functo

2163 2920 2429 2975 Honorius
2446 2934 2591 2992 gesta
2611 2925 2918 2979 Collationis
2936 2926 3054 2995 lege
3070 2928 3225 2982 tertio
3242 2927 3493 2983 kalendas
3513 2941 3739 3001 septem-

2164 3011 2274 3065 bris
2292 3014 2415 3065 anni
2438 3028 2593 3081 supra
2615 3014 3189 3083 quadringentesimum
3211 3016 3401 3071 decimi
3421 3020 3590 3088 quarti
3611 3018 3737 3073 data

2162 3100 2509 3163 confirmavit.
2534 3112 2589 3156 et
2617 3112 2728 3157 rata
2760 3117 2916 3173 atque
2944 3104 3175 3172 legitima
3207 3106 3389 3162 haberi
3411 3108 3613 3179 voluit(
3639 3109 3741 3163 Co-

2163 3193 2272 3245 dice
2290 3192 2501 3257 Thead.,
2522 3194 2586 3246 de
2616 3194 2889 3257 llwreticis,
2917 3196 3023 3266 lege
3042 3196 3165 3267 553).

2235 3284 2286 3337 6.
2312 3284 2507 3338 Eadem
2538 3285 2694 3339 Gesta
2717 3286 3097 3354 vigilantissimi
3126 3287 3319 3356 quique
3343 3288 3735 3359 episcoporum,

2164 3386 2226 3425 ac
2273 3373 2602 3442 potissimum
2655 3374 3103 3445 Carthaginensis,
3149 3377 3530 3445 Hipponensis,
3564 3380 3737 3448 Taga-

2163 3468 2377 3531 stensis,
2408 3477 2461 3520 et
2487 3468 2965 3533 Constantincnsis,
2994 3484 3091 3537 per
3118 3469 3571 3539 quadragesimale
3597 3470 3739 3541 jeju-

2165 3556 2339 3619 nium,
2384 3571 2488 3624 quo
2537 3566 2775 3624 tempore
2819 3557 2954 3611 hanc
2998 3558 3179 3612 audire
3224 3559 3501 3612 lectionem
3541 3559 3739 3629 populo

2166 3647 2330 3715 magis
2356 3647 2591 3713 vacabat,
2623 3664 2653 3701 a
2681 3650 2850 3717 capite
2878 3650 2943 3702 ad
2973 3651 3172 3704 calcem
3200 3652 3456 3704 curabant
3481 3652 3737 3708 recitari:

2168 3736 2381 3805 ipseque
2426 3738 2559 3791 adeo
2598 3739 2950 3807 Augustinus.
2982 3755 3103 3793 cum
3146 3755 3287 3795 anno
3331 3741 3740 3810 quadringente-

2166 3830 2300 3881 simo
2324 3830 2529 3883 decimo
2549 3842 2733 3884 octavo
2754 3842 2893 3885 esset
2923 3830 3199 3898 Cmsareaz,
3238 3833 3480 3887 Deuterio
3520 3833 3739 3902 hujusce

2165 3921 2391 3973 civitatis
2419 3920 2661 3986 antistiti,
2688 3921 2751 3974 ad
2782 3921 3089 3975 imitandum
3115 3922 3357 3976 eumdem
3388 3938 3610 3989 morem,
3637 3938 3739 3978 au-

2166 4020 2364 4065 ctorem
2396 4026 2454 4065 se
2483 4021 2639 4080 atque
2677 4012 2997 4066 hortatorem
3024 4013 3247 4081 prarhuit
3279 4012 3396 4081 (De
3431 4013 3592 4068 Gesti:
3622 4031 3741 4068 cum

2168 4100 2410 4167 Emerita,
2441 4118 2493 4153 η.
2524 4102 2558 4155 4
2582 4104 2620 4170 ).
2664 4101 2846 4171 Signat
2877 4101 3011 4155 haud
3054 4103 3210 4156 dubie
3252 4113 3396 4171 gesta
3428 4104 3514 4156 illa
3555 4120 3654 4159 suo
3683 4109 3736 4160 in

2167 4189 2429 4244 Chronico
2452 4190 2689 4256 ldacius,
2721 4192 2806 4245 ubi
2837 4191 2903 4245 ad
2938 4207 3131 4245 annum
3158 4192 3738 4261 quadringentesimum

2166 4282 2537 4336 duodecimum
2558 4282 2632 4335 ait
2651 4299 2663 4333 :
2687 4283 2994 4351 Augustinus
3016 4282 3223 4334 habetur
3241 4282 3450 4353 insignis
3469 4299 3487 4335 :
3504 4284 3632 4337 inter
3650 4301 3741 4337 cu-

2155 4373 2247 4440 jus
2281 4370 2450 4423 studia
2490 4371 2757 4440 magni/ica
2782 4412 2797 4431 ,
2830 4369 3120 4423 Douatistas
3150 4371 3212 4423 ab
3250 4388 3307 4424 eo
3347 4370 3443 4424 Dei
3482 4372 3739 4439 adjuton'a

2164 4468 2423 4530 superatos
2466 4459 2671 4528 probata
2713 4460 2837 4526 ﬁdes
2879 4460 3181 4512 demonstrat
3221 4460 3478 4514 Actorum.
3521 4460 3630 4515 Nec
3671 4474 3741 4515 ea

2165 4566 2292 4604 sane
2316 4548 2528 4603 fuerunt
2573 4549 2833 4617 incognita
2859 4548 3058 4604 Graecis
3086 4568 3098 4602 :
3131 4549 3340 4617 quando
3364 4551 3544 4619 quinta
3577 4563 3744 4620 syno-

2164 4640 2266 4695 dus
2290 4655 2354 4694 ex
2381 4639 2670 4693 centesimo
2689 4640 3013 4709 octogesimo
3038 4640 3265 4707 septimo
3295 4641 3465 4694 tertia:
3486 4639 3716 4695 Collatia

2166 4730 2250 4783 nis
2275 4728 2496 4782 articulo
2523 4728 2683 4782 verba
2708 4728 2949 4797 quzedam
2981 4730 3259 4798 Augustini
3286 4728 3516 4798 profert,
3545 4730 3740 4799 quibus
3776 4804 3779 4805 ν

2164 4819 2323 4874 licere
2363 4816 2644 4871 anathema
2688 4818 2743 4871 in
2781 4817 3114 4873 demortuum
3152 4818 3350 4884 dicere,
3386 4818 3740 4881 demonstret.

2165 4914 2293 4965 Acta
2322 4911 2555 4981 priorum
2584 4910 2805 4965 duarum
2834 4908 3208 4974 Collationum,
3239 4926 3358 4963 cum
3386 4919 3536 4978 parte
3570 4910 3741 4964 tertia:

2164 5002 2229 5055 ad
2259 5010 2492 5056 nostram
2524 5008 2732 5055 aetatem
2774 5016 2940 5070 usque
2972 5010 3356 5069 pervenerunt,
3397 5001 3491 5055 sed
3532 5000 3741 5075 mendis

2164 5091 2355 5147 foedata
2382 5090 2758 5159 compluribus.
2795 5089 2928 5144 Cum
2963 5105 3025 5144 ea
3059 5105 3218 5159 porro
3263 5089 3567 5159 longissima
3608 5088 3736 5152 sint,

2164 5193 2221 5237 et
2255 5182 2669 5250 impeditissimis
2705 5196 2881 5236 rerum
2923 5180 3233 5249 ambagibus
3278 5180 3544 5249 implicata
3581 5188 3741 5247 atque

2130 5333 2149 5347 ._
2165 5275 2231 5326 ad
2258 5273 2535 5343 legendum
2561 5272 2781 5327 molesta
2809 5289 2823 5336 ;
2852 5271 3130 5326 Marcellus
3153 5272 3386 5341 quidam,
3420 5285 3577 5339 quem
3605 5284 3742 5323 non—

2167 5365 2297 5419 nihil
2326 5362 2649 5417 auctoritatis
2672 5364 2721 5419 in
2738 5363 2838 5417 hoc
2852 5362 3051 5431 judicio
3078 5361 3406 5416 Marcellinus
3425 5360 3618 5415 habere
3641 5375 3740 5413 vo-

2167 5454 2355 5516 luerat,
2395 5452 2446 5506 in
2473 5452 2842 5521 compendium
2870 5451 2979 5520 ipsa
3018 5450 3278 5520 redigere,
3307 5465 3337 5503 a
3366 5449 3652 5505 Severiano
3685 5456 3746 5502 et

2165 5545 2399 5609 .luliano,
2428 5542 2729 5597 Catholicus
2764 5542 3006 5597 videlicet
3033 5555 3063 5593 a
3103 5540 3386 5596 Catbolicis
3400 5547 3613 5608 rogatus
3636 5546 3741 5592 est.

2170 5639 2352 5693 Exstat
2377 5636 2550 5691 adhuc
2569 5635 2807 5707 cpistola,
2833 5648 2934 5705 qua
2964 5634 3218 5689 certiores
3242 5648 3335 5690 eos
3359 5632 3639 5690 Marcellus
3667 5632 3746 5690 [ac
