4042 6360
527 476 816 546 signiﬁcat,
862 489 1025 543 soujue
1071 483 1226 545 negat
1261 477 1378 540 ejus
1405 473 1578 527 ardori
1619 486 1797 542 parem
1833 486 1951 526 esse
1983 471 2092 541 jam

528 580 719 636 posse:
749 581 811 620 ac
829 565 1041 620 demum
1067 565 1216 619 abeo
1240 564 1338 618 sibi
1367 565 1472 616 vim
1497 562 1734 616 adhiberi
1756 561 1943 615 blande
1967 577 2095 630 que—

525 658 660 709 ritur
687 654 905 724 (Eaarr.
925 656 978 708 in
1007 654 1150 709 Psal.
1179 670 1337 712 mn.
1361 671 1413 706 n.
1437 654 1504 707 54
1523 651 1564 722 ).
1597 651 1651 705 In
1687 665 1870 705 eorum
1902 666 2092 704 nume-

511 763 665 806 rum,
694 762 828 816 quos
858 749 993 800 Dens
1022 747 1189 800 voluit
1212 761 1246 800 a
1269 746 1436 800 servis
1465 744 1574 798 suis
1596 743 1896 812 com-pulsos
1919 742 1969 795 in
1995 757 2092 794 au-

527 838 630 890 lam
665 838 946 906 nuptialem
977 834 1196 907 ingredi,
1227 837 1376 902 virgo
1400 833 1637 904 quaedam
1667 832 1878 887 nomine
1898 831 2091 886 Felicia

524 927 752 981 refertur
775 970 788 991 ,
820 944 975 997 qualn
1021 927 1266 981 Christus
1286 925 1598 994 virginitatis
1640 924 1738 976 sibi
1777 931 2091 991 nuncupata:

523 1019 692 1070 fructu
733 1026 1049 1084 perstantem
1087 1018 1136 1069 in
1169 1017 1452 1069 schismate
1483 1014 1693 1068 destitui
1724 1029 1827 1066 non
1864 1022 1946 1067 est
1973 1028 2090 1082 pas-

519 1121 628 1160 sus.
658 1107 787 1160 Eam
821 1108 870 1160 in
903 1118 1168 1176 posterum
1200 1105 1520 1172 Augustinus
1548 1106 1598 1157 in
1628 1119 1719 1158 sua
1746 1103 1966 1158 dimcesi
1985 1145 1998 1164 ,
2030 1111 2089 1158 ut

517 1197 803 1252 verisimile
838 1199 1052 1267 quidem
1091 1207 1172 1250 est
1192 1236 1212 1263 .
1250 1206 1666 1252 commorantem
1687 1237 1701 1259 ,
1729 1208 1826 1262 pro
1857 1193 1959 1246 lilia
1987 1194 2084 1247 sibi

515 1288 727 1357 egregie
748 1288 926 1350 chara,
955 1299 1007 1341 et
1027 1283 1578 1354 honorabilt'corporis
1608 1285 1799 1338 Christi
1825 1283 2081 1348 membro,

514 1369 718 1431 uectum
748 1378 972 1447 Spiritus
993 1377 1160 1431 sancti
1189 1377 1464 1445 praesentia
1503 1377 1624 1429 vivo
1647 1375 1846 1430 habuit.
1881 1375 1956 1428 Ad
1988 1391 2085 1428 nos

515 1483 682 1536 usque
717 1467 955 1536 pervenit
995 1467 1254 1535 cpistola,
1289 1482 1390 1536 qua
1438 1466 1578 1519 illam
1623 1465 1810 1519 oborto
1854 1464 2081 1534 quodam

509 1555 761 1610 scaiidalo
807 1555 1165 1624 perturbatam
1209 1555 1444 1616 solatur,
1499 1555 1941 1622 hortaturque.ut
1977 1570 2081 1606 uno

512 1643 644 1710 Deo,
671 1660 776 1699 non
805 1645 1124 1707 hominibus,
1153 1644 1368 1706 nitatur,
1400 1658 1461 1696 ac
1482 1644 1635 1696 simul
1669 1659 1734 1696 ne
1761 1642 1933 1696 minus
1960 1641 2080 1700 inde

1558 357 1709 412 ῊΤΑ
1751 358 1806 412 8.
1847 355 2208 415 AUGUSTINI
2251 355 2565 414 EPISCOPL

3678 375 3785 430 με)

2203 473 2492 528 Ecclesiam
2519 513 2535 538 ,
2574 475 2625 527 in
2659 473 2810 544 cujus
2835 475 3009 550 sinum
3040 494 3099 535 se
3127 491 3419 552 receperat,
3447 500 3628 543 amare
3652 505 3780 558 per-

2199 574 2308 633 gat.
2337 565 2507 634 Rogat
2529 580 2666 628 eam,
2689 576 2764 631 ut,
2796 583 2902 637 quo
2922 571 3099 625 animo
3122 574 3325 630 litteras
3349 576 3464 631 illas
3487 585 3776 651 acceperit,

2199 655 2480 709 certiorem
2515 654 2686 723 ipsum
2733 658 2891 713 faciat
2931 663 3203 732 rescriptis
3241 668 3382 731 suis,
3424 682 3543 724 sese
3565 712 3583 735 ,
3613 683 3668 727 ut
3704 676 3777 731 ad

2202 744 2371 813 ipsam
2419 745 2694 811 scriberet,
2726 747 2912 804 salutis
2946 752 3088 808 illius
3116 755 3294 809 studio
3330 766 3384 810 et
3421 759 3781 822 sollicitudine

2197 835 2478 888 adductum
2508 851 2816 892 asseverans
2843 839 3043 909 (Epist.
3067 843 3175 900 208
3205 845 3244 916 ).
3274 847 3396 901 Post
3421 848 3776 910 Collationem

2197 925 2442 980 reversus
2470 927 2762 997 Hipponem
2790 934 3111 1001 Augustinus
3131 941 3352 1006 curavit,
3377 955 3433 996 ut
3460 953 3572 998 acta
3600 947 3779 1004 Colla-

2195 1018 2353 1072 tionis
2383 1019 2576 1088 populo
2604 1021 2969 1077 recitarentur.
3005 1027 3070 1080 Et
3099 1027 3198 1083 hoc
3227 1031 3396 1100 ipsum
3425 1034 3664 1093 fortassis
3690 1040 3776 1094 in-

2193 1108 2372 1173 dicat,
2405 1124 2523 1163 cum
2556 1110 2608 1164 in
2634 1127 2877 1166 sermone
2903 1119 3244 1186 nonagesimo
3272 1137 3414 1176 nono
3443 1140 3536 1194 per
3556 1130 3778 1185 aestivos

2191 1198 2398 1253 calores
2428 1214 2532 1253 non
2567 1200 2719 1271 longe
2750 1212 2871 1272 post
2912 1204 3115 1260 finitam
3153 1209 3501 1269 Collationem
3532 1233 3775 1286 pronun-

2193 1288 2340 1379 tiato,
2362 1289 2603 1379 quaedam
2632 1292 2866 1346 referens
2885 1309 3001 1364 quin
3020 1296 3072 1350 in
3099 1299 3284 1354 eadem
3312 1303 3420 1358 fieri
3447 1310 3770 1379 contigerat,

2189 1377 2338 1469 addit
2383 1397 2397 1432 :
2449 1378 2600 1444 Quod
2652 1382 2800 1434 etiam
2852 1385 2907 1438 in
2966 1385 3128 1442 Cestis
3172 1391 3294 1459 ipsis
3345 1395 3509 1466 legere
3564 1377 3774 1469 potestis

2189 1467 2207 1536 (
2233 1468 2398 1522 Serm.
2418 1469 2508 1533 99,
2537 1487 2589 1523 η.
2619 1471 2714 1541 8).
2744 1473 2799 1528 In
2825 1475 3125 1534 Donatistas
3154 1481 3436 1551 plurimum
3463 1504 3526 1542 ea
3556 1467 3609 1544 in
3635 1507 3774 1547 con—

2187 1557 2340 1612 cione
2370 1557 2652 1613 invehitur.

508 1787 3758 1830 Ἥ

1451 1866 1930 1975 LIBER
2005 1864 2822 1980 SEPTIMUS.

505 2084 660 2127 Annos
679 2077 1009 2140 complectitur
1029 2085 1134 2126 octo
1159 2089 1186 2124 a
1208 2073 1683 2139 quadringentesimo
1706 2070 1979 2128 undecuno,
2008 2081 2206 2146 exhquo
2243 2082 2368 2119 anno
2399 2085 2504 2121 rem
2527 2072 2711 2125 habere
2743 2079 2888 2140 carpit
2917 2081 3209 2142 Augustinus
3229 2081 3566 2130 cum-inimicis
3593 2083 3772 2146 gratis

2068 2132 2171 2178 Dei.

1882 2253 2352 2311 «se-saeptae

1018 2390 1244 2446 CAPUT
1285 2389 1569 2444 PRIMUM.

496 2475 522 2530 1
554 2474 791 2548 Pelagius
819 2479 1048 2533 heresim
1075 2497 1217 2533 suam
1250 2483 1474 2550 proferre
1505 2478 1699 2548 incipit.
1723 2478 1758 2531 2
1780 2476 2071 2545 Discipnlns

561 2571 671 2640 ejus
700 2571 957 2626 Caelestius
981 2589 1014 2626 a
1043 2573 1424 2642 Carthaginensi
1451 2572 1662 2625 concilio
1687 2571 2067 2624 condemnatur.

563 2662 602 2716 3
627 2660 929 2732 Pelagianos
949 2672 1205 2734 oppugnat
1230 2663 1560 2732 Augustinus,
1588 2678 1650 2715 ac
1672 2663 1824 2716 libros
1842 2662 1909 2714 ad
1929 2661 2072 2714 Mar-

563 2752 800 2806 cellinum
827 2754 953 2807 duos
969 2756 1033 2806 de
1052 2754 1308 2824 Baptismo
1338 2754 1659 2824 parvulorum
1679 2753 1866 2806 scribit.
1886 2753 1920 2806 4
1939 2751 2068 2820 Epi-

562 2846 741 2897 stolant
785 2845 854 2896 ad
893 2846 1116 2898 eumdem
1156 2862 1243 2898 seu
1279 2845 1458 2898 librum
1497 2844 1834 2913 superioribus
1873 2844 2070 2896 tertium

567 2943 742 2988 contra
775 2932 1075 3005 Pelagianos
1091 2935 1339 3006 adiungit.
1372 2937 1405 2990 5
1431 2933 1580 2989 Liber
1599 2935 1756 2988 eidem
1773 2933 2070 2988 Marcellino

565 3037 880 3095 nuncupatus
909 3026 970 3078 de
996 3025 1191 3097 Spiritu
1220 3036 1266 3081 et
1296 3027 1502 3079 Littera.
1523 3025 1555 3080 6
1575 3025 1877 3094 Carthagine
1895 3035 2071 3079 contra

573 3113 960 3184 Pelagianorum
981 3132 1197 3169 errorem
1220 3132 1492 3170 sermonem
1521 3116 1666 3169 habet
1707 3116 1774 3167 ad
1805 3117 2066 3186 papulum.

564 3205 598 3258 Ἰ
630 3204 837 3275 Pelagio
856 3207 1100 3259 rescribit.
1133 3207 1165 3262 8
1193 3205 1257 3260 In
1287 3208 1500 3276 epistola
1522 3207 1588 3260 ad
1609 3208 1927 3260 Anastasium
1947 3224 2069 3277 gra-

561 3297 646 3351 titc
673 3299 1006 3351 necessitatem
1035 3299 1105 3351 ad
1135 3298 1292 3370 legem
1319 3299 1628 3368 implendam
1663 3299 1854 3369 probat.
1889 3299 1924 3355 9
1955 3299 2069 3353 Ilo-

560 3397 739 3441 norato
766 3391 1070 3457 respondens
1097 3389 1295 3444 disserit
1319 3391 1382 3444 de
1406 3393 1570 3462 gratia
1599 3392 1713 3444 novi
1744 3391 2064 3445 Testamenti.

561 3481 613 3531 1.
645 3473 797 3532 Bello
819 3479 1207 3534 Donatistarum
1241 3492 1360 3550 post
1387 3490 1598 3536 centum
1629 3492 1684 3535 et
1710 3483 1939 3551 quinque
1962 3484 2068 3536 cir-

491 3572 622 3624 citer
657 3587 844 3638 annos,
889 3589 982 3642 per
1022 3589 1154 3643 quos
1199 3575 1266 3628 ab
1313 3575 1377 3629 iis
1416 3576 1758 3636 vehementer
1784 3574 2066 3629 admodum

490 3663 682 3732 agitata
729 3675 810 3718 est
853 3667 1090 3720 Africana
1139 3667 1397 3732 Ecclesia,
1434 3668 1542 3734 jam
1587 3668 1798 3721 tandem
1848 3668 2070 3722 feliciter

489 3755 752 3820 confecto,
779 3757 917 3809 aliud
939 3759 1188 3811 continuo
1213 3774 1331 3812 cum
1356 3759 1648 3828 Pelagianis
1674 3759 2066 3827 suscipiendum

493 3844 609 3907 fuit,
638 3845 775 3912 quod
811 3847 1068 3901 universa:
1108 3848 1359 3902 Ecclesim
1401 3850 1553 3917 longe
1583 3850 1673 3902 illo
1704 3850 1930 3903 futurum
1956 3859 2069 3903 erat

493 3935 839 4000 periculosius
879 3937 1256 4005 magnitudine,
1288 3953 1348 3991 ac
1389 3937 1731 3992 diuturnitate
1771 3939 2064 3992 molestius.

497 4021 686 4076 Verum
716 4033 772 4076 ut
797 4024 861 4077 de
895 4033 970 4078 tot
995 4025 1210 4093 praeliis,
1241 4042 1355 4094 quae
1385 4042 1502 4082 cum
1529 4027 1812 4081 Donatistis
1842 4042 1937 4096 pro
1968 4027 2068 4081 Ec-

489 4113 665 4164 clesia'.
689 4129 816 4180 pace
841 4116 1122 4170 commissa
1153 4126 1293 4180 sunt,
1325 4117 1550 4186 palmam
1578 4119 1694 4172 tulit
1719 4119 2064 4188 Augustinus,

490 4217 587 4269 per
606 4219 760 4273 quem
790 4205 1033 4261 videlicet
1060 4216 1227 4261 totum
1255 4209 1378 4262 illud
1406 4209 1710 4264 instaurata:
1739 4211 1953 4266 unitatis
1976 4211 2069 4264 bo-

490 4308 616 4346 num
649 4303 698 4348 et
727 4305 956 4364 emptum
993 4305 1049 4351 et
1085 4297 1372 4366 perfectum
1405 4308 1486 4354 est
1528 4298 1838 4370 (Possidius,
1868 4301 1920 4354 in
1952 4300 2067 4355 Vita

491 4385 776 4455 Augustini,
809 4403 855 4440 c.
891 4387 1009 4459 15);
1041 4389 1118 4443 sic
1146 4389 1196 4443 in
1235 4392 1423 4460 quovis
1459 4407 1578 4445 cum
1624 4392 1850 4447 inimicis
1887 4393 2066 4462 gratia:

492 4475 585 4528 Dei
619 4478 926 4542 certamine,
964 4480 1070 4548 jam
1107 4481 1230 4536 inde
1256 4497 1286 4536 a
1313 4491 1550 4550 tempore
1579 4497 1683 4552 quo
1709 4483 1758 4535 in
1790 4498 1884 4536 eos
1909 4483 2064 4537 dimi-

487 4566 599 4620 cari
625 4569 801 4637 cmpit,
831 4571 1088 4624 catholica
1117 4573 1258 4626 acies
1295 4572 1532 4640 ejusdem
1575 4573 1743 4627 sancti
1778 4574 1875 4627 viri
1904 4573 2065 4627 ductu

492 4664 542 4709 et
574 4667 767 4726 pugnat
793 4669 846 4713 et
874 4660 1033 4713 vincit
1061 4659 1324 4733 (Prosper,
1343 4660 1529 4716 Contra
1548 4661 1870 4724 Collatorem,
1899 4679 1952 4715 η.
1984 4664 2061 4731 Ξ).

488 4745 668 4817 (inpiis
703 4748 806 4804 illis
839 4750 1063 4805 inimicis
1089 4752 1269 4819 gratia:
1302 4751 1414 4815 Dei,
1443 4765 1560 4821 quin
1587 4753 1746 4805 totius
1775 4752 1893 4806 fidei
1924 4753 2064 4806 chri-

488 4837 672 4892 stiana:
699 4837 1034 4894 fundamenta
1057 4848 1297 4894 evertere
1319 4841 1623 4904 moliuntur,
1655 4841 1948 4909 Pelagianis
1970 4857 2064 4894 uo-

489 4942 610 4981 mrn
641 4943 756 4982 esse
782 4945 810 4982 a
834 4929 1046 4999 Pelagio
1065 4945 1245 4984 earum
1276 4939 1490 4984 auctore
1515 4945 1579 4984 ac
1601 4930 1754 4995 duce,
1785 4946 1940 4984 nemo
1967 4946 2061 4985 ne-

486 5019 586 5072 scit
611 5020 800 5088 (Epist.
839 5021 957 5085 176,
996 5038 1082 5074 nn.
1117 5021 1169 5085 5,
1201 5020 1276 5092 4).
1324 5021 1418 5074 llic
1467 5021 1516 5072 in
1563 5021 1730 5074 insula
1773 5021 2060 5087 Britannia,

487 5109 626 5162 unde
667 5111 737 5163 illi
783 5111 982 5164 Britoni
1025 5126 1340 5179 cognomen,
1373 5111 1556 5163 humili
1600 5111 1718 5164 loco
1758 5121 1911 5165 natus
1957 5122 2059 5168 est.

483 5197 785 5268 Monasticac
814 5203 934 5254 vitae
962 5203 1253 5255 institutum
1280 5210 1513 5264 secutus,
1536 5203 1921 5256 existimatione
1941 5218 2062 5256 san-

487 5289 680 5341 ctitatis
723 5292 1022 5359 aliquandiu
1061 5293 1238 5346 ﬂoruit
1283 5293 1418 5346 haud
1466 5293 1688 5362 vulgari.
1725 5293 1939 5346 Erroris
1980 5297 2059 5349 sui

492 5380 692 5432 semina
723 5382 787 5433 ab
816 5383 1081 5436 veteribus
1109 5383 1458 5453 philosophis,
1486 5397 1690 5436 necnon
1731 5383 1798 5436 ab
1835 5382 2062 5452 Origene

486 5468 703 5538 mllegit
730 5468 928 5540 (Epist.
961 5473 1082 5537 178,
1107 5490 1160 5526 n.
1185 5473 1254 5536 2;
1286 5473 1453 5542 Epist.
1483 5474 1606 5539 157,
1647 5490 1701 5527 n.
1739 5473 1803 5529 9-1
1830 5491 1844 5540 ;
1891 5474 2057 5544 Epist.

483 5560 680 5624 175,η.
711 5558 788 5620 6).
821 5559 898 5613 Ea
925 5560 1125 5625 Bomzn,
1157 5563 1245 5617 ubi
1269 5563 1564 5618 diutissime
1591 5563 1741 5630 vixit,
1781 5565 2060 5634 spargebat

481 5664 603 5704 cum
632 5648 686 5702 in
714 5649 943 5717 scriptis,
971 5657 1081 5704 tum
1112 5651 1164 5704 in
1194 5652 1527 5707 sermonibus
1552 5661 1607 5707 et
1633 5655 2059 5710 contentionibus

484 5737 732 5804 privatis;
766 5739 975 5792 tametsi
1002 5738 1054 5793 in
1086 5739 1167 5795 his
1196 5740 1400 5806 timide,
1431 5750 1485 5796 et
1513 5742 1672 5797 vitato
1698 5751 1948 5811 quantum
1989 5742 2055 5796 li-

2175 2385 2326 2439 cebat
2351 2389 2570 2456 strepitu
2597 2393 3011 2464 versaretur(De
3039 2393 3254 2460 Peccato
3277 2395 3532 2466 originali,
3552 2414 3604 2450 η.
3631 2396 3748 2465 24)-

2176 2473 2331 2528 Prius
2349 2477 2580 2532 absentis
2604 2487 2658 2532 et
2682 2479 2865 2536 Romae
2888 2484 3158 2536 constituti
3191 2484 3379 2553 Pelagii
3409 2499 3600 2540 nomen
3628 2501 3764 2540 cum

2175 2581 2362 2635 magna
2401 2569 2517 2636 ejus
2559 2571 2715 2626 laude
2756 2575 3006 2642 cognovit
3034 2576 3392 2645 Augustius;
3421 2589 3600 2646 postea
3628 2593 3769 2632 vero

2173 2658 2335 2726 erepit
2361 2659 2428 2714 ad
2458 2676 2578 2715 eum
2609 2661 2747 2717 fama
2780 2665 3029 2733 perferre,
3061 2667 3202 2736 quod
3229 2667 3484 2723 adversus
3511 2670 3600 2724 Dei
3631 2685 3764 2739 gra-

2175 2747 2298 2802 tiam
2334 2750 2628 2820 disputaret
2656 2754 2754 2824 (De
2782 2753 2946 2810 Gestis
2984 2755 3207 2828 Pelagii,
3235 2775 3289 2811 η.
3318 2757 3430 2830 46).
3460 2758 3551 2812 llla
3581 2761 3765 2815 sancti

2175 2840 2412 2896 Doctoris
2442 2845 2620 2910 verba,
2653 2845 2735 2899 Da
2758 2847 2892 2916 quod
2919 2849 3088 2918 jubes,
3117 2859 3164 2904 et
3177 2851 3300 2920 jube
3317 2851 3452 2922 quod
3477 2852 3570 2918 vis,
3595 2852 3766 2908 Pela-

2170 2932 2288 3000 gius
2317 2933 2501 2988 Romuc
2532 2951 2650 2990 cum
2677 2952 2704 2990 a
2729 2939 2956 3008 quodam
2985 2941 3235 3010 episcopo
3264 2941 3490 2998 fuissent
3519 2959 3584 2998 eo
3614 2960 3762 3012 prae-

2171 3034 2320 3077 sente
2341 3037 2776 3092 commemorata,
2801 3029 2939 3084 ferre
2965 3046 3072 3084 non
3099 3032 3285 3100 potuit,
3311 3041 3367 3086 et
3384 3034 3766 3090 contradicem

2171 3113 2441 3182 aliquanto
2461 3118 2798 3182 commotius,
2818 3135 2952 3189 pene
2968 3136 3086 3176 cum
3114 3137 3180 3175 eo
3200 3123 3289 3191 qui
3316 3122 3403 3176 illa
3429 3138 3764 3178 commemo-

2173 3218 2379 3260 raverat
2404 3207 2622 3277 litigavit
2643 3209 2741 3278 (De
2759 3210 2904 3264 Dono
2925 3214 3325 3282 perseverantiar,
3347 3231 3398 3266 n.
3417 3213 3530 3283 55).
3563 3214 3763 3270 Postea

2172 3311 2299 3350 vero
2327 3313 2485 3366 quam
2515 3299 2564 3352 ia
2595 3298 2827 3354 Africam
2855 3303 3017 3363 venit,
3052 3302 3374 3372 Hipponensi
3403 3302 3599 3367 littore,
3629 3320 3765 3361 cum

2172 3387 2493 3457 Augustinus
2515 3389 2657 3444 illinc
2675 3391 2905 3457 abesset,
2929 3399 3182 3461 exceptus
3201 3401 3303 3458 est,
3326 3408 3486 3456 anno,
3515 3401 3570 3446 ut
3598 3394 3761 3450 vide—

2172 3489 2277 3541 tur,
2297 3480 2814 3551 quadringentesimo
2831 3483 3070 3538 decimo:
3091 3483 3182 3538 sed
3204 3484 3342 3552 quod
3367 3485 3484 3553 ejus
3505 3485 3764 3541 haeresim

2170 3578 2399 3637 speret,
2430 3571 2499 3624 ibi
2529 3571 2744 3624 omnino
2768 3571 2902 3624 nihil
2932 3572 2998 3625 ab
3027 3573 3116 3625 illo
3144 3572 3380 3626 auditum
3407 3583 3516 3637 est;
3541 3575 3664 3642 quia
3704 3584 3764 3630 et

2170 3662 2328 3714 Citius
2369 3676 2525 3730 quam
2577 3662 2874 3730 putabatur,
2906 3663 3029 3718 inde
3069 3663 3338 3732 profectus
3374 3676 3474 3718 est.
3507 3665 3762 3720 Postmo-

2168 3749 2294 3803 dum
2321 3751 2436 3819 ejus
2460 3751 2644 3806 faciem
2661 3752 2978 3822 Carthagine
3006 3754 3169 3807 semel
3199 3766 3252 3808 et
3279 3755 3470 3808 iterum
3496 3754 3625 3808 vidit
3646 3757 3763 3809 Au-

2169 3842 2432 3909 gustinus,
2474 3857 2614 3896 anno
2661 3845 2863 3898 scilicet
2905 3845 3422 3914 quadringentesimo
3448 3845 3759 3910 undecimo,

2169 3930 2378 3999 quando
2409 3941 2621 3998 propter
2650 3933 3010 3997 collationem,
3040 3949 3198 4002 quam
3221 3934 3476 3987 Catholici
3503 3951 3621 3988 cmn
3647 3936 3758 3988 Do-

2170 4021 2378 4094 natistis
2407 4021 2634 4076 habituri
2661 4031 2827 4085 erant,
2856 4024 3104 4076 maximis
3131 4024 3563 4091 occupationibus
3592 4025 3758 4078 disti-

2168 4114 2408 4167 nebatur.
2437 4113 2677 4183 Pelagius
2705 4130 2832 4168 vero
2864 4124 2986 4168 tunc
3022 4115 3313 4170 abscedens
3341 4116 3658 4185 Carthagine
3685 4119 3755 4173 ad

2167 4205 2517 4258 transmarina
2545 4205 2656 4259 loca
2684 4207 2983 4274 properavit
3000 4205 3100 4277 (De
3129 4204 3292 4260 Gestis
3315 4205 3532 4276 Pelagii,
3555 4224 3604 4260 η.
3629 4208 3754 4278 46).

2235 4296 2288 4348 2.
2321 4295 2525 4350 Interea
2555 4311 2650 4364 per
2671 4309 2764 4350 ora
2789 4311 2973 4350 eorum
3000 4296 3090 4365 qui
3114 4295 3308 4365 Pelagii
3333 4295 3573 4365 discipuli
3607 4294 3758 4352 fere~

2167 4385 2376 4448 bantur,
2408 4386 2650 4456 dogmata
2679 4385 2906 4439 recentis
2937 4385 3155 4440 haeresis
3181 4386 3450 4439 fervebant
3478 4386 3527 4438 in
3569 4384 3755 4440 Africa

2168 4474 2370 4544 (Ibid.).
2401 4475 2566 4530 Erant
2609 4475 2680 4529 ibi
2725 4475 2970 4544 quidam,
3001 4476 3088 4544 qui
3115 4475 3431 4545 ubicumque
3477 4485 3751 4545 poterant,

2167 4567 2281 4621 hinc
2309 4567 2388 4620 sui
2409 4567 2607 4622 erroris
2631 4582 2762 4620 nova
2790 4567 2992 4621 semina
3019 4576 3350 4636 spargerent.
3374 4567 3505 4620 Nam
3532 4574 3586 4620 et
3607 4582 3753 4621 unus

2165 4673 2348 4711 eorum
2383 4659 2595 4713 nomine
2625 4658 2926 4718 lecstius,
2956 4657 3103 4725 isque
3139 4655 3521 4724 discipulorum
3548 4657 3750 4726 Pelagii

2168 4744 2317 4800 facile
2349 4748 2613 4816 princeps,
2641 4749 2729 4815 qui
2759 4747 2810 4800 in
2838 4747 3062 4801 civitatis
3091 4745 3524 4815 Carthaginiensis
3553 4746 3750 4800 Eccle-

2164 4837 2240 4886 sia
2259 4836 2366 4902 jam
2398 4836 2463 4889 ad
2489 4837 2799 4906 presbyterii
2830 4836 3088 4890 honorem
3115 4836 3403 4904 subrepere
3432 4845 3694 4905 coeperat,
3718 4854 3749 4888 a

2164 4925 2438 4979 catholicis
2469 4927 2594 4980 viris
2620 4927 2919 4980 christiana:
2961 4925 3082 4980 lidei
3109 4941 3291 4979 amore
3319 4927 3586 4989 animatis,
3616 4942 3747 4994 pro-

2165 5023 2282 5082 pter
2324 5015 2418 5070 has
2457 5016 2596 5084 ipsas
2638 5026 2823 5069 contra
2862 5014 3058 5069 Christi
3085 5015 3305 5083 gratiam
3334 5015 3744 5084 disputationes.

2163 5107 2228 5158 ad
2275 5105 2527 5172 judicium
2580 5107 2880 5175 episcopale
2931 5105 3213 5173 perductus
3258 5114 3339 5160 est
3367 5105 3574 5175 (Epist.
3617 5107 3743 5169 157,

2165 5211 2216 5246 n.
2245 5195 2357 5264 22).
2385 5193 2676 5249 Concilium
2715 5211 2774 5248 ea
2819 5196 2887 5248 dc
2925 5211 2983 5248 re
3023 5195 3160 5262 apud
3204 5193 3576 5265 Carthaginem
3621 5211 3736 5250 cunt

2163 5288 2376 5356 ctillegis
2425 5288 2536 5341 suis
2580 5287 2764 5341 habuit
2803 5286 3049 5340 Aurelius
3089 5287 3201 5352 ipso
3242 5286 3484 5340 fortassis
3529 5287 3742 5341 ineunte.

2163 5391 2303 5429 anno
2323 5377 2840 5446 quadringentesimo
2863 5375 3199 5440 duodecimo,
3226 5386 3372 5430 certe
3401 5377 3554 5430 antiis
3576 5377 3743 5431 ferme

2163 5467 2394 5536 quinque
2421 5475 2544 5520 ante
2582 5467 2738 5520 aliam
2766 5465 3242 5536 Carthaginiensem
3266 5465 3528 5536 synodum
3554 5466 3604 5519 in
3637 5466 3740 5520 Pe-

2163 5558 2284 5626 lagii
2319 5567 2373 5612 et
2411 5555 2648 5612 Caelestii
2687 5556 2923 5627 ejusdem
2967 5571 3126 5611 causa
3165 5569 3304 5609 anno
3329 5556 3739 5627 quadringente-

2162 5649 2298 5702 simo
2322 5646 2529 5702 decimo
2557 5655 2709 5700 sexto
2725 5647 3044 5700 celebratam
3064 5644 3255 5714 (Epist.
3279 5645 3402 5710 175,
3429 5662 3481 5698 n.
3507 5641 3581 5717 1).
3599 5643 3738 5701 Con-

2162 5742 2284 5796 cilio
2322 5739 2501 5806 libelli,
2543 5739 2732 5809 quibus
2772 5739 3135 5794 accusationes
3180 5736 3432 5794 Caelestio
3463 5737 3734 5794 intentata:
