4042 6360
289 341 396 398 ⁸41

276 457 701 520 continerentur,
733 450 891 506 oblati
941 457 1063 504 sunt
1099 447 1225 513 duo,
1257 447 1502 514 stetitque
1549 444 1602 497 in
1645 459 1764 498 eum
1798 457 1862 496 ex

274 552 499 606 adversa
532 556 678 618 parte
703 544 954 599 Paulinus
973 541 1245 595 diaconus.
1273 537 1648 608 Fragmentum
1674 551 1739 590 ex
1767 550 1858 603 ge-

271 643 375 696 stis
419 639 642 709 hujusce
683 635 892 691 concilii
934 633 1135 703 profert
1173 629 1512 700 Augustinus.
1543 627 1682 680 unde
1708 641 1862 679 com-

272 741 542 789 monstrat
561 728 866 784 Ctelestium
885 727 935 778 in
959 724 1059 777 hoc
1084 719 1370 790 episc0pali
1394 717 1592 786 judicio
1609 716 1862 772 damnare

272 824 514 878 noluisse
560 835 654 875 eos
699 817 788 888 qui
829 817 1029 878 dicunt,
1062 811 1209 877 Quod
1253 818 1505 879 peccatum
1540 808 1665 861 Ada:
1698 808 1862 876 ipsum

270 916 440 968 solum
470 911 674 972 lreserit,
703 917 750 962 et
777 924 876 961 non
906 921 1061 976 genus
1083 904 1394 964 humanum;
1416 908 1480 963 et,
1511 898 1656 965 Quod
1685 899 1860 967 infan-

269 1015 347 1057 tes
385 1002 470 1072 qui
506 1008 803 1062 nascuntur,
831 997 882 1049 in
911 1012 968 1048 eo
995 1004 1126 1048 statu
1166 994 1294 1054 sint,
1327 991 1378 1044 in
1423 1007 1522 1061 quo
1566 990 1725 1041 Adam
1767 989 1861 1059 fuit

267 1104 390 1146 ante
420 1088 881 1161 pramaricationem
910 1085 1012 1155 (De
1054 1083 1264 1136 Peccato
1295 1079 1548 1150 originali.
1579 1096 1666 1132 nu.
1693 1078 1747 1144 2,
1777 1077 1855 1146 5).

266 1185 421 1238 Idem
454 1194 631 1237 tamen
661 1180 942 1235 Coalestius
980 1192 1071 1231 ora
1119 1176 1403 1230 christiana
1445 1188 1547 1227 non
1591 1173 1860 1226 sustinens

271 1275 492 1345 (Contra
514 1273 800 1330 lulianum.
826 1269 912 1324 lib.
942 1270 995 1332 5,
1028 1286 1079 1322 η.
1103 1267 1180 1337 9),
1201 1267 1250 1319 in
1280 1265 1462 1319 libello
1487 1277 1585 1317 suo
1613 1261 1860 1316 brevissi-

268 1383 363 1422 mo
392 1365 638 1421 confiteri
667 1371 882 1418 coactus
909 1369 1010 1425 est,
1045 1367 1256 1427 propter
1290 1354 1630 1424 baptizandos
1664 1368 1859 1421 parvu-

265 1460 372 1525 los,
407 1457 548 1527 quod
573 1466 624 1510 et
647 1455 776 1524 ipsis
804 1451 1096 1521 redemptio
1123 1451 1192 1502 sit
1219 1447 1523 1501 necessaria
1548 1443 1646 1516 (De
1670 1442 1850 1497 Pecca-

267 1559 440 1601 torum
479 1545 703 1606 meritis,
738 1541 824 1596 lib.
869 1543 920 1606 1,
950 1559 1005 1593 n.
1038 1539 1133 1603 62;
1167 1536 1334 1608 Epist.
1369 1535 1490 1593 157.
1521 1551 1573 1587 η.
1605 1532 1695 1598 22,
1725 1542 1770 1585 et
1798 1533 1860 1585 de

265 1636 494 1690 Peccato
534 1632 788 1704 originali,
831 1649 883 1685 n.
925 1630 1038 1700 21),
1076 1628 1199 1682 licet
1233 1627 1458 1680 noluerit
1500 1623 1761 1684 conlitcri,
1789 1639 1852 1677 ex

263 1730 442 1786 Adam
471 1729 526 1781 in
548 1742 640 1779 eos
675 1724 944 1779 transiisse
975 1728 1246 1790 peccatum
1276 1717 1378 1786 (De
1408 1714 1731 1768 Peccatorum
1753 1730 1852 1766 me-

263 1823 404 1885 ritis,
437 1821 530 1874 lib.
558 1818 616 1882 2,
639 1835 690 1872 η.
725 1818 814 1879 58,
847 1827 890 1869 et
918 1813 994 1867 De
1025 1812 1235 1866 Peccato
1262 1809 1513 1880 originali,
1544 1826 1595 1860 n.
1613 1805 1726 1878 21).
1750 1804 1854 1860 Sed

267 1928 565 1981 quanquam
598 1909 810 1964 noluerit
839 1907 902 1960 de
929 1903 1164 1975 originali
1201 1912 1400 1971 peccato
1433 1898 1624 1969 aliquid
1656 1912 1857 1966 expres-

263 2007 377 2058 sius
406 2004 593 2066 dicere,
615 2010 776 2053 tamen
793 1999 902 2070 ipso
921 1995 1272 2064 redemptionis
1296 1995 1513 2055 nomine,
1541 1991 1614 2044 ait
1643 1997 1856 2042 sanctus

265 2095 494 2159 Doctor,
535 2110 634 2147 non
671 2107 848 2161 parum
883 2089 974 2143 sibi
1012 2085 1334 2156 prtescripsit.
1367 2082 1512 2137 Unde
1550 2082 1680 2133 enim
1720 2081 1854 2132 redi-

264 2187 442 2243 mendi
477 2196 658 2251 essent,
691 2183 788 2236 nisi
825 2199 855 2235 a
891 2179 1076 2234 diaboli
1107 2187 1363 2250 potestate,
1400 2176 1451 2228 in
1493 2191 1592 2244 qua
1625 2190 1731 2227 esse
1755 2190 1854 2226 non

266 2287 477 2353 possent
505 2277 602 2330 nisi
624 2275 884 2346 originalis
904 2271 1204 2341 obligatione
1224 2268 1446 2338 peccati?
1470 2279 1554 2319 aut
1575 2281 1672 2335 quo
1699 2265 1854 2333 pretio

263 2371 610 2428 redimuntur.
652 2368 745 2421 nisi
779 2365 964 2420 Christi
999 2363 1259 2433 sanguine,
1302 2361 1363 2413 de
1408 2375 1506 2426 quo
1547 2357 1857 2426 apertissime

263 2463 516 2532 scriptum
545 2468 637 2524 est,
665 2459 798 2524 quod
833 2457 883 2532 in
907 2453 1252 2507 remissionem
1289 2449 1478 2515 effusus
1519 2448 1581 2501 sit
1631 2456 1857 2517 peccato-

266 2571 383 2607 rum
412 2551 431 2625 (
455 2551 620 2622 Epist.
655 2551 782 2634 157‘
804 2566 856 2602 η.
883 2547 954 2600 22
974 2547 1025 2617 )‘?
1052 2545 1173 2599 Fuit
1201 2546 1250 2596 in
1281 2541 1636 2610 Diospolitana
1655 2537 1856 2609 synodo

265 2644 538 2705 relatum,
585 2631 778 2708 praeter
823 2645 1108 2692 memorata
1149 2633 1256 2688 duo
1298 2631 1466 2700 capita
1492 2671 1506 2695 ,
1553 2638 1854 2683 accusatum

264 2748 488 2803 quoque
539 2730 852 2786 Caelestium
899 2727 1035 2796 apud
1081 2723 1493 2792 Carthaginiense
1548 2719 1852 2782 concilium,

265 2823 410 2892 (ιιιυὰ
439 2821 676 2883 doceret,
711 2819 875 2871 Adam
913 2815 1174 2869 mortalem
1213 2817 1402 2884 factum
1437 2811 1609 2882 fuisse,
1638 2810 1720 2878 qui
1750 2809 1853 2862 sive

269 2921 525 2982 peccaret,
571 2911 672 2964 sive
712 2926 811 2962 non
850 2916 1092 2977 peccaret,
1123 2905 1396 2958 moriturus
1426 2910 1580 2963 esset;
1608 2911 1684 2966 et,
1715 2901 1856 2965 Quo-

269 3008 409 3059 niam
440 3005 546 3059 Lex
565 3005 635 3058 sic
659 3005 817 3055 mittat
843 3002 909 3053 ad
925 3015 1150 3070 regnum,
1171 2995 1590 3069 quemadmodum
1612 2999 1658 3047 et
1686 2993 1857 3045 Eran-

268 3100 457 3169 gelium
481 3115 498 3159 ;
526 3107 594 3160 et,
630 3095 877 3161 Quoniam
905 3102 1018 3144 ante
1047 3090 1314 3143 adventum
1343 3087 1523 3142 Christi
1554 3088 1738 3158 fuerint
1767 3087 1860 3138 ho-

270 3188 434 3240 ιιὼεδ
460 3188 572 3239 sine
602 3194 832 3253 peccato;
859 3195 926 3244 et,
960 3180 1207 3246 Quoniam
1244 3194 1397 3248 neque
1437 3194 1523 3245 per
1550 3186 1752 3229 mortem
1783 3175 1859 3230 vel

270 3282 743 3352 prm'aricationem
775 3277 898 3330 Adae
929 3291 1072 3329 onme
1101 3289 1256 3344 genus
1301 3272 1558 3322 hominum
1596 3269 1854 3331 moriatur,

271 3388 435 3439 neque
466 3386 556 3438 per
583 3368 988 3421 resurrectionem
1025 3363 1211 3417 Christi
1246 3376 1390 3414 omne
1416 3376 1571 3430 genus
1601 3359 1858 3412 hominum

271 3473 506 3532 resurgat
537 3459 635 3533 De
671 3459 878 3513 Peccato
908 3456 1161 3526 originali,
1195 3471 1246 3534 γι.
1287 3452 1397 3523 12).
1438 3452 1562 3504 [lare
1604 3451 1856 3520 Augusti-

275 3569 379 3607 nus
405 3554 613 3605 duolms
644 3553 694 3604 in
726 3551 872 3612 locis,
907 3564 1128 3618 quorum
1156 3545 1368 3616 quidem
1403 3545 1568 3598 altero
1608 3543 1857 3598 nonnulla

273 3661 344 3698 ex
370 3644 455 3697 his
483 3643 744 3710 capitibus
774 3655 891 3694 csse
923 3648 1166 3700 testatur,
1193 3651 1308 3704 qua:
1335 3650 1438 3687 non
1469 3634 1707 3688 meminit
1732 3650 1860 3686 cott-

195 3783 202 3790 ,
275 3745 420 3788 tenta
452 3735 619 3804 gestis
644 3731 1014 3788 ecclesiasticis
1040 3727 1250 3783 concilii
1287 3727 1441 3793 hujus
1477 3725 1860 3795 Carthaginien-

274 3827 381 3888 sis;
407 3826 491 3878 cui
523 3825 634 3893 ipse
663 3822 874 3893 quidem
905 3837 1008 3874 non
1050 3817 1378 3880 interfuerat,
1411 3815 1503 3869 sed
1531 3830 1650 3869 cum
1680 3815 1855 3868 venis-

275 3927 360 3970 set
384 3917 780 3984 Gtrthagiuem,
807 3912 992 3967 eadem
1022 3921 1168 3980 gesta
1197 3917 1536 3963 recensuerat
1567 3906 1665 3980 (De
1695 3906 1857 3960 Gestis

276 4005 500 4076 Pelagii,
532 4023 583 4058 η.
615 4004 730 4074 25).
771 4001 929 4071 Atqui
973 3999 1276 4054 leestium
1332 3999 1382 4051 in
1429 4014 1494 4053 eo
1543 3998 1856 4052 convincere

276 4112 385 4149 non
411 4097 626 4150 difficile
654 4095 769 4158 fuit,
799 4094 1064 4162 corrigere
1087 4105 1212 4144 vero
1243 4105 1591 4159 nequaquam.
1619 4088 1856 4158 Quapro-

276 4198 397 4257 pter
415 4203 537 4241 cum
563 4186 794 4250 auditus,
812 4184 1206 4251 convictusque,
1227 4189 1384 4248 atque
1405 4180 1560 4232 etiam
1579 4179 1854 4248 Opiniones

277 4294 402 4332 suas
431 4280 706 4331 confessus
731 4285 891 4342 esset,
919 4275 1160 4328 damnata
1206 4283 1349 4336 sunt,
1379 4288 1601 4342 quorum
1633 4273 1854 4325 insimu-

277 4368 416 4422 latus
447 4370 636 4427 fucmt,
667 4367 909 4436 dogmata
940 4364 1125 4438 (Epist.
1160 4365 1280 4427 157,
1313 4381 1364 4418 η.
1393 4363 1516 4432 22);
1542 4363 1652 4430 ipse
1677 4374 1853 4416 autem

279 4457 571 4524 reportavit
618 4458 830 4526 dignam
871 4471 964 4510 sua
1011 4457 1348 4524 perversitate
1390 4444 1700 4508 sententiam
1746 4451 1858 4524 (De

280 4547 446 4601 Gestis
489 4546 707 4617 Pelagii,
752 4563 804 4600 η.
848 4546 972 4616 46),
1016 4545 1572 4599 exconnnunicatimtis
1615 4543 1859 4598 videlicet

279 4655 437 4709 poma
465 4639 753 4692 mulctatus
787 4636 1245 4707 (Retractationum
1272 4637 1357 4689 lib.
1384 4637 1438 4700 2,
1469 4652 1583 4704 cap.
1615 4635 1724 4703 55).
1744 4634 1858 4700 Quo

278 4733 420 4782 tacto
444 4727 650 4796 judicio
677 4727 928 4782 abscessit
953 4725 1183 4792 infamis,
1212 4735 1264 4781 et
1309 4726 1536 4796 profugit.
1580 4740 1646 4779 ex
1682 4725 1857 4781 Africa

283 4820 542 4888 (Orosius,
573 4819 627 4870 in
655 4817 946 4889 Apologia).

350 4911 406 4964 5.
434 4909 548 4963 Etsi
585 4910 672 4979 qui
703 4909 983 4980 Pelagiano
1021 4905 1190 4963 errori
1216 4922 1333 4962 sese
1363 4907 1672 4962 imbuendos
1699 4906 1860 4960 tradi-

278 5000 510 5065 dissent,
542 5001 814 5069 pauciores
841 4999 978 5052 baud
1006 4999 1165 5053 dubie
1193 4999 1551 5069 reperirentur
1581 4999 1632 5051 in
1659 4998 1857 5064 Africa,

279 5093 426 5162 iique
451 5091 690 5146 Coelestii
711 5092 1148 5146 condemnatione
1174 5091 1428 5154 deterriti,
1453 5091 1560 5161 jam
1577 5108 1680 5145 non
1697 5091 1863 5146 aude-

279 5191 404 5236 rent
425 5191 608 5236 contra
633 5182 884 5237 Ecclesia!
913 5181 1331 5235 fundatissimam
1357 5181 1510 5236 fidem
1536 5183 1632 5236 nisi
1656 5183 1862 5237 occulte

279 5274 571 5328 mussitare
597 5273 787 5344 (Epist.
834 5274 952 5336 l57,
977 5291 1029 5326 η.
1069 5273 1189 5344 2ὶ);
1214 5284 1444 5328 attamen
1471 5275 1705 5328 decrevit
1742 5291 1864 5328 san-

279 5374 405 5418 ctus
441 5364 677 5418 Antistes
715 5378 902 5416 novam
940 5362 1205 5427 barresim,
1239 5364 1401 5432 ipsius
1426 5363 1636 5432 quidem
1662 5364 1863 5433 judicio

288 5453 600 5524 pestiferam
629 5469 778 5524 aeque
803 5464 958 5522 atque
990 5454 1221 5523 impiam,
1252 5455 1508 5507 instanter
1531 5469 1859 5524 Oppugnare;

281 5545 530 5616 quamvis
555 5544 657 5600 hoc
687 5545 830 5613 prius
852 5558 956 5598 non
978 5553 1156 5612 ageret
1185 5543 1284 5597 nisi
1311 5543 1643 5596 sermonibus
1669 5551 1724 5596 et
1750 5545 1863 5598 Col-

283 5635 675 5699 luctationibus,
719 5635 807 5689 ubi
849 5633 1182 5690 commodum
1227 5642 1384 5703 atque
1433 5633 1558 5687 utile
1601 5633 1866 5692 videretur

286 5724 747 5798 (Retractationum
777 5727 862 5782 lib.
884 5727 938 5794 2,
969 5743 1082 5798 cap.
1111 5724 1221 5798 55).
1246 5725 1350 5782 Sed
1370 5725 1552 5782 oborta
1569 5742 1687 5782 mox
1711 5743 1858 5798 qua:-

1605 328 1801 386 LIBER
1840 327 2190 389 SEPTIMUS.

1972 443 2091 499 dum
2125 449 2411 504 necessitas
2445 467 2562 505 cum
2606 453 2672 508 ad
2721 453 2863 510 illam
2903 457 3099 528 scripto
3140 475 3348 532 quoque
3379 463 3545 522 refel-

1971 540 2181 596 lendam
2230 544 2452 599 induxit.
2498 547 2827 604 Marcellinus
2873 553 3087 623 quippe,
3133 555 3273 612 idem
3318 557 3405 613 ille
3451 562 3543 630 qui
3605 623 3608 628 ,

1968 637 2264 692 collationis
2289 637 2716 710 Cartbaginensis
2746 643 2987 714 cognitor
3032 645 3222 714 fuerat,
3252 663 3370 704 cum
3395 651 3540 721 ejus-

1967 725 2088 780 dem
2117 727 2335 783 hmrcsis
2359 731 2727 795 sectatoribus,
2746 749 2878 803 quos
2904 735 3016 804 ipse
3045 738 3282 807 quotidie
3307 740 3544 811 disputa-

1969 824 2112 872 tores
2131 819 2537 877 molestissimos
2557 823 2866 891 patiebatur,
2886 825 3174 882 refutandis
3190 829 3358 900 impar
3377 843 3539 896 esset,

1966 909 2286 977 qumstiones
2303 911 2511 966 illorum
2530 913 2596 967 ab
2618 913 2747 967 urbe
2768 914 3083 986 Carthagine
3105 918 3171 972 ad
3191 920 3540 990 Augustinum

1965 1014 2061 1068 per
2109 1000 2311 1058 litteras
2361 1005 2557 1070 retulit,
2602 1021 2794 1076 rogans
2833 1010 3149 1064 solutionem
3202 987 3383 1067 earum
3436 1014 3540 1070 sibi

1965 1090 2198 1146 scribere
2223 1108 2290 1146 ne
2315 1103 2622 1161 gravaretur
2648 1095 2750 1165 (De
2770 1095 2930 1151 Gestis
2958 1097 3177 1170 Pelagii,
3205 1119 3257 1154 η.
3279 1102 3395 1171 25).
3428 1103 3536 1159 Ex-

1965 1179 2143 1248 plicari
2173 1183 2382 1251 petebat
2403 1185 2452 1238 in
2471 1185 2653 1254 primis
2674 1187 3020 1257 quaastionem
3048 1190 3112 1244 de
3137 1191 3404 1261 Baptismo
3420 1209 3542 1262 par-

1963 1271 2202 1326 vulorum
2229 1291 2242 1328 :
2265 1274 2383 1343 quia
2413 1275 2904 1343 contendebantilli,
2922 1279 3085 1332 Adam
3099 1282 3402 1336 etiamsinon
3419 1300 3538 1354 pec-

1963 1370 2149 1428 casset,
2181 1363 2334 1433 fuisse
2365 1367 2680 1433 moriturum,
2712 1384 2798 1420 nec
2822 1384 2884 1422 ea:
2911 1369 3020 1439 ejus
3044 1380 3241 1440 peccato
3266 1372 3540 1442 quidquam

1963 1452 2032 1504 ad
2054 1453 2160 1521 ejus
2187 1463 2412 1523 posteros
2436 1457 2763 1526 propagando
2791 1459 3046 1514 transiisse
3081 1459 3178 1530 (De
3207 1461 3540 1518 Peccatorunt

1963 1543 2172 1610 meritis,
2197 1542 2284 1598 lib.
2312 1546 2364 1610 5,
2390 1563 2440 1598 η.
2472 1546 2547 1616 1).
2569 1546 2698 1600 Nam
2721 1548 2819 1603 etsi
2849 1548 3283 1620 faterenturjam,
3307 1555 3379 1607 uti
3405 1553 3541 1609 Mar-

1961 1633 2183 1688 cellinus
2224 1634 2417 1690 litteris
2454 1637 2564 1692 suis
2593 1637 2887 1705 intimabat,
2921 1641 3080 1695 etiam
3107 1641 3159 1696 in
3187 1643 3416 1712 parvulis
3447 1660 3541 1714 per

1963 1725 2287 1793 Baptismum
2333 1727 2698 1784 remissionem
2737 1731 2851 1786 ﬁeri
2895 1743 3266 1800 peccatorum;
3299 1735 3420 1790 Non
3457 1749 3538 1790 ta-

1961 1832 2074 1870 men
2101 1817 2429 1886 originaliter,
2456 1819 2788 1891 inquiebaut,
2815 1823 2902 1877 sed
2943 1825 2995 1878 in
3037 1825 3137 1879 vita
3166 1827 3280 1894 jam
3309 1828 3536 1897 propria,

1961 1917 2281 1978 posteaquam
2301 1910 2408 1962 nati
2434 1921 2570 1976 sunt,
2605 1923 2862 1982 peccatum
2889 1914 3069 1968 habere
3085 1925 3335 1984 eruperunt
3350 1915 3536 1987 (Ibid.,

1961 1997 2046 2052 lib.
2076 1999 2127 2064 1,
2159 2016 2210 2052 n.
2235 1999 2347 2069 62).
2371 2000 2655 2056 Nuntiabat
2680 2013 2934 2073 praeterea
2954 2004 3308 2072 Marcellinus,
3329 2016 3542 2075 aposto-

1960 2089 2120 2142 licum
2148 2090 2270 2144 illud
2302 2093 2682 2160 testimonium,
2708 2092 2811 2147 Per
2832 2113 2987 2148 unum
3007 2096 3258 2150 hominem
3281 2107 3541 2164 peccatum

1959 2181 2158 2234 intravit
2181 2183 2234 2234 in
2261 2183 2522 2248 mundum,
2543 2192 2590 2236 et
2609 2200 2698 2254 per
2721 2194 2976 2253 peccatum
2998 2203 3130 2240 mors
3147 2187 3319 2258 (Rom.
3347 2202 3400 2251 v,
3427 2186 3541 2257 12),

1961 2271 2012 2325 ia
2043 2271 2198 2325 aliam
2221 2273 2502 2342 quamdam
2528 2289 2717 2328 novam
2740 2276 3042 2344 opinionem
3072 2292 3164 2344 per
3189 2277 3330 2346 ipsos
3356 2277 3540 2332 detor-

1960 2365 2129 2432 queri.
2164 2363 2269 2418 Nec
2294 2365 2504 2420 silentio
2534 2365 2772 2420 mittebat
2797 2369 3169 2436 qumstionem,
3193 2384 3292 2437 qua
3319 2369 3544 2424 suadere

1960 2465 2298 2520 conarentur,
2327 2456 2467 2526 quod
2511 2459 2562 2510 in
2611 2457 2706 2509 hac
2755 2459 2855 2512 vita
2899 2459 3016 2523 sint,
3055 2461 3258 2530 fuerint,
3290 2461 3544 2531 futurique

1960 2545 2059 2597 sint
2089 2545 2181 2612 filii
2205 2545 2461 2600 hominum
2488 2564 2586 2601 non
2615 2548 2852 2603 habentes
2877 2549 3038 2603 ullum
3059 2552 3260 2605 omnino
3286 2562 3544 2622 peccatum

1963 2637 2062 2700 (De
2096 2637 2421 2693 Peccatorum
2459 2641 2668 2705 meritis,
2693 2641 2760 2694 lib
2787 2643 2838 2705 5,
2868 2659 2920 2695 n.
2954 2641 3026 2714 1).
3058 2642 3110 2696 Id
3143 2644 3395 2713 temporis
3422 2659 3544 2698 san-

1961 2738 2077 2783 ctus
2120 2729 2310 2784 Doctor
2345 2731 2604 2786 molestiis
2645 2733 2888 2801 curisque
2908 2774 2922 2796 ,
2951 2733 3019 2787 ob
3049 2734 3253 2803 negotia
3282 2749 3401 2803 quze
3444 2735 3546 2804 ipsi

1963 2830 2286 2889 peccatores,
2321 2831 2371 2874 et
2399 2821 2430 2875 ii
2461 2820 2676 2876 forsitan
2705 2823 3008 2886 Donatistae,
3040 2824 3390 2890 lacessebant,
3425 2841 3544 2879 ma-
3631 2809 3635 2814 ’

1964 2911 2231 2979 simOpere
2275 2911 2726 2980 prarpediebatnr;
2768 2912 2908 2982 quod
2952 2913 3085 2983 ipee,
3128 2930 3247 2983 qua:
3293 2931 3384 2967 sua
3428 2923 3548 2969 erat

1961 3002 2120 3053 animi
2153 3000 2420 3067 (lCIllisSiO,
2451 3011 2782 3068 peccatorum
2815 3019 3030 3056 suorum
3076 3005 3280 3058 meritis
3323 3005 3548 3074 imputat

1970 3089 2155 3159 (lbid.,
2173 3090 2259 3144 lib.
2277 3093 2325 3157 1,
2343 3109 2394 3144 n.
2421 3092 2473 3159 1)
2498 3110 2510 3144 :
2536 3108 2639 3144 non
2665 3095 2832 3161 potuit
2853 3103 3025 3148 tamen
3048 3097 3396 3160 committere,
3416 3097 3546 3166 quin

1963 3181 2081 3246 viri,
2115 3198 2338 3250 quocum
2365 3190 2478 3236 erat
2505 3198 2689 3252 magna
2716 3193 2769 3236 ct
2796 3194 2974 3237 sancta
3009 3185 3392 3241 necessitudine
3413 3203 3546 3240 con—

1963 3272 2195 3341 junctus,
2231 3282 2336 3326 tam
2369 3273 2621 3347 laudabili
2666 3274 2932 3329 desiderio
2976 3292 3176 3330 morem
3215 3290 3440 3347 gereret.
3475 3281 3550 3335 Ea

1963 3363 2196 3430 insuper,
2239 3379 2397 3432 quam
2439 3379 2561 3433 erga
2610 3365 2903 3419 Ecclesium
2947 3364 3138 3419 Christi
3186 3369 3380 3422 habere
3426 3385 3550 3424 eum

1962 3453 2256 3521 oportebat,
2285 3453 2556 3506 charitatis
2585 3455 2883 3507 sollicitudo
2913 3457 3128 3508 minime
3150 3459 3463 3525 patiebatur,
3493 3470 3548 3513 ut

1964 3542 2088 3595 dum
2117 3543 2334 3596 istarum
2362 3544 2745 3598 sententiarum
2774 3545 3268 3600 contentiosissimis
3298 3550 3550 3603 aSsertio-

1962 3633 2117 3686 nibus
2141 3635 2248 3702 jam
2278 3649 2650 3704 usquequaque
2673 3635 3000 3690 ferventibus
3031 3637 3313 3691 multorum
3339 3641 3547 3694 animos

1963 3727 2290 3780 inﬁrmorum
2329 3727 2662 3796 perturbatos
2702 3739 2964 3793 cerneret,
2996 3729 3096 3782 sibi
3136 3730 3342 3784 interim
3384 3732 3550 3786 silen-

1965 3816 2092 3868 tium
2124 3817 2194 3888 _iu
2219 3828 2425 3886 peraret
2449 3815 2548 3888 (De
2598 3815 2757 3870 Gestis
2799 3816 3017 3888 Pelagii,
3068 3835 3120 3873 n.
3155 3818 3286 3889 25):
3321 3821 3548 3876 maxime

1962 3923 2088 3961 vero
2116 3924 2234 3960 cum
2267 3907 2385 3961 novi
2407 3908 2477 3960 illi
2508 3907 2744 3962 hmrctici
2773 3908 3026 3962 doctrina:
3053 3925 3160 3963 sua:
3178 3911 3320 3964 virus
3340 3911 3549 3980 publice

1960 4013 2022 4051 ac
2050 3997 2316 4067 privatim,
2349 4013 2451 4052 non
2480 3998 2597 4052 viva
2640 4013 2770 4061 voce
2810 4008 3030 4065 tantum,
3064 4000 3157 4052 sed
3197 4000 3355 4054 etiam
3399 4001 3547 4054 libris

1959 4099 2290 4159 spargerent,
2327 4089 2510 4159 bisque
2536 4105 2600 4143 eo
2629 4090 2794 4158 magis
2827 4090 3019 4154 noxiis,
3049 4108 3154 4159 quo
3183 4091 3365 4160 majori
3396 4091 3548 4144 calli—

1959 4181 2122 4235 ditate
2159 4190 2318 4250 atque
2357 4181 2579 4235 artificio
2608 4191 2760 4234 erant
2788 4182 2967 4249 scripti
3000 4180 3310 4249 (Possidius,
3340 4183 3389 4234 in
3431 4181 3547 4236 Vita

1961 4274 2244 4344 Augustini,
2270 4291 2321 4326 η.
2350 4273 2460 4340 21).
2488 4273 2650 4326 Porro
2682 4273 2819 4327 inter
2849 4273 2955 4338 illa,
2989 4289 3104 4344 qua:
3131 4273 3419 4328 refutandis
3448 4276 3519 4328 Pe

1960 4364 2201 4434 lagianis,
2240 4363 2606 4431 solvendisque
2649 4363 2932 4416 Marcellini
2978 4365 3353 4431 qtnt-stionibus
3379 4383 3527 4419 com-

1963 4466 2228 4510 mentatus
2251 4464 2350 4514 est.
2382 4454 2622 4508 ordinem
2655 4453 2852 4508 ducunt
2880 4455 2997 4508 libri
3029 4455 3133 4511 duo
3179 4455 3254 4510 De
3296 4455 3544 4510 Peccatoo

1961 4565 2073 4601 rum
2103 4548 2288 4600 meritis
2318 4556 2363 4600 et
2385 4546 2693 4600 remissione.
2726 4547 2813 4600 Sic
2838 4547 2977 4600 enim
3005 4563 3098 4602 eos
3119 4548 3169 4603 in
3194 4549 3545 4606 Retractatio-

1963 4641 2116 4694 nibus
2145 4647 2412 4707 nuncupat
2435 4639 2893 4709 (Retractationum
2924 4639 3008 4695 lib.
3040 4639 3093 4701 2.
3124 4656 3239 4710 cap.
3268 4642 3390 4710 55):
3420 4642 3543 4696 alibi

1965 4740 2161 4793 tamen,
2195 4729 2269 4782 De
2307 4728 2568 4799 Baptisnto
2611 4730 2966 4800 parvulorum;
2996 4746 3100 4802 quo
3139 4732 3351 4785 eosdem
3395 4733 3546 4787 titulo

1960 4821 2315 4891 Hieronymus
2334 4821 2562 4890 appellat
2584 4820 2792 4891 (Contra
2822 4821 3018 4892 Pelag,
3039 4823 3238 4891 dialogo
3255 4824 3307 4887 5,
3329 4840 3442 4892 cap.
3463 4821 3541 4895 6).

1965 4911 2141 4966 Primo
2172 4911 2306 4965 libro
2333 4911 2686 4973 demonstrat,
2718 4921 2942 4964 mortem
2991 4913 3217 4964 hominis
3256 4913 3436 4965 venire
3476 4926 3542 4966 es

1967 5001 2154 5054 merito
2183 5001 2382 5070 peccati
2411 4999 2559 5065 Adaa,
2590 5016 2653 5054 eo
2674 5001 2830 5054 etiam
2860 5008 3076 5070 peccato
3105 5009 3264 5052 totam
3293 4999 3432 5052 illius
3463 5008 3541 5054 te-

1969 5092 2078 5144 neri
2110 5091 2326 5158 stirpem
2359 5091 2698 5153 obstrictam;
2731 5098 2886 5157 atque
2917 5089 3111 5142 idcirco
3140 5088 3386 5156 baptizari
3418 5103 3538 5157 par-

1969 5180 2136 5244 vulos,
2162 5189 2218 5233 ut
2237 5180 2431 5248 peccati
2460 5180 2538 5234 sui
2569 5179 2840 5248 originalis
2867 5179 3231 5233 remissionem
3261 5179 3534 5250 accipiant.

1969 5272 2214 5327 Secundo
2236 5281 2413 5326 autem
2444 5271 2617 5335 docet,
2649 5271 2912 5324 hominem
2942 5271 2992 5324 in
3026 5270 3124 5324 hac
3154 5271 3256 5325 vita
3283 5271 3395 5326 sine
3424 5287 3530 5341 peo-

1969 5373 2087 5417 cato
2122 5378 2239 5416 esse
2278 5377 2435 5430 posse
2466 5377 2558 5429 per
2584 5360 2673 5413 Dei
2702 5359 2918 5429 gratiam
2947 5367 3000 5414 et
3025 5359 3245 5414 liberum
3277 5377 3427 5414 suum
3453 5377 3522 5415 ar-

1971 5455 2205 5516 bitrium,
2238 5469 2341 5506 non
2373 5463 2544 5507 tamen
2573 5467 2688 5506 esse
2719 5467 3032 5520 quemquam
3081 5451 3131 5505 in
3173 5451 3269 5506 hac
3297 5452 3396 5506 vita
3427 5453 3517 5514 sint

1972 5547 2075 5600 ullo
2106 5561 2320 5614 prorsus
2352 5555 2598 5612 peccato;
2630 5544 2745 5612 quia
2777 5560 2932 5596 neruo
2960 5544 3138 5615 sitqui
3171 5555 3368 5600 tantum
3394 5545 3541 5614 velit,

1971 5647 2222 5708 quantum
2255 5651 2338 5689 res
2366 5635 2547 5704 exigit,
2581 5633 2704 5688 dmn
2752 5634 2830 5688 vel
2875 5635 2999 5688 latet
3039 5634 3175 5704 quod
3214 5635 3412 5705 justum
3438 5644 3541 5703 est,

1971 5728 2055 5785 vel
2083 5728 2252 5783 facere
2283 5743 2383 5781 non
2415 5725 2674 5792 delectat;
2705 5724 2930 5796 denique
2956 5740 3062 5781 uno
3097 5734 3317 5798 excepto
3343 5723 3542 5782 Mediae
