4042 6360
496 409 612 454 tore
637 397 851 452 Christo
877 394 1078 450 nullum
1105 407 1246 458 esse,
1279 389 1358 446 vel
1382 388 1562 455 fuisse,
1586 389 1666 444 vel
1696 387 1925 442 futurum
1952 401 2069 441 esse

496 487 765 544 hominem
804 487 872 540 ab
894 485 1036 540 omni
1069 492 1284 553 peccato
1309 481 1612 536 immunem.
1637 477 1693 532 lu
1718 479 1816 532 hoc
1839 476 2072 532 secundo

497 579 634 634 libro
661 578 893 633 libellum
925 592 954 630 a
973 575 1223 632 Caelestio
1251 572 1475 627 concilio
1500 567 1898 638 Carthaginensi
1929 567 2074 620 obla-

499 679 632 734 tum,
664 684 769 739 quo
799 668 1211 737 redemptionem
1243 663 1472 732 parvulis
1493 677 1624 731 opus
1645 674 1764 714 esse
1788 657 2069 725 fatebatur,

497 761 722 816 obscure
752 759 922 829 signal
950 757 1052 826 (De
1078 755 1404 809 Peccatorum
1433 752 1640 814 meritis,
1666 751 1752 804 lib.
1784 750 1840 813 2,
1867 766 1920 802 ιι.
1958 749 2069 819 58).

496 849 699 904 Verum
727 858 907 918 aperte
929 847 1202 916 profitetur
1243 845 1296 897 in
1338 841 1834 905 Retractationibus,
1867 855 1926 893 se
1957 847 2076 892 tau-

499 952 609 996 ttnn
641 949 760 1010 post
800 939 936 993 istud
979 938 1280 1001 concilium,
1307 935 1458 1003 cujus
1497 933 1757 988 sententia
1802 931 1939 985 idem
1987 931 2074 985 ille

498 1031 984 1087 excommunieatus
1011 1028 1198 1091 fuerat,
1226 1027 1498 1094 scripsisse
1529 1026 1624 1078 hos
1645 1024 1806 1077 libros
1828 1021 2070 1090 (Retract.

499 1121 586 1175 lib.
615 1122 668 1188 2,
698 1138 812 1190 cap.
837 1119 946 1189 55),
981 1118 1028 1171 id
1059 1127 1139 1172 est
1166 1133 1303 1170 anno
1329 1113 1846 1184 quadringentesimo
1869 1110 2076 1164 duode-

499 1214 657 1267 cimo.
689 1213 744 1267 In
774 1213 852 1266 bis
883 1223 1054 1264 tamen
1093 1207 1307 1262 tacenda
1353 1206 1526 1260 adhuc
1565 1206 1847 1258 arbitratus
1873 1213 1954 1257 est
1977 1203 2075 1257 ad-

499 1306 846 1361 versariorum
878 1302 1122 1363 nomina;
1156 1299 1296 1370 quod
1323 1314 1414 1353 eos
1439 1298 1535 1351 hac
1556 1296 1740 1366 agendi
1769 1296 1971 1348 ratione
2003 1293 2078 1348 fa-

499 1397 650 1450 cilius
674 1410 826 1464 posse
852 1393 1040 1462 corrigi
1078 1399 1332 1460 speraret.
1382 1390 1492 1442 lloc
1539 1389 1590 1441 in
1631 1402 1793 1455 opere
1839 1385 2078 1439 meminit

497 1489 820 1558 Augustinus
861 1485 1132 1555 cujusdam
1163 1500 1225 1538 ex
1251 1499 1316 1536 eo
1337 1495 1531 1552 genere
1560 1479 1844 1543 fatuorum,
1875 1478 1962 1548 qui
1995 1494 2078 1531 re-

498 1578 655 1647 liquis
709 1577 859 1630 ludos
901 1575 1162 1644 prmhcnt,
1209 1573 1476 1627 moriones
1519 1572 1673 1640 vu'go
1702 1569 1848 1623 dicti.
1877 1568 2078 1622 Talium

495 1670 720 1736 quidam,
751 1670 844 1728 ait,
874 1668 967 1737 fuit
1006 1667 1075 1720 ita
1113 1667 1434 1726 Christianus,
1473 1673 1526 1716 ut
1567 1679 1676 1716 cum
1708 1670 1830 1714 esset
1856 1660 2078 1713 omnium

497 1759 798 1828 injuriarum
843 1774 1051 1810 suarum
1088 1757 1216 1809 mira
1252 1756 1482 1824 fatuitate
1506 1751 1912 1822 patientissimus,
1939 1750 2079 1820 inju-

497 1851 628 1902 riam
661 1859 825 1902 tamen
867 1847 1052 1901 Christi
1081 1847 1314 1908 nominis,
1350 1846 1426 1898 vel
1470 1846 1523 1897 in
1562 1860 1615 1896 se
1655 1843 1763 1910 ipso
1803 1841 2076 1911 religionis.

497 1957 599 2008 qua
624 1939 840 1992 imbutus
861 1948 982 2001 erat,
1009 1939 1080 1990 sic
1110 1942 1239 2006 ferre
1267 1953 1364 1988 non
1391 1945 1575 2004 posset,
1602 1943 1653 1985 ut
1684 1931 2081 1998 blasphemantes

501 2027 724 2080 videlicet
745 2029 994 2088 cordatus,
1025 2044 1055 2079 a
1076 2026 1248 2096 quibus
1271 2026 1397 2086 lucc,
1422 2033 1473 2076 ut
1501 2030 1873 2092 provocaretur,
1901 2019 2080 2072 audie-

503 2117 606 2178 bat,
641 2117 870 2170 insectari
905 2117 1154 2186 lapidibus
1190 2133 1288 2168 non
1329 2115 1600 2175 desisteret,
1632 2129 1718 2164 nec
1755 2111 1807 2164 in
1841 2127 1901 2163 ea
1929 2127 2082 2163 causa

511 2209 587 2262 vel
617 2208 830 2260 dominis
851 2217 1092 2276 parceret.
1124 2205 1270 2258 Tales
1309 2220 1428 2274 ergo
1452 2201 1802 2272 prtedrstinari
1840 2210 1888 2255 et
1921 2203 2084 2255 creari

501 2297 734 2362 arbitror,
767 2306 820 2349 ut
841 2296 925 2363 qui
947 2304 1176 2365 possunt,
1205 2294 1484 2363 intelligant
1506 2292 1600 2345 Dei
1621 2293 1854 2363 gratiam,
1883 2300 1927 2344 et
1959 2291 2082 2361 Spi-

502 2389 656 2440 ritum
679 2389 764 2457 qui
791 2386 874 2440 ubi
898 2387 1002 2439 vult
1025 2386 1204 2455 spirat,
1237 2384 1296 2438 ob
1335 2384 1428 2436 Itoc
1462 2400 1607 2436 omne
1633 2382 1820 2452 ingenii
1845 2397 2000 2451 genus
2031 2380 2083 2433 in

505 2479 628 2546 ﬁliis
657 2477 1014 2530 miseriter-dite
1050 2493 1149 2529 non
1187 2475 1460 2544 praeterire,
1490 2473 1701 2540 itemque
1726 2487 1870 2524 omne
1897 2471 2085 2540 ingenii

500 2584 656 2638 genus
686 2566 736 2619 in
777 2565 1016 2637 gehennae
1050 2566 1169 2631 [iliis
1211 2564 1498 2632 praeterire,
1533 2572 1587 2615 ut
1617 2563 1700 2632 qui
1734 2559 1999 2630 gloriatur,
2031 2560 2084 2613 in

503 2657 726 2711 Domino
745 2658 987 2728 glorietur
1004 2656 1103 2727 (De
1125 2655 1446 2710 I’eccatorum
1471 2656 1676 2717 meritis,
1701 2654 1787 2706 lib.
1816 2654 1864 2718 1,
1888 2670 1940 2706 ιι.
1968 2652 2080 2721 52).

501 2748 690 2805 Paucis
715 2750 906 2803 deinde
935 2749 1224 2818 inferjectis
1253 2748 1418 2809 addit,
1450 2746 1648 2801 fatuum
1680 2747 1824 2801 illum
1855 2746 1906 2800 in
1930 2745 2085 2801 Chri-

501 2840 569 2895 sti
596 2842 760 2911 gratia
783 2842 961 2895 multis
991 2841 1307 2893 acutissimis
1336 2838 1748 2908 pra-ferendum.

573 2932 625 2984 4.
657 2931 770 2986 Jam
806 2941 978 2984 autem
1020 2930 1274 2984 absolutis
1317 2930 1460 2983 hisee
1497 2929 1646 2982 libris
1675 2937 1832 2997 atque
1857 2927 1921 2981 ad
1949 2928 2083 2981 Mar-

504 3024 749 3075 cellinum
806 3021 1148 3086 transmissis,
1207 3019 1577 3086 Carthaginem
1628 3018 1923 3086 profectum
1965 3033 2085 3072 esse

506 3111 714 3166 beatum
757 3112 1089 3173 Antislitem,
1125 3109 1412 3162 verisimile
1439 3117 1537 3162 est.
1571 3108 1808 3176 Namque
1838 3108 2082 3161 eumdem

508 3206 654 3258 illum
683 3204 1040 3258 Marcellinum
1070 3203 1138 3254 ita
1169 3201 1454 3270 alloquitur
1482 3217 1494 3252 :
1531 3199 1708 3253 Libros
1737 3199 1798 3253 de
1828 3199 2086 3268 Baptistae

503 3295 847 3366 parvulorum,
867 3311 978 3346 cum
986 3295 1098 3363 jam
1123 3293 1341 3346 codicem
1355 3292 1518 3361 ipsum
1537 3289 1854 3343 Prwstantia:
1879 3300 1977 3343 tua:
1993 3291 2088 3342 mi-

507 3386 699 3447 sissem,
729 3401 818 3437 cur
853 3384 939 3436 abs
976 3394 1021 3436 te
1053 3400 1226 3436 rursus
1265 3382 1558 3451 acceperim,
1594 3381 1776 3434 oblitus
1815 3395 1964 3433 sum:
1993 3379 2089 3434 nisi

506 3480 635 3548 forte
658 3493 768 3527 cum
791 3476 1103 3544 inspicerent,
1133 3472 1393 3526 mendosos
1431 3489 1512 3525 eos
1541 3472 1724 3540 reperi,
1754 3480 1798 3524 et
1822 3470 2087 3523 emendare

506 3570 639 3622 valui
653 3585 670 3632 ,°
699 3569 830 3637 quod
857 3566 1146 3619 mirabiliter
1175 3564 1464 3634 impeditus,
1492 3563 1657 3616 adhuc
1689 3579 1841 3632 usque
1866 3578 1965 3614 non
1992 3556 2090 3630 feci

509 3660 695 3732 (Epist.
728 3661 842 3720 159,
873 3677 924 3712 ιι.
959 3659 1035 3726 5).
1083 3658 1267 3712 Paucis
1304 3665 1424 3725 post
1469 3655 1672 3717 diebus,
1717 3670 1838 3708 cum
1884 3653 1936 3706 in
1975 3654 2089 3722 ejus

509 3767 694 3808 manus
722 3751 988 3803 venissent
1012 3747 1203 3817 Pelagii
1234 3746 1593 3814 expositiones
1618 3746 1668 3798 in
1697 3744 1844 3798 Pauli
1877 3743 2087 3812 Episto-

506 3842 603 3904 las,
633 3839 1140 3906 argumentationem
1166 3837 1234 3890 ibi
1255 3835 1536 3905 quamdam
1559 3834 1814 3888 adversus
1832 3833 2089 3902 originale

506 3939 792 4000 peceatum
823 3927 1043 3997 reperit,
1089 3942 1117 3979 a
1144 3940 1202 3980 se
1243 3925 1460 3978 minime
1493 3923 1812 3978 eonfutaL'nn
1839 3939 1851 3974 :
1887 3939 2006 3976 nam
2037 3923 2088 3976 in

507 4030 738 4075 tuentem
783 4020 880 4074 sibi
923 4018 1141 4072 omnino
1181 4031 1284 4070 non
1316 4023 1559 4079 venerat,
1590 4030 1904 4086 quemquam
1932 4030 2091 4084 posse

509 4113 629 4166 talia
660 4112 894 4174 c0gitare
918 4111 997 4164 vel
1024 4109 1200 4163 dicere
1219 4107 1320 4181 (De
1341 4106 1669 4160 Peccatorum
1695 4107 1904 4171 meritis,
1924 4107 2010 4160 lib.
2035 4109 2088 4168 5.

507 4222 559 4257 n.
587 4205 661 4272 1).
690 4203 1018 4271 Quapropter
1054 4215 1176 4266 cum
1207 4198 1566 4267 superioribus
1595 4198 1742 4251 libris
1776 4197 1841 4251 ad
1877 4197 2090 4252 umbili-

507 4311 626 4347 rum
669 4293 933 4362 perductis
987 4290 1114 4344 nihil
1161 4289 1283 4344 addi
1326 4305 1482 4358 posse
1505 4289 1784 4358 judicaret,
1817 4287 2090 4357 epistolam

511 4386 608 4441 hac
635 4385 699 4438 de
729 4400 784 4438 re
813 4382 1076 4452 propriam
1105 4381 1412 4436 Marcellino
1436 4379 1666 4450 scripsit,
1689 4395 1845 4448 quam
1870 4388 1926 4434 et
1943 4381 2091 4448 operi

491 4461 606 4535 suo
629 4477 762 4529 tertii
789 4475 905 4528 libri
933 4475 1097 4527 instar
1121 4473 1372 4527 annexuit
1393 4470 1636 4541 (Retract.
1661 4472 1748 4525 lib.
1769 4471 1952 4538 2.cnp.
1977 4471 2088 4540 55).

510 4564 564 4624 ld
599 4566 846 4634 temporis
866 4563 1184 4632 Carthagine
1211 4563 1400 4632 agebat
1425 4560 1878 4632 Marcellinus(De
1907 4560 2094 4615 Pecca.

511 4670 674 4713 torum
698 4658 900 4721 meritis,
938 4657 1024 4711 lib.
1049 4657 1102 4722 5,
1131 4673 1183 4709 ιι.
1217 4656 1325 4725 10).
1370 4654 1524 4724 Atqui
1571 4654 1808 4724 Pelagius
1839 4653 2091 4708 Ecclesia:

511 4749 666 4804 fidem
705 4764 806 4802 non
837 4763 900 4802 ex
930 4762 1024 4802 sua
1057 4761 1282 4818 persona
1316 4743 1676 4815 impngnabat,
1721 4743 1813 4798 sed
1844 4753 2090 4813 tanquam

509 4841 680 4900 aliena
727 4840 932 4910 objecta
976 4838 1214 4894 referens
1247 4856 1259 4891 :
1292 4836 1478 4891 eadem
1526 4845 1732 4899 tamen,
1785 4835 1870 4891 ubi
1923 4837 2092 4891 semel

512 4934 778 4990 hmreseos
802 4948 910 4987 sua:
936 4933 1140 5002 signum
1174 4930 1403 4994 sustulit,
1435 4928 1854 5000 pertinacissima
1885 4927 2092 4982 animo-

510 5026 665 5082 sitate
686 5023 1180 5093 defendit(lletract.
1206 5020 1291 5075 lib.
1306 5021 1360 5086 2,
1383 5037 1497 5090 cap.
1515 5018 1628 5089 55).
1656 5018 1790 5086 Quin
1808 5019 1966 5072 etiam
1986 5017 2092 5071 Ro-

511 5131 633 5180 nue,
661 5131 762 5184 qua
793 5115 844 5169 in
884 5115 1014 5168 urbe
1043 5113 1190 5167 multi
1216 5115 1324 5181 jam
1353 5112 1520 5181 probe
1543 5117 1799 5164 noverant
1826 5123 1962 5179 quos
2002 5124 2097 5180 ge—

513 5212 656 5258 reret
670 5205 844 5256 animo
860 5219 1064 5267 sensus,
1089 5203 1235 5256 illum
1253 5202 1410 5255 veluti
1427 5201 1523 5254 sub
1539 5200 1638 5253 hoc
1651 5199 1808 5267 pallio
1829 5201 2092 5268 propriam

514 5305 746 5351 mentem
767 5296 1027 5349 insinuare
1045 5311 1145 5348 nou
1163 5294 1474 5347 dubitabant
1492 5290 1590 5361 (De
1614 5289 1845 5344 Peccato.
1870 5291 2022 5360 orig.,
2039 5307 2090 5343 ιι.

515 5385 630 5453 24).
651 5384 1000 5438 Nihilominus
1021 5394 1194 5437 tamen
1217 5384 1554 5452 Augustinus.
1579 5381 1752 5434 adhuc
1773 5380 2096 5434 moderatius

515 5491 636 5530 cum
652 5476 740 5530 illo
761 5475 1019 5544 agendum
1041 5484 1248 5542 putans,
1275 5473 1514 5527 eamdem
1528 5471 1916 5526 omninoartcm
1934 5486 1994 5525 ac
2015 5487 2096 5523 ra-

521 5567 746 5634 tionem,
765 5581 866 5636 qua
882 5565 967 5620 ille
997 5565 1191 5619 abusus
1208 5564 1396 5630 fuerat,
1419 5565 1472 5618 in
1497 5578 1562 5619 eo
1584 5561 1872 5618 refellendo
1884 5572 2099 5619 secutus

512 5667 600 5715 est
633 5676 646 5712 :
675 5657 782 5714 imo
807 5671 926 5712 cum
956 5655 1200 5728 Pelagius
1224 5656 1292 5711 ob
1318 5655 1648 5712 sanctitatem
1677 5669 1883 5711 morum
1909 5654 2100 5728 prauit-

1527 275 1680 331 VITA
1720 275 1776 328 S.
1821 271 2186 330 AUGUSTlNl
2226 272 2550 329 EPISCOPI.

3661 277 3770 336 444

2178 396 2439 442 caretura
2484 387 2679 449 multis,
2729 402 2848 442 eum
2881 404 2985 444 non
3029 388 3283 444 dubitavit
3334 389 3773 447 honorificentius

2177 479 2463 548 appellare.
2498 479 2620 532 ιιι-ο
2651 479 2733 532 illa
2765 488 2846 533 est
2887 479 3122 548 profecto
3160 480 3228 534 ad
3272 480 3627 536 Marcellinum
3652 485 3774 554 epi-

2177 569 2333 632 Stola,
2357 584 2512 638 quant
2545 569 2866 632 Augustinus
2894 569 3231 639 Carthagine,
3261 580 3313 624 ut
3342 573 3606 642 prioribus
3630 575 3774 629 duo-

2180 659 2275 712 bus
2323 659 2468 712 libris
2519 660 2828 728 juugeretur
2859 700 2875 726 ,
2932 661 3212 730 incoeptum
3263 661 3496 715 nondum
3549 667 3774 718 omnino

2179 749 2488 816 perfecerat,
2520 765 2623 818 quo
2651 761 2886 818 tempore
2906 749 2972 804 de
2994 751 3366 822 pervulgandis
3392 753 3555 822 gestis
3577 767 3771 808 contra

2179 841 2479 895 Donatistas
2539 842 2792 897 confectis
2847 844 2976 898 alias
3038 844 3211 899 eidem
3281 845 3481 900 litteras
3548 849 3774 918 scripsit

2182 932 2367 1003 (Epist.
2404 935 2523 999 159,
2554 952 2604 988 ιι.
2635 936 2714 1005 5).

2249 1024 2300 1077 5.
2344 1025 2398 1078 In
2429 1025 2662 1078 secundo
2688 1026 2822 1080 libro
2850 1024 3121 1090 docuerat,
3152 1026 3264 1081 ﬁeri
3288 1043 3444 1096 posse
3471 1038 3530 1082 ut
3559 1030 3630 1083 sit
3654 1030 3763 1083 ho-

2180 1129 2267 1167 mo
2293 1115 2404 1170 sine
2435 1127 2668 1184 peccato,
2691 1116 2736 1170 si
2758 1117 2902 1182 velit,
2932 1133 3051 1171 cum
3080 1118 3170 1171 Dei
3193 1119 3488 1187 adjutorio;
3525 1122 3776 1190 quamvis
3805 1181 3814 1186 _

2181 1208 2380 1272 nullus,
2409 1219 2634 1277 excepto
2656 1209 2886 1272 Christo,
2918 1192 3022 1263 tam
3049 1209 3299 1279 perfecta:
3334 1211 3549 1278 justitize
3573 1214 3672 1266 hac
3713 1214 3772 1267 in

2181 1300 2283 1352 vita
2313 1301 2398 1353 sit.
2433 1300 2544 1354 [loc
2591 1311 2885 1369 permotum
2915 1316 2974 1356 se
3013 1300 3174 1356 fuisse
3193 1303 3463 1372 rescripsit
3490 1304 3767 1358 Marcelli-

2180 1407 2300 1454 nus,
2339 1393 2477 1460 quod
2509 1392 2726 1446 dixisset
2749 1392 2858 1445 fieri
2885 1407 3038 1460 posse
3062 1408 3178 1446 eam
3227 1409 3362 1458 rem,
3384 1393 3533 1462 cujus
3565 1395 3772 1448 nullum

2181 1490 2412 1536 exstaret
2443 1481 2765 1551 exemplum.
2811 1482 2971 1536 Nova:
3016 1482 3137 1536 huic
3158 1483 3440 1551 qumstioni
3492 1484 3778 1553 respondit

2182 1573 2505 1638 Augustinus
2537 1588 2674 1626 novo
2704 1573 2856 1636 libro,
2879 1573 2962 1627 cui
2988 1573 3194 1627 titulum
3225 1573 3368 1637 fecit,
3399 1572 3472 1627 De
3497 1573 3699 1645 Spiritu
3719 1583 3776 1628 et

2185 1662 2372 1715 Littera
2396 1678 2414 1716 :
2443 1662 2563 1732 quia
2603 1663 2948 1732 quaestionem
2979 1663 3284 1732 explicans,
3311 1664 3642 1718 occasionem
3670 1681 3768 1719 ce-

2183 1755 2260 1823 pit
2303 1753 2602 1823 disputandi
2631 1761 2815 1808 contra
2844 1754 3152 1824 Pelagianos
3179 1754 3248 1809 de
3287 1755 3551 1824 adjutorio
3577 1757 3770 1824 gratia!

2186 1844 2301 1908 Dei,
2330 1843 2621 1899 ostendens
2645 1843 2908 1907 videlicet,
2957 1860 3060 1898 non
3083 1861 3148 1900 eo
3173 1860 3268 1899 nos
3305 1861 3337 1900 a
3385 1846 3494 1900 Deo
3522 1847 3766 1916 adjuvari

2182 1933 2249 1988 ad
2269 1933 2588 2002 Operandam
2610 1934 2889 2004 justitiam,
2917 1935 3058 2004 quod
3085 1935 3257 2003 legem
3283 1935 3770 2004 deditplenambo-

2185 2026 2266 2079 nis
2285 2027 2584 2096 sanctisque
2603 2027 2899 2095 praeceptis,
2917 2026 3009 2080 sed
3032 2028 3171 2096 quod
3192 2028 3300 2096 ipsa
3323 2029 3563 2082 voluntas
3584 2039 3768 2082 nostra

2183 2116 2462 2185 adjuvetur
2490 2117 2756 2186 impertito
2785 2118 2970 2188 spiritu
2989 2119 3205 2188 gratiae;
3233 2119 3348 2174 sine
3372 2136 3478 2190 quo
3498 2120 3770 2188 adjutorio

2184 2206 2421 2261 doctrina
2466 2209 2596 2276 legis
2633 2207 2804 2262 littera
2855 2217 2938 2263 est
2965 2208 3234 2272 occidens,
3274 2210 3392 2279 quia
3443 2225 3564 2264 reos
3589 2211 3770 2278 potius

2186 2299 2636 2368 praevaricationis
2663 2311 2825 2364 tenet,
2857 2317 3014 2372 quam
3036 2301 3494 2370 justifieatimpios
3515 2301 3767 2373 (Retract.

2186 2395 2272 2448 lib.
2302 2393 2358 2457 2,
2381 2411 2496 2461 cap.
2524 2394 2590 2446 57
2616 2409 2630 2456 ;
2681 2393 2754 2446 De
2780 2393 2978 2463 Spiritu
3008 2402 3054 2446 et
3098 2393 3306 2456 Littera,
3331 2411 3381 2446 n.
3423 2393 3498 2462 1).
3519 2393 3774 2448 Testatur

2185 2501 2264 2549 se,
2293 2483 2464 2538 hocin
2492 2498 2673 2550 opere,
2701 2492 2954 2552 quantum
2985 2485 3120 2536 Deus
3151 2483 3368 2549 adjuvit,
3387 2492 3568 2536 contra
3593 2483 3774 2536 inimi-

2185 2591 2278 2631 cos
2305 2575 2486 2644 gratim
2515 2575 2627 2636 Dei,
2654 2574 3091 2644 qnajustilicalur
3118 2575 3329 2644 impias,
3360 2576 3554 2629 acriter
3577 2574 3736 2646 dispu

2188 2675 2327 2721 tasse
2355 2665 2601 2737 (Retract.
2627 2665 2714 2718 lib.
2758 2665 2812 2728 2,
2857 2681 2973 2732 cap.
3004 2663 3095 2735 57)
3128 2680 3142 2716 :
3184 2664 3325 2733 atqui
3359 2665 3410 2717 in
3443 2664 3562 2717 illos
3590 2673 3768 2718 tamen

2186 2771 2302 2811 eam
2333 2755 2505 2810 adhuc
2533 2755 2945 2825 moderationem
2969 2756 3156 2821 tenuit,
3185 2764 3242 2810 ut
3279 2756 3543 2810 neminem
3574 2756 3770 2811 adver-

2187 2846 2445 2900 sariorum
2473 2845 2781 2899 nominatim
2808 2846 3173 2914 appellaverit.

2258 2937 2308 2992 6.
2351 2936 2488 3004 Quin
2531 2939 2688 2990 etiam
2747 2936 3096 2991 immoderato
3125 2935 3353 3006 quodam
3403 2932 3577 2990 studio
3609 2952 3772 2990 revo.

2187 3029 2340 3084 candi
2398 3029 2639 3082 homines
2679 3028 2748 3080 ab
2800 3044 3003 3094 errore,
3038 3036 3239 3082 tantum
3283 3030 3409 3098 ipsis
3437 3029 3526 3082 Vir
3553 3039 3775 3084 sanctus

2191 3119 2513 3188 indulgebat,
2543 3127 2600 3171 ut
2644 3118 2906 3186 patienter
2929 3117 3050 3171 ferri
3075 3118 3304 3184 juberet,
3330 3119 3489 3172 etiam
3516 3135 3634 3173 eum
3663 3120 3771 3198 "psi

2189 3211 2488 3265 Catholicos
2535 3209 2764 3278 antiqua:
2801 3208 2919 3261 fidei
2949 3208 3257 3263 defensores
3303 3225 3409 3262 nou
3457 3219 3774 3263 vererentur

2192 3303 2328 3355 inter
2350 3300 2720 3369 disputandum
2745 3299 2941 3354 habere
2960 3308 3207 3370 tanquam
3231 3300 3510 3354 luereticos
3524 3311 3575 3355 et
3601 3317 3772 3354 nova-

2193 3400 2354 3444 lores.
2386 3390 2664 3443 Parumest
2691 3390 2842 3454 enim,
2875 3390 2966 3455 ait,
2999 3390 3118 3456 quia
3144 3390 3226 3442 isti
3247 3389 3498 3443 disserunt
3527 3401 3569 3443 et
3592 3391 3776 3458 dispu-

2198 3490 2305 3532 tant
2327 3480 2492 3533 nescio
2527 3495 2651 3548 quas
2679 3479 2856 3548 impias
2899 3479 3139 3531 novitates
3169 3494 3187 3530 :
3216 3489 3262 3531 et
3303 3495 3392 3531 nos
3417 3491 3663 3532 conantur
3683 3497 3774 3532 ar-

2191 3579 2360 3642 guere,
2391 3572 2526 3640 quod
2545 3571 2736 3640 aliquid
2760 3587 2939 3624 novum
2957 3572 3182 3625 dicamus
3205 3570 3398 3644 (Serm.
3430 3573 3556 3634 294,
3581 3589 3632 3623 n.
3665 3570 3776 3639 l9).

2192 3662 2281 3718 Sic
2306 3664 2522 3716 omnino
2549 3662 2858 3732 loquebatur
2881 3661 2945 3714 ad
2974 3660 3446 3732 Carthaginensem
3480 3662 3687 3729 plebem
3720 3663 3779 3716 in

2193 3768 2459 3819 sermone,
2495 3769 2650 3823 quem
2694 3754 2893 3808 Aurelii
2923 3753 3153 3824 episcopi
3193 3755 3422 3823 impulsu
3461 3755 3559 3823 (De
3611 3752 3779 3806 Gestis

2194 3844 2415 3916 Pelagii,
2438 3863 2488 3899 η.
2517 3846 2632 3916 25),
2664 3847 2932 3914 aliquanto
2956 3855 3073 3914 post
3101 3845 3273 3900 editos
3307 3847 3506 3915 priores
3533 3845 3599 3898 ad
3629 3845 3780 3898 hlar-

2193 3935 2441 3990 cellinmn
2464 3934 2648 3998 libros,
2680 3950 2779 3988 nec
2807 3944 2982 3989 tamen
3011 3945 3133 3989 ante
3155 3949 3372 3998 annum,
3395 3946 3452 3990 ut
3477 3936 3628 3990 nobis
3661 3936 3785 4004 qui-

2193 4023 2314 4078 dem
2336 4023 2629 4088 videbatur,
2659 4023 2855 4078 Christi
2899 4023 3474 4094 quadringentesimum
3505 4025 3779 4079 decimum

2194 4113 2406 4168 tertium
2447 4111 2603 4181 (Vide
2633 4111 2844 4180 Prtefat.
2877 4112 2996 4165 tomi
3015 4112 3100 4177 10,
3129 4114 3156 4182 §
3182 4113 3274 4183 6),
3317 4113 3678 4183 pronuntiavit
3718 4114 3776 4167 in

2194 4203 2409 4260 basilica
2438 4203 2710 4273 Majorum,
2727 4204 2780 4258 in
2810 4205 2968 4258 natali
2995 4205 3240 4274 martyris
3253 4205 3567 4270 Guddentis,
3585 4207 3782 4275 quinto

2195 4294 2449 4350 kalendas
2475 4295 2591 4364 julii
2622 4312 2634 4347 :
2661 4295 2747 4350 ubi
2770 4306 3113 4364 posteaquam
3132 4298 3478 4366 quazstionem
3505 4297 3571 4351 de
3601 4297 3784 4367 Bapti-

2196 4387 2496 4442 smol‘usius
2524 4387 2790 4450 tractavit,
2821 4387 3048 4457 primum
3077 4387 3291 4457 quidem
3319 4387 3524 4442 divinas
3548 4390 3784 4443 auctori-

2198 4487 2334 4532 tates
2369 4477 2662 4548 proferens,
2685 4477 2804 4532 dein
2827 4487 3040 4547 gestans
3063 4495 3274 4549 quoque
3302 4479 3352 4533 in
3386 4479 3630 4534 manibus
3657 4479 3779 4548 epi-

2196 4569 2385 4622 stolam
2415 4568 2784 4638 gloriosissimi
2815 4569 3063 4638 martyris
3087 4567 3335 4640 Cypriani
3354 4585 3470 4640 qum
3497 4581 3578 4623 est
3601 4569 3668 4623 ad
3690 4569 3784 4625 Fi-

2196 4659 2342 4724 dum,
2373 4668 2428 4713 et
2467 4658 2533 4713 de
2573 4658 2670 4713 hac
2700 4673 2758 4712 re
2784 4658 2943 4712 verba
2981 4658 3097 4726 ejus
3124 4660 3353 4712 recitans
3371 4668 3531 4728 atque
3571 4667 3782 4728 pertra-

2196 4760 2366 4813 ctans,
2423 4759 2479 4802 ut
2527 4764 2680 4803 error
2733 4748 2962 4802 nefarius
3016 4749 3084 4802 de
3129 4749 3480 4819 quorumdam
3525 4749 3783 4807 cordibus

2196 4835 2547 4902 auferreturf
2575 4838 2642 4892 ad
2672 4847 2968 4893 extremum
3005 4839 3125 4909 pius
3175 4839 3409 4894 Antistes
3436 4839 3634 4895 claudit
3669 4839 3781 4895 dis-

2201 4933 2520 5002 putationem
2547 4931 2598 4984 in
2626 4931 2739 4984 haec
2759 4930 2917 4985 verba
2948 4949 2960 4984 :
2994 4929 3330 4998 Impetremus
3351 4948 3490 5002 ergo,
3526 4932 3572 4985 si
3596 4947 3780 5001 possu-

2199 5039 2329 5086 mus,
2353 5038 2383 5074 a
2408 5020 2646 5093 fratribus
2672 5020 2876 5084 nostris,
2902 5036 2963 5072 ne
2991 5037 3082 5074 nos
3101 5021 3305 5090 insuper
3328 5020 3582 5091 appellent
3610 5020 3782 5075 Ita're-

2200 5115 2352 5176 ticos;
2381 5112 2514 5179 quod
2532 5125 2614 5163 eos
2635 5109 2758 5162 talia
2779 5109 3089 5180 disputantes
3119 5126 3209 5163 nos
3235 5110 3496 5178 appellare
3525 5109 3782 5178 possimus

2200 5204 2431 5274 forsitan,
2452 5203 2496 5256 si
2531 5201 2758 5264 velimus,
2801 5216 2891 5254 nec
2930 5210 3097 5253 tamen
3125 5200 3459 5270 appellamus.
3517 5199 3780 5254 Sustineat

2201 5311 2282 5348 eos
2310 5303 2466 5345 mater
2486 5293 2582 5363 piis
2619 5291 2888 5344 visceribus
2931 5291 3204 5356 sanandos,
3229 5299 3391 5359 portet
3416 5290 3683 5354 docendos,
3715 5304 3785 5345 nc

2203 5383 2406 5451 plangat
2443 5391 2682 5433 mortuos.
2719 5379 2948 5433 Nimium
2973 5390 3044 5433 est
3067 5397 3168 5447 quo
3192 5381 3608 5451 progrediuntur;
3644 5380 3784 5433 mul-

2202 5479 2304 5522 tum
2322 5480 2416 5532 est,
2442 5469 2525 5522 vix
2553 5469 2922 5538 ferendumest,
2950 5485 3144 5537 magna:
3169 5469 3422 5537 patientia:
3444 5469 3609 5522 adhuc
3629 5469 3780 5539 ferri.

2204 5560 2324 5615 Non
2345 5561 2614 5614 abutantur
2638 5559 2732 5612 hac
2755 5559 2996 5630 patientia
3021 5557 3283 5626 Ecclesiae,
3313 5561 3648 5630 corrigantur,
3680 5557 3777 5611 bo-

2206 5669 2328 5707 num
2367 5661 2457 5706 est.
2511 5649 2578 5706 Ut
2624 5649 2772 5705 amici
2800 5648 3140 5720 exhortamur,
3171 5666 3270 5705 non
3296 5658 3350 5705 ut
3377 5648 3567 5706 inimici
3594 5647 3772 5721 litiga-
