4042 6360
254 325 371 382 £48

258 464 400 500 mus.
432 442 715 498 Detrahunt
741 437 909 503 nobis,
947 434 1151 508 [erimus
1180 428 1396 485 :canoni
1425 444 1523 481 non
1552 424 1840 487 detrahant,

257 537 466 591 veritati
500 551 599 587 non
626 531 918 593 detrahant;
950 526 1185 580 Ecclesia:
1205 531 1391 577 sancta!
1429 537 1519 591 pro
1559 518 1851 572 remissione

262 628 461 697 peccati
478 622 739 693 originalis
762 618 1082 690 parvulorum
1103 613 1324 685 quotidie
1336 611 1580 665 laboranti
1606 626 1705 660 non
1731 624 1849 659 con-

258 718 543 769 tradicant.
572 712 808 766 Fundata
834 712 929 763 ista
952 726 1030 761 res
1056 716 1146 761 est.
1181 703 1437 757 Ferendus
1466 711 1537 755 est
1567 701 1850 769 disputator

260 825 446 861 errans
474 808 528 859 in
567 804 681 857 aliis
700 799 1055 871 quwstionibus
1077 813 1174 849 non
1197 795 1459 865 diligenter
1484 792 1704 860 digestis,
1725 805 1850 841 non-

259 901 390 949 dum
424 899 573 966 plena
621 892 859 947 Ecclesia:
887 889 1181 942 auctoritate
1220 884 1468 952 ﬁrmatis;
1512 883 1579 935 ibi
1618 879 1853 949 ferendus

259 998 339 1038 cst
375 1002 517 1038 error
552 999 569 1036 :
598 1000 695 1035 non
724 989 913 1033 tantum
942 977 1175 1048 progredi
1201 975 1361 1039 debet,
1395 981 1446 1025 ut
1483 972 1631 1025 etiam
1660 968 1849 1040 funda-

260 1088 491 1129 mentum
510 1076 677 1143 ipsum
708 1070 945 1124 Ecclesiiv
965 1079 1164 1133 quatere
1189 1064 1442 1118 moliatur.
1478 1062 1595 1116 Non
1625 1061 1850 1130 expedit.

257 1167 452 1221 Adhuc
477 1169 608 1236 forte
635 1172 802 1216 nostra
824 1178 919 1213 non
946 1169 1014 1213 cst
1032 1156 1437 1227 reprehemlenda
1464 1154 1701 1227 patientia
1725 1168 1741 1205 :
1767 1152 1856 1205 scd

258 1257 509 1309 debemus
542 1255 711 1306 timere
750 1269 810 1304 ne
834 1250 1061 1318 culpetur
1089 1243 1236 1300 etiam
1277 1245 1593 1315 negligentia.
1629 1242 1856 1311 Sufﬁciat

259 1346 525 1397 Clmritati
552 1352 764 1406 vestrm;
791 1342 964 1393 habete
1005 1340 1071 1390 ad
1100 1338 1214 1389 illos
1240 1338 1323 1408 qui
1347 1336 1498 1388 nostis
1522 1334 1653 1397 illos,
1686 1333 1857 1384 habete

259 1451 382 1487 cum
433 1434 537 1487 illis
578 1434 756 1493 amice,
788 1435 1024 1501 fraterne,
1056 1428 1269 1496 placide,
1304 1436 1550 1488 amanter,
1589 1424 1812 1477 dolenter
1839 1438 1857 1475 :

257 1526 520 1597 quidquid
548 1533 702 1593 potest
732 1523 885 1593 faciat
916 1521 1106 1589 pietas;
1131 1519 1247 1586 quia
1275 1528 1445 1587 postea
1472 1514 1728 1586 diligenda
1758 1531 1858 1566 non

257 1618 359 1669 erit
386 1617 624 1683 impietas
646 1614 835 1679 (Serm.
859 1610 982 1669 29L
1012 1627 1065 1662 n.
1088 1608 1201 1677 “20).

339 1707 400 1759 7.
451 1705 663 1759 Litteris
688 1703 844 1755 etiam
867 1702 1076 1753 circiter
1099 1698 1354 1753 liocidem
1374 1706 1576 1765 tempus
1591 1695 1654 1748 ad
1683 1711 1739 1748 se
1768 1694 1860 1747 da-

259 1796 337 1849 tis
392 1811 428 1847 a
474 1793 686 1861 Pelagio
713 1789 1007 1845 rescribens
1051 1788 1390 1857 Augustinus.
1418 1786 1625 1839 tametsi
1653 1785 1719 1837 ab
1745 1786 1859 1851 ejus

260 1888 529 1943 laudibus
560 1881 945 1952 temperaverit,
972 1882 1116 1933 illum
1146 1879 1487 1932 nihilominus
1513 1888 1615 1930 tam
1646 1875 1863 1929 honori-

260 1984 371 2033 tice
427 1978 625 2041 habuit,
659 1985 712 2027 ut
751 1975 913 2043 ipsius
951 1973 1037 2025 ille
1086 1971 1361 2039 epistolam
1393 1970 1442 2022 in
1474 1968 1855 2037 Diospolytana

262 2070 512 2141 synodo,
542 2066 915 2121 uttestimonio
948 2064 1073 2117 tanti
1102 2064 1219 2126 viri,
1251 2063 1562 2114 intentatum
1593 2059 1861 2112 ltzercscos

259 2165 486 2216 crimen
512 2177 541 2214 a
564 2176 618 2213 se
630 2158 935 2227 depelleret,
959 2154 1229 2224 legendam
1250 2152 1542 2221 protulerit.
1562 2150 1681 2202 llaec
1704 2162 1863 2217 porro

260 2250 589 2321 huiusmodi
610 2259 755 2303 erat:
792 2247 1010 2299 Domino
1036 2243 1357 2297 dilectissimo
1384 2250 1430 2294 et
1443 2238 1862 2292 desideratissimo

262 2344 442 2414 fratri
470 2342 693 2411 Pelagio,
718 2338 1047 2409 Augustinus,
1079 2337 1130 2387 in
1158 2334 1376 2387 Domino
1407 2333 1635 2385 salutem.
1663 2327 1863 2381 Gratias

261 2453 376 2504 ago
397 2433 689 2503 plurimum,
706 2429 840 2498 quod
855 2427 1116 2480 rnelitteris
1131 2424 1226 2477 tuis
1239 2423 1518 2476 exhilarare
1540 2422 1775 2487 dignatus
1792 2436 1861 2483 es,

258 2536 313 2577 et
340 2532 547 2577 certum
571 2524 732 2590 facere
752 2519 813 2571 de
834 2517 994 2570 salute
1024 2525 1203 2568 vestra.
1231 2512 1487 2566 Retribuat
1508 2512 1593 2563 tibi
1618 2509 1865 2562 Dominus

261 2616 445 2677 bona,
473 2612 645 2678 quibus
665 2625 857 2676 semper
880 2607 947 2659 sis
987 2607 1224 2666 bonus,et
1253 2620 1364 2655 cum
1408 2603 1495 2654 illo
1521 2612 1703 2654 ceterno
1733 2601 1865 2653 vivas

260 2706 325 2757 in
355 2714 629 2767 cateruam,
652 2701 851 2753 domine
876 2697 1213 2759 dilectissime,
1246 2704 1291 2747 et
1321 2693 1738 2746 desideratissime
1757 2696 1865 2761 fra-

262 2808 377 2850 ter.
419 2793 528 2863 Ego
548 2802 728 2855 autem,
760 2791 849 2844 etsi
886 2790 936 2841 in
955 2805 1032 2841 me
1057 2804 1154 2840 non
1186 2802 1398 2854 agnosco
1428 2784 1677 2853 prarcouia
1707 2783 1767 2834 de
1793 2798 1868 2834 me

260 2896 398 2949 tua,
435 2900 543 2952 qua:
566 2870 662 2936 tua:
685 2881 1011 2951 Benignitatis
1026 2878 1231 2949 cpistola
1248 2878 1466 2929 continet
1487 2893 1502 2933 :
1531 2876 1760 2927 benevolo
1787 2882 1862 2925 ta.

264 2994 406 3029 men
435 2980 597 3027 animo
638 2991 756 3042 erga
802 2973 1118 3042 exiguitatem
1145 2986 1308 3022 meam
1352 2970 1573 3038 ingratus
1620 2984 1725 3020 esse
1768 2983 1869 3019 non

262 3084 499 3138 possum
533 3066 720 3119 :simul
764 3066 1036 3117 admonens
1066 3072 1119 3115 ut
1169 3063 1330 3133 potius
1382 3078 1488 3114 ores
1517 3078 1606 3130 pro
1652 3078 1747 3122 me,
1772 3077 1868 3129 quo

266 3161 415 3211 talis
437 3175 468 3210 a
501 3156 709 3211 Domino
738 3158 879 3226 ﬁam,
909 3157 1106 3221 qualem
1133 3172 1209 3208 nte
1226 3156 1338 3226 jam
1364 3171 1466 3207 esse
1494 3154 1774 3206 arbitraris.
1808 3154 1871 3206 Et

265 3226 397 3303 alia
452 3262 605 3301 manu
642 3266 653 3300 :
687 3263 874 3299 memor
926 3246 1083 3297 nostri
1120 3246 1383 3297 incolumis
1415 3242 1626 3295 Domino
1650 3243 1867 3311 placeas,

265 3340 497 3392 domine
541 3337 851 3391 dilectissime
890 3346 937 3389 et
1002 3336 1428 3389 desideratissime
1471 3335 1625 3401 frater
1677 3333 1865 3403 (Epist.

266 3432 446 3497 146).
488 3429 560 3483 lbi
586 3430 719 3483 dixit
750 3444 869 3483 cum
898 3429 998 3483 sibi
1029 3443 1147 3483 esse
1179 3427 1711 3489 desideratissimum,
1735 3443 1871 3494 quo-

266 3523 437 3574 niam
465 3520 611 3573 valde
631 3520 873 3588 cupiebat
899 3534 1021 3572 cum
1055 3529 1320 3586 prmsente
1350 3516 1546 3585 aliquid
1595 3516 1820 3585 colloqui
1854 3534 1867 3569 :

264 3614 401 3683 jam
428 3613 565 3666 enim
592 3612 845 3673 audierat,
879 3620 1060 3665 contra
1088 3612 1334 3680 gratiam,
1367 3627 1466 3679 qua
1496 3610 1865 3679 justiticainur,

269 3704 508 3773 quando
533 3703 650 3758 hinc
675 3703 848 3773 aliqua
872 3704 1311 3759 commemoratio
1340 3705 1510 3765 ﬁeret,
1540 3714 1718 3772 aperta
1748 3718 1868 3757 eum

268 3795 630 3850 contentione
677 3796 877 3849 conari.
925 3796 1038 3849 Alia
1078 3796 1278 3866 pariter
1307 3795 1462 3863 hujus
1491 3797 1629 3863 epist
1654 3794 1729 3848 the
1760 3810 1870 3848 sum

269 3886 456 3941 verba
488 3885 691 3955 singula
718 3885 1021 3954 expendens
1040 3926 1055 3951 ,
1082 3886 1209 3938 nihil
1238 3902 1410 3939 causm
1433 3885 1593 3938 fuisse
1615 3884 1867 3950 ostendit,

272 3993 395 4033 cur
418 3993 535 4031 eam
566 3993 662 4046 pro
684 3992 742 4032 se
769 3978 832 4031 ad
863 3977 1107 4031 intentati
1141 3978 1376 4031 criminis
1398 3977 1757 4046 depulsionem
1783 3993 1874 4029 va-

273 4066 409 4121 lere
434 4067 678 4135 Pelagius
723 4076 1041 4121 autumaret.
1072 4067 1199 4120 Nam
1229 4066 1398 4135 ipsum
1435 4068 1525 4129 ibi,
1554 4068 1725 4136 quoad
1759 4068 1873 4121 sine

274 4156 465 4225 ipsius
493 4155 804 4220 olTensione,
833 4164 923 4209 aut
943 4156 1247 4224 quaestionis
1278 4156 1432 4209 ullius
1457 4155 1787 4211 discussione
1814 4158 1875 4210 li-

273 4257 462 4314 ceret,
502 4247 565 4302 de
596 4248 686 4301 Dei
712 4249 879 4317 gratia
928 4257 1070 4303 recte
1100 4263 1289 4317 sapere
1326 4247 1663 4301 admonebat.
1692 4248 1872 4313 Quan-

274 4354 452 4407 quam
477 4348 655 4406 postea
682 4349 920 4393 sanctum
940 4338 1120 4394 Virum
1153 4338 1416 4406 paenituit,
1440 4337 1579 4407 quod
1609 4346 1732 4391 tunc
1752 4354 1870 4391 cum

275 4430 534 4483 dolorem
562 4428 736 4483 facere
766 4430 998 4493 timeret,
1029 4438 1286 4482 tumorem
1316 4428 1529 4492 ulceris,
1562 4428 1637 4482 uti
1653 4429 1761 4495 jam
1789 4429 1871 4482 in-

276 4519 565 4591 tclligebat
580 4521 811 4575 auxisset
833 4520 933 4592 (De
974 4521 1134 4576 Gestis
1167 4519 1377 4590 Pelagii,
1413 4537 1465 4573 η.
1494 4521 1709 4591 50-52).

360 4612 418 4664 8.
459 4609 813 4665 Revineendis
837 4612 993 4666 etiam
1015 4612 1309 4679 Pelagianis
1331 4613 1524 4681 scripta
1550 4621 1633 4667 est
1652 4612 1873 4681 epistola

277 4702 355 4754 ad
383 4702 721 4756 Anastasium
752 4702 943 4774 (Epist.
962 4702 1105 4773 145).
1136 4703 1267 4756 Nam
1296 4712 1571 4773 postquam
1612 4704 1665 4757 in
1692 4719 1753 4756 ea
1778 4703 1875 4758 do-

274 4794 420 4853 cuit,
446 4809 553 4847 non
594 4808 688 4863 per
711 4794 901 4863 legem,
925 4793 1019 4848 sed
1062 4809 1156 4863 per
1181 4795 1437 4863 gratiam,
1486 4809 1659 4864 neque
1696 4795 1873 4849 servili

279 4885 512 4947 timore,
540 4884 632 4937 sed
657 4884 819 4938 libera
858 4884 1116 4938 charitate
1146 4884 1350 4953 impleri
1372 4884 1627 4953 justitiam
1651 4903 1663 4938 :
1692 4886 1871 4940 decla-

278 4984 377 5028 rat
398 4990 460 5028 se
477 4975 629 5028 istam
652 4992 769 5029 cum
787 4991 853 5031 eo
880 4978 1224 5046 qumstionem
1249 4993 1345 5047 per
1370 4978 1570 5033 litteras
1596 4988 1870 5048 tractasse,

279 5082 405 5119 non
446 5068 869 5137 prepteripsum,
900 5067 992 5123 sed
1020 5078 1238 5138 propter
1257 5071 1511 5139 quosdam
1541 5073 1630 5141 qui
1654 5072 1872 5127 nimium

276 5163 547 5224 arrogant
575 5156 818 5211 humanae
842 5158 1119 5223 voluntati,
1150 5175 1307 5228 quam
1354 5160 1471 5229 lege
1513 5161 1633 5215 data
1666 5170 1870 5230 putant,

276 5243 367 5297 ad
395 5260 515 5299 eam
537 5244 857 5314 implendam
882 5248 980 5302 sibi
1015 5264 1169 5317 posse
1186 5248 1446 5305 sufﬁcere.
1474 5250 1621 5305 Hanc
1636 5251 1873 5321 profecto

276 5334 603 5404 epistolam,
622 5337 674 5390 in
700 5353 801 5407 qua
827 5338 991 5406 parcit
1008 5337 1185 5392 adhuc
1209 5338 1633 5394 adversariorum
1650 5342 1870 5407 nomini,

275 5425 512 5494 scripsit
558 5436 681 5481 ante
734 5443 929 5481 annum
984 5429 1560 5499 quadringentesimum
1608 5432 1870 5488 decimum

276 5524 529 5579 sextum,
578 5532 682 5586 quo
730 5517 839 5587 jam
884 5526 1118 5589 tempore
1146 5520 1418 5575 nominare
1468 5521 1736 5591 Pelagium
1765 5538 1872 5578 non

274 5605 591 5662 dubitabat.
627 5607 935 5663 Anastasius
963 5617 1138 5664 autem
1161 5610 1248 5664 ille
1272 5609 1464 5665 mediis
1486 5610 1537 5664 in
1565 5612 1874 5668 tumultibus

277 5701 455 5768 atque
474 5695 881 5767 calamitatibus,
905 5714 1022 5772 quae
1048 5714 1143 5771 per
1176 5699 1315 5756 idem
1350 5708 1557 5772 tempus
1595 5702 1869 5773 mundum,

1536 304 1735 361 LIBER
1772 300 2124 361 SEPTIMUS.

3423 324 3527 383 M6

1958 421 2009 474 in
2038 423 2299 493 Hispaniis
2350 423 2595 493 fortasse,
2622 429 3015 500 opprimebant,
3054 434 3369 491 constitutus
3389 450 3524 494 erat.

1960 516 2311 581 Quamobrem
2340 534 2401 573 ex
2434 535 2498 572 eo
2542 521 2837 575 sciscitatur
2872 523 3215 591 Augustinus,
3248 541 3355 594 quo
3388 538 3527 584 statu

1958 624 2043 661 res
2072 608 2183 677 ejus
2211 620 2408 672 essent,
2437 625 2570 664 anve
2596 612 2735 665 Dens
2761 613 2993 681 quietem
3020 614 3247 685 aliquam
3278 618 3375 686 ipsi
3397 633 3527 674 con-

1956 714 2159 751 cessam
2190 700 2441 754 voluisset
2467 720 2478 753 :
2512 702 2771 772 simulque
2801 703 3131 772 adhortatur,
3162 714 3219 759 ut
3246 716 3298 762 et
3344 709 3527 763 mundi

1957 789 2302 844 adversitates
2331 792 2584 846 charitate
2605 802 2837 862 superet,
2861 802 2916 848 et
2930 811 3045 848 eam
3069 797 3313 852 virtutem
3340 814 3369 851 a
3399 800 3527 863 Deo,

1958 883 2045 950 qui
2084 884 2228 937 solus
2250 884 2413 952 ipsam
2434 886 2689 953 impertiri
2720 896 2909 955 potest,
2937 888 3208 957 el'tlagitet.
3234 891 3526 960 Acceperat

1959 982 2171 1028 sanctus
2207 974 2401 1029 Prmsul
2442 977 2509 1029 ab
2540 977 2817 1030 Anastasio
2846 977 3066 1040 litteras,
3096 980 3286 1048 quibus
3324 996 3390 1034 an
3446 996 3534 1036 re-

1961 1080 2232 1134 sponsum,
2258 1082 2422 1121 necne
2444 1068 2694 1133 dedisset,
2722 1068 2912 1123 fatetur
2952 1071 3178 1123 omnino
3206 1073 3412 1126 nescire
3434 1086 3531 1139 se;

1963 1170 2127 1223 llSlllle
2154 1156 2285 1209 adeo
2305 1158 2443 1210 curis
2465 1172 2524 1212 ea
2553 1166 2862 1226 tempestate
2892 1160 3321 1230 distringebatur.

2033 1246 2085 1299 9.
2128 1247 2261 1299 Dum
2283 1247 2557 1312 epistolam
2589 1248 2652 1300 ad
2691 1248 3052 1303 Marcellinum
3083 1266 3242 1318 supra
3273 1265 3537 1305 memora-

1964 1345 2067 1388 tam
2093 1334 2281 1405 (Epist.
2308 1337 2425 1397 159,
2457 1355 2507 1389 n.
2542 1336 2615 1408 5),
2642 1354 2798 1407 quam
2822 1340 2970 1392 libris
2996 1340 3062 1393 de
3093 1340 3363 1408 Baptismo
3390 1341 3537 1410 adje-

1963 1427 2051 1485 cit,
2075 1428 2327 1481 scriberet
2358 1429 2698 1496 Augusnnns,
2728 1431 2881 1482 simul
2902 1431 3059 1483 etiam
3092 1432 3141 1483 in
3174 1432 3417 1485 manibus
3443 1432 3538 1486 ha-

1962 1518 2411 1587 beliatcpistolam
2449 1519 2511 1572 ad
2548 1519 2889 1585 llouoratnm,
2922 1522 3070 1589 Cujus
3110 1522 3539 1590 inquisitiouibus

1964 1620 2085 1664 ante
2113 1612 2286 1664 omnia
2309 1610 2480 1664 facere
2501 1613 2627 1664 satis
2650 1614 2889 1665 voluntas
2918 1622 3031 1666 erat
3057 1613 3244 1685 (Epist.
3276 1615 3409 1678 14ος
3436 1614 3540 1669 ιδε-

1966 1711 2109 1755 tract.
2136 1701 2220 1754 lib.
2245 1702 2301 1764 9,
2327 1718 2442 1771 cap.
2482 1701 2597 1773 5G).
2630 1702 2860 1755 Charitas
2892 1704 3043 1769 enim,
3069 1705 3254 1773 inquit.
3287 1722 3398 1773 quae
3423 1716 3539 1759 tan-

1965 1811 2111 1863 quam
2130 1795 2299 1847 nutria:
2319 1798 2446 1865 {oret
2471 1795 2602 1863 filios
2626 1812 2762 1859 suos,
2783 1812 2879 1847 non
2907 1796 3081 1848 ordine
3099 1797 3322 1857 amandi,
3351 1798 3436 1850 sed
3456 1813 3541 1850 or-

1966 1884 2083 1935 diue
2103 1883 2443 1947 subveniendi,
2469 1885 2771 1951 infirmiores
2804 1885 3092 1955 fortioribus
3122 1887 3398 1956 anteponit,
3419 1903 3543 1956 quos

1968 1975 2089 2027 tales
2126 1976 2230 2027 vult
2259 1991 2383 2037 esse,
2420 1976 2592 2043 quales
2612 1978 2725 2045 jam
2768 1977 2843 2029 illi
2864 1990 2999 2041 sunt,
3023 1996 3145 2047 quos
3175 1996 3275 2032 non
3318 1989 3539 2033 contem-

1966 2064 2151 2127 nenda,
2175 2064 2262 2117 sed
2304 2065 2366 2117 de
2389 2066 2467 2119 liis
2505 2066 2827 2132 conﬁdendo,
2856 2068 3056 2121 interim
3105 2070 3324 2139 pra’terit
3352 2069 3541 2139 (Epist.

1970 2154 2093 2218 159,
2114 2172 2164 2207 n.
2190 2156 2267 2222 5).
2288 2154 2416 2209 Cum
2447 2165 2588 2210 esset
2617 2158 2773 2225 igitur
2800 2159 3098 2213 Honoratus
3130 2162 3178 2212 in
3206 2162 3545 2217 catechume-

1968 2263 2155 2299 norum
2200 2263 2439 2311 numero,
2490 2249 2721 2302 nondum
2771 2250 3041 2319 Baptismo
3087 2252 3317 2305 initiatus
3352 2253 3542 2321 (Epist.

1971 2338 2090 2399 HO,
2120 2354 2170 2389 n.
2199 2339 2309 2407 £8),
2355 2339 2565 2407 scripsit
2603 2340 2920 2410 Carthagine
2963 2342 3028 2394 ad
3060 2342 3405 2411 Augustinum
3444 2344 3544 2399 sibi

1970 2427 2297 2493 familiarem,
2330 2429 2571 2495 atqueilli
2601 2431 2918 2497 quaestiones
2938 2432 3169 2501 quinque
3206 2433 3545 2501 explicandas

1969 2518 2260 2585 proposuit.
2288 2518 2362 2570 Eo
2384 2533 2509 2571 sane
2533 2528 2771 2588 tempore
2802 2522 3124 2590 Augustinus
3161 2531 3343 2576 contra
3372 2525 3545 2577 Dona-

1971 2608 2120 2661 tistas
2146 2608 2491 2662 vehementer
2522 2612 2869 2665 exercebatur
2901 2630 2913 2665 :
2956 2623 3188 2668 attamen
3238 2615 3401 2668 satius
3426 2630 3546 2669 esse

1971 2702 2311 2765 existimavit,
2342 2703 2573 2756 oblatam
2598 2704 2697 2757 sibi
2719 2705 2785 2757 ab
2815 2704 3081 2758 llonorato
3114 2707 3419 2774 Pelagianos
3444 2706 3548 2760 im—

1972 2790 2235 2857 pugnandi
2293 2794 2625 2847 occasionem
2679 2795 2933 2863 arripere.
2983 2795 3371 2862 Qua‘stionibus
3425 2812 3553 2864 ergo

1972 2882 2203 2951 quinque
2234 2882 2336 2936 illis
2356 2885 2639 2952 propositis
2659 2885 2723 2939 ab
2755 2886 3041 2949 Honorato,
3076 2897 3277 2942 sextam
3312 2889 3423 2956 ipse
3449 2890 3551 2943 ad-

1972 2973 2128 3037 didit,
2160 2974 2407 3028 nimirum
2437 2992 2676 3043 qna‘nam
2709 2976 2947 3031 habenda
2993 2979 3059 3032 sit
3086 2979 3205 3033 novi
3228 2977 3553 3034 Testamenti

1972 3064 2139 3130 gratia
2172 3081 2183 3115 :
2218 3064 2458 3134 hancque
2494 3066 2627 3119 adeo
2651 3068 2910 3135 praecipua
2941 3070 3166 3137 quadam
3192 3085 3318 3124 cura
3345 3084 3407 3123 ac
3436 3070 3554 3125 dih-

1973 3154 2145 3221 gentia
2176 3154 2443 3219 discussit,
2464 3166 2620 3224 atque
2641 3157 2703 3209 ad
2726 3158 2865 3211 illam
2889 3160 3117 3227 reliquas
3138 3175 3323 3213 omnes
3340 3175 3554 3215 revoca-

1974 3248 2070 3299 vit.
2103 3246 2306 3311 Quibus
2344 3256 2397 3301 et
2426 3249 2849 3317 explanationem
2883 3251 3077 3304 Psalmi
3116 3252 3351 3320 vigesimi
3374 3249 3555 3319 primi,

1974 3340 2125 3403 cujus
2154 3340 2299 3391 initio
2331 3355 2432 3393 una
2460 3356 2527 3393 ex
2561 3340 2809 3394 Honorati
2833 3343 3215 3409 qnmstionibus
3245 3342 3557 3397 continebth

1978 3430 2333 3491 tur,innexuit
2355 3429 2600 3499 (Retract.
2633 3430 2718 3483 lib.
2750 3430 2805 3495 9.,
2831 3448 2944 3497 cap.
2978 3431 3090 3499 56).
3118 3432 3189 3483 Ea
3236 3431 3552 3495 lucubratio,

1975 3535 2133 3587 quam
2159 3519 2304 3571 libris
2325 3520 2433 3573 suis
2458 3529 2768 3574 annunterat
2792 3519 2975 3592 (lbid.,
3002 3530 3048 3573 et
3070 3519 3233 3590 Epist.
3258 3521 3378 3583 159,
3402 3522 3552 3589 η.5),

1974 3624 2037 3662 ac
2065 3610 2381 3671 libri,etiam
2423 3611 2630 3677 prolixi,
2664 3612 2816 3663 sicuti
2854 3625 3037 3664 revera
3074 3619 3173 3673 est,
3204 3611 3556 3680 appellatione

1976 3701 2137 3753 donat
2164 3700 2358 3770 (Epist.
2396 3702 2517 3767 140,
2552 3720 2605 3754 n.
2634 3700 2745 3773 85),
2794 3702 2966 3757 locum
2991 3702 3126 3758 inter
3163 3702 3278 3771 ejus
3307 3701 3556 3770 epistolas

1978 3790 2176 3857 pridem
2206 3793 2448 3855 obtinuit.
2485 3792 2611 3847 Post
2636 3794 2802 3853 illam,
2832 3793 3144 3861 opusculum
3183 3793 3331 3861 cujus
3359 3791 3550 3847 inscri-

1977 3882 2086 3949 ptio
2132 3891 2232 3943 est,
2268 3881 2342 3933 De
2370 3883 2567 3951 Spiritu
2616 3895 2659 3936 et
2687 3883 2897 3949 Littera,
2938 3884 3201 3954 subjungit
3231 3882 3556 3952 Augustinus

1978 3971 2222 4040 (lien-act.
2253 3973 2337 4025 lib.
2366 3972 2420 4037 2,
2454 3990 2566 4043 cap.
2601 3974 2689 4044 57)
2709 3992 2721 4036 ;
2745 3990 2840 4027 nec
2861 3974 3103 4030 dubitare
3125 3974 3359 4043 profecto
3382 3974 3555 4041 liceat,

1976 4065 2100 4133 quin
2128 4082 2189 4119 ea
2213 4066 2473 4134 posterius
2497 4066 2748 4135 scriptum
2782 4067 2954 4121 fuerit.

2304 4160 2305 4167 “
2589 4156 2813 4211 CAPUT
2855 4157 2917 4210 ll.

1980 4246 2342 4316 lAugustinus
2388 4247 2455 4299 ad
2502 4246 2792 4299 Donatistas
2846 4248 2999 4300 laicos
3056 4256 3168 4316 post
3224 4245 3553 4301 Collationem

2048 4340 2235 4392 scribit.
2274 4338 2309 4391 2
2348 4338 2677 4407 Imperatoris
2718 4338 2932 4392 Honorii
2974 4340 3214 4406 rescripto
3254 4338 3561 4390 damnantur

2047 4428 2345 4483 Donatistm.
2380 4431 2414 4483 5
2443 4428 2633 4481 Eorum
2662 4430 2843 4483 rabies.
2870 4430 2904 4483 4
2930 4427 3151 4482 Cmditur
3174 4428 3235 4481 ab
3263 4429 3363 4481 illis
3389 4427 3559 4481 Resti-

2047 4532 2204 4575 tutus.
2224 4524 2256 4577 5
2281 4523 2443 4585 Quam
2466 4522 2773 4575 vehementer
2791 4522 2894 4591 agit
2920 4521 3245 4591 Augustinus,
3262 4536 3323 4572 ne
3345 4518 3561 4575 cautium

2048 4616 2121 4667 rei
2150 4616 2313 4682 capite
2344 4615 2637 4683 puniantur.
2667 4613 2700 4667 6
2730 4612 2950 4682 Operam
2984 4613 3099 4678 dat,
3136 4621 3189 4665 ut
3214 4611 3558 4664 schismaticoc

2048 4723 2161 4759 rum
2188 4706 2239 4758 in
2269 4705 2585 4775 llipponensi
2610 4704 2807 4758 dioecesi
2828 4714 2872 4757 et
2893 4704 2945 4757 in
2970 4704 3162 4774 reliqua
3187 4701 3431 4755 Numidia
3451 4701 3559 4753 vio-

2051 4797 2217 4850 lentite
2242 4804 2638 4865 compescantur.
2663 4796 2700 4853 7.
2726 4794 2881 4847 Varia
2910 4794 3077 4847 scribit
3103 4791 3365 4863 opuscula.

2051 4888 2104 4943 1.
2130 4886 2184 4940 In
2212 4885 2397 4941 eadem
2436 4886 2501 4939 ad
2542 4886 2904 4940 Marcellinum
2936 4884 3158 4953 epistola
3178 4923 3193 4945 ,
3233 4897 3333 4952 qua
3365 4894 3423 4935 se
3450 4879 3567 4933 Au-

1980 4979 2219 5050 gustinus
2246 4978 2576 5046 responsioni
2598 4977 2664 5030 ad
2690 4977 3012 5031 Honoratum
3035 4972 3412 5030 concinuanda:
3432 4986 3563 5040 ope.

1979 5082 2097 5124 ram
2128 5067 2255 5122 dare
2289 5066 2578 5136 signiﬁcat,
2613 5066 3082 5137 Carthaginensem
3111 5064 3460 5119 Collationem
3505 5064 3559 5120 in

1980 5157 2353 5227 compendium
2385 5172 2416 5211 a
2454 5171 2513 5211 se
2552 5157 2850 5221 redactam,
2879 5169 3081 5210 necnon
3126 5154 3329 5207 litteras
3365 5154 3432 5209 de
3462 5153 3563 5208 hac

1980 5247 2092 5317 ipsa
2122 5248 2411 5303 Collatione
2431 5247 2495 5300 ad
2518 5246 2725 5316 plebem
2750 5246 3137 5300 Donatistarum
3166 5244 3419 5313 proximis
3438 5253 3564 5299 ante

1980 5339 2167 5393 diebus
2206 5339 2475 5393 absolutas
2500 5336 2655 5391 tradit
2683 5336 2881 5407 (Epist.
2912 5335 3032 5398 159,
3061 5352 3113 5388 n.
3136 5335 3224 5406 5).
3246 5334 3361 5390 Jam
3400 5347 3563 5404 supra

1981 5432 2049 5487 de
2079 5432 2241 5486 hocce
2267 5429 2580 5485 Collationis
2615 5427 2931 5496 compendio
2969 5426 3197 5482 diximus
3224 5444 3235 5479 :
3264 5426 3404 5497 quod
3432 5441 3562 5481 vero

1979 5523 2046 5577 ad
2074 5522 2351 5591 epistolam
2377 5518 2665 5573 Domitianis
2692 5518 2841 5572 laicis
2866 5527 2993 5572 tunc
3016 5519 3289 5588 scriptam,
3320 5532 3429 5573 non
3455 5518 3562 5574 alia

1981 5612 2201 5667 forsitan
2226 5608 2576 5665 existimanda
2606 5618 2689 5664 est
2721 5609 2787 5664 ab
2811 5624 2877 5664 eo
2905 5608 3042 5664 libro
3059 5649 3076 5675 ,
3104 5608 3255 5679 cujus
3280 5608 3559 5679 inscriptio

1980 5714 2092 5773 eat,
2132 5704 2211 5759 Ad
2244 5702 2537 5761 Donatistas
2579 5712 2688 5775 post
2732 5703 3059 5760 Collationem
3095 5703 3115 5775 (
3132 5702 3558 5760 Retractationuli
