  <div class='ocr_page' id='page_1' title='image "/cluster/home/n/w/nwhite01/storage/ocr_20150623/32/hvd.32044015706328/239.png"; bbox 0 0 4042 6360; ppageno 0'>
   <div class='ocr_carea' id='block_1_1' title="bbox 498 334 602 397">
    <p class='ocr_par' dir='ltr' id='par_1_1' title="bbox 498 334 602 397">
     <span class='ocr_line' id='line_1_1' title="bbox 498 334 602 397; baseline -0.038 0"><span class='ocrx_word' id='word_1_1' title='bbox 498 334 602 397; x_wconf 63' lang='grc'><strong>467</strong></span> 
     </span>
    </p>
   </div>
   <div class='ocr_carea' id='block_1_2' title="bbox 504 435 2084 517">
    <p class='ocr_par' dir='ltr' id='par_1_2' title="bbox 504 435 2084 517">
     <span class='ocr_line' id='line_1_2' title="bbox 504 435 2084 517; baseline -0.012 -11"><span class='ocrx_word' id='word_1_2' title='bbox 504 451 594 507; x_wconf 90' lang='lat' dir='ltr'><strong>lib.</strong></span> <span class='ocrx_word' id='word_1_3' title='bbox 613 449 672 514; x_wconf 74' lang='lat'><strong>9.,</strong></span> <span class='ocrx_word' id='word_1_4' title='bbox 699 463 814 517; x_wconf 90' lang='lat' dir='ltr'><strong>cap.</strong></span> <span class='ocrx_word' id='word_1_5' title='bbox 835 445 958 514; x_wconf 70' lang='grc'><strong>40),</strong></span> <span class='ocrx_word' id='word_1_6' title='bbox 988 443 1040 498; x_wconf 93' lang='lat' dir='ltr'><strong>in</strong></span> <span class='ocrx_word' id='word_1_7' title='bbox 1070 456 1176 513; x_wconf 91' lang='lat' dir='ltr'><strong>quo</strong></span> <span class='ocrx_word' id='word_1_8' title='bbox 1206 439 1380 512; x_wconf 88' lang='lat' dir='ltr'><strong>reipsa</strong></span> <span class='ocrx_word' id='word_1_9' title='bbox 1400 438 1495 494; x_wconf 82' lang='lat' dir='ltr'><strong>Vir</strong></span> <span class='ocrx_word' id='word_1_10' title='bbox 1518 446 1730 493; x_wconf 89' lang='lat' dir='ltr'><strong>sanctus</strong></span> <span class='ocrx_word' id='word_1_11' title='bbox 1756 451 1939 493; x_wconf 89' lang='lat' dir='ltr'><strong>eorum</strong></span> <span class='ocrx_word' id='word_1_12' title='bbox 1967 435 2084 504; x_wconf 84' lang='lat' dir='ltr'><strong>epi-</strong></span> 
     </span>
    </p>
   </div>
   <div class='ocr_carea' id='block_1_3' title="bbox 505 525 2088 608">
    <p class='ocr_par' dir='ltr' id='par_1_3' title="bbox 505 525 2088 608">
     <span class='ocr_line' id='line_1_3' title="bbox 505 525 2088 608; baseline -0.008 -15"><span class='ocrx_word' id='word_1_13' title='bbox 505 553 697 608; x_wconf 75' lang='lat' dir='ltr'><strong>scopos</strong></span> <span class='ocrx_word' id='word_1_14' title='bbox 724 537 867 590; x_wconf 91' lang='lat' dir='ltr'><strong>nullo</strong></span> <span class='ocrx_word' id='word_1_15' title='bbox 890 533 1047 588; x_wconf 90' lang='lat' dir='ltr'><strong>modo</strong></span> <span class='ocrx_word' id='word_1_16' title='bbox 1070 531 1371 602; x_wconf 74' lang='lat' dir='ltr'><strong>alloquitur.</strong></span> <span class='ocrx_word' id='word_1_17' title='bbox 1393 529 1505 584; x_wconf 83' lang='lat' dir='ltr'><strong>Hoc</strong></span> <span class='ocrx_word' id='word_1_18' title='bbox 1525 529 1577 583; x_wconf 92' lang='lat' dir='ltr'><strong>in</strong></span> <span class='ocrx_word' id='word_1_19' title='bbox 1597 543 1778 599; x_wconf 89' lang='lat' dir='ltr'><strong>opere,</strong></span> <span class='ocrx_word' id='word_1_20' title='bbox 1801 525 1942 597; x_wconf 88' lang='lat' dir='ltr'><strong>quod</strong></span> <span class='ocrx_word' id='word_1_21' title='bbox 1965 541 2088 580; x_wconf 91' lang='lat' dir='ltr'><strong>cum</strong></span> 
     </span>
    </p>
   </div>
   <div class='ocr_carea' id='block_1_4' title="bbox 505 615 2088 698">
    <p class='ocr_par' dir='ltr' id='par_1_4' title="bbox 505 615 2088 698">
     <span class='ocr_line' id='line_1_4' title="bbox 505 615 2088 698; baseline -0.008 -15"><span class='ocrx_word' id='word_1_22' title='bbox 505 629 664 698; x_wconf 72' lang='lat' dir='ltr'><strong>justas</strong></span> <span class='ocrx_word' id='word_1_23' title='bbox 689 627 844 681; x_wconf 88' lang='lat' dir='ltr'><strong>molis</strong></span> <span class='ocrx_word' id='word_1_24' title='bbox 873 633 972 688; x_wconf 89' lang='lat' dir='ltr'><strong>est,</strong></span> <span class='ocrx_word' id='word_1_25' title='bbox 999 634 1106 678; x_wconf 90' lang='lat' dir='ltr'><strong>tum</strong></span> <span class='ocrx_word' id='word_1_26' title='bbox 1128 623 1410 692; x_wconf 85' lang='lat' dir='ltr'><strong>diligenter</strong></span> <span class='ocrx_word' id='word_1_27' title='bbox 1429 628 1777 688; x_wconf 73' lang='lat' dir='ltr'><strong>accurateque</strong></span> <span class='ocrx_word' id='word_1_28' title='bbox 1804 615 2088 673; x_wconf 88' lang='lat' dir='ltr'><strong>elucubra-</strong></span> 
     </span>
    </p>
   </div>
   <div class='ocr_carea' id='block_1_5' title="bbox 513 715 2089 782">
    <p class='ocr_par' dir='ltr' id='par_1_5' title="bbox 513 715 2089 782">
     <span class='ocr_line' id='line_1_5' title="bbox 513 715 2089 782; baseline -0.004 -9"><span class='ocrx_word' id='word_1_29' title='bbox 513 731 646 782; x_wconf 88' lang='lat' dir='ltr'><strong>tmn,</strong></span> <span class='ocrx_word' id='word_1_30' title='bbox 677 718 955 772; x_wconf 70' lang='lat' dir='ltr'><strong>calumuim</strong></span> <span class='ocrx_word' id='word_1_31' title='bbox 983 715 1258 769; x_wconf 92' lang='lat' dir='ltr'><strong>diluuntur</strong></span> <span class='ocrx_word' id='word_1_32' title='bbox 1281 728 1344 767; x_wconf 89' lang='lat' dir='ltr'><strong>ac</strong></span> <span class='ocrx_word' id='word_1_33' title='bbox 1373 728 1501 766; x_wconf 87' lang='lat' dir='ltr'><strong>vana</strong></span> <span class='ocrx_word' id='word_1_34' title='bbox 1523 720 1840 774; x_wconf 89' lang='lat' dir='ltr'><strong>commenta,</strong></span> <span class='ocrx_word' id='word_1_35' title='bbox 1864 728 2000 781; x_wconf 82' lang='lat' dir='ltr'><strong>quae,</strong></span> <span class='ocrx_word' id='word_1_36' title='bbox 2023 727 2089 767; x_wconf 93' lang='lat' dir='ltr'><strong>ne</strong></span> 
     </span>
    </p>
   </div>
   <div class='ocr_carea' id='block_1_6' title="bbox 513 802 2090 875">
    <p class='ocr_par' dir='ltr' id='par_1_6' title="bbox 513 802 2090 875">
     <span class='ocr_line' id='line_1_6' title="bbox 513 802 2090 875; baseline -0.004 -12"><span class='ocrx_word' id='word_1_37' title='bbox 513 807 799 862; x_wconf 76' lang='lat' dir='ltr'><strong>Marcellini</strong></span> <span class='ocrx_word' id='word_1_38' title='bbox 854 814 1102 875; x_wconf 88' lang='lat' dir='ltr'><strong>parerent</strong></span> <span class='ocrx_word' id='word_1_39' title='bbox 1139 804 1369 872; x_wconf 91' lang='lat' dir='ltr'><strong>judicio,</strong></span> <span class='ocrx_word' id='word_1_40' title='bbox 1419 802 1794 857; x_wconf 90' lang='lat' dir='ltr'><strong>obtendebant.</strong></span> <span class='ocrx_word' id='word_1_41' title='bbox 1837 803 2090 857; x_wconf 87' lang='lat' dir='ltr'><strong>Eamdem</strong></span> 
     </span>
    </p>
   </div>
   <div class='ocr_carea' id='block_1_7' title="bbox 514 893 2092 963">
    <p class='ocr_par' dir='ltr' id='par_1_7' title="bbox 514 893 2092 963">
     <span class='ocr_line' id='line_1_7' title="bbox 514 893 2092 963; baseline -0.003 -11"><span class='ocrx_word' id='word_1_42' title='bbox 514 899 672 953; x_wconf 86' lang='lat' dir='ltr'><strong>etiam</strong></span> <span class='ocrx_word' id='word_1_43' title='bbox 705 913 840 961; x_wconf 88' lang='lat' dir='ltr'><strong>rem,</strong></span> <span class='ocrx_word' id='word_1_44' title='bbox 868 895 962 950; x_wconf 89' lang='lat' dir='ltr'><strong>sed</strong></span> <span class='ocrx_word' id='word_1_45' title='bbox 987 895 1200 949; x_wconf 82' lang='lat' dir='ltr'><strong>brevius</strong></span> <span class='ocrx_word' id='word_1_46' title='bbox 1226 895 1408 959; x_wconf 92' lang='lat' dir='ltr'><strong>multo,</strong></span> <span class='ocrx_word' id='word_1_47' title='bbox 1444 902 1632 946; x_wconf 89' lang='lat' dir='ltr'><strong>tractat</strong></span> <span class='ocrx_word' id='word_1_48' title='bbox 1661 895 1712 946; x_wconf 92' lang='lat' dir='ltr'><strong>in</strong></span> <span class='ocrx_word' id='word_1_49' title='bbox 1738 893 1836 946; x_wconf 89' lang='lat' dir='ltr'><strong>alia</strong></span> <span class='ocrx_word' id='word_1_50' title='bbox 1865 893 2092 963; x_wconf 89' lang='lat' dir='ltr'><strong>quadam</strong></span> 
     </span>
    </p>
   </div>
   <div class='ocr_carea' id='block_1_8' title="bbox 514 983 2093 1059">
    <p class='ocr_par' dir='ltr' id='par_1_8' title="bbox 514 983 2093 1059">
     <span class='ocr_line' id='line_1_8' title="bbox 514 983 2093 1059; baseline -0.003 -16"><span class='ocrx_word' id='word_1_51' title='bbox 514 990 735 1059; x_wconf 87' lang='lat' dir='ltr'><strong>epistola</strong></span> <span class='ocrx_word' id='word_1_52' title='bbox 758 1030 773 1054; x_wconf 91' lang='lat'><strong>,</strong></span> <span class='ocrx_word' id='word_1_53' title='bbox 801 1004 955 1058; x_wconf 89' lang='lat' dir='ltr'><strong>quam</strong></span> <span class='ocrx_word' id='word_1_54' title='bbox 984 1002 1083 1040; x_wconf 91' lang='lat' dir='ltr'><strong>una</strong></span> <span class='ocrx_word' id='word_1_55' title='bbox 1105 1001 1223 1040; x_wconf 92' lang='lat' dir='ltr'><strong>cum</strong></span> <span class='ocrx_word' id='word_1_56' title='bbox 1252 983 1454 1056; x_wconf 85' lang='lat' dir='ltr'><strong>synodo</strong></span> <span class='ocrx_word' id='word_1_57' title='bbox 1477 984 1713 1038; x_wconf 87' lang='lat' dir='ltr'><strong>Zerteusi</strong></span> <span class='ocrx_word' id='word_1_58' title='bbox 1755 993 1933 1053; x_wconf 90' lang='lat' dir='ltr'><strong>postea</strong></span> <span class='ocrx_word' id='word_1_59' title='bbox 1957 1026 1969 1042; x_wconf 86' lang='lat'><strong>.</strong></span> <span class='ocrx_word' id='word_1_60' title='bbox 1999 999 2093 1038; x_wconf 88' lang='lat' dir='ltr'><strong>seu</strong></span> 
     </span>
    </p>
   </div>
   <div class='ocr_carea' id='block_1_9' title="bbox 517 1073 2095 1149">
    <p class='ocr_par' dir='ltr' id='par_1_9' title="bbox 517 1073 2095 1149">
     <span class='ocr_line' id='line_1_9' title="bbox 517 1073 2095 1149; baseline 0 -20"><span class='ocrx_word' id='word_1_61' title='bbox 517 1081 657 1149; x_wconf 85' lang='lat' dir='ltr'><strong>quod</strong></span> <span class='ocrx_word' id='word_1_62' title='bbox 689 1079 847 1134; x_wconf 81' lang='lat' dir='ltr'><strong>habet</strong></span> <span class='ocrx_word' id='word_1_63' title='bbox 885 1080 997 1146; x_wconf 88' lang='lat' dir='ltr'><strong>ipse</strong></span> <span class='ocrx_word' id='word_1_64' title='bbox 1017 1119 1030 1142; x_wconf 92' lang='lat'><strong>,</strong></span> <span class='ocrx_word' id='word_1_65' title='bbox 1059 1093 1234 1132; x_wconf 88' lang='lat' dir='ltr'><strong>rursus</strong></span> <span class='ocrx_word' id='word_1_66' title='bbox 1264 1075 1427 1130; x_wconf 83' lang='lat' dir='ltr'><strong>edidit</strong></span> <span class='ocrx_word' id='word_1_67' title='bbox 1465 1073 1625 1147; x_wconf 85' lang='lat' dir='ltr'><strong>(Ibid.</strong></span> <span class='ocrx_word' id='word_1_68' title='bbox 1649 1077 1665 1147; x_wconf 98' lang='lat'><strong>)</strong></span> <span class='ocrx_word' id='word_1_69' title='bbox 1693 1093 1705 1129; x_wconf 89' lang='lat'><strong>:</strong></span> <span class='ocrx_word' id='word_1_70' title='bbox 1736 1092 1853 1145; x_wconf 71' lang='lat' dir='ltr'><strong>qua:</strong></span> <span class='ocrx_word' id='word_1_71' title='bbox 1881 1075 2095 1145; x_wconf 87' lang='lat' dir='ltr'><strong>quidem</strong></span> 
     </span>
    </p>
   </div>
   <div class='ocr_carea' id='block_1_10' title="bbox 523 1164 2096 1234">
    <p class='ocr_par' dir='ltr' id='par_1_10' title="bbox 523 1164 2096 1234">
     <span class='ocr_line' id='line_1_10' title="bbox 523 1164 2096 1234; baseline -0.002 -12"><span class='ocrx_word' id='word_1_72' title='bbox 523 1170 850 1224; x_wconf 82' lang='lat' dir='ltr'><strong>Zertensium</strong></span> <span class='ocrx_word' id='word_1_73' title='bbox 889 1168 1102 1222; x_wconf 87' lang='lat' dir='ltr'><strong>Patrum</strong></span> <span class='ocrx_word' id='word_1_74' title='bbox 1141 1166 1364 1234; x_wconf 85' lang='lat' dir='ltr'><strong>epistola</strong></span> <span class='ocrx_word' id='word_1_75' title='bbox 1393 1165 1604 1220; x_wconf 90' lang='lat' dir='ltr'><strong>decimo</strong></span> <span class='ocrx_word' id='word_1_76' title='bbox 1632 1175 1821 1218; x_wconf 76' lang='lat' dir='ltr'><strong>octavo</strong></span> <span class='ocrx_word' id='word_1_77' title='bbox 1845 1164 2096 1219; x_wconf 75' lang='lat' dir='ltr'><strong>kalendas</strong></span> 
     </span>
    </p>
   </div>
   <div class='ocr_carea' id='block_1_11' title="bbox 514 1253 2096 1336">
    <p class='ocr_par' dir='ltr' id='par_1_11' title="bbox 514 1253 2096 1336">
     <span class='ocr_line' id='line_1_11' title="bbox 514 1253 2096 1336; baseline -0.001 -26"><span class='ocrx_word' id='word_1_78' title='bbox 514 1253 674 1328; x_wconf 83' lang='lat' dir='ltr'><strong>julias</strong></span> <span class='ocrx_word' id='word_1_79' title='bbox 702 1259 824 1313; x_wconf 87' lang='lat' dir='ltr'><strong>anni</strong></span> <span class='ocrx_word' id='word_1_80' title='bbox 848 1275 1004 1326; x_wconf 89' lang='lat' dir='ltr'><strong>supra</strong></span> <span class='ocrx_word' id='word_1_81' title='bbox 1029 1256 1605 1326; x_wconf 80' lang='lat' dir='ltr'><strong>quadringentesimum</strong></span> <span class='ocrx_word' id='word_1_82' title='bbox 1628 1256 1927 1336; x_wconf 84' lang='lat' dir='ltr'><strong>duodecimi</strong></span> <span class='ocrx_word' id='word_1_83' title='bbox 1961 1272 2096 1325; x_wconf 82' lang='lat' dir='ltr'><strong>prae-</strong></span> 
     </span>
    </p>
   </div>
   <div class='ocr_carea' id='block_1_12' title="bbox 520 1347 2099 1417">
    <p class='ocr_par' dir='ltr' id='par_1_12' title="bbox 520 1347 2099 1417">
     <span class='ocr_line' id='line_1_12' title="bbox 520 1347 2099 1417; baseline -0.001 -13"><span class='ocrx_word' id='word_1_84' title='bbox 520 1359 755 1404; x_wconf 82' lang='lat' dir='ltr'><strong>notatur.</strong></span> <span class='ocrx_word' id='word_1_85' title='bbox 775 1350 948 1415; x_wconf 83' lang='lat' dir='ltr'><strong>Quare</strong></span> <span class='ocrx_word' id='word_1_86' title='bbox 968 1350 1010 1402; x_wconf 89' lang='lat' dir='ltr'><strong>si</strong></span> <span class='ocrx_word' id='word_1_87' title='bbox 1029 1348 1174 1417; x_wconf 86' lang='lat' dir='ltr'><strong>prior</strong></span> <span class='ocrx_word' id='word_1_88' title='bbox 1194 1347 1454 1410; x_wconf 87' lang='lat' dir='ltr'><strong>habenda,</strong></span> <span class='ocrx_word' id='word_1_89' title='bbox 1476 1362 1596 1416; x_wconf 78' lang='lat' dir='ltr'><strong>qua:</strong></span> <span class='ocrx_word' id='word_1_90' title='bbox 1615 1356 1697 1400; x_wconf 91' lang='lat' dir='ltr'><strong>est</strong></span> <span class='ocrx_word' id='word_1_91' title='bbox 1715 1347 1780 1400; x_wconf 90' lang='lat' dir='ltr'><strong>ad</strong></span> <span class='ocrx_word' id='word_1_92' title='bbox 1804 1347 2099 1402; x_wconf 90' lang='lat' dir='ltr'><strong>Donatistas</strong></span> 
     </span>
    </p>
   </div>
   <div class='ocr_carea' id='block_1_13' title="bbox 519 1441 2096 1512">
    <p class='ocr_par' dir='ltr' id='par_1_13' title="bbox 519 1441 2096 1512">
     <span class='ocr_line' id='line_1_13' title="bbox 519 1441 2096 1512; baseline 0.004 -21"><span class='ocrx_word' id='word_1_93' title='bbox 519 1451 640 1512; x_wconf 88' lang='lat' dir='ltr'><strong>post</strong></span> <span class='ocrx_word' id='word_1_94' title='bbox 667 1443 1010 1496; x_wconf 90' lang='lat' dir='ltr'><strong>Collationem</strong></span> <span class='ocrx_word' id='word_1_95' title='bbox 1031 1482 1047 1508; x_wconf 94' lang='lat'><strong>,</strong></span> <span class='ocrx_word' id='word_1_96' title='bbox 1092 1441 1537 1510; x_wconf 85' lang='lat' dir='ltr'><strong>quemadmodum</strong></span> <span class='ocrx_word' id='word_1_97' title='bbox 1581 1456 1682 1495; x_wconf 78' lang='lat' dir='ltr'><strong>vox</strong></span> <span class='ocrx_word' id='word_1_98' title='bbox 1729 1441 1811 1494; x_wconf 92' lang='lat' dir='ltr'><strong>illa</strong></span> <span class='ocrx_word' id='word_1_99' title='bbox 1833 1482 1847 1506; x_wconf 93' lang='lat'><strong>,</strong></span> <span class='ocrx_word' id='word_1_100' title='bbox 1888 1459 2096 1507; x_wconf 79' lang='lat' dir='ltr'><strong>rursus,</strong></span> 
     </span>
    </p>
   </div>
   <div class='ocr_carea' id='block_1_14' title="bbox 519 1532 2102 1603">
    <p class='ocr_par' dir='ltr' id='par_1_14' title="bbox 519 1532 2102 1603">
     <span class='ocr_line' id='line_1_14' title="bbox 519 1532 2102 1603; baseline 0.003 -18"><span class='ocrx_word' id='word_1_101' title='bbox 519 1532 728 1586; x_wconf 90' lang='lat' dir='ltr'><strong>videtur</strong></span> <span class='ocrx_word' id='word_1_102' title='bbox 758 1533 1025 1598; x_wconf 89' lang='lat' dir='ltr'><strong>indicare;</strong></span> <span class='ocrx_word' id='word_1_103' title='bbox 1071 1548 1186 1588; x_wconf 89' lang='lat' dir='ltr'><strong>eam</strong></span> <span class='ocrx_word' id='word_1_104' title='bbox 1207 1574 1220 1597; x_wconf 95' lang='lat'><strong>,</strong></span> <span class='ocrx_word' id='word_1_105' title='bbox 1253 1548 1372 1587; x_wconf 91' lang='lat' dir='ltr'><strong>cum</strong></span> <span class='ocrx_word' id='word_1_106' title='bbox 1412 1533 1530 1586; x_wconf 90' lang='lat' dir='ltr'><strong>aliis</strong></span> <span class='ocrx_word' id='word_1_107' title='bbox 1558 1534 1804 1586; x_wconf 88' lang='lat' dir='ltr'><strong>omnilms</strong></span> <span class='ocrx_word' id='word_1_108' title='bbox 1847 1535 2102 1603; x_wconf 86' lang='lat' dir='ltr'><strong>temporis</strong></span> 
     </span>
    </p>
   </div>
   <div class='ocr_carea' id='block_1_15' title="bbox 519 1622 2102 1692">
    <p class='ocr_par' dir='ltr' id='par_1_15' title="bbox 519 1622 2102 1692">
     <span class='ocr_line' id='line_1_15' title="bbox 519 1622 2102 1692; baseline 0.002 -17"><span class='ocrx_word' id='word_1_109' title='bbox 519 1622 755 1689; x_wconf 83' lang='lat' dir='ltr'><strong>ejusdem</strong></span> <span class='ocrx_word' id='word_1_110' title='bbox 785 1622 996 1690; x_wconf 87' lang='lat' dir='ltr'><strong>scriptis</strong></span> <span class='ocrx_word' id='word_1_111' title='bbox 1015 1663 1030 1689; x_wconf 93' lang='lat'><strong>,</strong></span> <span class='ocrx_word' id='word_1_112' title='bbox 1059 1637 1241 1676; x_wconf 83' lang='lat' dir='ltr'><strong>mense</strong></span> <span class='ocrx_word' id='word_1_113' title='bbox 1277 1623 1408 1686; x_wconf 92' lang='lat' dir='ltr'><strong>julio</strong></span> <span class='ocrx_word' id='word_1_114' title='bbox 1438 1623 1560 1675; x_wconf 90' lang='lat' dir='ltr'><strong>anni</strong></span> <span class='ocrx_word' id='word_1_115' title='bbox 1600 1623 2102 1692; x_wconf 87' lang='lat' dir='ltr'><strong>quadringentesimi</strong></span> 
     </span>
    </p>
   </div>
   <div class='ocr_carea' id='block_1_16' title="bbox 519 1712 2100 1781">
    <p class='ocr_par' dir='ltr' id='par_1_16' title="bbox 519 1712 2100 1781">
     <span class='ocr_line' id='line_1_16' title="bbox 519 1712 2100 1781; baseline 0 -15"><span class='ocrx_word' id='word_1_116' title='bbox 519 1712 817 1766; x_wconf 89' lang='lat' dir='ltr'><strong>duodecimi</strong></span> <span class='ocrx_word' id='word_1_117' title='bbox 845 1713 1169 1781; x_wconf 87' lang='lat' dir='ltr'><strong>superiorem</strong></span> <span class='ocrx_word' id='word_1_118' title='bbox 1197 1712 1390 1766; x_wconf 88' lang='lat' dir='ltr'><strong>habere</strong></span> <span class='ocrx_word' id='word_1_119' title='bbox 1413 1728 1628 1767; x_wconf 77' lang='lat' dir='ltr'><strong>necesse</strong></span> <span class='ocrx_word' id='word_1_120' title='bbox 1649 1722 1748 1768; x_wconf 82' lang='lat' dir='ltr'><strong>cst.</strong></span> <span class='ocrx_word' id='word_1_121' title='bbox 1767 1712 1902 1767; x_wconf 88' lang='lat' dir='ltr'><strong>Cum</strong></span> <span class='ocrx_word' id='word_1_122' title='bbox 1926 1722 2100 1766; x_wconf 87' lang='lat' dir='ltr'><strong>autem</strong></span> 
     </span>
    </p>
   </div>
   <div class='ocr_carea' id='block_1_17' title="bbox 518 1802 2102 1868">
    <p class='ocr_par' dir='ltr' id='par_1_17' title="bbox 518 1802 2102 1868">
     <span class='ocr_line' id='line_1_17' title="bbox 518 1802 2102 1868; baseline -0.001 -10"><span class='ocrx_word' id='word_1_123' title='bbox 518 1819 584 1858; x_wconf 88' lang='lat' dir='ltr'><strong>ea</strong></span> <span class='ocrx_word' id='word_1_124' title='bbox 627 1804 803 1858; x_wconf 88' lang='lat' dir='ltr'><strong>omnia</strong></span> <span class='ocrx_word' id='word_1_125' title='bbox 845 1804 1078 1857; x_wconf 62' lang='lat' dir='ltr'><strong>Caelestii</strong></span> <span class='ocrx_word' id='word_1_126' title='bbox 1117 1803 1614 1857; x_wconf 81' lang='lat' dir='ltr'><strong>condemnationem</strong></span> <span class='ocrx_word' id='word_1_127' title='bbox 1642 1813 1817 1856; x_wconf 85' lang='lat' dir='ltr'><strong>secuta</strong></span> <span class='ocrx_word' id='word_1_128' title='bbox 1847 1804 1985 1868; x_wconf 90' lang='lat' dir='ltr'><strong>siut,</strong></span> <span class='ocrx_word' id='word_1_129' title='bbox 2018 1802 2102 1856; x_wconf 88' lang='lat' dir='ltr'><strong>id-</strong></span> 
     </span>
    </p>
   </div>
   <div class='ocr_carea' id='block_1_18' title="bbox 517 1893 2106 1964">
    <p class='ocr_par' dir='ltr' id='par_1_18' title="bbox 517 1893 2106 1964">
     <span class='ocr_line' id='line_1_18' title="bbox 517 1893 2106 1964; baseline -0.001 -17"><span class='ocrx_word' id='word_1_130' title='bbox 517 1894 664 1947; x_wconf 86' lang='lat' dir='ltr'><strong>circo</strong></span> <span class='ocrx_word' id='word_1_131' title='bbox 686 1893 819 1947; x_wconf 91' lang='lat' dir='ltr'><strong>hanc</strong></span> <span class='ocrx_word' id='word_1_132' title='bbox 837 1893 1049 1962; x_wconf 87' lang='lat' dir='ltr'><strong>quidem</strong></span> <span class='ocrx_word' id='word_1_133' title='bbox 1070 1893 1563 1947; x_wconf 75' lang='lat' dir='ltr'><strong>condemnationem</strong></span> <span class='ocrx_word' id='word_1_134' title='bbox 1586 1908 1727 1947; x_wconf 90' lang='lat' dir='ltr'><strong>anno</strong></span> <span class='ocrx_word' id='word_1_135' title='bbox 1749 1894 2106 1964; x_wconf 82' lang='lat' dir='ltr'><strong>quadringen-</strong></span> 
     </span>
    </p>
   </div>
   <div class='ocr_carea' id='block_1_19' title="bbox 522 1982 2104 2051">
    <p class='ocr_par' dir='ltr' id='par_1_19' title="bbox 522 1982 2104 2051">
     <span class='ocr_line' id='line_1_19' title="bbox 522 1982 2104 2051; baseline 0.001 -15"><span class='ocrx_word' id='word_1_136' title='bbox 522 1983 715 2036; x_wconf 87' lang='lat' dir='ltr'><strong>tesimo</strong></span> <span class='ocrx_word' id='word_1_137' title='bbox 737 1982 1034 2047; x_wconf 87' lang='lat' dir='ltr'><strong>undecimo,</strong></span> <span class='ocrx_word' id='word_1_138' title='bbox 1057 1984 1250 2051; x_wconf 90' lang='lat' dir='ltr'><strong>scripta</strong></span> <span class='ocrx_word' id='word_1_139' title='bbox 1279 1997 1404 2037; x_wconf 81' lang='lat' dir='ltr'><strong>vero</strong></span> <span class='ocrx_word' id='word_1_140' title='bbox 1429 1983 1514 2036; x_wconf 92' lang='lat' dir='ltr'><strong>illa</strong></span> <span class='ocrx_word' id='word_1_141' title='bbox 1536 1983 1786 2051; x_wconf 87' lang='lat' dir='ltr'><strong>deinceps</strong></span> <span class='ocrx_word' id='word_1_142' title='bbox 1806 1983 1872 2036; x_wconf 89' lang='lat' dir='ltr'><strong>ab</strong></span> <span class='ocrx_word' id='word_1_143' title='bbox 1889 1984 2104 2039; x_wconf 86' lang='lat' dir='ltr'><strong>ineunte</strong></span> 
     </span>
    </p>
   </div>
   <div class='ocr_carea' id='block_1_20' title="bbox 521 2074 2102 2143">
    <p class='ocr_par' dir='ltr' id='par_1_20' title="bbox 521 2074 2102 2143">
     <span class='ocr_line' id='line_1_20' title="bbox 521 2074 2102 2143; baseline 0.001 -17"><span class='ocrx_word' id='word_1_144' title='bbox 521 2090 662 2126; x_wconf 79' lang='lat' dir='ltr'><strong>atnto</strong></span> <span class='ocrx_word' id='word_1_145' title='bbox 687 2074 1205 2143; x_wconf 82' lang='lat' dir='ltr'><strong>quadringentesimo</strong></span> <span class='ocrx_word' id='word_1_146' title='bbox 1231 2074 1544 2128; x_wconf 89' lang='lat' dir='ltr'><strong>duodecimo</strong></span> <span class='ocrx_word' id='word_1_147' title='bbox 1583 2074 1648 2127; x_wconf 88' lang='lat' dir='ltr'><strong>ad</strong></span> <span class='ocrx_word' id='word_1_148' title='bbox 1681 2089 1914 2129; x_wconf 86' lang='lat' dir='ltr'><strong>mensem</strong></span> <span class='ocrx_word' id='word_1_149' title='bbox 1945 2074 2102 2130; x_wconf 87' lang='lat' dir='ltr'><strong>circi-</strong></span> 
     </span>
    </p>
   </div>
   <div class='ocr_carea' id='block_1_21' title="bbox 526 2166 2101 2234">
    <p class='ocr_par' dir='ltr' id='par_1_21' title="bbox 526 2166 2101 2234">
     <span class='ocr_line' id='line_1_21' title="bbox 526 2166 2101 2234; baseline 0.001 -15"><span class='ocrx_word' id='word_1_150' title='bbox 526 2178 609 2220; x_wconf 85' lang='lat' dir='ltr'><strong>ter</strong></span> <span class='ocrx_word' id='word_1_151' title='bbox 645 2166 849 2234; x_wconf 90' lang='lat' dir='ltr'><strong>junium</strong></span> <span class='ocrx_word' id='word_1_152' title='bbox 894 2166 1248 2234; x_wconf 86' lang='lat' dir='ltr'><strong>disponenda,</strong></span> <span class='ocrx_word' id='word_1_153' title='bbox 1293 2183 1476 2219; x_wconf 87' lang='lat' dir='ltr'><strong>sumus</strong></span> <span class='ocrx_word' id='word_1_154' title='bbox 1518 2167 1776 2220; x_wconf 86' lang='lat' dir='ltr'><strong>arbitrati.</strong></span> <span class='ocrx_word' id='word_1_155' title='bbox 1819 2167 1874 2219; x_wconf 88' lang='lat' dir='ltr'><strong>lu</strong></span> <span class='ocrx_word' id='word_1_156' title='bbox 1914 2166 2101 2221; x_wconf 89' lang='lat' dir='ltr'><strong>eodem</strong></span> 
     </span>
    </p>
   </div>
   <div class='ocr_carea' id='block_1_22' title="bbox 524 2246 2106 2327">
    <p class='ocr_par' dir='ltr' id='par_1_22' title="bbox 524 2246 2106 2327">
     <span class='ocr_line' id='line_1_22' title="bbox 524 2246 2106 2327; baseline -0.001 -15"><span class='ocrx_word' id='word_1_157' title='bbox 524 2259 662 2312; x_wconf 88' lang='lat' dir='ltr'><strong>libro</strong></span> <span class='ocrx_word' id='word_1_158' title='bbox 687 2253 867 2327; x_wconf 83' lang='lat' dir='ltr'><strong>aperte</strong></span> <span class='ocrx_word' id='word_1_159' title='bbox 894 2246 1154 2327; x_wconf 77' lang='lat' dir='ltr'><strong>significat</strong></span> <span class='ocrx_word' id='word_1_160' title='bbox 1178 2260 1499 2327; x_wconf 79' lang='lat' dir='ltr'><strong>Augustinus</strong></span> <span class='ocrx_word' id='word_1_161' title='bbox 1517 2302 1531 2324; x_wconf 90' lang='lat'><strong>,</strong></span> <span class='ocrx_word' id='word_1_162' title='bbox 1564 2260 1834 2313; x_wconf 89' lang='lat' dir='ltr'><strong>decretum</strong></span> <span class='ocrx_word' id='word_1_163' title='bbox 1860 2275 1978 2314; x_wconf 84' lang='lat' dir='ltr'><strong>esse</strong></span> <span class='ocrx_word' id='word_1_164' title='bbox 2005 2260 2106 2314; x_wconf 88' lang='lat' dir='ltr'><strong>Ca-</strong></span> 
     </span>
    </p>
   </div>
   <div class='ocr_carea' id='block_1_23' title="bbox 522 2345 2102 2422">
    <p class='ocr_par' dir='ltr' id='par_1_23' title="bbox 522 2345 2102 2422">
     <span class='ocr_line' id='line_1_23' title="bbox 522 2345 2102 2422; baseline 0.002 -19"><span class='ocrx_word' id='word_1_165' title='bbox 522 2351 752 2415; x_wconf 90' lang='lat' dir='ltr'><strong>tholicis,</strong></span> <span class='ocrx_word' id='word_1_166' title='bbox 785 2351 1078 2406; x_wconf 89' lang='lat' dir='ltr'><strong>Donatistas</strong></span> <span class='ocrx_word' id='word_1_167' title='bbox 1107 2345 1377 2420; x_wconf 86' lang='lat' dir='ltr'><strong>persequi,</strong></span> <span class='ocrx_word' id='word_1_168' title='bbox 1407 2367 1697 2421; x_wconf 89' lang='lat' dir='ltr'><strong>eorumque</strong></span> <span class='ocrx_word' id='word_1_169' title='bbox 1739 2353 2102 2422; x_wconf 87' lang='lat' dir='ltr'><strong>impotentiam</strong></span> 
     </span>
    </p>
   </div>
   <div class='ocr_carea' id='block_1_24' title="bbox 521 2442 2102 2512">
    <p class='ocr_par' dir='ltr' id='par_1_24' title="bbox 521 2442 2102 2512">
     <span class='ocr_line' id='line_1_24' title="bbox 521 2442 2102 2512; baseline 0.001 -18"><span class='ocrx_word' id='word_1_170' title='bbox 521 2451 679 2510; x_wconf 88' lang='lat' dir='ltr'><strong>atque</strong></span> <span class='ocrx_word' id='word_1_171' title='bbox 725 2442 943 2510; x_wconf 88' lang='lat' dir='ltr'><strong>injurias</strong></span> <span class='ocrx_word' id='word_1_172' title='bbox 994 2445 1306 2498; x_wconf 79' lang='lat' dir='ltr'><strong>auctoritate</strong></span> <span class='ocrx_word' id='word_1_173' title='bbox 1353 2444 1528 2512; x_wconf 88' lang='lat' dir='ltr'><strong>legum</strong></span> <span class='ocrx_word' id='word_1_174' title='bbox 1575 2444 2102 2512; x_wconf 34' lang='lat' dir='ltr'><strong>coercerehquando</strong></span> 
     </span>
    </p>
   </div>
   <div class='ocr_carea' id='block_1_25' title="bbox 521 2533 2103 2603">
    <p class='ocr_par' dir='ltr' id='par_1_25' title="bbox 521 2533 2103 2603">
     <span class='ocr_line' id='line_1_25' title="bbox 521 2533 2103 2603; baseline 0.004 -19"><span class='ocrx_word' id='word_1_175' title='bbox 521 2534 696 2587; x_wconf 79' lang='lat' dir='ltr'><strong>verbis</strong></span> <span class='ocrx_word' id='word_1_176' title='bbox 719 2549 782 2587; x_wconf 90' lang='lat' dir='ltr'><strong>ac</strong></span> <span class='ocrx_word' id='word_1_177' title='bbox 810 2533 1045 2588; x_wconf 80' lang='lat' dir='ltr'><strong>doctrina</strong></span> <span class='ocrx_word' id='word_1_178' title='bbox 1087 2535 1153 2588; x_wconf 89' lang='lat' dir='ltr'><strong>ab</strong></span> <span class='ocrx_word' id='word_1_179' title='bbox 1185 2535 1282 2588; x_wconf 88' lang='lat' dir='ltr'><strong>hac</strong></span> <span class='ocrx_word' id='word_1_180' title='bbox 1320 2534 1506 2603; x_wconf 80' lang='lat' dir='ltr'><strong>agendi</strong></span> <span class='ocrx_word' id='word_1_181' title='bbox 1550 2535 1753 2589; x_wconf 86' lang='lat' dir='ltr'><strong>ratione</strong></span> <span class='ocrx_word' id='word_1_182' title='bbox 1781 2537 2014 2590; x_wconf 72' lang='lat' dir='ltr'><strong>revocari</strong></span> <span class='ocrx_word' id='word_1_183' title='bbox 2043 2551 2103 2590; x_wconf 89' lang='lat' dir='ltr'><strong>se</strong></span> 
     </span>
    </p>
   </div>
   <div class='ocr_carea' id='block_1_26' title="bbox 521 2624 2101 2694">
    <p class='ocr_par' dir='ltr' id='par_1_26' title="bbox 521 2624 2101 2694">
     <span class='ocr_line' id='line_1_26' title="bbox 521 2624 2101 2694; baseline 0.001 -16"><span class='ocrx_word' id='word_1_184' title='bbox 521 2640 628 2678; x_wconf 90' lang='lat' dir='ltr'><strong>non</strong></span> <span class='ocrx_word' id='word_1_185' title='bbox 657 2625 893 2678; x_wconf 88' lang='lat' dir='ltr'><strong>sinerent</strong></span> <span class='ocrx_word' id='word_1_186' title='bbox 919 2642 934 2678; x_wconf 89' lang='lat'><strong>:</strong></span> <span class='ocrx_word' id='word_1_187' title='bbox 964 2625 1106 2678; x_wconf 86' lang='lat' dir='ltr'><strong>nolle</strong></span> <span class='ocrx_word' id='word_1_188' title='bbox 1135 2632 1310 2677; x_wconf 89' lang='lat' dir='ltr'><strong>tamen</strong></span> <span class='ocrx_word' id='word_1_189' title='bbox 1342 2624 1485 2693; x_wconf 90' lang='lat' dir='ltr'><strong>ipsos</strong></span> <span class='ocrx_word' id='word_1_190' title='bbox 1511 2633 1732 2678; x_wconf 88' lang='lat' dir='ltr'><strong>cruento</strong></span> <span class='ocrx_word' id='word_1_191' title='bbox 1761 2625 2019 2694; x_wconf 91' lang='lat' dir='ltr'><strong>supplicio</strong></span> <span class='ocrx_word' id='word_1_192' title='bbox 2051 2626 2101 2680; x_wconf 93' lang='lat' dir='ltr'><strong>in</strong></span> 
     </span>
    </p>
   </div>
   <div class='ocr_carea' id='block_1_27' title="bbox 519 2714 2102 2785">
    <p class='ocr_par' dir='ltr' id='par_1_27' title="bbox 519 2714 2102 2785">
     <span class='ocr_line' id='line_1_27' title="bbox 519 2714 2102 2785; baseline 0.001 -16"><span class='ocrx_word' id='word_1_193' title='bbox 519 2716 823 2784; x_wconf 86' lang='lat' dir='ltr'><strong>quempiam</strong></span> <span class='ocrx_word' id='word_1_194' title='bbox 869 2714 1251 2779; x_wconf 84' lang='lat' dir='ltr'><strong>animadverti,</strong></span> <span class='ocrx_word' id='word_1_195' title='bbox 1284 2715 1379 2768; x_wconf 90' lang='lat' dir='ltr'><strong>sed</strong></span> <span class='ocrx_word' id='word_1_196' title='bbox 1423 2716 1596 2785; x_wconf 88' lang='lat' dir='ltr'><strong>aliqua</strong></span> <span class='ocrx_word' id='word_1_197' title='bbox 1635 2716 1910 2770; x_wconf 91' lang='lat' dir='ltr'><strong>mitissima</strong></span> <span class='ocrx_word' id='word_1_198' title='bbox 1948 2731 2102 2785; x_wconf 74' lang='lat' dir='ltr'><strong>ptrua</strong></span> 
     </span>
    </p>
   </div>
   <div class='ocr_carea' id='block_1_28' title="bbox 521 2788 2102 2874">
    <p class='ocr_par' dir='ltr' id='par_1_28' title="bbox 521 2788 2102 2874">
     <span class='ocr_line' id='line_1_28' title="bbox 521 2788 2102 2874; baseline 0.002 -18"><span class='ocrx_word' id='word_1_199' title='bbox 521 2805 628 2872; x_wconf 78' lang='lat' dir='ltr'><strong>(Ad</strong></span> <span class='ocrx_word' id='word_1_200' title='bbox 647 2803 938 2858; x_wconf 85' lang='lat' dir='ltr'><strong>Donatistas</strong></span> <span class='ocrx_word' id='word_1_201' title='bbox 960 2813 1067 2872; x_wconf 87' lang='lat' dir='ltr'><strong>post</strong></span> <span class='ocrx_word' id='word_1_202' title='bbox 1086 2803 1294 2866; x_wconf 88' lang='lat' dir='ltr'><strong>Collat.,</strong></span> <span class='ocrx_word' id='word_1_203' title='bbox 1321 2820 1372 2856; x_wconf 92' lang='lat' dir='ltr'><strong>n.</strong></span> <span class='ocrx_word' id='word_1_204' title='bbox 1396 2802 1508 2874; x_wconf 74' lang='lat' dir='ltr'><strong>2i).</strong></span> <span class='ocrx_word' id='word_1_205' title='bbox 1541 2805 1614 2857; x_wconf 74' lang='lat' dir='ltr'><strong>Ex</strong></span> <span class='ocrx_word' id='word_1_206' title='bbox 1642 2819 1741 2873; x_wconf 91' lang='lat' dir='ltr'><strong>qua</strong></span> <span class='ocrx_word' id='word_1_207' title='bbox 1765 2788 1977 2874; x_wconf 86' lang='lat' dir='ltr'><strong>quidem</strong></span> <span class='ocrx_word' id='word_1_208' title='bbox 1997 2805 2102 2859; x_wconf 86' lang='lat' dir='ltr'><strong>Ca-</strong></span> 
     </span>
    </p>
   </div>
   <div class='ocr_carea' id='block_1_29' title="bbox 524 2892 2104 2964">
    <p class='ocr_par' dir='ltr' id='par_1_29' title="bbox 524 2892 2104 2964">
     <span class='ocr_line' id='line_1_29' title="bbox 524 2892 2104 2964; baseline 0.002 -17"><span class='ocrx_word' id='word_1_209' title='bbox 524 2894 836 2948; x_wconf 91' lang='lat' dir='ltr'><strong>tholicorum</strong></span> <span class='ocrx_word' id='word_1_210' title='bbox 862 2895 1134 2948; x_wconf 84' lang='lat' dir='ltr'><strong>voluntate</strong></span> <span class='ocrx_word' id='word_1_211' title='bbox 1159 2893 1412 2962; x_wconf 87' lang='lat' dir='ltr'><strong>conjicias</strong></span> <span class='ocrx_word' id='word_1_212' title='bbox 1433 2935 1446 2955; x_wconf 95' lang='lat'><strong>,</strong></span> <span class='ocrx_word' id='word_1_213' title='bbox 1478 2892 1829 2964; x_wconf 64' lang='lat' dir='ltr'><strong>Augustinum</strong></span> <span class='ocrx_word' id='word_1_214' title='bbox 1870 2904 1989 2964; x_wconf 89' lang='lat' dir='ltr'><strong>post</strong></span> <span class='ocrx_word' id='word_1_215' title='bbox 2026 2894 2104 2950; x_wconf 85' lang='lat' dir='ltr'><strong>le-</strong></span> 
     </span>
    </p>
   </div>
   <div class='ocr_carea' id='block_1_30' title="bbox 520 2984 2100 3055">
    <p class='ocr_par' dir='ltr' id='par_1_30' title="bbox 520 2984 2100 3055">
     <span class='ocr_line' id='line_1_30' title="bbox 520 2984 2100 3055; baseline 0.001 -16"><span class='ocrx_word' id='word_1_216' title='bbox 520 3000 640 3055; x_wconf 75' lang='lat' dir='ltr'><strong>gem</strong></span> <span class='ocrx_word' id='word_1_217' title='bbox 673 2986 828 3040; x_wconf 88' lang='lat' dir='ltr'><strong>tertio</strong></span> <span class='ocrx_word' id='word_1_218' title='bbox 849 2985 1102 3039; x_wconf 82' lang='lat' dir='ltr'><strong>kalendas</strong></span> <span class='ocrx_word' id='word_1_219' title='bbox 1129 2984 1418 3039; x_wconf 86' lang='lat' dir='ltr'><strong>februarias</strong></span> <span class='ocrx_word' id='word_1_220' title='bbox 1446 2985 1566 3038; x_wconf 89' lang='lat' dir='ltr'><strong>anni</strong></span> <span class='ocrx_word' id='word_1_221' title='bbox 1597 2985 2100 3054; x_wconf 83' lang='lat' dir='ltr'><strong>quadringentesimi</strong></span> 
     </span>
    </p>
   </div>
   <div class='ocr_carea' id='block_1_31' title="bbox 520 3073 2101 3148">
    <p class='ocr_par' dir='ltr' id='par_1_31' title="bbox 520 3073 2101 3148">
     <span class='ocr_line' id='line_1_31' title="bbox 520 3073 2101 3148; baseline 0 -18"><span class='ocrx_word' id='word_1_222' title='bbox 520 3076 816 3130; x_wconf 88' lang='lat' dir='ltr'><strong>duodecimi</strong></span> <span class='ocrx_word' id='word_1_223' title='bbox 834 3076 1008 3130; x_wconf 87' lang='lat' dir='ltr'><strong>datam</strong></span> <span class='ocrx_word' id='word_1_224' title='bbox 1026 3073 1229 3148; x_wconf 81' lang='lat' dir='ltr'><strong>(Codice</strong></span> <span class='ocrx_word' id='word_1_225' title='bbox 1253 3074 1467 3141; x_wconf 86' lang='lat' dir='ltr'><strong>Theod.,</strong></span> <span class='ocrx_word' id='word_1_226' title='bbox 1492 3075 1554 3128; x_wconf 87' lang='lat' dir='ltr'><strong>de</strong></span> <span class='ocrx_word' id='word_1_227' title='bbox 1570 3073 1850 3142; x_wconf 67' lang='lat' dir='ltr'><strong>Hatraticis,</strong></span> <span class='ocrx_word' id='word_1_228' title='bbox 1882 3076 1988 3145; x_wconf 97' lang='lat' dir='ltr'><strong>lege</strong></span> <span class='ocrx_word' id='word_1_229' title='bbox 2009 3075 2101 3147; x_wconf 72' lang='grc'><strong>52)</strong></span> 
     </span>
    </p>
   </div>
   <div class='ocr_carea' id='block_1_32' title="bbox 519 3167 902 3236">
    <p class='ocr_par' dir='ltr' id='par_1_32' title="bbox 519 3167 902 3236">
     <span class='ocr_line' id='line_1_32' title="bbox 519 3167 902 3236; baseline -0.005 -16"><span class='ocrx_word' id='word_1_230' title='bbox 519 3182 580 3220; x_wconf 88' lang='lat' dir='ltr'><strong>ea</strong></span> <span class='ocrx_word' id='word_1_231' title='bbox 609 3167 902 3236; x_wconf 86' lang='lat' dir='ltr'><strong>scripsisse.</strong></span> 
     </span>
    </p>
   </div>
   <div class='ocr_carea' id='block_1_33' title="bbox 589 3255 2101 3326">
    <p class='ocr_par' dir='ltr' id='par_1_33' title="bbox 589 3255 2101 3326">
     <span class='ocr_line' id='line_1_33' title="bbox 589 3255 2101 3326; baseline 0.001 -16"><span class='ocrx_word' id='word_1_232' title='bbox 589 3255 643 3310; x_wconf 78' lang='grc'><strong>2.</strong></span> <span class='ocrx_word' id='word_1_233' title='bbox 677 3257 1010 3310; x_wconf 85' lang='lat' dir='ltr'><strong>Marcellinus</strong></span> <span class='ocrx_word' id='word_1_234' title='bbox 1031 3255 1168 3310; x_wconf 89' lang='lat' dir='ltr'><strong>haud</strong></span> <span class='ocrx_word' id='word_1_235' title='bbox 1189 3256 1346 3310; x_wconf 88' lang='lat' dir='ltr'><strong>dubie</strong></span> <span class='ocrx_word' id='word_1_236' title='bbox 1369 3256 1742 3326; x_wconf 86' lang='lat' dir='ltr'><strong>Imperatorem</strong></span> <span class='ocrx_word' id='word_1_237' title='bbox 1767 3257 1833 3312; x_wconf 86' lang='lat' dir='ltr'><strong>de</strong></span> <span class='ocrx_word' id='word_1_238' title='bbox 1853 3273 2101 3312; x_wconf 75' lang='lat' dir='ltr'><strong>successu</strong></span> 
     </span>
    </p>
   </div>
   <div class='ocr_carea' id='block_1_34' title="bbox 517 3345 2103 3415">
    <p class='ocr_par' dir='ltr' id='par_1_34' title="bbox 517 3345 2103 3415">
     <span class='ocr_line' id='line_1_34' title="bbox 517 3345 2103 3415; baseline 0.001 -15"><span class='ocrx_word' id='word_1_239' title='bbox 517 3345 846 3407; x_wconf 89' lang='lat' dir='ltr'><strong>Collationis,</strong></span> <span class='ocrx_word' id='word_1_240' title='bbox 871 3347 1315 3415; x_wconf 74' lang='lat' dir='ltr'><strong>tmenmttmodum</strong></span> <span class='ocrx_word' id='word_1_241' title='bbox 1339 3347 1388 3399; x_wconf 95' lang='lat' dir='ltr'><strong>in</strong></span> <span class='ocrx_word' id='word_1_242' title='bbox 1415 3347 1672 3399; x_wconf 87' lang='lat' dir='ltr'><strong>mandatis</strong></span> <span class='ocrx_word' id='word_1_243' title='bbox 1695 3347 1966 3409; x_wconf 84' lang='lat' dir='ltr'><strong>habuerat,</strong></span> <span class='ocrx_word' id='word_1_244' title='bbox 1986 3364 2103 3402; x_wconf 85' lang='lat' dir='ltr'><strong>ecr-</strong></span> 
     </span>
    </p>
   </div>
   <div class='ocr_carea' id='block_1_35' title="bbox 520 3435 2100 3504">
    <p class='ocr_par' dir='ltr' id='par_1_35' title="bbox 520 3435 2100 3504">
     <span class='ocr_line' id='line_1_35' title="bbox 520 3435 2100 3504; baseline 0.003 -16"><span class='ocrx_word' id='word_1_245' title='bbox 520 3436 706 3488; x_wconf 87' lang='lat' dir='ltr'><strong>tiorem</strong></span> <span class='ocrx_word' id='word_1_246' title='bbox 757 3435 979 3498; x_wconf 81' lang='lat' dir='ltr'><strong>fecerat;</strong></span> <span class='ocrx_word' id='word_1_247' title='bbox 1027 3445 1082 3489; x_wconf 88' lang='lat' dir='ltr'><strong>et</strong></span> <span class='ocrx_word' id='word_1_248' title='bbox 1125 3436 1335 3489; x_wconf 89' lang='lat' dir='ltr'><strong>aliunde</strong></span> <span class='ocrx_word' id='word_1_249' title='bbox 1382 3436 1446 3490; x_wconf 91' lang='lat' dir='ltr'><strong>ad</strong></span> <span class='ocrx_word' id='word_1_250' title='bbox 1492 3436 1663 3504; x_wconf 89' lang='lat' dir='ltr'><strong>ipsum</strong></span> <span class='ocrx_word' id='word_1_251' title='bbox 1708 3436 1773 3490; x_wconf 91' lang='lat' dir='ltr'><strong>de</strong></span> <span class='ocrx_word' id='word_1_252' title='bbox 1813 3437 2100 3493; x_wconf 87' lang='lat' dir='ltr'><strong>Marcellini</strong></span> 
     </span>
    </p>
   </div>
   <div class='ocr_carea' id='block_1_36' title="bbox 519 3525 2102 3594">
    <p class='ocr_par' dir='ltr' id='par_1_36' title="bbox 519 3525 2102 3594">
     <span class='ocr_line' id='line_1_36' title="bbox 519 3525 2102 3594; baseline 0.003 -18"><span class='ocrx_word' id='word_1_253' title='bbox 519 3525 775 3578; x_wconf 86' lang='lat' dir='ltr'><strong>sententia</strong></span> <span class='ocrx_word' id='word_1_254' title='bbox 809 3525 1094 3578; x_wconf 68' lang='lat' dir='ltr'><strong>Donatistae</strong></span> <span class='ocrx_word' id='word_1_255' title='bbox 1124 3527 1546 3593; x_wconf 77' lang='lat' dir='ltr'><strong>appellaverant;</strong></span> <span class='ocrx_word' id='word_1_256' title='bbox 1575 3541 1702 3594; x_wconf 85' lang='lat' dir='ltr'><strong>ergo</strong></span> <span class='ocrx_word' id='word_1_257' title='bbox 1742 3541 1960 3580; x_wconf 89' lang='lat' dir='ltr'><strong>necesse</strong></span> <span class='ocrx_word' id='word_1_258' title='bbox 1988 3537 2102 3582; x_wconf 89' lang='lat' dir='ltr'><strong>erat</strong></span> 
     </span>
    </p>
   </div>
   <div class='ocr_carea' id='block_1_37' title="bbox 520 3616 2102 3685">
    <p class='ocr_par' dir='ltr' id='par_1_37' title="bbox 520 3616 2102 3685">
     <span class='ocr_line' id='line_1_37' title="bbox 520 3616 2102 3685; baseline 0.002 -16"><span class='ocrx_word' id='word_1_259' title='bbox 520 3617 810 3669; x_wconf 75' lang='lat' dir='ltr'><strong>Honorium</strong></span> <span class='ocrx_word' id='word_1_260' title='bbox 866 3617 1026 3684; x_wconf 87' lang='lat' dir='ltr'><strong>loqui.</strong></span> <span class='ocrx_word' id='word_1_261' title='bbox 1078 3618 1248 3684; x_wconf 86' lang='lat' dir='ltr'><strong>Atque</strong></span> <span class='ocrx_word' id='word_1_262' title='bbox 1300 3618 1469 3684; x_wconf 91' lang='lat' dir='ltr'><strong>ipsum</strong></span> <span class='ocrx_word' id='word_1_263' title='bbox 1525 3616 1711 3668; x_wconf 86' lang='lat' dir='ltr'><strong>horum</strong></span> <span class='ocrx_word' id='word_1_264' title='bbox 1763 3617 2102 3685; x_wconf 88' lang='lat' dir='ltr'><strong>respondisse</strong></span> 
     </span>
    </p>
   </div>
   <div class='ocr_carea' id='block_1_38' title="bbox 515 3707 2100 3776">
    <p class='ocr_par' dir='ltr' id='par_1_38' title="bbox 515 3707 2100 3776">
     <span class='ocr_line' id='line_1_38' title="bbox 515 3707 2100 3776; baseline 0.002 -15"><span class='ocrx_word' id='word_1_265' title='bbox 515 3709 874 3776; x_wconf 87' lang='lat' dir='ltr'><strong>appellationi,</strong></span> <span class='ocrx_word' id='word_1_266' title='bbox 908 3707 1152 3775; x_wconf 89' lang='lat' dir='ltr'><strong>illosque,</strong></span> <span class='ocrx_word' id='word_1_267' title='bbox 1176 3707 1246 3759; x_wconf 75' lang='lat' dir='ltr'><strong>uti</strong></span> <span class='ocrx_word' id='word_1_268' title='bbox 1273 3723 1364 3774; x_wconf 87' lang='lat' dir='ltr'><strong>par</strong></span> <span class='ocrx_word' id='word_1_269' title='bbox 1386 3715 1517 3773; x_wconf 87' lang='lat' dir='ltr'><strong>erat,</strong></span> <span class='ocrx_word' id='word_1_270' title='bbox 1550 3716 1797 3776; x_wconf 91' lang='lat' dir='ltr'><strong>tanquam</strong></span> <span class='ocrx_word' id='word_1_271' title='bbox 1821 3707 2100 3764; x_wconf 81' lang='lat' dir='ltr'><strong>luereticos</strong></span> 
     </span>
    </p>
   </div>
   <div class='ocr_carea' id='block_1_39' title="bbox 515 3795 2101 3865">
    <p class='ocr_par' dir='ltr' id='par_1_39' title="bbox 515 3795 2101 3865">
     <span class='ocr_line' id='line_1_39' title="bbox 515 3795 2101 3865; baseline -0.001 -13"><span class='ocrx_word' id='word_1_272' title='bbox 515 3799 835 3861; x_wconf 81' lang='lat' dir='ltr'><strong>damnasse,</strong></span> <span class='ocrx_word' id='word_1_273' title='bbox 891 3798 1037 3851; x_wconf 90' lang='lat' dir='ltr'><strong>testis</strong></span> <span class='ocrx_word' id='word_1_274' title='bbox 1083 3805 1167 3849; x_wconf 85' lang='lat' dir='ltr'><strong>est</strong></span> <span class='ocrx_word' id='word_1_275' title='bbox 1218 3797 1486 3850; x_wconf 82' lang='lat' dir='ltr'><strong>Possidius</strong></span> <span class='ocrx_word' id='word_1_276' title='bbox 1526 3795 1937 3865; x_wconf 76' lang='lat' dir='ltr'><strong>(Possidius,&#39;in</strong></span> <span class='ocrx_word' id='word_1_277' title='bbox 1987 3796 2101 3851; x_wconf 85' lang='lat' dir='ltr'><strong>Vita</strong></span> 
     </span>
    </p>
   </div>
   <div class='ocr_carea' id='block_1_40' title="bbox 517 3886 2095 3958">
    <p class='ocr_par' dir='ltr' id='par_1_40' title="bbox 517 3886 2095 3958">
     <span class='ocr_line' id='line_1_40' title="bbox 517 3886 2095 3958; baseline 0.001 -19"><span class='ocrx_word' id='word_1_278' title='bbox 517 3888 754 3958; x_wconf 82' lang='lat' dir='ltr'><strong>August.,</strong></span> <span class='ocrx_word' id='word_1_279' title='bbox 779 3903 824 3939; x_wconf 89' lang='lat' dir='ltr'><strong>c.</strong></span> <span class='ocrx_word' id='word_1_280' title='bbox 850 3888 916 3940; x_wconf 77' lang='lat' dir='ltr'><strong>l3</strong></span> <span class='ocrx_word' id='word_1_281' title='bbox 938 3888 974 3956; x_wconf 93' lang='lat'><strong>).</strong></span> <span class='ocrx_word' id='word_1_282' title='bbox 1000 3886 1106 3940; x_wconf 86' lang='lat' dir='ltr'><strong>Nec</strong></span> <span class='ocrx_word' id='word_1_283' title='bbox 1127 3886 1470 3940; x_wconf 78' lang='lat' dir='ltr'><strong>dubitandum</strong></span> <span class='ocrx_word' id='word_1_284' title='bbox 1498 3886 1724 3951; x_wconf 87' lang='lat' dir='ltr'><strong>videtur,</strong></span> <span class='ocrx_word' id='word_1_285' title='bbox 1747 3887 1872 3956; x_wconf 92' lang='lat' dir='ltr'><strong>quin</strong></span> <span class='ocrx_word' id='word_1_286' title='bbox 1898 3903 1958 3941; x_wconf 90' lang='lat' dir='ltr'><strong>ea</strong></span> <span class='ocrx_word' id='word_1_287' title='bbox 1985 3887 2095 3957; x_wconf 89' lang='lat' dir='ltr'><strong>ipsa</strong></span> 
     </span>
    </p>
   </div>
   <div class='ocr_carea' id='block_1_41' title="bbox 516 3977 2101 4049">
    <p class='ocr_par' dir='ltr' id='par_1_41' title="bbox 516 3977 2101 4049">
     <span class='ocr_line' id='line_1_41' title="bbox 516 3977 2101 4049; baseline 0.003 -19"><span class='ocrx_word' id='word_1_288' title='bbox 516 3979 586 4032; x_wconf 90' lang='lat' dir='ltr'><strong>de</strong></span> <span class='ocrx_word' id='word_1_289' title='bbox 615 3993 769 4032; x_wconf 84' lang='lat' dir='ltr'><strong>causa</strong></span> <span class='ocrx_word' id='word_1_290' title='bbox 801 3978 912 4040; x_wconf 79' lang='lat' dir='ltr'><strong>lex,</strong></span> <span class='ocrx_word' id='word_1_291' title='bbox 943 3993 1043 4046; x_wconf 90' lang='lat' dir='ltr'><strong>qua</strong></span> <span class='ocrx_word' id='word_1_292' title='bbox 1071 3977 1339 4044; x_wconf 84' lang='lat' dir='ltr'><strong>desagimu</strong></span> <span class='ocrx_word' id='word_1_293' title='bbox 1367 4019 1380 4041; x_wconf 93' lang='lat'><strong>,</strong></span> <span class='ocrx_word' id='word_1_294' title='bbox 1407 3977 1563 4031; x_wconf 71' lang='lat' dir='ltr'><strong>fuerit</strong></span> <span class='ocrx_word' id='word_1_295' title='bbox 1585 3979 1651 4032; x_wconf 89' lang='lat' dir='ltr'><strong>ab</strong></span> <span class='ocrx_word' id='word_1_296' title='bbox 1677 3993 1740 4032; x_wconf 92' lang='lat' dir='ltr'><strong>eo</strong></span> <span class='ocrx_word' id='word_1_297' title='bbox 1761 3979 1860 4031; x_wconf 87' lang='lat' dir='ltr'><strong>lata</strong></span> <span class='ocrx_word' id='word_1_298' title='bbox 1885 3977 2101 4049; x_wconf 83' lang='lat' dir='ltr'><strong>(Codice</strong></span> 
     </span>
    </p>
   </div>
   <div class='ocr_carea' id='block_1_42' title="bbox 517 4065 2097 4138">
    <p class='ocr_par' dir='ltr' id='par_1_42' title="bbox 517 4065 2097 4138">
     <span class='ocr_line' id='line_1_42' title="bbox 517 4065 2097 4138; baseline 0.003 -18"><span class='ocrx_word' id='word_1_299' title='bbox 517 4065 732 4128; x_wconf 83' lang='lat' dir='ltr'><strong>Theod.,</strong></span> <span class='ocrx_word' id='word_1_300' title='bbox 750 4069 811 4122; x_wconf 84' lang='lat' dir='ltr'><strong>de</strong></span> <span class='ocrx_word' id='word_1_301' title='bbox 835 4067 1050 4133; x_wconf 79' lang='lat' dir='ltr'><strong>llwret.,</strong></span> <span class='ocrx_word' id='word_1_302' title='bbox 1073 4067 1180 4136; x_wconf 85' lang='lat' dir='ltr'><strong>lege</strong></span> <span class='ocrx_word' id='word_1_303' title='bbox 1195 4067 1319 4136; x_wconf 76' lang='lat'><strong>51);</strong></span> <span class='ocrx_word' id='word_1_304' title='bbox 1343 4083 1458 4136; x_wconf 76' lang='lat' dir='ltr'><strong>qum</strong></span> <span class='ocrx_word' id='word_1_305' title='bbox 1482 4077 1675 4131; x_wconf 89' lang='lat' dir='ltr'><strong>tamen,</strong></span> <span class='ocrx_word' id='word_1_306' title='bbox 1695 4070 1946 4138; x_wconf 84' lang='lat' dir='ltr'><strong>quantum</strong></span> <span class='ocrx_word' id='word_1_307' title='bbox 1972 4086 2097 4124; x_wconf 91' lang='lat' dir='ltr'><strong>con-</strong></span> 
     </span>
    </p>
   </div>
   <div class='ocr_carea' id='block_1_43' title="bbox 515 4155 2096 4228">
    <p class='ocr_par' dir='ltr' id='par_1_43' title="bbox 515 4155 2096 4228">
     <span class='ocr_line' id='line_1_43' title="bbox 515 4155 2096 4228; baseline 0 -15"><span class='ocrx_word' id='word_1_308' title='bbox 515 4159 757 4228; x_wconf 78' lang='lat' dir='ltr'><strong>iectando</strong></span> <span class='ocrx_word' id='word_1_309' title='bbox 785 4160 906 4213; x_wconf 89' lang='lat' dir='ltr'><strong>licet</strong></span> <span class='ocrx_word' id='word_1_310' title='bbox 933 4157 1166 4227; x_wconf 89' lang='lat' dir='ltr'><strong>assequi,</strong></span> <span class='ocrx_word' id='word_1_311' title='bbox 1200 4157 1331 4211; x_wconf 77' lang='lat' dir='ltr'><strong>nihil</strong></span> <span class='ocrx_word' id='word_1_312' title='bbox 1359 4158 1498 4211; x_wconf 86' lang='lat' dir='ltr'><strong>aliud</strong></span> <span class='ocrx_word' id='word_1_313' title='bbox 1523 4175 1681 4228; x_wconf 89' lang='lat' dir='ltr'><strong>quam</strong></span> <span class='ocrx_word' id='word_1_314' title='bbox 1715 4160 1844 4228; x_wconf 85' lang='lat' dir='ltr'><strong>legis</strong></span> <span class='ocrx_word' id='word_1_315' title='bbox 1877 4155 2096 4228; x_wconf 72' lang='lat' dir='ltr'><strong>integrae</strong></span> 
     </span>
    </p>
   </div>
   <div class='ocr_carea' id='block_1_44' title="bbox 519 4249 2097 4319">
    <p class='ocr_par' dir='ltr' id='par_1_44' title="bbox 519 4249 2097 4319">
     <span class='ocr_line' id='line_1_44' title="bbox 519 4249 2097 4319; baseline 0.001 -17"><span class='ocrx_word' id='word_1_316' title='bbox 519 4250 864 4317; x_wconf 73' lang='lat' dir='ltr'><strong>fragmentum</strong></span> <span class='ocrx_word' id='word_1_317' title='bbox 903 4261 1005 4304; x_wconf 85' lang='lat' dir='ltr'><strong>est.</strong></span> <span class='ocrx_word' id='word_1_318' title='bbox 1038 4249 1339 4319; x_wconf 84' lang='lat' dir='ltr'><strong>Principio,</strong></span> <span class='ocrx_word' id='word_1_319' title='bbox 1369 4249 1618 4319; x_wconf 88' lang='lat' dir='ltr'><strong>quidquid</strong></span> <span class='ocrx_word' id='word_1_320' title='bbox 1662 4265 1801 4302; x_wconf 87' lang='lat' dir='ltr'><strong>anno</strong></span> <span class='ocrx_word' id='word_1_321' title='bbox 1839 4251 2097 4319; x_wconf 85' lang='lat' dir='ltr'><strong>quadrin-</strong></span> 
     </span>
    </p>
   </div>
   <div class='ocr_carea' id='block_1_45' title="bbox 516 4341 2099 4411">
    <p class='ocr_par' dir='ltr' id='par_1_45' title="bbox 516 4341 2099 4411">
     <span class='ocr_line' id='line_1_45' title="bbox 516 4341 2099 4411; baseline 0.001 -17"><span class='ocrx_word' id='word_1_322' title='bbox 516 4342 808 4411; x_wconf 84' lang='lat' dir='ltr'><strong>gentesimo</strong></span> <span class='ocrx_word' id='word_1_323' title='bbox 839 4358 977 4394; x_wconf 89' lang='lat' dir='ltr'><strong>nono</strong></span> <span class='ocrx_word' id='word_1_324' title='bbox 1000 4341 1285 4395; x_wconf 90' lang='lat' dir='ltr'><strong>Donatistis</strong></span> <span class='ocrx_word' id='word_1_325' title='bbox 1312 4341 1480 4396; x_wconf 88' lang='lat' dir='ltr'><strong>fuerat</strong></span> <span class='ocrx_word' id='word_1_326' title='bbox 1507 4356 1839 4406; x_wconf 89' lang='lat' dir='ltr'><strong>concessum,</strong></span> <span class='ocrx_word' id='word_1_327' title='bbox 1863 4357 1924 4396; x_wconf 86' lang='lat' dir='ltr'><strong>ea</strong></span> <span class='ocrx_word' id='word_1_328' title='bbox 1946 4357 2099 4396; x_wconf 88' lang='lat' dir='ltr'><strong>revo-</strong></span> 
     </span>
    </p>
   </div>
   <div class='ocr_carea' id='block_1_46' title="bbox 518 4431 2090 4503">
    <p class='ocr_par' dir='ltr' id='par_1_46' title="bbox 518 4431 2090 4503">
     <span class='ocr_line' id='line_1_46' title="bbox 518 4431 2090 4503; baseline 0.001 -18"><span class='ocrx_word' id='word_1_329' title='bbox 518 4443 634 4495; x_wconf 88' lang='lat' dir='ltr'><strong>cat;</strong></span> <span class='ocrx_word' id='word_1_330' title='bbox 666 4443 847 4485; x_wconf 88' lang='lat' dir='ltr'><strong>coutra</strong></span> <span class='ocrx_word' id='word_1_331' title='bbox 877 4448 1002 4487; x_wconf 87' lang='lat' dir='ltr'><strong>vero</strong></span> <span class='ocrx_word' id='word_1_332' title='bbox 1021 4475 1036 4498; x_wconf 92' lang='lat'><strong>,</strong></span> <span class='ocrx_word' id='word_1_333' title='bbox 1066 4432 1321 4503; x_wconf 90' lang='lat' dir='ltr'><strong>quidquid</strong></span> <span class='ocrx_word' id='word_1_334' title='bbox 1351 4432 1606 4487; x_wconf 86' lang='lat' dir='ltr'><strong>adversus</strong></span> <span class='ocrx_word' id='word_1_335' title='bbox 1636 4432 1753 4485; x_wconf 90' lang='lat' dir='ltr'><strong>illos</strong></span> <span class='ocrx_word' id='word_1_336' title='bbox 1782 4431 2054 4487; x_wconf 87' lang='lat' dir='ltr'><strong>decretmn</strong></span> <span class='ocrx_word' id='word_1_337' title='bbox 2077 4474 2090 4498; x_wconf 93' lang='lat'><strong>,</strong></span> 
     </span>
    </p>
   </div>
   <div class='ocr_carea' id='block_1_47' title="bbox 517 4523 2096 4594">
    <p class='ocr_par' dir='ltr' id='par_1_47' title="bbox 517 4523 2096 4594">
     <span class='ocr_line' id='line_1_47' title="bbox 517 4523 2096 4594; baseline 0.003 -20"><span class='ocrx_word' id='word_1_338' title='bbox 517 4534 753 4577; x_wconf 78' lang='lat' dir='ltr'><strong>renovat.</strong></span> <span class='ocrx_word' id='word_1_339' title='bbox 781 4524 907 4576; x_wconf 89' lang='lat' dir='ltr'><strong>Dein</strong></span> <span class='ocrx_word' id='word_1_340' title='bbox 931 4525 1108 4578; x_wconf 88' lang='lat' dir='ltr'><strong>statuit</strong></span> <span class='ocrx_word' id='word_1_341' title='bbox 1131 4524 1393 4594; x_wconf 83' lang='lat' dir='ltr'><strong>quoslibet</strong></span> <span class='ocrx_word' id='word_1_342' title='bbox 1412 4538 1441 4576; x_wconf 91' lang='lat' dir='ltr'><strong>e</strong></span> <span class='ocrx_word' id='word_1_343' title='bbox 1467 4523 1773 4588; x_wconf 86' lang='lat' dir='ltr'><strong>Donatistis,</strong></span> <span class='ocrx_word' id='word_1_344' title='bbox 1801 4524 1887 4594; x_wconf 88' lang='lat' dir='ltr'><strong>qui</strong></span> <span class='ocrx_word' id='word_1_345' title='bbox 1919 4524 2096 4578; x_wconf 84' lang='lat' dir='ltr'><strong>redire</strong></span> 
     </span>
    </p>
   </div>
   <div class='ocr_carea' id='block_1_48' title="bbox 517 4613 2094 4684">
    <p class='ocr_par' dir='ltr' id='par_1_48' title="bbox 517 4613 2094 4684">
     <span class='ocr_line' id='line_1_48' title="bbox 517 4613 2094 4684; baseline 0.002 -18"><span class='ocrx_word' id='word_1_346' title='bbox 517 4613 582 4666; x_wconf 90' lang='lat' dir='ltr'><strong>ad</strong></span> <span class='ocrx_word' id='word_1_347' title='bbox 609 4613 922 4667; x_wconf 89' lang='lat' dir='ltr'><strong>catholicam</strong></span> <span class='ocrx_word' id='word_1_348' title='bbox 947 4615 1252 4668; x_wconf 84' lang='lat' dir='ltr'><strong>societatem</strong></span> <span class='ocrx_word' id='word_1_349' title='bbox 1276 4614 1656 4678; x_wconf 86' lang='lat' dir='ltr'><strong>recusaverint,</strong></span> <span class='ocrx_word' id='word_1_350' title='bbox 1683 4622 1788 4666; x_wconf 86' lang='lat' dir='ltr'><strong>tam</strong></span> <span class='ocrx_word' id='word_1_351' title='bbox 1816 4615 2094 4684; x_wconf 87' lang='lat' dir='ltr'><strong>episcopos</strong></span> 
     </span>
    </p>
   </div>
   <div class='ocr_carea' id='block_1_49' title="bbox 515 4702 2093 4774">
    <p class='ocr_par' dir='ltr' id='par_1_49' title="bbox 515 4702 2093 4774">
     <span class='ocr_line' id='line_1_49' title="bbox 515 4702 2093 4774; baseline 0.001 -16"><span class='ocrx_word' id='word_1_352' title='bbox 515 4711 569 4758; x_wconf 92' lang='lat' dir='ltr'><strong>et</strong></span> <span class='ocrx_word' id='word_1_353' title='bbox 595 4703 814 4758; x_wconf 72' lang='lat' dir='ltr'><strong>clericos</strong></span> <span class='ocrx_word' id='word_1_354' title='bbox 834 4745 847 4766; x_wconf 92' lang='lat'><strong>,</strong></span> <span class='ocrx_word' id='word_1_355' title='bbox 875 4720 1029 4772; x_wconf 87' lang='lat' dir='ltr'><strong>quam</strong></span> <span class='ocrx_word' id='word_1_356' title='bbox 1059 4706 1217 4759; x_wconf 89' lang='lat' dir='ltr'><strong>laicos</strong></span> <span class='ocrx_word' id='word_1_357' title='bbox 1254 4711 1307 4758; x_wconf 89' lang='lat' dir='ltr'><strong>et</strong></span> <span class='ocrx_word' id='word_1_358' title='bbox 1342 4702 1808 4760; x_wconf 88' lang='lat' dir='ltr'><strong>Circumcelliones</strong></span> <span class='ocrx_word' id='word_1_359' title='bbox 1833 4747 1847 4770; x_wconf 97' lang='lat'><strong>,</strong></span> <span class='ocrx_word' id='word_1_360' title='bbox 1879 4722 1974 4774; x_wconf 85' lang='lat' dir='ltr'><strong>pro</strong></span> <span class='ocrx_word' id='word_1_361' title='bbox 2000 4721 2093 4760; x_wconf 90' lang='lat' dir='ltr'><strong>sua</strong></span> 
     </span>
    </p>
   </div>
   <div class='ocr_carea' id='block_1_50' title="bbox 516 4794 2089 4863">
    <p class='ocr_par' dir='ltr' id='par_1_50' title="bbox 516 4794 2089 4863">
     <span class='ocr_line' id='line_1_50' title="bbox 516 4794 2089 4863; baseline 0.001 -15"><span class='ocrx_word' id='word_1_362' title='bbox 516 4795 769 4862; x_wconf 81' lang='lat' dir='ltr'><strong>cujusque</strong></span> <span class='ocrx_word' id='word_1_363' title='bbox 798 4794 1078 4863; x_wconf 83' lang='lat' dir='ltr'><strong>dignitate,</strong></span> <span class='ocrx_word' id='word_1_364' title='bbox 1112 4796 1301 4847; x_wconf 89' lang='lat' dir='ltr'><strong>mulcta</strong></span> <span class='ocrx_word' id='word_1_365' title='bbox 1331 4794 1468 4848; x_wconf 84' lang='lat' dir='ltr'><strong>allici</strong></span> <span class='ocrx_word' id='word_1_366' title='bbox 1499 4795 1834 4862; x_wconf 84' lang='lat' dir='ltr'><strong>pecuniaria,</strong></span> <span class='ocrx_word' id='word_1_367' title='bbox 1868 4795 1950 4848; x_wconf 92' lang='lat' dir='ltr'><strong>cui</strong></span> <span class='ocrx_word' id='word_1_368' title='bbox 1982 4797 2089 4850; x_wconf 88' lang='lat' dir='ltr'><strong>sol-</strong></span> 
     </span>
    </p>
   </div>
   <div class='ocr_carea' id='block_1_51' title="bbox 515 4885 2090 4950">
    <p class='ocr_par' dir='ltr' id='par_1_51' title="bbox 515 4885 2090 4950">
     <span class='ocr_line' id='line_1_51' title="bbox 515 4885 2090 4950; baseline 0.003 -13"><span class='ocrx_word' id='word_1_369' title='bbox 515 4888 702 4940; x_wconf 73' lang='lat' dir='ltr'><strong>venda:</strong></span> <span class='ocrx_word' id='word_1_370' title='bbox 742 4888 991 4940; x_wconf 87' lang='lat' dir='ltr'><strong>umlieres</strong></span> <span class='ocrx_word' id='word_1_371' title='bbox 1030 4901 1131 4940; x_wconf 90' lang='lat' dir='ltr'><strong>non</strong></span> <span class='ocrx_word' id='word_1_372' title='bbox 1171 4901 1322 4939; x_wconf 89' lang='lat' dir='ltr'><strong>secus</strong></span> <span class='ocrx_word' id='word_1_373' title='bbox 1342 4900 1402 4938; x_wconf 88' lang='lat' dir='ltr'><strong>ac</strong></span> <span class='ocrx_word' id='word_1_374' title='bbox 1423 4885 1617 4950; x_wconf 89' lang='lat' dir='ltr'><strong>mariti,</strong></span> <span class='ocrx_word' id='word_1_375' title='bbox 1646 4885 1867 4939; x_wconf 89' lang='lat' dir='ltr'><strong>seorsim</strong></span> <span class='ocrx_word' id='word_1_376' title='bbox 1898 4885 2090 4941; x_wconf 55' lang='lat' dir='ltr'><strong>conde</strong></span> 
     </span>
    </p>
   </div>
   <div class='ocr_carea' id='block_1_52' title="bbox 515 4975 2088 5046">
    <p class='ocr_par' dir='ltr' id='par_1_52' title="bbox 515 4975 2088 5046">
     <span class='ocr_line' id='line_1_52' title="bbox 515 4975 2088 5046; baseline -0.001 -14"><span class='ocrx_word' id='word_1_377' title='bbox 515 4985 764 5032; x_wconf 87' lang='lat' dir='ltr'><strong>mncntur</strong></span> <span class='ocrx_word' id='word_1_378' title='bbox 798 4995 810 5031; x_wconf 91' lang='lat'>:</span> <span class='ocrx_word' id='word_1_379' title='bbox 845 4976 931 5046; x_wconf 90' lang='lat' dir='ltr'><strong>qui</strong></span> <span class='ocrx_word' id='word_1_380' title='bbox 967 4986 1084 5045; x_wconf 90' lang='lat' dir='ltr'><strong>post</strong></span> <span class='ocrx_word' id='word_1_381' title='bbox 1111 4975 1368 5044; x_wconf 90' lang='lat' dir='ltr'><strong>ejusmodi</strong></span> <span class='ocrx_word' id='word_1_382' title='bbox 1399 4975 1645 5027; x_wconf 88' lang='lat' dir='ltr'><strong>mulctam</strong></span> <span class='ocrx_word' id='word_1_383' title='bbox 1675 4975 1955 5042; x_wconf 84' lang='lat' dir='ltr'><strong>irrogatam</strong></span> <span class='ocrx_word' id='word_1_384' title='bbox 1984 4991 2088 5030; x_wconf 92' lang='lat' dir='ltr'><strong>non</strong></span> 
     </span>
    </p>
   </div>
   <div class='ocr_carea' id='block_1_53' title="bbox 517 5063 2092 5137">
    <p class='ocr_par' dir='ltr' id='par_1_53' title="bbox 517 5063 2092 5137">
     <span class='ocr_line' id='line_1_53' title="bbox 517 5063 2092 5137; baseline -0.002 -15"><span class='ocrx_word' id='word_1_385' title='bbox 517 5068 865 5137; x_wconf 63' lang='lat' dir='ltr'><strong>resipuerint,</strong></span> <span class='ocrx_word' id='word_1_386' title='bbox 893 5083 984 5120; x_wconf 91' lang='lat' dir='ltr'><strong>eos</strong></span> <span class='ocrx_word' id='word_1_387' title='bbox 1012 5065 1348 5119; x_wconf 87' lang='lat' dir='ltr'><strong>facultatibus</strong></span> <span class='ocrx_word' id='word_1_388' title='bbox 1377 5065 1624 5118; x_wconf 86' lang='lat' dir='ltr'><strong>omnibus</strong></span> <span class='ocrx_word' id='word_1_389' title='bbox 1652 5063 1868 5133; x_wconf 88' lang='lat' dir='ltr'><strong>spoliari</strong></span> <span class='ocrx_word' id='word_1_390' title='bbox 1902 5082 1915 5117; x_wconf 88' lang='lat'>:</span> <span class='ocrx_word' id='word_1_391' title='bbox 1945 5066 2092 5134; x_wconf 87' lang='lat' dir='ltr'><strong>quis-</strong></span> 
     </span>
    </p>
   </div>
   <div class='ocr_carea' id='block_1_54' title="bbox 514 5155 2093 5228">
    <p class='ocr_par' dir='ltr' id='par_1_54' title="bbox 514 5155 2093 5228">
     <span class='ocr_line' id='line_1_54' title="bbox 514 5155 2093 5228; baseline -0.001 -18"><span class='ocrx_word' id='word_1_392' title='bbox 514 5161 632 5228; x_wconf 89' lang='lat' dir='ltr'><strong>quis</strong></span> <span class='ocrx_word' id='word_1_393' title='bbox 660 5159 779 5212; x_wconf 91' lang='lat' dir='ltr'><strong>illos</strong></span> <span class='ocrx_word' id='word_1_394' title='bbox 809 5157 1102 5228; x_wconf 86' lang='lat' dir='ltr'><strong>receperit,</strong></span> <span class='ocrx_word' id='word_1_395' title='bbox 1145 5156 1515 5224; x_wconf 61' lang='lat' dir='ltr'><strong>praestiteritve</strong></span> <span class='ocrx_word' id='word_1_396' title='bbox 1554 5155 1806 5208; x_wconf 89' lang='lat' dir='ltr'><strong>adversus</strong></span> <span class='ocrx_word' id='word_1_397' title='bbox 1835 5156 2093 5209; x_wconf 90' lang='lat' dir='ltr'><strong>constitu-</strong></span> 
     </span>
    </p>
   </div>
   <div class='ocr_carea' id='block_1_55' title="bbox 517 5245 2090 5316">
    <p class='ocr_par' dir='ltr' id='par_1_55' title="bbox 517 5245 2090 5316">
     <span class='ocr_line' id='line_1_55' title="bbox 517 5245 2090 5316; baseline -0.002 -14"><span class='ocrx_word' id='word_1_398' title='bbox 517 5258 625 5302; x_wconf 89' lang='lat' dir='ltr'><strong>tum</strong></span> <span class='ocrx_word' id='word_1_399' title='bbox 659 5249 778 5303; x_wconf 84' lang='lat' dir='ltr'><strong>huic</strong></span> <span class='ocrx_word' id='word_1_400' title='bbox 821 5249 896 5302; x_wconf 93' lang='lat' dir='ltr'><strong>rei</strong></span> <span class='ocrx_word' id='word_1_401' title='bbox 939 5257 1306 5303; x_wconf 82' lang='lat' dir='ltr'><strong>exsecutorem</strong></span> <span class='ocrx_word' id='word_1_402' title='bbox 1352 5245 1681 5316; x_wconf 67' lang='lat' dir='ltr'><strong>perfugium,</strong></span> <span class='ocrx_word' id='word_1_403' title='bbox 1714 5246 1952 5298; x_wconf 84' lang='lat' dir='ltr'><strong>eamdem</strong></span> <span class='ocrx_word' id='word_1_404' title='bbox 1977 5247 2090 5312; x_wconf 88' lang='lat' dir='ltr'><strong>ipsi</strong></span> 
     </span>
    </p>
   </div>
   <div class='ocr_carea' id='block_1_56' title="bbox 517 5340 2089 5409">
    <p class='ocr_par' dir='ltr' id='par_1_56' title="bbox 517 5340 2089 5409">
     <span class='ocr_line' id='line_1_56' title="bbox 517 5340 2089 5409; baseline -0.001 -15"><span class='ocrx_word' id='word_1_405' title='bbox 517 5341 764 5394; x_wconf 87' lang='lat' dir='ltr'><strong>muletam</strong></span> <span class='ocrx_word' id='word_1_406' title='bbox 797 5340 1065 5409; x_wconf 87' lang='lat' dir='ltr'><strong>imperari.</strong></span> <span class='ocrx_word' id='word_1_407' title='bbox 1089 5340 1284 5394; x_wconf 88' lang='lat' dir='ltr'><strong>Servos</strong></span> <span class='ocrx_word' id='word_1_408' title='bbox 1309 5341 1631 5408; x_wconf 87' lang='lat' dir='ltr'><strong>colonosque</strong></span> <span class='ocrx_word' id='word_1_409' title='bbox 1657 5354 1910 5405; x_wconf 91' lang='lat' dir='ltr'><strong>corporea</strong></span> <span class='ocrx_word' id='word_1_410' title='bbox 1937 5355 2089 5408; x_wconf 71' lang='lat' dir='ltr'><strong>pa-na</strong></span> 
     </span>
    </p>
   </div>
   <div class='ocr_carea' id='block_1_57' title="bbox 516 5429 2091 5499">
    <p class='ocr_par' dir='ltr' id='par_1_57' title="bbox 516 5429 2091 5499">
     <span class='ocr_line' id='line_1_57' title="bbox 516 5429 2091 5499; baseline 0.001 -16"><span class='ocrx_word' id='word_1_411' title='bbox 516 5429 581 5483; x_wconf 86' lang='lat' dir='ltr'><strong>ad</strong></span> <span class='ocrx_word' id='word_1_412' title='bbox 609 5431 916 5499; x_wconf 87' lang='lat' dir='ltr'><strong>ejurandum</strong></span> <span class='ocrx_word' id='word_1_413' title='bbox 939 5432 1168 5485; x_wconf 90' lang='lat' dir='ltr'><strong>schisma</strong></span> <span class='ocrx_word' id='word_1_414' title='bbox 1190 5430 1348 5499; x_wconf 90' lang='lat' dir='ltr'><strong>adigi,</strong></span> <span class='ocrx_word' id='word_1_415' title='bbox 1377 5445 1436 5482; x_wconf 88' lang='lat' dir='ltr'><strong>ac</strong></span> <span class='ocrx_word' id='word_1_416' title='bbox 1457 5445 1641 5482; x_wconf 90' lang='lat' dir='ltr'><strong>eorum</strong></span> <span class='ocrx_word' id='word_1_417' title='bbox 1664 5429 1906 5484; x_wconf 88' lang='lat' dir='ltr'><strong>dominos</strong></span> <span class='ocrx_word' id='word_1_418' title='bbox 1927 5447 2091 5498; x_wconf 85' lang='lat' dir='ltr'><strong>quan-</strong></span> 
     </span>
    </p>
   </div>
   <div class='ocr_carea' id='block_1_58' title="bbox 515 5521 2089 5591">
    <p class='ocr_par' dir='ltr' id='par_1_58' title="bbox 515 5521 2089 5591">
     <span class='ocr_line' id='line_1_58' title="bbox 515 5521 2089 5591; baseline 0.001 -17"><span class='ocrx_word' id='word_1_419' title='bbox 515 5535 674 5591; x_wconf 88' lang='lat' dir='ltr'><strong>quam</strong></span> <span class='ocrx_word' id='word_1_420' title='bbox 705 5521 990 5575; x_wconf 88' lang='lat' dir='ltr'><strong>catholicos</strong></span> <span class='ocrx_word' id='word_1_421' title='bbox 1009 5562 1023 5585; x_wconf 96' lang='lat'><strong>,</strong></span> <span class='ocrx_word' id='word_1_422' title='bbox 1048 5521 1094 5575; x_wconf 88' lang='lat' dir='ltr'><strong>si</strong></span> <span class='ocrx_word' id='word_1_423' title='bbox 1123 5522 1208 5575; x_wconf 89' lang='lat' dir='ltr'><strong>illa</strong></span> <span class='ocrx_word' id='word_1_424' title='bbox 1236 5521 1592 5590; x_wconf 78' lang='lat' dir='ltr'><strong>neglexerint,</strong></span> <span class='ocrx_word' id='word_1_425' title='bbox 1624 5522 1839 5590; x_wconf 89' lang='lat' dir='ltr'><strong>perinde</strong></span> <span class='ocrx_word' id='word_1_426' title='bbox 1871 5523 2089 5591; x_wconf 85' lang='lat' dir='ltr'><strong>pecunia</strong></span> 
     </span>
    </p>
   </div>
   <div class='ocr_carea' id='block_1_59' title="bbox 515 5610 2086 5683">
    <p class='ocr_par' dir='ltr' id='par_1_59' title="bbox 515 5610 2086 5683">
     <span class='ocr_line' id='line_1_59' title="bbox 515 5610 2086 5683; baseline 0.001 -17"><span class='ocrx_word' id='word_1_427' title='bbox 515 5610 780 5679; x_wconf 42' lang='lat' dir='ltr'><strong>mulctari</strong></span> <span class='ocrx_word' id='word_1_428' title='bbox 806 5621 962 5682; x_wconf 89' lang='lat' dir='ltr'><strong>atque</strong></span> <span class='ocrx_word' id='word_1_429' title='bbox 989 5613 1284 5668; x_wconf 89' lang='lat' dir='ltr'><strong>Douatistas</strong></span> <span class='ocrx_word' id='word_1_430' title='bbox 1311 5613 1590 5683; x_wconf 84' lang='lat' dir='ltr'><strong>episcopos</strong></span> <span class='ocrx_word' id='word_1_431' title='bbox 1618 5614 1817 5668; x_wconf 77' lang='lat' dir='ltr'><strong>aliosve</strong></span> <span class='ocrx_word' id='word_1_432' title='bbox 1842 5614 2086 5679; x_wconf 81' lang='lat' dir='ltr'><strong>clericos,</strong></span> 
     </span>
    </p>
   </div>
   <div class='ocr_carea' id='block_1_60' title="bbox 514 5703 2088 5774">
    <p class='ocr_par' dir='ltr' id='par_1_60' title="bbox 514 5703 2088 5774">
     <span class='ocr_line' id='line_1_60' title="bbox 514 5703 2088 5774; baseline 0.003 -18"><span class='ocrx_word' id='word_1_433' title='bbox 514 5703 604 5773; x_wconf 84' lang='lat' dir='ltr'><strong>qui</strong></span> <span class='ocrx_word' id='word_1_434' title='bbox 635 5704 1023 5774; x_wconf 83' lang='lat' dir='ltr'><strong>perseverarint</strong></span> <span class='ocrx_word' id='word_1_435' title='bbox 1066 5703 1116 5760; x_wconf 92' lang='lat' dir='ltr'><strong>in</strong></span> <span class='ocrx_word' id='word_1_436' title='bbox 1155 5703 1407 5772; x_wconf 86' lang='lat' dir='ltr'><strong>discidio,</strong></span> <span class='ocrx_word' id='word_1_437' title='bbox 1433 5719 1498 5759; x_wconf 81' lang='lat' dir='ltr'><strong>ex</strong></span> <span class='ocrx_word' id='word_1_438' title='bbox 1529 5703 1770 5759; x_wconf 80' lang='lat' dir='ltr'><strong>universa</strong></span> <span class='ocrx_word' id='word_1_439' title='bbox 1800 5704 1975 5760; x_wconf 86' lang='lat' dir='ltr'><strong>Africa</strong></span> <span class='ocrx_word' id='word_1_440' title='bbox 2006 5706 2088 5761; x_wconf 87' lang='lat' dir='ltr'><strong>di-</strong></span> 
     </span>
    </p>
   </div>
   <div class='ocr_carea' id='block_1_61' title="bbox 1524 315 2544 397">
    <p class='ocr_par' dir='ltr' id='par_1_61' title="bbox 1524 315 2544 397">
     <span class='ocr_line' id='line_1_61' title="bbox 1524 315 2544 397; baseline -0.002 -19"><span class='ocrx_word' id='word_1_441' title='bbox 1524 323 1777 397; x_wconf 17' lang='lat' dir='ltr'><strong>V&#39;ITAIS.</strong></span> <span class='ocrx_word' id='word_1_442' title='bbox 1817 315 2185 376; x_wconf 80' lang='lat' dir='ltr'><strong>AUGUSTlNl</strong></span> <span class='ocrx_word' id='word_1_443' title='bbox 2228 317 2544 376; x_wconf 78' lang='lat' dir='ltr'><strong>EPISCUPI.</strong></span> 
     </span>
    </p>
   </div>
   <div class='ocr_carea' id='block_1_62' title="bbox 3664 326 3778 383">
    <p class='ocr_par' dir='ltr' id='par_1_62' title="bbox 3664 326 3778 383">
     <span class='ocr_line' id='line_1_62' title="bbox 3664 326 3778 383; baseline 0.009 -1"><span class='ocrx_word' id='word_1_444' title='bbox 3664 326 3778 383; x_wconf 69' lang='grc' dir='ltr'><strong></strong></span> 
     </span>
    </p>
   </div>
   <div class='ocr_carea' id='block_1_63' title="bbox 2189 436 3779 514">
    <p class='ocr_par' dir='ltr' id='par_1_63' title="bbox 2189 436 3779 514">
     <span class='ocr_line' id='line_1_63' title="bbox 2189 436 3779 514; baseline 0.009 -28"><span class='ocrx_word' id='word_1_445' title='bbox 2189 450 2344 489; x_wconf 84' lang='lat' dir='ltr'><strong>verso</strong></span> <span class='ocrx_word' id='word_1_446' title='bbox 2370 450 2634 506; x_wconf 89' lang='lat' dir='ltr'><strong>quemque</strong></span> <span class='ocrx_word' id='word_1_447' title='bbox 2666 436 2782 490; x_wconf 88' lang='lat' dir='ltr'><strong>loco</strong></span> <span class='ocrx_word' id='word_1_448' title='bbox 2820 437 3092 504; x_wconf 85' lang='lat' dir='ltr'><strong>exsulare;</strong></span> <span class='ocrx_word' id='word_1_449' title='bbox 3125 455 3309 494; x_wconf 91' lang='lat' dir='ltr'><strong>eorum</strong></span> <span class='ocrx_word' id='word_1_450' title='bbox 3347 439 3575 514; x_wconf 82' lang='lat' dir='ltr'><strong>denique</strong></span> <span class='ocrx_word' id='word_1_451' title='bbox 3599 446 3779 501; x_wconf 85' lang='lat' dir='ltr'><strong>eccle-</strong></span> 
     </span>
    </p>
   </div>
   <div class='ocr_carea' id='block_1_64' title="bbox 2189 525 3778 602">
    <p class='ocr_par' dir='ltr' id='par_1_64' title="bbox 2189 525 3778 602">
     <span class='ocr_line' id='line_1_64' title="bbox 2189 525 3778 602; baseline 0.008 -24"><span class='ocrx_word' id='word_1_452' title='bbox 2189 525 2427 602; x_wconf 77' lang='lat' dir='ltr'><strong>siasaut</strong></span> <span class='ocrx_word' id='word_1_453' title='bbox 2469 525 2569 578; x_wconf 85' lang='lat' dir='ltr'><strong>alia</strong></span> <span class='ocrx_word' id='word_1_454' title='bbox 2615 527 2862 596; x_wconf 61' lang='lat' dir='ltr'><strong>quaelibet</strong></span> <span class='ocrx_word' id='word_1_455' title='bbox 2897 529 3265 582; x_wconf 89' lang='lat' dir='ltr'><strong>conventicula</strong></span> <span class='ocrx_word' id='word_1_456' title='bbox 3304 545 3423 585; x_wconf 87' lang='lat' dir='ltr'><strong>cmn</strong></span> <span class='ocrx_word' id='word_1_457' title='bbox 3464 533 3676 601; x_wconf 58' lang='lat' dir='ltr'><strong>praediis</strong></span> <span class='ocrx_word' id='word_1_458' title='bbox 3707 535 3778 589; x_wconf 87' lang='lat' dir='ltr'><strong>ad</strong></span> 
     </span>
    </p>
   </div>
   <div class='ocr_carea' id='block_1_65' title="bbox 2190 595 3804 693">
    <p class='ocr_par' dir='ltr' id='par_1_65' title="bbox 2190 595 3804 693">
     <span class='ocr_line' id='line_1_65' title="bbox 2190 595 3804 693; baseline 0.006 -23"><span class='ocrx_word' id='word_1_459' title='bbox 2190 595 2376 670; x_wconf 86' lang='lat' dir='ltr'><strong>eadem</strong></span> <span class='ocrx_word' id='word_1_460' title='bbox 2427 595 2813 686; x_wconf 87' lang='lat' dir='ltr'><strong>pertinentibus</strong></span> <span class='ocrx_word' id='word_1_461' title='bbox 2851 617 3246 674; x_wconf 87' lang='lat' dir='ltr'><strong>Catholicorum</strong></span> <span class='ocrx_word' id='word_1_462' title='bbox 3290 595 3586 690; x_wconf 76' lang='lat' dir='ltr'><strong>episcopis,</strong></span> <span class='ocrx_word' id='word_1_463' title='bbox 3625 595 3804 693; x_wconf 34' lang='lat' dir='ltr'><strong>juxta!</strong></span> 
     </span>
    </p>
   </div>
   <div class='ocr_carea' id='block_1_66' title="bbox 2192 708 3791 785">
    <p class='ocr_par' dir='ltr' id='par_1_66' title="bbox 2192 708 3791 785">
     <span class='ocr_line' id='line_1_66' title="bbox 2192 708 3791 785; baseline 0.006 -25"><span class='ocrx_word' id='word_1_464' title='bbox 2192 708 2463 762; x_wconf 87' lang='lat' dir='ltr'><strong>decretum</strong></span> <span class='ocrx_word' id='word_1_465' title='bbox 2509 724 2570 762; x_wconf 91' lang='lat' dir='ltr'><strong>ea</strong></span> <span class='ocrx_word' id='word_1_466' title='bbox 2615 709 2682 763; x_wconf 90' lang='lat' dir='ltr'><strong>de</strong></span> <span class='ocrx_word' id='word_1_467' title='bbox 2733 724 2791 762; x_wconf 85' lang='lat' dir='ltr'><strong>re</strong></span> <span class='ocrx_word' id='word_1_468' title='bbox 2837 725 2978 763; x_wconf 91' lang='lat' dir='ltr'><strong>anno</strong></span> <span class='ocrx_word' id='word_1_469' title='bbox 3028 710 3549 780; x_wconf 87' lang='lat' dir='ltr'><strong>quadringentesimo</strong></span> <span class='ocrx_word' id='word_1_470' title='bbox 3589 716 3791 785; x_wconf 86' lang='lat' dir='ltr'><strong>quinto</strong></span> 
     </span>
    </p>
   </div>
   <div class='ocr_carea' id='block_1_67' title="bbox 2195 799 3788 870">
    <p class='ocr_par' dir='ltr' id='par_1_67' title="bbox 2195 799 3788 870">
     <span class='ocr_line' id='line_1_67' title="bbox 2195 799 3788 870; baseline 0.006 -18"><span class='ocrx_word' id='word_1_471' title='bbox 2195 799 2411 862; x_wconf 90' lang='lat' dir='ltr'><strong>factmu,</strong></span> <span class='ocrx_word' id='word_1_472' title='bbox 2435 809 2525 853; x_wconf 88' lang='lat' dir='ltr'><strong>aut</strong></span> <span class='ocrx_word' id='word_1_473' title='bbox 2544 800 2731 855; x_wconf 89' lang='lat' dir='ltr'><strong>saltem</strong></span> <span class='ocrx_word' id='word_1_474' title='bbox 2755 801 2805 853; x_wconf 92' lang='lat' dir='ltr'><strong>in</strong></span> <span class='ocrx_word' id='word_1_475' title='bbox 2838 801 2950 870; x_wconf 90' lang='lat' dir='ltr'><strong>lege</strong></span> <span class='ocrx_word' id='word_1_476' title='bbox 2972 810 3160 855; x_wconf 88' lang='lat' dir='ltr'><strong>octavo</strong></span> <span class='ocrx_word' id='word_1_477' title='bbox 3181 801 3436 858; x_wconf 83' lang='lat' dir='ltr'><strong>kalendas</strong></span> <span class='ocrx_word' id='word_1_478' title='bbox 3467 806 3788 862; x_wconf 74' lang='lat' dir='ltr'><strong>decembres</strong></span> 
     </span>
    </p>
   </div>
   <div class='ocr_carea' id='block_1_68' title="bbox 2195 891 3778 963">
    <p class='ocr_par' dir='ltr' id='par_1_68' title="bbox 2195 891 3778 963">
     <span class='ocr_line' id='line_1_68' title="bbox 2195 891 3778 963; baseline 0.006 -21"><span class='ocrx_word' id='word_1_479' title='bbox 2195 892 2316 943; x_wconf 90' lang='lat' dir='ltr'><strong>anni</strong></span> <span class='ocrx_word' id='word_1_480' title='bbox 2344 891 2846 962; x_wconf 81' lang='lat' dir='ltr'><strong>quadringentesimi</strong></span> <span class='ocrx_word' id='word_1_481' title='bbox 2873 892 3080 960; x_wconf 90' lang='lat' dir='ltr'><strong>septimi</strong></span> <span class='ocrx_word' id='word_1_482' title='bbox 3107 892 3212 947; x_wconf 90' lang='lat' dir='ltr'><strong>lata</strong></span> <span class='ocrx_word' id='word_1_483' title='bbox 3244 895 3593 963; x_wconf 89' lang='lat' dir='ltr'><strong>propositum,</strong></span> <span class='ocrx_word' id='word_1_484' title='bbox 3624 897 3778 951; x_wconf 84' lang='lat' dir='ltr'><strong>attri-</strong></span> 
     </span>
    </p>
   </div>
   <div class='ocr_carea' id='block_1_69' title="bbox 2198 980 3813 1055">
    <p class='ocr_par' dir='ltr' id='par_1_69' title="bbox 2198 980 3813 1055">
     <span class='ocr_line' id='line_1_69' title="bbox 2198 980 3813 1055; baseline 0.004 -23"><span class='ocrx_word' id='word_1_485' title='bbox 2198 980 2305 1033; x_wconf 90' lang='lat' dir='ltr'><strong>bui.</strong></span> <span class='ocrx_word' id='word_1_486' title='bbox 2333 982 2397 1034; x_wconf 90' lang='lat' dir='ltr'><strong>Et</strong></span> <span class='ocrx_word' id='word_1_487' title='bbox 2428 982 2527 1036; x_wconf 91' lang='lat' dir='ltr'><strong>hoc</strong></span> <span class='ocrx_word' id='word_1_488' title='bbox 2551 992 2664 1036; x_wconf 91' lang='lat' dir='ltr'><strong>erat</strong></span> <span class='ocrx_word' id='word_1_489' title='bbox 2701 992 2858 1050; x_wconf 91' lang='lat' dir='ltr'><strong>caput</strong></span> <span class='ocrx_word' id='word_1_490' title='bbox 2879 1025 2893 1047; x_wconf 92' lang='lat'><strong>,</strong></span> <span class='ocrx_word' id='word_1_491' title='bbox 2919 982 2987 1038; x_wconf 90' lang='lat' dir='ltr'><strong>de</strong></span> <span class='ocrx_word' id='word_1_492' title='bbox 3011 999 3118 1053; x_wconf 86' lang='lat' dir='ltr'><strong>quo</strong></span> <span class='ocrx_word' id='word_1_493' title='bbox 3142 983 3428 1039; x_wconf 66' lang='lat' dir='ltr'><strong>Donatistae</strong></span> <span class='ocrx_word' id='word_1_494' title='bbox 3452 1002 3607 1055; x_wconf 88' lang='lat' dir='ltr'><strong>quam</strong></span> <span class='ocrx_word' id='word_1_495' title='bbox 3646 989 3770 1042; x_wconf 85' lang='lat' dir='ltr'><strong>luvi-</strong></span> <span class='ocrx_word' id='word_1_496' title='bbox 3804 991 3813 1039; x_wconf 66' lang='grc' dir='ltr'><em></em></span> 
     </span>
    </p>
   </div>
   <div class='ocr_carea' id='block_1_70' title="bbox 2197 1071 3768 1142">
    <p class='ocr_par' dir='ltr' id='par_1_70' title="bbox 2197 1071 3768 1142">
     <span class='ocr_line' id='line_1_70' title="bbox 2197 1071 3768 1142; baseline 0.007 -19"><span class='ocrx_word' id='word_1_497' title='bbox 2197 1071 2500 1126; x_wconf 87' lang='lat' dir='ltr'><strong>diosissime</strong></span> <span class='ocrx_word' id='word_1_498' title='bbox 2542 1074 2975 1142; x_wconf 80' lang='lat' dir='ltr'><strong>expostulabant,</strong></span> <span class='ocrx_word' id='word_1_499' title='bbox 3028 1075 3127 1128; x_wconf 91' lang='lat' dir='ltr'><strong>rati</strong></span> <span class='ocrx_word' id='word_1_500' title='bbox 3173 1075 3417 1133; x_wconf 88' lang='lat' dir='ltr'><strong>videlicet</strong></span> <span class='ocrx_word' id='word_1_501' title='bbox 3461 1078 3585 1134; x_wconf 90' lang='lat' dir='ltr'><strong>hinc</strong></span> <span class='ocrx_word' id='word_1_502' title='bbox 3627 1079 3768 1142; x_wconf 73' lang='lat' dir='ltr'><strong>facilt</strong></span> 
     </span>
    </p>
   </div>
   <div class='ocr_carea' id='block_1_71' title="bbox 2200 1164 3795 1241">
    <p class='ocr_par' dir='ltr' id='par_1_71' title="bbox 2200 1164 3795 1241">
     <span class='ocr_line' id='line_1_71' title="bbox 2200 1164 3795 1241; baseline 0.008 -26"><span class='ocrx_word' id='word_1_503' title='bbox 2200 1177 2508 1230; x_wconf 89' lang='lat' dir='ltr'><strong>persuasum</strong></span> <span class='ocrx_word' id='word_1_504' title='bbox 2537 1164 2599 1217; x_wconf 94' lang='lat' dir='ltr'><strong>iri</strong></span> <span class='ocrx_word' id='word_1_505' title='bbox 2623 1204 2639 1230; x_wconf 91' lang='lat'><strong>,</strong></span> <span class='ocrx_word' id='word_1_506' title='bbox 2670 1179 2788 1219; x_wconf 90' lang='lat' dir='ltr'><strong>sese</strong></span> <span class='ocrx_word' id='word_1_507' title='bbox 2827 1181 2930 1218; x_wconf 91' lang='lat' dir='ltr'><strong>non</strong></span> <span class='ocrx_word' id='word_1_508' title='bbox 2957 1166 3058 1220; x_wconf 89' lang='lat' dir='ltr'><strong>alia</strong></span> <span class='ocrx_word' id='word_1_509' title='bbox 3089 1167 3158 1222; x_wconf 90' lang='lat' dir='ltr'><strong>de</strong></span> <span class='ocrx_word' id='word_1_510' title='bbox 3183 1183 3339 1221; x_wconf 82' lang='lat' dir='ltr'><strong>causa</strong></span> <span class='ocrx_word' id='word_1_511' title='bbox 3367 1171 3542 1224; x_wconf 85' lang='lat' dir='ltr'><strong>vexari</strong></span> <span class='ocrx_word' id='word_1_512' title='bbox 3568 1173 3795 1241; x_wconf 84' lang='lat' dir='ltr'><strong>agitari-</strong></span> 
     </span>
    </p>
   </div>
   <div class='ocr_carea' id='block_1_72' title="bbox 2199 1255 3797 1328">
    <p class='ocr_par' dir='ltr' id='par_1_72' title="bbox 2199 1255 3797 1328">
     <span class='ocr_line' id='line_1_72' title="bbox 2199 1255 3797 1328; baseline 0.007 -21"><span class='ocrx_word' id='word_1_513' title='bbox 2199 1269 2300 1324; x_wconf 91' lang='lat' dir='ltr'><strong>que</strong></span> <span class='ocrx_word' id='word_1_514' title='bbox 2324 1269 2352 1307; x_wconf 91' lang='lat' dir='ltr'><strong>a</strong></span> <span class='ocrx_word' id='word_1_515' title='bbox 2379 1255 2692 1322; x_wconf 87' lang='lat' dir='ltr'><strong>Catholicis,</strong></span> <span class='ocrx_word' id='word_1_516' title='bbox 2726 1257 2828 1310; x_wconf 92' lang='lat' dir='ltr'><strong>nisi</strong></span> <span class='ocrx_word' id='word_1_517' title='bbox 2875 1267 2930 1311; x_wconf 92' lang='lat' dir='ltr'><strong>ut</strong></span> <span class='ocrx_word' id='word_1_518' title='bbox 2969 1259 3204 1328; x_wconf 90' lang='lat' dir='ltr'><strong>ipsorum</strong></span> <span class='ocrx_word' id='word_1_519' title='bbox 3235 1261 3418 1328; x_wconf 85' lang='lat' dir='ltr'><strong>spoliis</strong></span> <span class='ocrx_word' id='word_1_520' title='bbox 3445 1262 3517 1315; x_wconf 93' lang='lat' dir='ltr'><strong>illi</strong></span> <span class='ocrx_word' id='word_1_521' title='bbox 3547 1261 3797 1318; x_wconf 85' lang='lat' dir='ltr'><strong>ditaren-</strong></span> 
     </span>
    </p>
   </div>
   <div class='ocr_carea' id='block_1_73' title="bbox 2201 1346 3794 1422">
    <p class='ocr_par' dir='ltr' id='par_1_73' title="bbox 2201 1346 3794 1422">
     <span class='ocr_line' id='line_1_73' title="bbox 2201 1346 3794 1422; baseline 0.006 -23"><span class='ocrx_word' id='word_1_522' title='bbox 2201 1354 2286 1400; x_wconf 93' lang='lat' dir='ltr'><strong>tur</strong></span> <span class='ocrx_word' id='word_1_523' title='bbox 2327 1346 2534 1415; x_wconf 84' lang='lat' dir='ltr'><strong>(Epist.</strong></span> <span class='ocrx_word' id='word_1_524' title='bbox 2565 1347 2696 1413; x_wconf 77' lang='lat'><strong>185,</strong></span> <span class='ocrx_word' id='word_1_525' title='bbox 2740 1365 2791 1400; x_wconf 90' lang='lat' dir='ltr'><strong>n.</strong></span> <span class='ocrx_word' id='word_1_526' title='bbox 2827 1347 2896 1402; x_wconf 81' lang='grc'><strong>55</strong></span> <span class='ocrx_word' id='word_1_527' title='bbox 2922 1351 2959 1414; x_wconf 86' lang='grc'><strong>).</strong></span> <span class='ocrx_word' id='word_1_528' title='bbox 3003 1348 3188 1402; x_wconf 87' lang='lat' dir='ltr'><strong>Tradit</strong></span> <span class='ocrx_word' id='word_1_529' title='bbox 3230 1352 3425 1420; x_wconf 87' lang='lat' dir='ltr'><strong>passim</strong></span> <span class='ocrx_word' id='word_1_530' title='bbox 3455 1353 3794 1422; x_wconf 75' lang='lat' dir='ltr'><strong>Augustinus</strong></span> 
     </span>
    </p>
   </div>
   <div class='ocr_carea' id='block_1_74' title="bbox 2201 1439 3798 1508">
    <p class='ocr_par' dir='ltr' id='par_1_74' title="bbox 2201 1439 3798 1508">
     <span class='ocr_line' id='line_1_74' title="bbox 2201 1439 3798 1508; baseline 0.004 -16"><span class='ocrx_word' id='word_1_531' title='bbox 2201 1439 2450 1507; x_wconf 89' lang='lat' dir='ltr'><strong>injustam</strong></span> <span class='ocrx_word' id='word_1_532' title='bbox 2498 1440 2697 1494; x_wconf 91' lang='lat' dir='ltr'><strong>hancce</strong></span> <span class='ocrx_word' id='word_1_533' title='bbox 2735 1441 3004 1508; x_wconf 86' lang='lat' dir='ltr'><strong>querelam</strong></span> <span class='ocrx_word' id='word_1_534' title='bbox 3051 1456 3080 1493; x_wconf 90' lang='lat' dir='ltr'><strong>a</strong></span> <span class='ocrx_word' id='word_1_535' title='bbox 3121 1441 3439 1507; x_wconf 82' lang='lat' dir='ltr'><strong>Donatistis,</strong></span> <span class='ocrx_word' id='word_1_536' title='bbox 3469 1444 3630 1499; x_wconf 89' lang='lat' dir='ltr'><strong>etiam</strong></span> <span class='ocrx_word' id='word_1_537' title='bbox 3659 1452 3798 1500; x_wconf 81' lang='lat' dir='ltr'><strong>ante</strong></span> 
     </span>
    </p>
   </div>
   <div class='ocr_carea' id='block_1_75' title="bbox 2201 1525 3798 1604">
    <p class='ocr_par' dir='ltr' id='par_1_75' title="bbox 2201 1525 3798 1604">
     <span class='ocr_line' id='line_1_75' title="bbox 2201 1525 3798 1604; baseline 0.005 -22"><span class='ocrx_word' id='word_1_538' title='bbox 2201 1525 2567 1593; x_wconf 91' lang='lat' dir='ltr'><strong>Collationem,</strong></span> <span class='ocrx_word' id='word_1_539' title='bbox 2591 1529 2848 1584; x_wconf 83' lang='lat' dir='ltr'><strong>adversus</strong></span> <span class='ocrx_word' id='word_1_540' title='bbox 2873 1529 3164 1588; x_wconf 87' lang='lat' dir='ltr'><strong>catholicos</strong></span> <span class='ocrx_word' id='word_1_541' title='bbox 3187 1533 3438 1600; x_wconf 63' lang='lat' dir='ltr'><strong>praesules</strong></span> <span class='ocrx_word' id='word_1_542' title='bbox 3457 1548 3522 1588; x_wconf 89' lang='lat' dir='ltr'><strong>eo</strong></span> <span class='ocrx_word' id='word_1_543' title='bbox 3533 1535 3798 1604; x_wconf 86' lang='lat' dir='ltr'><strong>usurpari</strong></span> 
     </span>
    </p>
   </div>
   <div class='ocr_carea' id='block_1_76' title="bbox 2202 1620 3788 1694">
    <p class='ocr_par' dir='ltr' id='par_1_76' title="bbox 2202 1620 3788 1694">
     <span class='ocr_line' id='line_1_76' title="bbox 2202 1620 3788 1694; baseline 0.004 -22"><span class='ocrx_word' id='word_1_544' title='bbox 2202 1621 2408 1673; x_wconf 87' lang='lat' dir='ltr'><strong>solitam</strong></span> <span class='ocrx_word' id='word_1_545' title='bbox 2429 1660 2445 1684; x_wconf 90' lang='lat'><strong>,</strong></span> <span class='ocrx_word' id='word_1_546' title='bbox 2476 1629 2532 1673; x_wconf 94' lang='lat' dir='ltr'><strong>ut</strong></span> <span class='ocrx_word' id='word_1_547' title='bbox 2559 1620 2788 1690; x_wconf 88' lang='lat' dir='ltr'><strong>quodam</strong></span> <span class='ocrx_word' id='word_1_548' title='bbox 2833 1621 2992 1675; x_wconf 89' lang='lat' dir='ltr'><strong>modo</strong></span> <span class='ocrx_word' id='word_1_549' title='bbox 3035 1621 3089 1674; x_wconf 88' lang='lat' dir='ltr'><strong>iu</strong></span> <span class='ocrx_word' id='word_1_550' title='bbox 3133 1631 3292 1676; x_wconf 75' lang='lat' dir='ltr'><strong>secta:</strong></span> <span class='ocrx_word' id='word_1_551' title='bbox 3322 1639 3431 1678; x_wconf 74' lang='lat' dir='ltr'><strong>sua:</strong></span> <span class='ocrx_word' id='word_1_552' title='bbox 3462 1623 3788 1694; x_wconf 89' lang='lat' dir='ltr'><strong>dispendio,</strong></span> 
     </span>
    </p>
   </div>
   <div class='ocr_carea' id='block_1_77' title="bbox 2203 1710 3793 1781">
    <p class='ocr_par' dir='ltr' id='par_1_77' title="bbox 2203 1710 3793 1781">
     <span class='ocr_line' id='line_1_77' title="bbox 2203 1710 3793 1781; baseline 0.004 -18"><span class='ocrx_word' id='word_1_553' title='bbox 2203 1724 2321 1763; x_wconf 92' lang='lat' dir='ltr'><strong>cum</strong></span> <span class='ocrx_word' id='word_1_554' title='bbox 2352 1725 2468 1764; x_wconf 91' lang='lat' dir='ltr'><strong>eam</strong></span> <span class='ocrx_word' id='word_1_555' title='bbox 2497 1711 2547 1763; x_wconf 93' lang='lat' dir='ltr'><strong>in</strong></span> <span class='ocrx_word' id='word_1_556' title='bbox 2575 1710 2690 1764; x_wconf 89' lang='lat' dir='ltr'><strong>dies</strong></span> <span class='ocrx_word' id='word_1_557' title='bbox 2722 1712 2888 1780; x_wconf 82' lang='lat' dir='ltr'><strong>magis</strong></span> <span class='ocrx_word' id='word_1_558' title='bbox 2919 1710 3193 1781; x_wconf 83' lang='lat' dir='ltr'><strong>magisque</strong></span> <span class='ocrx_word' id='word_1_559' title='bbox 3223 1711 3556 1768; x_wconf 88' lang='lat' dir='ltr'><strong>imminutam</strong></span> <span class='ocrx_word' id='word_1_560' title='bbox 3592 1729 3793 1770; x_wconf 80' lang='lat' dir='ltr'><strong>cerne-</strong></span> 
     </span>
    </p>
   </div>
   <div class='ocr_carea' id='block_1_78' title="bbox 2204 1799 3789 1874">
    <p class='ocr_par' dir='ltr' id='par_1_78' title="bbox 2204 1799 3789 1874">
     <span class='ocr_line' id='line_1_78' title="bbox 2204 1799 3789 1874; baseline 0.005 -22"><span class='ocrx_word' id='word_1_561' title='bbox 2204 1808 2320 1853; x_wconf 90' lang='lat' dir='ltr'><strong>rent</strong></span> <span class='ocrx_word' id='word_1_562' title='bbox 2337 1840 2352 1864; x_wconf 94' lang='lat'><strong>,</strong></span> <span class='ocrx_word' id='word_1_563' title='bbox 2393 1799 2630 1853; x_wconf 85' lang='lat' dir='ltr'><strong>dolorem</strong></span> <span class='ocrx_word' id='word_1_564' title='bbox 2673 1807 3030 1868; x_wconf 85' lang='lat' dir='ltr'><strong>temperarent</strong></span> <span class='ocrx_word' id='word_1_565' title='bbox 3057 1817 3232 1856; x_wconf 90' lang='lat' dir='ltr'><strong>suum.</strong></span> <span class='ocrx_word' id='word_1_566' title='bbox 3257 1801 3390 1858; x_wconf 84' lang='lat' dir='ltr'><strong>Ecce</strong></span> <span class='ocrx_word' id='word_1_567' title='bbox 3409 1845 3426 1870; x_wconf 94' lang='lat'><strong>,</strong></span> <span class='ocrx_word' id='word_1_568' title='bbox 3449 1804 3789 1874; x_wconf 85' lang='lat' dir='ltr'><strong>inquiebant,</strong></span> 
     </span>
    </p>
   </div>
   <div class='ocr_carea' id='block_1_79' title="bbox 2203 1889 3794 1966">
    <p class='ocr_par' dir='ltr' id='par_1_79' title="bbox 2203 1889 3794 1966">
     <span class='ocr_line' id='line_1_79' title="bbox 2203 1889 3794 1966; baseline 0.004 -22"><span class='ocrx_word' id='word_1_569' title='bbox 2203 1892 2288 1944; x_wconf 89' lang='lat' dir='ltr'><strong>ubi</strong></span> <span class='ocrx_word' id='word_1_570' title='bbox 2329 1889 2487 1945; x_wconf 86' lang='lat' dir='ltr'><strong>Caius</strong></span> <span class='ocrx_word' id='word_1_571' title='bbox 2514 1889 2663 1946; x_wconf 88' lang='lat' dir='ltr'><strong>Seius</strong></span> <span class='ocrx_word' id='word_1_572' title='bbox 2698 1892 2902 1944; x_wconf 86' lang='lat' dir='ltr'><strong>donavit</strong></span> <span class='ocrx_word' id='word_1_573' title='bbox 2928 1892 3144 1961; x_wconf 81' lang='lat' dir='ltr'><strong>fundunt</strong></span> <span class='ocrx_word' id='word_1_574' title='bbox 3169 1891 3435 1959; x_wconf 64' lang='lat' dir='ltr'><strong>Ecclesiae,</strong></span> <span class='ocrx_word' id='word_1_575' title='bbox 3465 1896 3547 1948; x_wconf 76' lang='lat' dir='ltr'><strong>cui</strong></span> <span class='ocrx_word' id='word_1_576' title='bbox 3573 1907 3794 1966; x_wconf 68' lang='lat' dir='ltr'><strong>prestat</strong></span> 
     </span>
    </p>
   </div>
   <div class='ocr_carea' id='block_1_80' title="bbox 2206 1979 3791 2058">
    <p class='ocr_par' dir='ltr' id='par_1_80' title="bbox 2206 1979 3791 2058">
     <span class='ocr_line' id='line_1_80' title="bbox 2206 1979 3791 2058; baseline 0.004 -25"><span class='ocrx_word' id='word_1_577' title='bbox 2206 1980 2479 2035; x_wconf 81' lang='lat' dir='ltr'><strong>Faustinus</strong></span> <span class='ocrx_word' id='word_1_578' title='bbox 2505 1979 2595 2051; x_wconf 86' lang='lat' dir='ltr'><strong>(In</strong></span> <span class='ocrx_word' id='word_1_579' title='bbox 2621 1981 2836 2035; x_wconf 83' lang='lat' dir='ltr'><strong>Joannis</strong></span> <span class='ocrx_word' id='word_1_580' title='bbox 2858 1980 3189 2057; x_wconf 83' lang='lat' dir='ltr'><strong>Evangelium</strong></span> <span class='ocrx_word' id='word_1_581' title='bbox 3213 1991 3360 2037; x_wconf 90' lang='lat' dir='ltr'><strong>tract.</strong></span> <span class='ocrx_word' id='word_1_582' title='bbox 3384 1985 3437 2050; x_wconf 87' lang='lat'><strong>6,</strong></span> <span class='ocrx_word' id='word_1_583' title='bbox 3461 2002 3515 2039; x_wconf 85' lang='grc' dir='ltr'><strong>.</strong></span> <span class='ocrx_word' id='word_1_584' title='bbox 3537 1985 3652 2058; x_wconf 73' lang='grc'><strong>25)</strong></span> <span class='ocrx_word' id='word_1_585' title='bbox 3676 1987 3791 2043; x_wconf 85' lang='lat' dir='ltr'><strong>Do</strong></span> 
     </span>
    </p>
   </div>
   <div class='ocr_carea' id='block_1_81' title="bbox 2205 2071 3795 2147">
    <p class='ocr_par' dir='ltr' id='par_1_81' title="bbox 2205 2071 3795 2147">
     <span class='ocr_line' id='line_1_81' title="bbox 2205 2071 3795 2147; baseline 0.005 -23"><span class='ocrx_word' id='word_1_586' title='bbox 2205 2072 2514 2125; x_wconf 88' lang='lat' dir='ltr'><strong>natistarum</strong></span> <span class='ocrx_word' id='word_1_587' title='bbox 2531 2071 2731 2126; x_wconf 82' lang='lat' dir='ltr'><strong>scilicet</strong></span> <span class='ocrx_word' id='word_1_588' title='bbox 2746 2071 2883 2140; x_wconf 89' lang='lat' dir='ltr'><strong>apud</strong></span> <span class='ocrx_word' id='word_1_589' title='bbox 2909 2071 3202 2141; x_wconf 88' lang='lat' dir='ltr'><strong>Hipponem</strong></span> <span class='ocrx_word' id='word_1_590' title='bbox 3223 2074 3521 2144; x_wconf 89' lang='lat' dir='ltr'><strong>episcopus.</strong></span> <span class='ocrx_word' id='word_1_591' title='bbox 3541 2077 3610 2130; x_wconf 83' lang='lat' dir='ltr'><strong>At</strong></span> <span class='ocrx_word' id='word_1_592' title='bbox 3628 2093 3795 2147; x_wconf 88' lang='lat' dir='ltr'><strong>quam</strong></span> 
     </span>
    </p>
   </div>
   <div class='ocr_carea' id='block_1_82' title="bbox 2205 2160 3795 2236">
    <p class='ocr_par' dir='ltr' id='par_1_82' title="bbox 2205 2160 3795 2236">
     <span class='ocr_line' id='line_1_82' title="bbox 2205 2160 3795 2236; baseline 0.005 -22"><span class='ocrx_word' id='word_1_593' title='bbox 2205 2160 2412 2230; x_wconf 72' lang='lat' dir='ltr'><strong>iujustre</strong></span> <span class='ocrx_word' id='word_1_594' title='bbox 2440 2170 2619 2215; x_wconf 88' lang='lat' dir='ltr'><strong>essent</strong></span> <span class='ocrx_word' id='word_1_595' title='bbox 2647 2161 2905 2230; x_wconf 91' lang='lat' dir='ltr'><strong>ejusmodi</strong></span> <span class='ocrx_word' id='word_1_596' title='bbox 2927 2162 3291 2230; x_wconf 74' lang='lat' dir='ltr'><strong>querimoniae,</strong></span> <span class='ocrx_word' id='word_1_597' title='bbox 3324 2174 3378 2218; x_wconf 91' lang='lat' dir='ltr'><strong>et</strong></span> <span class='ocrx_word' id='word_1_598' title='bbox 3401 2173 3603 2232; x_wconf 86' lang='lat' dir='ltr'><strong>contra,</strong></span> <span class='ocrx_word' id='word_1_599' title='bbox 3627 2183 3795 2236; x_wconf 82' lang='lat' dir='ltr'><strong>quam</strong></span> 
     </span>
    </p>
   </div>
   <div class='ocr_carea' id='block_1_83' title="bbox 2204 2250 3794 2320">
    <p class='ocr_par' dir='ltr' id='par_1_83' title="bbox 2204 2250 3794 2320">
     <span class='ocr_line' id='line_1_83' title="bbox 2204 2250 3794 2320; baseline 0.006 -18"><span class='ocrx_word' id='word_1_600' title='bbox 2204 2251 2270 2303; x_wconf 88' lang='lat' dir='ltr'><strong>ab</strong></span> <span class='ocrx_word' id='word_1_601' title='bbox 2294 2250 2436 2304; x_wconf 88' lang='lat' dir='ltr'><strong>omni</strong></span> <span class='ocrx_word' id='word_1_602' title='bbox 2469 2262 2616 2318; x_wconf 90' lang='lat' dir='ltr'><strong>parte</strong></span> <span class='ocrx_word' id='word_1_603' title='bbox 2649 2251 2848 2318; x_wconf 79' lang='lat' dir='ltr'><strong>justum</strong></span> <span class='ocrx_word' id='word_1_604' title='bbox 2894 2250 3235 2320; x_wconf 84' lang='lat' dir='ltr'><strong>Imperatoris</strong></span> <span class='ocrx_word' id='word_1_605' title='bbox 3278 2253 3504 2308; x_wconf 90' lang='lat' dir='ltr'><strong>edictum</strong></span> <span class='ocrx_word' id='word_1_606' title='bbox 3527 2296 3542 2320; x_wconf 92' lang='lat'><strong>,</strong></span> <span class='ocrx_word' id='word_1_607' title='bbox 3573 2266 3794 2312; x_wconf 82' lang='lat' dir='ltr'><strong>sanctus</strong></span> 
     </span>
    </p>
   </div>
   <div class='ocr_carea' id='block_1_84' title="bbox 2206 2340 3793 2409">
    <p class='ocr_par' dir='ltr' id='par_1_84' title="bbox 2206 2340 3793 2409">
     <span class='ocr_line' id='line_1_84' title="bbox 2206 2340 3793 2409; baseline 0.004 -16"><span class='ocrx_word' id='word_1_608' title='bbox 2206 2340 2403 2393; x_wconf 69' lang='lat' dir='ltr'><strong>Prtesul</strong></span> <span class='ocrx_word' id='word_1_609' title='bbox 2437 2341 2629 2409; x_wconf 90' lang='lat' dir='ltr'><strong>ubique</strong></span> <span class='ocrx_word' id='word_1_610' title='bbox 2660 2341 3010 2394; x_wconf 90' lang='lat' dir='ltr'><strong>demonstrat.</strong></span> <span class='ocrx_word' id='word_1_611' title='bbox 3042 2340 3114 2396; x_wconf 92' lang='lat' dir='ltr'><strong>Ut</strong></span> <span class='ocrx_word' id='word_1_612' title='bbox 3139 2357 3266 2395; x_wconf 88' lang='lat' dir='ltr'><strong>vero</strong></span> <span class='ocrx_word' id='word_1_613' title='bbox 3294 2342 3414 2396; x_wconf 92' lang='lat' dir='ltr'><strong>illos</strong></span> <span class='ocrx_word' id='word_1_614' title='bbox 3441 2345 3656 2398; x_wconf 92' lang='lat' dir='ltr'><strong>omnino</strong></span> <span class='ocrx_word' id='word_1_615' title='bbox 3691 2361 3793 2399; x_wconf 92' lang='lat' dir='ltr'><strong>co-</strong></span> 
     </span>
    </p>
   </div>
   <div class='ocr_carea' id='block_1_85' title="bbox 2204 2433 3797 2505">
    <p class='ocr_par' dir='ltr' id='par_1_85' title="bbox 2204 2433 3797 2505">
     <span class='ocr_line' id='line_1_85' title="bbox 2204 2433 3797 2505; baseline 0.006 -21"><span class='ocrx_word' id='word_1_616' title='bbox 2204 2441 2292 2501; x_wconf 84' lang='lat' dir='ltr'><strong>gat</strong></span> <span class='ocrx_word' id='word_1_617' title='bbox 2319 2433 2708 2497; x_wconf 87' lang='lat' dir='ltr'><strong>obmutescere,</strong></span> <span class='ocrx_word' id='word_1_618' title='bbox 2736 2433 2847 2486; x_wconf 78' lang='lat' dir='ltr'><strong>lucc</strong></span> <span class='ocrx_word' id='word_1_619' title='bbox 2867 2433 3116 2486; x_wconf 75' lang='lat' dir='ltr'><strong>Ecclesia:</strong></span> <span class='ocrx_word' id='word_1_620' title='bbox 3144 2435 3302 2487; x_wconf 88' lang='lat' dir='ltr'><strong>totius</strong></span> <span class='ocrx_word' id='word_1_621' title='bbox 3331 2436 3543 2490; x_wconf 87' lang='lat' dir='ltr'><strong>nomine</strong></span> <span class='ocrx_word' id='word_1_622' title='bbox 3575 2437 3797 2505; x_wconf 78' lang='lat' dir='ltr'><strong>profite-</strong></span> 
     </span>
    </p>
   </div>
   <div class='ocr_carea' id='block_1_86' title="bbox 2207 2521 3797 2597">
    <p class='ocr_par' dir='ltr' id='par_1_86' title="bbox 2207 2521 3797 2597">
     <span class='ocr_line' id='line_1_86' title="bbox 2207 2521 3797 2597; baseline 0.005 -23"><span class='ocrx_word' id='word_1_623' title='bbox 2207 2531 2291 2574; x_wconf 91' lang='lat' dir='ltr'><strong>tur</strong></span> <span class='ocrx_word' id='word_1_624' title='bbox 2322 2541 2334 2575; x_wconf 91' lang='lat'><strong>:</strong></span> <span class='ocrx_word' id='word_1_625' title='bbox 2368 2521 2600 2591; x_wconf 81' lang='lat' dir='ltr'><strong>Quisquis</strong></span> <span class='ocrx_word' id='word_1_626' title='bbox 2645 2539 2708 2577; x_wconf 73' lang='lat' dir='ltr'><strong>ea:</strong></span> <span class='ocrx_word' id='word_1_627' title='bbox 2744 2525 3002 2576; x_wconf 75' lang='lat' dir='ltr'><strong>occasione</strong></span> <span class='ocrx_word' id='word_1_628' title='bbox 3048 2524 3201 2594; x_wconf 87' lang='lat' dir='ltr'><strong>hujus</strong></span> <span class='ocrx_word' id='word_1_629' title='bbox 3254 2523 3408 2594; x_wconf 83' lang='lat' dir='ltr'><strong>legis,</strong></span> <span class='ocrx_word' id='word_1_630' title='bbox 3455 2543 3604 2595; x_wconf 87' lang='lat' dir='ltr'><strong>quam</strong></span> <span class='ocrx_word' id='word_1_631' title='bbox 3649 2545 3797 2597; x_wconf 85' lang='lat' dir='ltr'><strong>rcges</strong></span> 
     </span>
    </p>
   </div>
   <div class='ocr_carea' id='block_1_87' title="bbox 2205 2612 3791 2680">
    <p class='ocr_par' dir='ltr' id='par_1_87' title="bbox 2205 2612 3791 2680">
     <span class='ocr_line' id='line_1_87' title="bbox 2205 2612 3791 2680; baseline 0.005 -15"><span class='ocrx_word' id='word_1_632' title='bbox 2205 2622 2352 2666; x_wconf 72' lang='lat' dir='ltr'><strong>terra:</strong></span> <span class='ocrx_word' id='word_1_633' title='bbox 2379 2612 2576 2667; x_wconf 87' lang='lat' dir='ltr'><strong>Christo</strong></span> <span class='ocrx_word' id='word_1_634' title='bbox 2601 2615 2863 2668; x_wconf 83' lang='lat' dir='ltr'><strong>servientes</strong></span> <span class='ocrx_word' id='word_1_635' title='bbox 2884 2657 2899 2680; x_wconf 95' lang='lat'><strong>,</strong></span> <span class='ocrx_word' id='word_1_636' title='bbox 2933 2615 3001 2667; x_wconf 91' lang='lat' dir='ltr'><strong>ad</strong></span> <span class='ocrx_word' id='word_1_637' title='bbox 3031 2617 3395 2670; x_wconf 79' lang='lat' dir='ltr'><strong>emendandum</strong></span> <span class='ocrx_word' id='word_1_638' title='bbox 3433 2629 3645 2672; x_wconf 86' lang='lat' dir='ltr'><strong>vestram</strong></span> <span class='ocrx_word' id='word_1_639' title='bbox 3684 2621 3791 2673; x_wconf 82' lang='lat' dir='ltr'><strong>int-</strong></span> 
     </span>
    </p>
   </div>
   <div class='ocr_carea' id='block_1_88' title="bbox 2205 2705 3794 2781">
    <p class='ocr_par' dir='ltr' id='par_1_88' title="bbox 2205 2705 3794 2781">
     <span class='ocr_line' id='line_1_88' title="bbox 2205 2705 3794 2781; baseline 0.006 -25"><span class='ocrx_word' id='word_1_640' title='bbox 2205 2705 2437 2773; x_wconf 85' lang='lat' dir='ltr'><strong>pietutem</strong></span> <span class='ocrx_word' id='word_1_641' title='bbox 2474 2705 2947 2775; x_wconf 86' lang='lat' dir='ltr'><strong>promulgaverunt,</strong></span> <span class='ocrx_word' id='word_1_642' title='bbox 2987 2723 3067 2760; x_wconf 88' lang='lat' dir='ltr'><strong>res</strong></span> <span class='ocrx_word' id='word_1_643' title='bbox 3106 2710 3339 2776; x_wconf 86' lang='lat' dir='ltr'><strong>proprias</strong></span> <span class='ocrx_word' id='word_1_644' title='bbox 3376 2718 3564 2763; x_wconf 79' lang='lat' dir='ltr'><strong>vestras</strong></span> <span class='ocrx_word' id='word_1_645' title='bbox 3605 2711 3794 2781; x_wconf 79' lang='lat' dir='ltr'><strong>cupide</strong></span> 
     </span>
    </p>
   </div>
   <div class='ocr_carea' id='block_1_89' title="bbox 2204 2796 3792 2874">
    <p class='ocr_par' dir='ltr' id='par_1_89' title="bbox 2204 2796 3792 2874">
     <span class='ocr_line' id='line_1_89' title="bbox 2204 2796 3792 2874; baseline 0.008 -26"><span class='ocrx_word' id='word_1_646' title='bbox 2204 2797 2411 2866; x_wconf 87' lang='lat' dir='ltr'><strong>appetit,</strong></span> <span class='ocrx_word' id='word_1_647' title='bbox 2437 2796 2664 2866; x_wconf 86' lang='lat' dir='ltr'><strong>displicet</strong></span> <span class='ocrx_word' id='word_1_648' title='bbox 2695 2799 2856 2852; x_wconf 88' lang='lat' dir='ltr'><strong>nobis.</strong></span> <span class='ocrx_word' id='word_1_649' title='bbox 2887 2798 3124 2866; x_wconf 83' lang='lat' dir='ltr'><strong>Quisquis</strong></span> <span class='ocrx_word' id='word_1_650' title='bbox 3152 2799 3364 2871; x_wconf 84' lang='lat' dir='ltr'><strong>denique</strong></span> <span class='ocrx_word' id='word_1_651' title='bbox 3385 2802 3522 2872; x_wconf 88' lang='lat' dir='ltr'><strong>ipsas</strong></span> <span class='ocrx_word' id='word_1_652' title='bbox 3550 2819 3628 2856; x_wconf 85' lang='lat' dir='ltr'><strong>res</strong></span> <span class='ocrx_word' id='word_1_653' title='bbox 3655 2813 3792 2874; x_wconf 41' lang='lat' dir='ltr'><strong>putt;</strong></span> 
     </span>
    </p>
   </div>
   <div class='ocr_carea' id='block_1_90' title="bbox 2205 2888 3792 2960">
    <p class='ocr_par' dir='ltr' id='par_1_90' title="bbox 2205 2888 3792 2960">
     <span class='ocr_line' id='line_1_90' title="bbox 2205 2888 3792 2960; baseline 0.003 -18"><span class='ocrx_word' id='word_1_654' title='bbox 2205 2906 2378 2959; x_wconf 85' lang='lat' dir='ltr'><strong>perum</strong></span> <span class='ocrx_word' id='word_1_655' title='bbox 2400 2931 2413 2952; x_wconf 98' lang='lat'><strong>,</strong></span> <span class='ocrx_word' id='word_1_656' title='bbox 2444 2888 2521 2942; x_wconf 89' lang='lat' dir='ltr'><strong>vel</strong></span> <span class='ocrx_word' id='word_1_657' title='bbox 2549 2889 2784 2942; x_wconf 83' lang='lat' dir='ltr'><strong>basilicas</strong></span> <span class='ocrx_word' id='word_1_658' title='bbox 2806 2891 3248 2960; x_wconf 88' lang='lat' dir='ltr'><strong>congregationum</strong></span> <span class='ocrx_word' id='word_1_659' title='bbox 3271 2933 3286 2957; x_wconf 94' lang='lat'><strong>,</strong></span> <span class='ocrx_word' id='word_1_660' title='bbox 3315 2909 3440 2960; x_wconf 84' lang='lat' dir='ltr'><strong>quas</strong></span> <span class='ocrx_word' id='word_1_661' title='bbox 3472 2893 3564 2947; x_wconf 88' lang='lat' dir='ltr'><strong>sub</strong></span> <span class='ocrx_word' id='word_1_662' title='bbox 3589 2895 3792 2953; x_wconf 73' lang='lat' dir='ltr'><strong>nomine</strong></span> 
     </span>
    </p>
   </div>
   <div class='ocr_carea' id='block_1_91' title="bbox 2205 2979 3803 3050">
    <p class='ocr_par' dir='ltr' id='par_1_91' title="bbox 2205 2979 3803 3050">
     <span class='ocr_line' id='line_1_91' title="bbox 2205 2979 3803 3050; baseline 0.006 -17"><span class='ocrx_word' id='word_1_663' title='bbox 2205 2979 2447 3034; x_wconf 67' lang='lat' dir='ltr'><strong>Ecclesia</strong></span> <span class='ocrx_word' id='word_1_664' title='bbox 2485 2981 2756 3045; x_wconf 84' lang='lat' dir='ltr'><strong>tenebatis,</strong></span> <span class='ocrx_word' id='word_1_665' title='bbox 2788 2997 2900 3050; x_wconf 77' lang='lat' dir='ltr'><strong>qua:</strong></span> <span class='ocrx_word' id='word_1_666' title='bbox 2935 2983 3139 3035; x_wconf 88' lang='lat' dir='ltr'><strong>omnino</strong></span> <span class='ocrx_word' id='word_1_667' title='bbox 3177 2999 3278 3036; x_wconf 88' lang='lat' dir='ltr'><strong>non</strong></span> <span class='ocrx_word' id='word_1_668' title='bbox 3320 2983 3559 3037; x_wconf 84' lang='lat' dir='ltr'><strong>debentur</strong></span> <span class='ocrx_word' id='word_1_669' title='bbox 3594 2985 3692 3039; x_wconf 89' lang='lat' dir='ltr'><strong>nisi</strong></span> <span class='ocrx_word' id='word_1_670' title='bbox 3737 2988 3803 3043; x_wconf 68' lang='lat' dir='ltr'><strong>d-</strong></span> 
     </span>
    </p>
   </div>
   <div class='ocr_carea' id='block_1_92' title="bbox 2204 3055 3790 3144">
    <p class='ocr_par' dir='ltr' id='par_1_92' title="bbox 2204 3055 3790 3144">
     <span class='ocr_line' id='line_1_92' title="bbox 2204 3055 3790 3144; baseline 0.004 -21"><span class='ocrx_word' id='word_1_671' title='bbox 2204 3068 2449 3125; x_wconf 78' lang='lat' dir='ltr'><strong>Ecclesite</strong></span> <span class='ocrx_word' id='word_1_672' title='bbox 2468 3113 2482 3134; x_wconf 91' lang='lat'><strong>,</strong></span> <span class='ocrx_word' id='word_1_673' title='bbox 2511 3088 2624 3140; x_wconf 70' lang='lat' dir='ltr'><strong>quia</strong></span> <span class='ocrx_word' id='word_1_674' title='bbox 2647 3088 2760 3125; x_wconf 84' lang='lat' dir='ltr'><strong>vera</strong></span> <span class='ocrx_word' id='word_1_675' title='bbox 2785 3069 2972 3143; x_wconf 79' lang='lat' dir='ltr'><strong>Christi</strong></span> <span class='ocrx_word' id='word_1_676' title='bbox 3014 3071 3236 3124; x_wconf 84' lang='lat' dir='ltr'><strong>Ecclesia</strong></span> <span class='ocrx_word' id='word_1_677' title='bbox 3263 3081 3362 3135; x_wconf 88' lang='lat' dir='ltr'><strong>est,</strong></span> <span class='ocrx_word' id='word_1_678' title='bbox 3391 3090 3490 3126; x_wconf 86' lang='lat' dir='ltr'><strong>non</strong></span> <span class='ocrx_word' id='word_1_679' title='bbox 3511 3055 3605 3143; x_wconf 79' lang='lat' dir='ltr'><strong>per</strong></span> <span class='ocrx_word' id='word_1_680' title='bbox 3627 3075 3790 3144; x_wconf 76' lang='lat' dir='ltr'><strong>justi-</strong></span> 
     </span>
    </p>
   </div>
   <div class='ocr_carea' id='block_1_93' title="bbox 2203 3162 3791 3233">
    <p class='ocr_par' dir='ltr' id='par_1_93' title="bbox 2203 3162 3791 3233">
     <span class='ocr_line' id='line_1_93' title="bbox 2203 3162 3791 3233; baseline 0.006 -20"><span class='ocrx_word' id='word_1_681' title='bbox 2203 3162 2344 3227; x_wconf 81' lang='lat' dir='ltr'><strong>ti.mt,</strong></span> <span class='ocrx_word' id='word_1_682' title='bbox 2377 3163 2464 3216; x_wconf 88' lang='lat' dir='ltr'><strong>sed</strong></span> <span class='ocrx_word' id='word_1_683' title='bbox 2490 3180 2577 3230; x_wconf 82' lang='lat' dir='ltr'><strong>per</strong></span> <span class='ocrx_word' id='word_1_684' title='bbox 2604 3163 2867 3215; x_wconf 85' lang='lat' dir='ltr'><strong>avaritiam</strong></span> <span class='ocrx_word' id='word_1_685' title='bbox 2906 3171 3068 3227; x_wconf 88' lang='lat' dir='ltr'><strong>tenet,</strong></span> <span class='ocrx_word' id='word_1_686' title='bbox 3096 3163 3325 3233; x_wconf 86' lang='lat' dir='ltr'><strong>displicet</strong></span> <span class='ocrx_word' id='word_1_687' title='bbox 3351 3165 3511 3217; x_wconf 85' lang='lat' dir='ltr'><strong>nobis.</strong></span> <span class='ocrx_word' id='word_1_688' title='bbox 3554 3165 3660 3220; x_wconf 83' lang='lat' dir='ltr'><strong>Sed</strong></span> <span class='ocrx_word' id='word_1_689' title='bbox 3671 3183 3791 3223; x_wconf 13' lang='lat' dir='ltr'><strong>e-ncc</strong></span> 
     </span>
    </p>
   </div>
   <div class='ocr_carea' id='block_1_94' title="bbox 2203 3252 3790 3321">
    <p class='ocr_par' dir='ltr' id='par_1_94' title="bbox 2203 3252 3790 3321">
     <span class='ocr_line' id='line_1_94' title="bbox 2203 3252 3790 3321; baseline 0.005 -19"><span class='ocrx_word' id='word_1_690' title='bbox 2203 3252 2354 3321; x_wconf 79' lang='lat' dir='ltr'><strong>facile</strong></span> <span class='ocrx_word' id='word_1_691' title='bbox 2380 3253 2477 3305; x_wconf 86' lang='lat' dir='ltr'><strong>ista</strong></span> <span class='ocrx_word' id='word_1_692' title='bbox 2501 3253 2819 3317; x_wconf 87' lang='lat' dir='ltr'><strong>monstratis;</strong></span> <span class='ocrx_word' id='word_1_693' title='bbox 2845 3261 2890 3304; x_wconf 88' lang='lat' dir='ltr'><strong>et</strong></span> <span class='ocrx_word' id='word_1_694' title='bbox 2910 3252 2951 3306; x_wconf 91' lang='lat' dir='ltr'><strong>si</strong></span> <span class='ocrx_word' id='word_1_695' title='bbox 2983 3253 3282 3317; x_wconf 87' lang='lat' dir='ltr'><strong>monstretis,</strong></span> <span class='ocrx_word' id='word_1_696' title='bbox 3305 3254 3573 3308; x_wconf 89' lang='lat' dir='ltr'><strong>nonnullos</strong></span> <span class='ocrx_word' id='word_1_697' title='bbox 3597 3256 3790 3310; x_wconf 86' lang='lat' dir='ltr'><strong>tolera-</strong></span> 
     </span>
    </p>
   </div>
   <div class='ocr_carea' id='block_1_95' title="bbox 2205 3345 3791 3417">
    <p class='ocr_par' dir='ltr' id='par_1_95' title="bbox 2205 3345 3791 3417">
     <span class='ocr_line' id='line_1_95' title="bbox 2205 3345 3791 3417; baseline 0.002 -20"><span class='ocrx_word' id='word_1_698' title='bbox 2205 3361 2344 3410; x_wconf 89' lang='lat' dir='ltr'><strong>mus,</strong></span> <span class='ocrx_word' id='word_1_699' title='bbox 2385 3361 2507 3414; x_wconf 85' lang='lat' dir='ltr'><strong>quos</strong></span> <span class='ocrx_word' id='word_1_700' title='bbox 2547 3345 2796 3413; x_wconf 82' lang='lat' dir='ltr'><strong>corrigere</strong></span> <span class='ocrx_word' id='word_1_701' title='bbox 2833 3345 2910 3396; x_wconf 85' lang='lat' dir='ltr'><strong>vel</strong></span> <span class='ocrx_word' id='word_1_702' title='bbox 2950 3345 3129 3414; x_wconf 84' lang='lat' dir='ltr'><strong>punire</strong></span> <span class='ocrx_word' id='word_1_703' title='bbox 3169 3361 3269 3397; x_wconf 88' lang='lat' dir='ltr'><strong>non</strong></span> <span class='ocrx_word' id='word_1_704' title='bbox 3304 3361 3602 3414; x_wconf 88' lang='lat' dir='ltr'><strong>possumus;</strong></span> <span class='ocrx_word' id='word_1_705' title='bbox 3631 3364 3791 3417; x_wconf 81' lang='lat' dir='ltr'><strong>neque</strong></span> 
     </span>
    </p>
   </div>
   <div class='ocr_carea' id='block_1_96' title="bbox 2205 3436 3790 3510">
    <p class='ocr_par' dir='ltr' id='par_1_96' title="bbox 2205 3436 3790 3510">
     <span class='ocr_line' id='line_1_96' title="bbox 2205 3436 3790 3510; baseline 0.004 -21"><span class='ocrx_word' id='word_1_706' title='bbox 2205 3449 2409 3509; x_wconf 82' lang='lat' dir='ltr'><strong>propter</strong></span> <span class='ocrx_word' id='word_1_707' title='bbox 2439 3441 2636 3506; x_wconf 88' lang='lat' dir='ltr'><strong>paleam</strong></span> <span class='ocrx_word' id='word_1_708' title='bbox 2666 3438 2996 3507; x_wconf 86' lang='lat' dir='ltr'><strong>relinquimus</strong></span> <span class='ocrx_word' id='word_1_709' title='bbox 3026 3454 3198 3491; x_wconf 89' lang='lat' dir='ltr'><strong>aream</strong></span> <span class='ocrx_word' id='word_1_710' title='bbox 3227 3436 3431 3492; x_wconf 89' lang='lat' dir='ltr'><strong>Domini</strong></span> <span class='ocrx_word' id='word_1_711' title='bbox 3458 3439 3477 3508; x_wconf 88' lang='lat'><strong>(</strong></span> <span class='ocrx_word' id='word_1_712' title='bbox 3504 3439 3668 3510; x_wconf 84' lang='lat' dir='ltr'><strong>Epist.</strong></span> <span class='ocrx_word' id='word_1_713' title='bbox 3691 3440 3790 3505; x_wconf 77' lang='lat'><strong>93,</strong></span> 
     </span>
    </p>
   </div>
   <div class='ocr_carea' id='block_1_97' title="bbox 2203 3527 3788 3598">
    <p class='ocr_par' dir='ltr' id='par_1_97' title="bbox 2203 3527 3788 3598">
     <span class='ocr_line' id='line_1_97' title="bbox 2203 3527 3788 3598; baseline 0.001 -18"><span class='ocrx_word' id='word_1_714' title='bbox 2203 3543 2256 3580; x_wconf 84' lang='grc' dir='ltr'><strong>.</strong></span> <span class='ocrx_word' id='word_1_715' title='bbox 2288 3527 2413 3597; x_wconf 87' lang='grc'><strong>50).</strong></span> <span class='ocrx_word' id='word_1_716' title='bbox 2445 3527 2500 3581; x_wconf 89' lang='lat' dir='ltr'><strong>In</strong></span> <span class='ocrx_word' id='word_1_717' title='bbox 2530 3527 2768 3581; x_wconf 90' lang='lat' dir='ltr'><strong>eamdem</strong></span> <span class='ocrx_word' id='word_1_718' title='bbox 2799 3543 2911 3581; x_wconf 92' lang='lat' dir='ltr'><strong>rem</strong></span> <span class='ocrx_word' id='word_1_719' title='bbox 2949 3527 3094 3580; x_wconf 89' lang='lat' dir='ltr'><strong>addit</strong></span> <span class='ocrx_word' id='word_1_720' title='bbox 3137 3537 3192 3582; x_wconf 90' lang='lat' dir='ltr'><strong>et</strong></span> <span class='ocrx_word' id='word_1_721' title='bbox 3234 3529 3332 3581; x_wconf 88' lang='lat' dir='ltr'><strong>ista</strong></span> <span class='ocrx_word' id='word_1_722' title='bbox 3358 3546 3371 3582; x_wconf 90' lang='lat'><strong>:</strong></span> <span class='ocrx_word' id='word_1_723' title='bbox 3409 3527 3560 3592; x_wconf 75' lang='lat' dir='ltr'><strong>Hcec,</strong></span> <span class='ocrx_word' id='word_1_724' title='bbox 3583 3531 3628 3582; x_wconf 86' lang='lat' dir='ltr'><strong>si</strong></span> <span class='ocrx_word' id='word_1_725' title='bbox 3651 3547 3788 3598; x_wconf 81' lang='lat' dir='ltr'><strong>pau-</strong></span> 
     </span>
    </p>
   </div>
   <div class='ocr_carea' id='block_1_98' title="bbox 2204 3619 3790 3686">
    <p class='ocr_par' dir='ltr' id='par_1_98' title="bbox 2204 3619 3790 3686">
     <span class='ocr_line' id='line_1_98' title="bbox 2204 3619 3790 3686; baseline 0.001 -17"><span class='ocrx_word' id='word_1_726' title='bbox 2204 3633 2378 3685; x_wconf 88' lang='lat' dir='ltr'><strong>perum</strong></span> <span class='ocrx_word' id='word_1_727' title='bbox 2415 3633 2770 3686; x_wconf 87' lang='lat' dir='ltr'><strong>compaupcres</strong></span> <span class='ocrx_word' id='word_1_728' title='bbox 2811 3633 3018 3680; x_wconf 89' lang='lat' dir='ltr'><strong>sumus,</strong></span> <span class='ocrx_word' id='word_1_729' title='bbox 3060 3626 3107 3670; x_wconf 89' lang='lat' dir='ltr'><strong>et</strong></span> <span class='ocrx_word' id='word_1_730' title='bbox 3145 3627 3318 3670; x_wconf 83' lang='lat' dir='ltr'><strong>nostra</strong></span> <span class='ocrx_word' id='word_1_731' title='bbox 3363 3626 3478 3670; x_wconf 90' lang='lat' dir='ltr'><strong>sunt</strong></span> <span class='ocrx_word' id='word_1_732' title='bbox 3512 3628 3557 3671; x_wconf 86' lang='lat' dir='ltr'><strong>et</strong></span> <span class='ocrx_word' id='word_1_733' title='bbox 3580 3619 3790 3672; x_wconf 84' lang='lat' dir='ltr'><strong>illorum</strong></span> 
     </span>
    </p>
   </div>
   <div class='ocr_carea' id='block_1_99' title="bbox 2204 3706 3789 3782">
    <p class='ocr_par' dir='ltr' id='par_1_99' title="bbox 2204 3706 3789 3782">
     <span class='ocr_line' id='line_1_99' title="bbox 2204 3706 3789 3782; baseline 0.003 -24"><span class='ocrx_word' id='word_1_734' title='bbox 2204 3707 2337 3776; x_wconf 88' lang='lat' dir='ltr'><strong>(cum</strong></span> <span class='ocrx_word' id='word_1_735' title='bbox 2358 3706 2601 3760; x_wconf 78' lang='lat' dir='ltr'><strong>Catholici</strong></span> <span class='ocrx_word' id='word_1_736' title='bbox 2623 3706 2803 3779; x_wconf 82' lang='lat' dir='ltr'><strong>unt).</strong></span> <span class='ocrx_word' id='word_1_737' title='bbox 2830 3707 2891 3762; x_wconf 89' lang='lat' dir='ltr'><strong>Si</strong></span> <span class='ocrx_word' id='word_1_738' title='bbox 2913 3717 3080 3760; x_wconf 86' lang='lat' dir='ltr'><strong>autem</strong></span> <span class='ocrx_word' id='word_1_739' title='bbox 3101 3709 3354 3778; x_wconf 73' lang='lat' dir='ltr'><strong>privatim,</strong></span> <span class='ocrx_word' id='word_1_740' title='bbox 3378 3725 3491 3778; x_wconf 79' lang='lat' dir='ltr'><strong>qua:</strong></span> <span class='ocrx_word' id='word_1_741' title='bbox 3511 3709 3649 3761; x_wconf 89' lang='lat' dir='ltr'><strong>nobis</strong></span> <span class='ocrx_word' id='word_1_742' title='bbox 3669 3713 3789 3782; x_wconf 67' lang='lat' dir='ltr'><strong>sul}-</strong></span> 
     </span>
    </p>
   </div>
   <div class='ocr_carea' id='block_1_100' title="bbox 2203 3797 3786 3868">
    <p class='ocr_par' dir='ltr' id='par_1_100' title="bbox 2203 3797 3786 3868">
     <span class='ocr_line' id='line_1_100' title="bbox 2203 3797 3786 3868; baseline 0.002 -19"><span class='ocrx_word' id='word_1_743' title='bbox 2203 3798 2396 3865; x_wconf 79' lang='lat' dir='ltr'><strong>ciant,</strong></span> <span class='ocrx_word' id='word_1_744' title='bbox 2421 3797 2762 3867; x_wconf 87' lang='lat' dir='ltr'><strong>possidemus;</strong></span> <span class='ocrx_word' id='word_1_745' title='bbox 2792 3815 2891 3851; x_wconf 91' lang='lat' dir='ltr'><strong>non</strong></span> <span class='ocrx_word' id='word_1_746' title='bbox 2915 3808 3029 3851; x_wconf 90' lang='lat' dir='ltr'><strong>sunt</strong></span> <span class='ocrx_word' id='word_1_747' title='bbox 3042 3798 3145 3850; x_wconf 66' lang='lat' dir='ltr'><strong>illa</strong></span> <span class='ocrx_word' id='word_1_748' title='bbox 3165 3808 3355 3864; x_wconf 86' lang='lat' dir='ltr'><strong>nostra,</strong></span> <span class='ocrx_word' id='word_1_749' title='bbox 3375 3799 3462 3852; x_wconf 86' lang='lat' dir='ltr'><strong>sed</strong></span> <span class='ocrx_word' id='word_1_750' title='bbox 3481 3814 3786 3868; x_wconf 78' lang='lat' dir='ltr'><strong>pauperum,</strong></span> 
     </span>
    </p>
   </div>
   <div class='ocr_carea' id='block_1_101' title="bbox 2201 3888 3791 3959">
    <p class='ocr_par' dir='ltr' id='par_1_101' title="bbox 2201 3888 3791 3959">
     <span class='ocr_line' id='line_1_101' title="bbox 2201 3888 3791 3959; baseline 0.004 -21"><span class='ocrx_word' id='word_1_751' title='bbox 2201 3904 2412 3958; x_wconf 82' lang='lat' dir='ltr'><strong>quorum</strong></span> <span class='ocrx_word' id='word_1_752' title='bbox 2442 3890 2843 3958; x_wconf 88' lang='lat' dir='ltr'><strong>procurationem</strong></span> <span class='ocrx_word' id='word_1_753' title='bbox 2862 3889 3084 3959; x_wconf 87' lang='lat' dir='ltr'><strong>quodam</strong></span> <span class='ocrx_word' id='word_1_754' title='bbox 3104 3888 3252 3942; x_wconf 88' lang='lat' dir='ltr'><strong>modo</strong></span> <span class='ocrx_word' id='word_1_755' title='bbox 3273 3891 3509 3958; x_wconf 88' lang='lat' dir='ltr'><strong>gerimus.</strong></span> <span class='ocrx_word' id='word_1_756' title='bbox 3541 3905 3640 3942; x_wconf 84' lang='lat' dir='ltr'><strong>non</strong></span> <span class='ocrx_word' id='word_1_757' title='bbox 3665 3906 3791 3959; x_wconf 86' lang='lat' dir='ltr'><strong>pra-</strong></span> 
     </span>
    </p>
   </div>
   <div class='ocr_carea' id='block_1_102' title="bbox 2202 3977 3789 4052">
    <p class='ocr_par' dir='ltr' id='par_1_102' title="bbox 2202 3977 3789 4052">
     <span class='ocr_line' id='line_1_102' title="bbox 2202 3977 3789 4052; baseline 0.003 -23"><span class='ocrx_word' id='word_1_758' title='bbox 2202 3979 2458 4047; x_wconf 73' lang='lat' dir='ltr'><strong>prietattm</strong></span> <span class='ocrx_word' id='word_1_759' title='bbox 2475 3978 2614 4031; x_wconf 87' lang='lat' dir='ltr'><strong>nobis</strong></span> <span class='ocrx_word' id='word_1_760' title='bbox 2631 3979 2956 4048; x_wconf 87' lang='lat' dir='ltr'><strong>usurpatione</strong></span> <span class='ocrx_word' id='word_1_761' title='bbox 2972 3977 3248 4030; x_wconf 85' lang='lat' dir='ltr'><strong>damnabili</strong></span> <span class='ocrx_word' id='word_1_762' title='bbox 3267 3979 3575 4052; x_wconf 84' lang='lat' dir='ltr'><strong>vindicamus</strong></span> <span class='ocrx_word' id='word_1_763' title='bbox 3587 3977 3605 4048; x_wconf 96' lang='lat'><strong>(</strong></span> <span class='ocrx_word' id='word_1_764' title='bbox 3617 3978 3789 4048; x_wconf 78' lang='lat' dir='ltr'><strong>Epist.</strong></span> 
     </span>
    </p>
   </div>
   <div class='ocr_carea' id='block_1_103' title="bbox 2206 4067 3791 4140">
    <p class='ocr_par' dir='ltr' id='par_1_103' title="bbox 2206 4067 3791 4140">
     <span class='ocr_line' id='line_1_103' title="bbox 2206 4067 3791 4140; baseline 0.003 -19"><span class='ocrx_word' id='word_1_765' title='bbox 2206 4067 2336 4132; x_wconf 75' lang='lat'><strong>185,</strong></span> <span class='ocrx_word' id='word_1_766' title='bbox 2368 4085 2420 4121; x_wconf 85' lang='grc' dir='ltr'><strong>.</strong></span> <span class='ocrx_word' id='word_1_767' title='bbox 2459 4069 2582 4135; x_wconf 80' lang='lat'><strong>55).</strong></span> <span class='ocrx_word' id='word_1_768' title='bbox 2622 4070 2769 4125; x_wconf 87' lang='lat' dir='ltr'><strong>Alias</strong></span> <span class='ocrx_word' id='word_1_769' title='bbox 2808 4084 2866 4123; x_wconf 90' lang='lat' dir='ltr'><strong>se</strong></span> <span class='ocrx_word' id='word_1_770' title='bbox 2906 4068 3019 4138; x_wconf 90' lang='lat' dir='ltr'><strong>ipse</strong></span> <span class='ocrx_word' id='word_1_771' title='bbox 3057 4068 3194 4138; x_wconf 90' lang='lat' dir='ltr'><strong>apud</strong></span> <span class='ocrx_word' id='word_1_772' title='bbox 3225 4069 3476 4140; x_wconf 85' lang='lat' dir='ltr'><strong>populum</strong></span> <span class='ocrx_word' id='word_1_773' title='bbox 3505 4084 3648 4124; x_wconf 53' lang='lat' dir='ltr'><strong>cura}</strong></span> <span class='ocrx_word' id='word_1_774' title='bbox 3672 4086 3791 4125; x_wconf 68' lang='lat' dir='ltr'><strong>sua:</strong></span> 
     </span>
    </p>
   </div>
   <div class='ocr_carea' id='block_1_104' title="bbox 2200 4158 3795 4231">
    <p class='ocr_par' dir='ltr' id='par_1_104' title="bbox 2200 4158 3795 4231">
     <span class='ocr_line' id='line_1_104' title="bbox 2200 4158 3795 4231; baseline 0.001 -17"><span class='ocrx_word' id='word_1_775' title='bbox 2200 4159 2456 4214; x_wconf 91' lang='lat' dir='ltr'><strong>creditum</strong></span> <span class='ocrx_word' id='word_1_776' title='bbox 2494 4175 2754 4230; x_wconf 80' lang='lat' dir='ltr'><strong>purgans,</strong></span> <span class='ocrx_word' id='word_1_777' title='bbox 2789 4158 3002 4225; x_wconf 79' lang='lat' dir='ltr'><strong>Nostis,</strong></span> <span class='ocrx_word' id='word_1_778' title='bbox 3035 4161 3218 4228; x_wconf 73' lang='lat' dir='ltr'><strong>fratres</strong></span> <span class='ocrx_word' id='word_1_779' title='bbox 3261 4161 3392 4227; x_wconf 90' lang='lat' dir='ltr'><strong>mei,</strong></span> <span class='ocrx_word' id='word_1_780' title='bbox 3431 4160 3628 4230; x_wconf 88' lang='lat' dir='ltr'><strong>inquit,</strong></span> <span class='ocrx_word' id='word_1_781' title='bbox 3663 4162 3795 4231; x_wconf 80' lang='lat' dir='ltr'><strong>quia.</strong></span> 
     </span>
    </p>
   </div>
   <div class='ocr_carea' id='block_1_105' title="bbox 2203 4251 3790 4321">
    <p class='ocr_par' dir='ltr' id='par_1_105' title="bbox 2203 4251 3790 4321">
     <span class='ocr_line' id='line_1_105' title="bbox 2203 4251 3790 4321; baseline -0.002 -16"><span class='ocrx_word' id='word_1_782' title='bbox 2203 4252 2335 4305; x_wconf 76' lang='lat' dir='ltr'><strong>villa:</strong></span> <span class='ocrx_word' id='word_1_783' title='bbox 2361 4252 2472 4304; x_wconf 74' lang='lat' dir='ltr'><strong>ista:</strong></span> <span class='ocrx_word' id='word_1_784' title='bbox 2503 4268 2602 4304; x_wconf 90' lang='lat' dir='ltr'><strong>non</strong></span> <span class='ocrx_word' id='word_1_785' title='bbox 2633 4261 2749 4304; x_wconf 87' lang='lat' dir='ltr'><strong>sunt</strong></span> <span class='ocrx_word' id='word_1_786' title='bbox 2778 4251 3045 4321; x_wconf 84' lang='lat' dir='ltr'><strong>Augustini</strong></span> <span class='ocrx_word' id='word_1_787' title='bbox 3070 4267 3088 4304; x_wconf 91' lang='lat'><strong><em>:</em></strong></span> <span class='ocrx_word' id='word_1_788' title='bbox 3109 4261 3155 4304; x_wconf 87' lang='lat' dir='ltr'><strong>et</strong></span> <span class='ocrx_word' id='word_1_789' title='bbox 3185 4252 3226 4303; x_wconf 89' lang='lat' dir='ltr'><strong>si</strong></span> <span class='ocrx_word' id='word_1_790' title='bbox 3252 4268 3350 4304; x_wconf 88' lang='lat' dir='ltr'><strong>non</strong></span> <span class='ocrx_word' id='word_1_791' title='bbox 3377 4252 3562 4316; x_wconf 88' lang='lat' dir='ltr'><strong>nostis,</strong></span> <span class='ocrx_word' id='word_1_792' title='bbox 3600 4260 3647 4304; x_wconf 87' lang='lat' dir='ltr'><strong>et</strong></span> <span class='ocrx_word' id='word_1_793' title='bbox 3684 4267 3790 4320; x_wconf 66' lang='grc' dir='ltr'><strong></strong></span> 
     </span>
    </p>
   </div>
   <div class='ocr_carea' id='block_1_106' title="bbox 2201 4339 3792 4411">
    <p class='ocr_par' dir='ltr' id='par_1_106' title="bbox 2201 4339 3792 4411">
     <span class='ocr_line' id='line_1_106' title="bbox 2201 4339 3792 4411; baseline -0.003 -16"><span class='ocrx_word' id='word_1_794' title='bbox 2201 4343 2317 4396; x_wconf 85' lang='lat' dir='ltr'><strong>tatis</strong></span> <span class='ocrx_word' id='word_1_795' title='bbox 2362 4358 2440 4394; x_wconf 91' lang='lat' dir='ltr'><strong>me</strong></span> <span class='ocrx_word' id='word_1_796' title='bbox 2482 4343 2700 4411; x_wconf 85' lang='lat' dir='ltr'><strong>gaudere</strong></span> <span class='ocrx_word' id='word_1_797' title='bbox 2736 4342 2788 4393; x_wconf 88' lang='lat' dir='ltr'><strong>in</strong></span> <span class='ocrx_word' id='word_1_798' title='bbox 2818 4341 3128 4410; x_wconf 81' lang='lat' dir='ltr'><strong>possessione</strong></span> <span class='ocrx_word' id='word_1_799' title='bbox 3157 4340 3424 4404; x_wconf 86' lang='lat' dir='ltr'><strong>villarum;</strong></span> <span class='ocrx_word' id='word_1_800' title='bbox 3455 4339 3588 4393; x_wconf 88' lang='lat' dir='ltr'><strong>Deus</strong></span> <span class='ocrx_word' id='word_1_801' title='bbox 3617 4340 3792 4407; x_wconf 52' lang='lat' dir='ltr'><strong>novit,</strong></span> 
     </span>
    </p>
   </div>
   <div class='ocr_carea' id='block_1_107' title="bbox 2199 4431 3790 4503">
    <p class='ocr_par' dir='ltr' id='par_1_107' title="bbox 2199 4431 3790 4503">
     <span class='ocr_line' id='line_1_107' title="bbox 2199 4431 3790 4503; baseline -0.002 -19"><span class='ocrx_word' id='word_1_802' title='bbox 2199 4433 2304 4502; x_wconf 86' lang='lat' dir='ltr'><strong>ipse</strong></span> <span class='ocrx_word' id='word_1_803' title='bbox 2331 4433 2421 4486; x_wconf 88' lang='lat' dir='ltr'><strong>scit</strong></span> <span class='ocrx_word' id='word_1_804' title='bbox 2449 4433 2572 4502; x_wconf 86' lang='lat' dir='ltr'><strong>quid</strong></span> <span class='ocrx_word' id='word_1_805' title='bbox 2602 4449 2690 4503; x_wconf 82' lang='lat' dir='ltr'><strong>ego</strong></span> <span class='ocrx_word' id='word_1_806' title='bbox 2721 4432 2782 4487; x_wconf 85' lang='lat' dir='ltr'><strong>de</strong></span> <span class='ocrx_word' id='word_1_807' title='bbox 2804 4433 2907 4484; x_wconf 85' lang='lat' dir='ltr'><strong>illis</strong></span> <span class='ocrx_word' id='word_1_808' title='bbox 2929 4432 3056 4486; x_wconf 87' lang='lat' dir='ltr'><strong>villis</strong></span> <span class='ocrx_word' id='word_1_809' title='bbox 3077 4432 3306 4494; x_wconf 88' lang='lat' dir='ltr'><strong>sentiam,</strong></span> <span class='ocrx_word' id='word_1_810' title='bbox 3335 4432 3412 4484; x_wconf 87' lang='lat' dir='ltr'><strong>vel</strong></span> <span class='ocrx_word' id='word_1_811' title='bbox 3436 4431 3556 4500; x_wconf 83' lang='lat' dir='ltr'><strong>quid</strong></span> <span class='ocrx_word' id='word_1_812' title='bbox 3581 4431 3649 4484; x_wconf 89' lang='lat' dir='ltr'><strong>ibi</strong></span> <span class='ocrx_word' id='word_1_813' title='bbox 3672 4434 3790 4501; x_wconf 66' lang='lat' dir='ltr'><strong>suf-</strong></span> 
     </span>
    </p>
   </div>
   <div class='ocr_carea' id='block_1_108' title="bbox 2199 4521 3789 4594">
    <p class='ocr_par' dir='ltr' id='par_1_108' title="bbox 2199 4521 3789 4594">
     <span class='ocr_line' id='line_1_108' title="bbox 2199 4521 3789 4594; baseline 0 -19"><span class='ocrx_word' id='word_1_814' title='bbox 2199 4526 2383 4594; x_wconf 76' lang='lat' dir='ltr'><strong>feram;</strong></span> <span class='ocrx_word' id='word_1_815' title='bbox 2423 4524 2554 4575; x_wconf 87' lang='lat' dir='ltr'><strong>novit</strong></span> <span class='ocrx_word' id='word_1_816' title='bbox 2579 4524 2791 4593; x_wconf 86' lang='lat' dir='ltr'><strong>gemitus</strong></span> <span class='ocrx_word' id='word_1_817' title='bbox 2819 4539 2973 4587; x_wconf 85' lang='lat' dir='ltr'><strong>meos,</strong></span> <span class='ocrx_word' id='word_1_818' title='bbox 3006 4522 3048 4574; x_wconf 84' lang='lat' dir='ltr'><strong>si</strong></span> <span class='ocrx_word' id='word_1_819' title='bbox 3080 4522 3204 4576; x_wconf 87' lang='lat' dir='ltr'><strong>mihi</strong></span> <span class='ocrx_word' id='word_1_820' title='bbox 3231 4523 3424 4589; x_wconf 85' lang='lat' dir='ltr'><strong>aliquid</strong></span> <span class='ocrx_word' id='word_1_821' title='bbox 3463 4522 3526 4574; x_wconf 89' lang='lat' dir='ltr'><strong>de</strong></span> <span class='ocrx_word' id='word_1_822' title='bbox 3551 4521 3789 4575; x_wconf 81' lang='lat' dir='ltr'><strong>columba</strong></span> 
     </span>
    </p>
   </div>
   <div class='ocr_carea' id='block_1_109' title="bbox 2198 4607 3784 4682">
    <p class='ocr_par' dir='ltr' id='par_1_109' title="bbox 2198 4607 3784 4682">
     <span class='ocr_line' id='line_1_109' title="bbox 2198 4607 3784 4682; baseline -0.001 -17"><span class='ocrx_word' id='word_1_823' title='bbox 2198 4614 2450 4681; x_wconf 89' lang='lat' dir='ltr'><strong>impertire</strong></span> <span class='ocrx_word' id='word_1_824' title='bbox 2474 4612 2708 4682; x_wconf 88' lang='lat' dir='ltr'><strong>dignatus</strong></span> <span class='ocrx_word' id='word_1_825' title='bbox 2734 4621 2804 4664; x_wconf 85' lang='lat' dir='ltr'><strong>est</strong></span> <span class='ocrx_word' id='word_1_826' title='bbox 2829 4611 2846 4681; x_wconf 91' lang='lat'><strong>(</strong></span> <span class='ocrx_word' id='word_1_827' title='bbox 2861 4607 2929 4664; x_wconf 76' lang='lat' dir='ltr'><strong>In</strong></span> <span class='ocrx_word' id='word_1_828' title='bbox 2955 4610 3170 4664; x_wconf 81' lang='lat' dir='ltr'><strong>Joannis</strong></span> <span class='ocrx_word' id='word_1_829' title='bbox 3201 4609 3528 4682; x_wconf 86' lang='lat' dir='ltr'><strong>Evangelium</strong></span> <span class='ocrx_word' id='word_1_830' title='bbox 3555 4618 3700 4663; x_wconf 83' lang='lat' dir='ltr'><strong>tract.</strong></span> <span class='ocrx_word' id='word_1_831' title='bbox 3725 4611 3784 4675; x_wconf 77' lang='grc'><strong>6,</strong></span> 
     </span>
    </p>
   </div>
   <div class='ocr_carea' id='block_1_110' title="bbox 2199 4698 3786 4771">
    <p class='ocr_par' dir='ltr' id='par_1_110' title="bbox 2199 4698 3786 4771">
     <span class='ocr_line' id='line_1_110' title="bbox 2199 4698 3786 4771; baseline -0.001 -17"><span class='ocrx_word' id='word_1_832' title='bbox 2199 4717 2250 4754; x_wconf 92' lang='lat' dir='ltr'><strong>n.</strong></span> <span class='ocrx_word' id='word_1_833' title='bbox 2279 4701 2349 4754; x_wconf 72' lang='lat'><strong>23</strong></span> <span class='ocrx_word' id='word_1_834' title='bbox 2371 4703 2411 4771; x_wconf 89' lang='lat'><strong>).</strong></span> <span class='ocrx_word' id='word_1_835' title='bbox 2443 4702 2708 4756; x_wconf 81' lang='lat' dir='ltr'><strong>Praeterea</strong></span> <span class='ocrx_word' id='word_1_836' title='bbox 2738 4715 2805 4754; x_wconf 82' lang='lat' dir='ltr'><strong>ex</strong></span> <span class='ocrx_word' id='word_1_837' title='bbox 2837 4714 2902 4753; x_wconf 93' lang='lat' dir='ltr'><strong>eo</strong></span> <span class='ocrx_word' id='word_1_838' title='bbox 2922 4740 2936 4763; x_wconf 94' lang='lat'><strong>,</strong></span> <span class='ocrx_word' id='word_1_839' title='bbox 2969 4699 3111 4768; x_wconf 89' lang='lat' dir='ltr'><strong>quod</strong></span> <span class='ocrx_word' id='word_1_840' title='bbox 3150 4700 3435 4753; x_wconf 81' lang='lat' dir='ltr'><strong>orthodoxi</strong></span> <span class='ocrx_word' id='word_1_841' title='bbox 3465 4700 3605 4753; x_wconf 88' lang='lat' dir='ltr'><strong>circa</strong></span> <span class='ocrx_word' id='word_1_842' title='bbox 3634 4698 3786 4753; x_wconf 82' lang='lat' dir='ltr'><strong>schi-</strong></span> 
     </span>
    </p>
   </div>
   <div class='ocr_carea' id='block_1_111' title="bbox 2199 4789 3782 4857">
    <p class='ocr_par' dir='ltr' id='par_1_111' title="bbox 2199 4789 3782 4857">
     <span class='ocr_line' id='line_1_111' title="bbox 2199 4789 3782 4857; baseline -0.003 -11"><span class='ocrx_word' id='word_1_843' title='bbox 2199 4792 2544 4847; x_wconf 81' lang='lat' dir='ltr'><strong>smatiCorum</strong></span> <span class='ocrx_word' id='word_1_844' title='bbox 2589 4789 2984 4846; x_wconf 80' lang='lat' dir='ltr'><strong>revocationcm</strong></span> <span class='ocrx_word' id='word_1_845' title='bbox 3026 4805 3136 4857; x_wconf 65' lang='lat' dir='ltr'><strong>pra:</strong></span> <span class='ocrx_word' id='word_1_846' title='bbox 3173 4804 3233 4843; x_wconf 91' lang='lat' dir='ltr'><strong>se</strong></span> <span class='ocrx_word' id='word_1_847' title='bbox 3262 4789 3534 4853; x_wconf 88' lang='lat' dir='ltr'><strong>ferebant,</strong></span> <span class='ocrx_word' id='word_1_848' title='bbox 3568 4790 3782 4856; x_wconf 78' lang='lat' dir='ltr'><strong>studio,</strong></span> 
     </span>
    </p>
   </div>
   <div class='ocr_carea' id='block_1_112' title="bbox 2199 4881 3787 4952">
    <p class='ocr_par' dir='ltr' id='par_1_112' title="bbox 2199 4881 3787 4952">
     <span class='ocr_line' id='line_1_112' title="bbox 2199 4881 3787 4952; baseline -0.003 -12"><span class='ocrx_word' id='word_1_849' title='bbox 2199 4887 2320 4941; x_wconf 90' lang='lat' dir='ltr'><strong>illos</strong></span> <span class='ocrx_word' id='word_1_850' title='bbox 2350 4893 2564 4940; x_wconf 88' lang='lat' dir='ltr'><strong>sanctus</strong></span> <span class='ocrx_word' id='word_1_851' title='bbox 2589 4887 2781 4939; x_wconf 90' lang='lat' dir='ltr'><strong>Doctor</strong></span> <span class='ocrx_word' id='word_1_852' title='bbox 2807 4882 3068 4937; x_wconf 86' lang='lat' dir='ltr'><strong>charitate</strong></span> <span class='ocrx_word' id='word_1_853' title='bbox 3093 4881 3215 4936; x_wconf 91' lang='lat' dir='ltr'><strong>duci</strong></span> <span class='ocrx_word' id='word_1_854' title='bbox 3247 4883 3463 4946; x_wconf 88' lang='lat' dir='ltr'><strong>solitos,</strong></span> <span class='ocrx_word' id='word_1_855' title='bbox 3493 4899 3599 4936; x_wconf 92' lang='lat' dir='ltr'><strong>non</strong></span> <span class='ocrx_word' id='word_1_856' title='bbox 3630 4883 3787 4952; x_wconf 78' lang='lat' dir='ltr'><strong>cupi-</strong></span> 
     </span>
    </p>
   </div>
   <div class='ocr_carea' id='block_1_113' title="bbox 2197 4972 3786 5044">
    <p class='ocr_par' dir='ltr' id='par_1_113' title="bbox 2197 4972 3786 5044">
     <span class='ocr_line' id='line_1_113' title="bbox 2197 4972 3786 5044; baseline -0.004 -11"><span class='ocrx_word' id='word_1_857' title='bbox 2197 4979 2368 5033; x_wconf 88' lang='lat' dir='ltr'><strong>ditate</strong></span> <span class='ocrx_word' id='word_1_858' title='bbox 2390 5019 2402 5040; x_wconf 86' lang='lat'><strong>,</strong></span> <span class='ocrx_word' id='word_1_859' title='bbox 2429 4977 2606 5031; x_wconf 88' lang='lat' dir='ltr'><strong>docet.</strong></span> <span class='ocrx_word' id='word_1_860' title='bbox 2643 4976 2851 5030; x_wconf 87' lang='lat' dir='ltr'><strong>Etenim</strong></span> <span class='ocrx_word' id='word_1_861' title='bbox 2879 4975 2968 5028; x_wconf 92' lang='lat' dir='ltr'><strong>ubi</strong></span> <span class='ocrx_word' id='word_1_862' title='bbox 3001 4975 3232 5044; x_wconf 90' lang='lat' dir='ltr'><strong>primutn</strong></span> <span class='ocrx_word' id='word_1_863' title='bbox 3271 4975 3530 5044; x_wconf 80' lang='lat' dir='ltr'><strong>quispiam</strong></span> <span class='ocrx_word' id='word_1_864' title='bbox 3560 4990 3625 5026; x_wconf 78' lang='lat' dir='ltr'><strong>ex</strong></span> <span class='ocrx_word' id='word_1_865' title='bbox 3651 4972 3786 5026; x_wconf 81' lang='lat' dir='ltr'><strong>isto-</strong></span> 
     </span>
    </p>
   </div>
   <div class='ocr_carea' id='block_1_114' title="bbox 2199 5062 3785 5137">
    <p class='ocr_par' dir='ltr' id='par_1_114' title="bbox 2199 5062 3785 5137">
     <span class='ocr_line' id='line_1_114' title="bbox 2199 5062 3785 5137; baseline -0.003 -15"><span class='ocrx_word' id='word_1_866' title='bbox 2199 5085 2313 5123; x_wconf 92' lang='lat' dir='ltr'><strong>rum</strong></span> <span class='ocrx_word' id='word_1_867' title='bbox 2335 5068 2598 5137; x_wconf 86' lang='lat' dir='ltr'><strong>episcopis</strong></span> <span class='ocrx_word' id='word_1_868' title='bbox 2623 5066 2870 5120; x_wconf 87' lang='lat' dir='ltr'><strong>rediisset</strong></span> <span class='ocrx_word' id='word_1_869' title='bbox 2891 5064 2955 5118; x_wconf 88' lang='lat' dir='ltr'><strong>ad</strong></span> <span class='ocrx_word' id='word_1_870' title='bbox 2980 5065 3300 5131; x_wconf 80' lang='lat' dir='ltr'><strong>Eccl&#39;esiam,</strong></span> <span class='ocrx_word' id='word_1_871' title='bbox 3331 5065 3379 5119; x_wconf 91' lang='lat' dir='ltr'><strong>ei</strong></span> <span class='ocrx_word' id='word_1_872' title='bbox 3401 5064 3578 5118; x_wconf 84' lang='lat' dir='ltr'><strong>statim</strong></span> <span class='ocrx_word' id='word_1_873' title='bbox 3599 5062 3785 5117; x_wconf 78' lang='lat' dir='ltr'><strong>omnia</strong></span> 
     </span>
    </p>
   </div>
   <div class='ocr_carea' id='block_1_115' title="bbox 2198 5152 3782 5226">
    <p class='ocr_par' dir='ltr' id='par_1_115' title="bbox 2198 5152 3782 5226">
     <span class='ocr_line' id='line_1_115' title="bbox 2198 5152 3782 5226; baseline -0.004 -14"><span class='ocrx_word' id='word_1_874' title='bbox 2198 5174 2290 5212; x_wconf 91' lang='lat' dir='ltr'><strong>sua</strong></span> <span class='ocrx_word' id='word_1_875' title='bbox 2310 5199 2324 5224; x_wconf 94' lang='lat'><strong>,</strong></span> <span class='ocrx_word' id='word_1_876' title='bbox 2357 5156 2598 5226; x_wconf 72' lang='lat' dir='ltr'><strong>pecuniae</strong></span> <span class='ocrx_word' id='word_1_877' title='bbox 2618 5197 2632 5219; x_wconf 97' lang='lat'><strong>,</strong></span> <span class='ocrx_word' id='word_1_878' title='bbox 2664 5165 2840 5208; x_wconf 86' lang='lat' dir='ltr'><strong>vestes</strong></span> <span class='ocrx_word' id='word_1_879' title='bbox 2861 5196 2875 5220; x_wconf 97' lang='lat'><strong>,</strong></span> <span class='ocrx_word' id='word_1_880' title='bbox 2905 5155 3106 5209; x_wconf 85' lang='lat' dir='ltr'><strong>fructus</strong></span> <span class='ocrx_word' id='word_1_881' title='bbox 3125 5198 3140 5221; x_wconf 97' lang='lat'><strong>,</strong></span> <span class='ocrx_word' id='word_1_882' title='bbox 3174 5171 3297 5209; x_wconf 67' lang='lat' dir='ltr'><strong>vasa</strong></span> <span class='ocrx_word' id='word_1_883' title='bbox 3319 5197 3333 5220; x_wconf 95' lang='lat'><strong>,</strong></span> <span class='ocrx_word' id='word_1_884' title='bbox 3365 5153 3522 5216; x_wconf 84' lang='lat' dir='ltr'><strong>rura,</strong></span> <span class='ocrx_word' id='word_1_885' title='bbox 3557 5152 3782 5208; x_wconf 74' lang='lat' dir='ltr'><strong>tedilicia</strong></span> 
     </span>
    </p>
   </div>
   <div class='ocr_carea' id='block_1_116' title="bbox 2197 5245 3782 5320">
    <p class='ocr_par' dir='ltr' id='par_1_116' title="bbox 2197 5245 3782 5320">
     <span class='ocr_line' id='line_1_116' title="bbox 2197 5245 3782 5320; baseline -0.001 -15"><span class='ocrx_word' id='word_1_886' title='bbox 2197 5249 2615 5305; x_wconf 85' lang='lat' dir='ltr'><strong>restituebantur</strong></span> <span class='ocrx_word' id='word_1_887' title='bbox 2638 5245 2847 5320; x_wconf 87' lang='lat' dir='ltr'><strong>(Contra</strong></span> <span class='ocrx_word' id='word_1_888' title='bbox 2873 5245 3228 5310; x_wconf 79' lang='lat' dir='ltr'><strong>Gaudentium,</strong></span> <span class='ocrx_word' id='word_1_889' title='bbox 3249 5247 3336 5300; x_wconf 86' lang='lat' dir='ltr'><strong>lib.</strong></span> <span class='ocrx_word' id='word_1_890' title='bbox 3362 5247 3412 5311; x_wconf 80' lang='lat' dir='ltr'><strong>l,</strong></span> <span class='ocrx_word' id='word_1_891' title='bbox 3439 5263 3526 5299; x_wconf 88' lang='lat' dir='ltr'><strong>nn.</strong></span> <span class='ocrx_word' id='word_1_892' title='bbox 3545 5246 3634 5310; x_wconf 74' lang='lat'><strong>50,</strong></span> <span class='ocrx_word' id='word_1_893' title='bbox 3663 5245 3782 5315; x_wconf 70' lang='grc'><strong>51).</strong></span> 
     </span>
    </p>
   </div>
   <div class='ocr_carea' id='block_1_117' title="bbox 2267 5338 3782 5408">
    <p class='ocr_par' dir='ltr' id='par_1_117' title="bbox 2267 5338 3782 5408">
     <span class='ocr_line' id='line_1_117' title="bbox 2267 5338 3782 5408; baseline -0.001 -13"><span class='ocrx_word' id='word_1_894' title='bbox 2267 5343 2319 5395; x_wconf 83' lang='grc'><strong>5.</strong></span> <span class='ocrx_word' id='word_1_895' title='bbox 2349 5339 2616 5394; x_wconf 83' lang='lat' dir='ltr'><strong>Catholica</strong></span> <span class='ocrx_word' id='word_1_896' title='bbox 2648 5353 2775 5408; x_wconf 88' lang='lat' dir='ltr'><strong>ergo</strong></span> <span class='ocrx_word' id='word_1_897' title='bbox 2803 5338 3026 5391; x_wconf 88' lang='lat' dir='ltr'><strong>veritate</strong></span> <span class='ocrx_word' id='word_1_898' title='bbox 3071 5338 3382 5392; x_wconf 89' lang='lat' dir='ltr'><strong>Collationis</strong></span> <span class='ocrx_word' id='word_1_899' title='bbox 3427 5338 3679 5392; x_wconf 76' lang='lat' dir='ltr'><strong>beneficio</strong></span> <span class='ocrx_word' id='word_1_900' title='bbox 3711 5338 3782 5393; x_wconf 87' lang='lat' dir='ltr'><strong>il-</strong></span> 
     </span>
    </p>
   </div>
   <div class='ocr_carea' id='block_1_118' title="bbox 2197 5429 3780 5498">
    <p class='ocr_par' dir='ltr' id='par_1_118' title="bbox 2197 5429 3780 5498">
     <span class='ocr_line' id='line_1_118' title="bbox 2197 5429 3780 5498; baseline -0.001 -11"><span class='ocrx_word' id='word_1_901' title='bbox 2197 5434 2436 5496; x_wconf 81' lang='lat' dir='ltr'><strong>lustrata,</strong></span> <span class='ocrx_word' id='word_1_902' title='bbox 2457 5447 2665 5484; x_wconf 91' lang='lat' dir='ltr'><strong>necnon</strong></span> <span class='ocrx_word' id='word_1_903' title='bbox 2691 5429 3032 5498; x_wconf 90' lang='lat' dir='ltr'><strong>Imperatoris</strong></span> <span class='ocrx_word' id='word_1_904' title='bbox 3053 5429 3226 5484; x_wconf 88' lang='lat' dir='ltr'><strong>edicto</strong></span> <span class='ocrx_word' id='word_1_905' title='bbox 3243 5429 3571 5494; x_wconf 77' lang='lat' dir='ltr'><strong>conrmata,</strong></span> <span class='ocrx_word' id='word_1_906' title='bbox 3599 5431 3780 5498; x_wconf 88' lang='lat' dir='ltr'><strong>plures</strong></span> 
     </span>
    </p>
   </div>
   <div class='ocr_carea' id='block_1_119' title="bbox 2196 5519 3782 5592">
    <p class='ocr_par' dir='ltr' id='par_1_119' title="bbox 2196 5519 3782 5592">
     <span class='ocr_line' id='line_1_119' title="bbox 2196 5519 3782 5592; baseline -0.003 -17"><span class='ocrx_word' id='word_1_907' title='bbox 2196 5539 2352 5592; x_wconf 90' lang='lat' dir='ltr'><strong>quam</strong></span> <span class='ocrx_word' id='word_1_908' title='bbox 2379 5530 2532 5584; x_wconf 87' lang='lat' dir='ltr'><strong>antea</strong></span> <span class='ocrx_word' id='word_1_909' title='bbox 2562 5521 2957 5574; x_wconf 88' lang='lat' dir='ltr'><strong>Donatistarum</strong></span> <span class='ocrx_word' id='word_1_910' title='bbox 2980 5519 3218 5590; x_wconf 85' lang='lat' dir='ltr'><strong>episcopi</strong></span> <span class='ocrx_word' id='word_1_911' title='bbox 3238 5520 3288 5572; x_wconf 89' lang='lat' dir='ltr'><strong>in</strong></span> <span class='ocrx_word' id='word_1_912' title='bbox 3318 5519 3572 5572; x_wconf 73' lang='lat' dir='ltr'><strong>Ecclesia:</strong></span> <span class='ocrx_word' id='word_1_913' title='bbox 3596 5519 3782 5577; x_wconf 87' lang='lat' dir='ltr'><strong>sinum</strong></span> 
     </span>
    </p>
   </div>
   <div class='ocr_carea' id='block_1_120' title="bbox 2197 5609 3782 5679">
    <p class='ocr_par' dir='ltr' id='par_1_120' title="bbox 2197 5609 3782 5679">
     <span class='ocr_line' id='line_1_120' title="bbox 2197 5609 3782 5679; baseline -0.003 -12"><span class='ocrx_word' id='word_1_914' title='bbox 2197 5629 2254 5668; x_wconf 90' lang='lat' dir='ltr'><strong>se</strong></span> <span class='ocrx_word' id='word_1_915' title='bbox 2283 5628 2382 5667; x_wconf 88' lang='lat' dir='ltr'><strong>una</strong></span> <span class='ocrx_word' id='word_1_916' title='bbox 2409 5627 2528 5666; x_wconf 92' lang='lat' dir='ltr'><strong>cum</strong></span> <span class='ocrx_word' id='word_1_917' title='bbox 2558 5610 2768 5665; x_wconf 90' lang='lat' dir='ltr'><strong>clericis</strong></span> <span class='ocrx_word' id='word_1_918' title='bbox 2794 5609 2905 5664; x_wconf 90' lang='lat' dir='ltr'><strong>suis</strong></span> <span class='ocrx_word' id='word_1_919' title='bbox 2928 5624 2991 5664; x_wconf 92' lang='lat' dir='ltr'><strong>ac</strong></span> <span class='ocrx_word' id='word_1_920' title='bbox 3017 5609 3171 5679; x_wconf 87' lang='lat' dir='ltr'><strong>plebe</strong></span> <span class='ocrx_word' id='word_1_921' title='bbox 3196 5623 3453 5679; x_wconf 80' lang='lat' dir='ltr'><strong>generose</strong></span> <span class='ocrx_word' id='word_1_922' title='bbox 3477 5609 3610 5664; x_wconf 86' lang='lat' dir='ltr'><strong>adeo</strong></span> <span class='ocrx_word' id='word_1_923' title='bbox 3637 5609 3782 5669; x_wconf 82' lang='lat' dir='ltr'><strong>refe-</strong></span> 
     </span>
    </p>
   </div>
   <div class='ocr_carea' id='block_1_121' title="bbox 2197 5701 3780 5772">
    <p class='ocr_par' dir='ltr' id='par_1_121' title="bbox 2197 5701 3780 5772">
     <span class='ocr_line' id='line_1_121' title="bbox 2197 5701 3780 5772; baseline -0.003 -9"><span class='ocrx_word' id='word_1_924' title='bbox 2197 5708 2399 5772; x_wconf 86' lang='lat' dir='ltr'><strong>rebant,</strong></span> <span class='ocrx_word' id='word_1_925' title='bbox 2437 5714 2490 5759; x_wconf 91' lang='lat' dir='ltr'><strong>ut</strong></span> <span class='ocrx_word' id='word_1_926' title='bbox 2521 5703 2743 5758; x_wconf 84' lang='lat' dir='ltr'><strong>infracto</strong></span> <span class='ocrx_word' id='word_1_927' title='bbox 2770 5702 3157 5758; x_wconf 78' lang='lat' dir='ltr'><strong>animo-vexari</strong></span> <span class='ocrx_word' id='word_1_928' title='bbox 3184 5717 3276 5771; x_wconf 89' lang='lat' dir='ltr'><strong>se,</strong></span> <span class='ocrx_word' id='word_1_929' title='bbox 3307 5702 3414 5758; x_wconf 94' lang='lat' dir='ltr'><strong>imo</strong></span> <span class='ocrx_word' id='word_1_930' title='bbox 3437 5710 3492 5758; x_wconf 91' lang='lat' dir='ltr'><strong>et</strong></span> <span class='ocrx_word' id='word_1_931' title='bbox 3520 5701 3780 5761; x_wconf 73' lang='lat' dir='ltr'><strong>membris</strong></span> 
     </span>
    </p>
   </div>
  </div>
