4042 6360
255 317 369 373 4N9

252 452 323 489 ac
354 436 460 488 vita
494 435 609 504 ipsa
639 434 882 489 mulctari
926 442 1230 502 paterentur
1269 430 1335 484 ab
1366 431 1460 493 iis,
1491 430 1579 499 qui
1612 439 1841 484 mentem

252 528 317 577 in
344 539 533 579 errore
562 523 900 593 pertinaciter
922 522 1293 576 oblirmassent
1313 518 1626 589 (Possidius,
1648 520 1701 572 in
1735 518 1849 572 Vita

256 617 506 679 August.,
540 632 589 668 ε.
620 616 743 683 15).
773 613 956 682 Neque
984 613 1125 666 enim
1156 611 1430 672 omnibus,
1470 618 1529 664 ut
1569 610 1847 679 resipisce-

254 716 410 769 rent,
445 720 477 757 a
509 706 620 759 Deo
659 718 993 758 concessum.
1025 702 1275 767 Quiuimo
1305 708 1449 754 tanta
1477 700 1574 754 fuit
1600 715 1853 769 quorum-

250 797 377 851 dam
405 797 708 866 pervicacia
728 835 744 861 ,
775 803 835 849 ut
863 810 921 849 se
952 802 1209 862 negarent
1251 808 1480 862 unquam
1510 808 1537 844 a
1566 792 1852 846 schismate

246 888 625 953 abducendos,
644 888 802 942 etiam
819 887 1180 941 demonstrata
1206 884 1305 939 sibi
1326 883 1586 938 catholica
1605 883 1847 948 veritate,

244 995 314 1034 ac
332 980 743 1033 Donatistarum
761 977 1107 1048 perversitate
1123 976 1312 1046 (Epist.
1338 976 1455 1039 159,
1478 992 1529 1028 n.
1556 973 1630 1047 1).
1657 976 1851 1028 Eorum

244 1073 494 1141 episcopi
536 1070 731 1141 partim
774 1069 947 1139 fugam
990 1069 1330 1137 arripuerunt
1367 1065 1577 1135 (Contra
1605 1063 1849 1119 Gauden-

244 1164 405 1224 tium,
444 1163 535 1215 lib.
578 1163 643 1227 1,
680 1178 733 1215 η.
776 1160 908 1232 17),
944 1160 1135 1230 partim
1183 1158 1349 1212 abditi
1402 1157 1748 1219 delitueruut,
1796 1164 1852 1209 ut

243 1254 525 1307 Enieritus
553 1250 931 1316 Ciesareensis,
955 1265 1114 1320 quem
1139 1248 1400 1303 Catholici
1423 1288 1436 1312 ,
1466 1262 1586 1302 cum
1612 1246 1677 1300 ad
1707 1249 1851 1316 ipsos

244 1344 602 1414 colloquendi
628 1342 797 1413 gratia
826 1351 968 1397 esset
995 1354 1244 1410 egressus
1269 1354 1409 1393 anno
1435 1338 1847 1409 quadringente-

245 1436 393 1489 simo
438 1435 650 1490 decimo
678 1442 885 1498 octavo,
916 1433 1166 1487 dimisere
1198 1430 1402 1499 (Ibid,
1432 1448 1483 1485 η.
1515 1430 1577 1484 41
1605 1429 1643 1498 ).
1676 1428 1852 1483 Multis

241 1537 456 1595 praeter
498 1526 680 1591 illum,
713 1524 809 1579 sed
853 1540 957 1578 non
1001 1523 1131 1577 tanti
1162 1521 1395 1576 nominis
1416 1562 1429 1583 ,
1466 1522 1678 1590 impune
1703 1534 1853 1574 rece-

241 1619 416 1672 dendi
446 1620 620 1672 locum
650 1617 1009 1685 reliquerant;
1039 1614 1282 1684 quamvis
1304 1613 1651 1682 praedicarent
1678 1612 1851 1666 Dona-

241 1710 419 1773 tistae,
452 1708 686 1773 illorum,
713 1707 801 1776 qui
825 1706 878 1759 in
902 1705 1000 1759 hos
1028 1704 1357 1767 incidissent,
1383 1704 1586 1756 salvum
1607 1703 1846 1757 evasisse

240 1799 554 1853 neminem.
580 1797 949 1863 Querebantur
982 1811 1044 1851 ea
1081 1795 1362 1849 vexatione
1386 1836 1399 1857 ,
1429 1808 1530 1862 qua
1572 1793 1852 1846 immanior

250 1906 541 1960 nunquam
568 1889 877 1954 exstitisset,
907 1902 1026 1941 sese
1054 1888 1339 1955 exagitari;
1374 1900 1471 1940 nec
1490 1886 1598 1953 jam
1621 1927 1634 1950 ,
1663 1900 1768 1953 quo
1794 1900 1851 1938 se

245 1982 585 2050 reciperent,
615 1980 748 2033 ullas
769 1979 867 2033 sibi
894 1992 1173 2047 superesse
1195 1976 1424 2031 latebras
1447 1974 1493 2046 (1
1502 1974 1629 2041 bid.,
1652 1991 1707 2027 η.
1734 1971 1846 2044 47)-

245 2069 452 2123 Nihilo
476 2059 647 2123 tamen
676 2068 849 2123 secius
874 2077 928 2121 et
951 2066 1298 2121 conciliabula
1325 2066 1587 2135 cogebant
1611 2106 1626 2130 ,
1656 2074 1710 2119 et
1735 2065 1847 2133 cpi-

236 2173 459 2227 sc0pos
500 2159 550 2212 in
593 2173 778 2212 eorum
801 2197 815 2222 ,
849 2157 939 2227 qui
981 2171 1041 2211 se
1070 2156 1169 2225 ipsi
1199 2155 1629 2220 combusserant,
1676 2154 1847 2207 locum

233 2248 613 2303 sufﬁciebant.
638 2247 894 2303 Coieruut
914 2246 1127 2318 quidem
1155 2255 1279 2300 ante
1298 2261 1520 2311 annum,
1543 2253 1599 2298 ut
1621 2244 1845 2313 videtur,

230 2340 830 2410 quadringentesimum
856 2339 1165 2408 vigesimum
1187 2337 1423 2406 episcopi
1449 2351 1567 2390 cum
1588 2335 1848 2390 Petiliano

232 2431 493 2498 amplius
535 2430 741 2499 triginta
769 2442 907 2498 :qua
937 2428 991 2481 in
1020 2426 1222 2497 synodo
1251 2426 1604 2487 constituere,
1632 2425 1845 2493 episco-

234 2535 346 2588 pos
400 2535 469 2575 ac
507 2519 876 2590 presbyteros,
923 2518 1013 2587 qui
1058 2516 1374 2570 catholicam
1419 2516 1845 2569 communionem

231 2611 414 2665 inviti
446 2618 619 2666 essent
643 2609 903 2679 amplexi,
936 2608 1109 2678 culpa:
1136 2607 1279 2662 illius
1309 2607 1515 2661 veniam
1556 2606 1842 2675 impetrare

231 2716 456 2772 posse,
485 2709 639 2770 atque
666 2700 719 2753 in
746 2700 859 2753 suis
883 2698 1176 2752 honoribus
1216 2696 1417 2765 recipi,
1449 2696 1610 2749 modo
1642 2710 1738 2749 nec
1768 2695 1844 2749 rei

228 2794 458 2847 divina:
484 2791 683 2861 operati
709 2798 922 2855 essent,
951 2804 1050 2844 nec
1080 2789 1288 2858 publice
1313 2789 1473 2842 verba
1503 2787 1751 2841 fecissent
1779 2785 1844 2840 ad

231 2883 515 2955 populum
546 2881 725 2952 (lbid.,
769 2898 823 2934 η.
853 2880 921 2935 48
945 2882 985 2951 ).
1009 2880 1126 2947 Quo
1151 2894 1281 2934 sane
1305 2879 1523 2934 decreto
1547 2886 1705 2932 sectae
1734 2892 1845 2931 suae

232 2975 658 3029 fundamentum
689 2971 902 3040 ipsimet
928 2970 1270 3025 subruebant.
1305 2968 1495 3023 Verum
1519 2967 1847 3037 quantalibet

232 3067 523 3121 industria
550 3063 858 3118 revocandis
884 3062 949 3117 ad
985 3061 1322 3117 concordiam
1353 3060 1709 3115 schismaticis
1738 3060 1843 3114 Ca-

234 3157 446 3213 tholici
487 3156 823 3222 insudarent,
865 3154 1015 3209 fuere
1056 3163 1231 3208 tamen
1260 3167 1364 3206 non
1392 3153 1583 3220 pauci,
1619 3151 1708 3220 qui
1739 3166 1841 3203 non

231 3259 466 3307 tantum
495 3249 545 3302 in
572 3248 871 3303 convivium
899 3245 1083 3301 salutis
1112 3253 1327 3298 interna:
1355 3252 1410 3296 et
1438 3252 1634 3296 sanctae
1674 3242 1844 3295 unita-

232 3343 313 3397 tis
342 3339 599 3395 Ecclesia:
626 3337 830 3407 ingredi
858 3335 1193 3398 recusabant,
1218 3332 1313 3387 sed
1340 3333 1499 3387 etiam
1524 3331 1652 3386 diris
1672 3330 1844 3385 niodis

232 3434 295 3487 in
320 3430 634 3486 Catholicos
657 3428 950 3483 saeviebant
969 3425 1172 3499 (Epist.
1203 3426 1303 3481 175
1320 3466 1333 3489 ,
1358 3442 1410 3478 n.
1438 3424 1573 3494 10),
1602 3432 1762 3492 atque
1790 3422 1843 3475 in

232 3520 448 3591 primis
474 3518 527 3572 in
554 3517 834 3587 episeOpos
882 3514 1091 3586 (Epist.
1138 3515 1271 3582 185,
1316 3531 1370 3568 n.
1404 3514 1507 3584 50)
1537 3522 1593 3568 et
1621 3513 1844 3567 clericos

238 3611 476 3682 (Contra
501 3607 863 3673 Gaudentium,
893 3607 983 3660 lib.
1008 3607 1060 3672 1,
1091 3622 1144 3659 η.
1177 3607 1206 3659 7
1224 3606 1266 3677 ).
1294 3604 1460 3660 Edes
1486 3619 1649 3659 sacra:
1667 3645 1682 3669 ,
1714 3618 1844 3673 quas

236 3702 325 3756 illi
359 3698 504 3769 apud
533 3698 901 3767 Carthaginem
927 3697 1215 3761 tenebant,
1241 3711 1361 3750 cum
1392 3695 1596 3749 tradita:
1624 3693 1845 3750 fuissent

236 3788 546 3845 Catholicis
568 3827 585 3854 ,
615 3803 720 3841 non
749 3786 915 3840 multo
943 3794 1061 3856 post
1090 3785 1517 3855 conﬂagrarunt;
1547 3800 1716 3854 neque
1746 3786 1843 3838 ha-

234 3880 486 3935 bebatur
526 3878 862 3948 ambiguum,
905 3877 1033 3945 quin
1072 3891 1164 3932 eas
1206 3891 1317 3945 pra:
1360 3874 1644 3930 invidentia
1684 3874 1841 3928 iidem

238 3968 635 4025 incendissent.
671 3968 805 4023 Cum
847 3967 1005 4021 etiam
1043 3964 1539 4020 Circumcellienum
1571 3980 1759 4034 agmen
1791 3964 1844 4017 in

239 4060 545 4129 negatum,
568 4073 724 4128 quem
750 4057 895 4127 prius
921 4056 1022 4126 ipsi
1042 4056 1349 4126 episcopum
1370 4054 1737 4109 Assuritauum
1760 4054 1844 4107 in-

250 4152 563 4212 stituerant,
595 4148 687 4203 sed
713 4148 802 4217 qui
839 4157 1019 4218 postea
1048 4162 1115 4202 ex
1143 4145 1352 4200 discidii
1380 4144 1627 4199 ﬂuctibus
1657 4154 1844 4200 enata-

246 4248 365 4306 rat,
396 4238 650 4307 impetum
681 4236 947 4304 fecissent,
969 4236 1201 4307 linguam
1227 4237 1274 4290 ei
1302 4250 1363 4289 ac
1387 4251 1599 4289 manum
1623 4235 1844 4289 alteram

240 4335 619 4397 amputatum,
646 4327 837 4397 quibus
864 4336 1136 4382 truncatus
1164 4326 1337 4380 adhuc
1362 4340 1502 4380 anno
1527 4340 1685 4394 supra
1714 4340 1845 4394 qua-

241 4417 732 4488 dringentesimum
760 4417 965 4472 decimo
982 4426 1170 4470 octavo
1197 4416 1405 4470 vivebat
1431 4413 1531 4485 (De
1554 4414 1715 4469 Gestis
1733 4431 1847 4470 cum

248 4512 520 4577 Emerito,
548 4527 602 4563 η.
630 4510 719 4581 9).
747 4509 1054 4575 Phrenrtici,
1076 4511 1150 4563 ait
1173 4508 1495 4578 Augustinus
1525 4507 1579 4561 in
1603 4521 1849 4562 sermone

244 4606 325 4658 de
356 4601 618 4656 charitate
641 4609 694 4655 et
722 4599 1007 4655 concordia
1029 4599 1187 4669 paulo
1214 4609 1332 4668 post
1357 4596 1700 4653 Collationem
1722 4612 1849 4666 pro-

244 4694 528 4759 nuntiato,
542 4692 735 4747 molesti
754 4701 893 4760 sunt,
915 4693 1001 4761 qui
1020 4700 1233 4745 mentem
1257 4690 1599 4760 perdiderunt,
1618 4698 1664 4743 et
1682 4690 1850 4747 insani

243 4795 413 4855 atque
438 4784 619 4853 furiosi
643 4784 825 4837 armati
854 4792 1099 4854 vagantur
1125 4782 1220 4835 hac
1239 4792 1385 4851 atque
1411 4782 1550 4845 illac,
1576 4790 1850 4850 quwrentes

240 4892 385 4951 quos
415 4874 671 4941 occidant,
694 4890 819 4945 quos
840 4883 1105 4929 mcerent.
1132 4872 1281 4926 Nova
1300 4873 1431 4927 enim
1458 4873 1598 4927 nobis
1622 4874 1850 4927 nuntiata

242 4974 379 5021 sunt
407 4980 429 5019 :
460 4964 659 5018 cuidam
697 4964 988 5035 presbytero
1029 4973 1200 5017 nostro
1245 4964 1471 5033 linguam
1505 4973 1846 5019 exsecuerunt.

243 5056 363 5111 Isti
388 5054 663 5124 phrenetici
693 5062 851 5107 sunt:
875 5054 1155 5107 exercenda
1188 5060 1260 5106 est
1297 5053 1548 5120 charitas;
1573 5054 1778 5107 amandi
1803 5062 1852 5108 et

243 5144 361 5215 ipsi
382 5145 403 5213 (
422 5143 592 5198 sirm.
622 5143 749 5209 359,
772 5161 828 5200 η.
850 5142 927 5215 8).

332 5235 391 5287 4.
424 5232 625 5288 Eadem
670 5233 763 5288 illa
809 5240 1126 5302 tempestate
1168 5233 1299 5288 nihil
1340 5235 1605 5291 celebrius
1648 5234 1747 5290 fuit
1787 5251 1849 5292 ea

241 5324 500 5391 diritate,
523 5339 680 5394 quam
698 5325 750 5378 in
768 5324 1089 5380 Restitutum
1104 5334 1261 5394 atque
1278 5325 1633 5382 Innocentium
1655 5327 1852 5397 llippo-

243 5416 547 5487 Begiensis
570 5416 823 5471 Ecclesiae
835 5417 1172 5488 presbyteros
1192 5417 1481 5472 catholicos
1500 5427 1853 5473 exercuerunt

243 5506 462 5582 (Epist.
478 5506 601 5572 155,
622 5524 674 5563 n.
697 5505 771 5578 1).
794 5507 1111 5562 Mentionem
1127 5506 1235 5576 jam
1254 5506 1473 5560 fecimus
1494 5508 1848 5573 vexationem,

244 5612 397 5669 quas
443 5596 737 5653 Restitutus
760 5597 1078 5653 Victoriante
1104 5598 1159 5652 in
1204 5597 1653 5668 llippo-Regiensi
1685 5605 1852 5653 tractu

242 5688 549 5765 presbyter
583 5691 651 5747 ab
676 5691 784 5748 illis
821 5690 1017 5749 idcirco
1059 5692 1384 5764 pertulerat,
1427 5692 1546 5763 quia
1576 5692 1851 5748 veritatem

1566 314 1764 367 LIBER
1803 315 2155 372 SEI’TiMUS.

3427 325 3532 384 450

1957 430 2208 485 divinitus
2256 429 2356 485 sibi
2406 430 2817 488 demonstratam
2868 444 3180 502 secuturus,
3231 437 3298 493 ab
3346 455 3530 496 eorum

1956 522 2185 577 factione
2211 522 2489 579 defecisset
2513 524 2728 595 (Supra,
2753 526 2840 580 lib.
2870 528 2921 590 5,
2944 514 3057 598 cap.
3082 529 3165 595 10,
3194 547 3245 583 η.
3275 531 3351 602 5).
3385 533 3533 588 Veri-

1964 611 2136 665 simile
2163 620 2336 666 autetn
2361 612 2539 680 fuerit,
2572 616 2815 670 eumdem
2850 617 2996 671 illum
3023 635 3162 683 esse,
3194 622 3281 691 qui
3311 639 3402 691 per
3432 623 3534 679 hoc

1961 708 2169 771 tempus
2203 703 2358 756 vitam
2386 720 2536 758 suam
2568 706 2768 761 honore
2789 708 3027 780 martyrii
3051 712 3338 765 coronavit.
3383 713 3535 769 llunc

1924 800 1935 811 '
1958 794 2097 846 enim
2120 810 2238 848 cum
2260 794 2725 852 Circumcelliones
2745 813 2806 852 ac
2823 800 3104 854 Donatistrc
3129 802 3419 875 presbyteri
3441 819 3536 873 per

1959 882 2176 938 insidias
2205 885 2627 954 intercepissent,
2650 904 2752 941 non
2782 890 2950 943 solum
2974 892 3112 945 illius
3134 895 3313 958 verba,
3341 896 3534 965 quibus

1957 990 2051 1028 eos
2071 976 2136 1029 ad
2160 977 2574 1046 resipiscendum
2594 978 2918 1045 hortabatur,
2932 998 3036 1035 non
3050 983 3332 1048 admisere,
3348 1002 3531 1040 verum

1957 1064 2117 1118 etiam
2161 1066 2366 1134 gladios
2410 1068 2460 1121 in
2496 1068 2611 1138 ejus
2648 1069 2919 1139 adigentes
2958 1072 3234 1141 jugulum,
3281 1075 3439 1129 vitam
3483 1077 3533 1131 ci

1956 1165 2174 1210 cruenta
2205 1172 2333 1210 nece
2353 1158 2656 1227 eripuerunt
2685 1159 2873 1230 (Epist.
2904 1162 3006 1215 154
3025 1204 3039 1222 .
3068 1180 3155 1215 un.
3183 1162 3219 1216 9..
3240 1204 3255 1228 ,
3286 1164 3361 1231 41).
3405 1164 3533 1219 Erat

1957 1260 2166 1314 quoque
2191 1247 2400 1300 ardoris
2424 1248 2659 1316 ejusdem
2689 1265 2810 1304 reus
2841 1251 3177 1306 Innocentius
3204 1255 3484 1325 presbyter
3511 1271 3526 1309 :

1957 1337 2302 1403 quamobrem
2334 1347 2384 1390 et
2412 1337 2557 1391 illum
2585 1339 2820 1406 ejusdem
2848 1356 3057 1395 corona:
3085 1341 3390 1413 participem
3420 1344 3531 1399 ﬁeri

1957 1424 2255 1480 voluerunt.
2286 1427 2490 1496 Quippe
2514 1428 2593 1481 vel
2616 1429 2771 1482 iidem
2798 1429 3283 1496 Circumcelliones,
3313 1433 3394 1487 vel
3415 1434 3524 1500 alii,

1955 1530 2075 1569 eum
2097 1515 2255 1569 domo
2279 1532 2375 1586 per
2390 1518 2494 1570 vim
2512 1528 2823 1584 extractum,
2842 1522 3115 1574 oculorum
3129 1522 3322 1577 cll‘osso
3340 1524 3526 1589 altero,

1956 1604 2227 1675 digitoque
2253 1622 2355 1660 uno
2386 1607 2574 1677 lapidis
2598 1649 2612 1673 ,
2660 1618 2715 1661 ut
2754 1610 3074 1679 Augustinus
3104 1611 3297 1679 habet,
3339 1613 3532 1668 ictibus

1958 1699 2179 1763 prmciso
2203 1736 2216 1760 ,
2264 1696 2401 1751 fmde
2433 1707 2737 1753 truncarunt
2762 1698 2943 1771 (Ibid.,
2975 1718 3027 1753 η.
3059 1701 3137 1771 2).
3186 1703 3327 1758 inter
3367 1703 3531 1760 hosce

1953 1796 2280 1855 grassatores
2299 1803 2362 1843 ac
2390 1790 2609 1845 sicarios
2638 1791 2833 1859 primas
2853 1792 3121 1846 obtinebat
3151 1796 3382 1848 Donatus
3407 1795 3527 1863 qui-

1953 1880 2074 1934 dam
2102 1882 2225 1935 olim
2257 1882 2507 1938 Ecclesia:
2535 1885 2752 1937 colonus
2776 1924 2791 1949 ,
2832 1884 2919 1952 qui
2963 1900 3082 1938 cum
3123 1884 3310 1939 iterato
3346 1886 3527 1955 Bapti-

1953 1982 2122 2027 smate
2146 1974 2407 2043 inquinari
2432 1990 2510 2041 se,
2539 1987 2698 2045 atque
2725 1977 2883 2030 etiam
2911 1976 2962 2029 in
2990 1976 3267 2030 diaconum
3296 1992 3326 2030 a
3357 1978 3527 2031 Dona-

1954 2061 2091 2116 tistis
2120 2063 2357 2132 adoptari
2389 2080 2572 2134 passus
2592 2074 2769 2131 esset,
2813 2065 2866 2119 in
2892 2066 3257 2122 audacissimis
3284 2067 3529 2137 perditis-

1952 2153 2206 2223 simisque
2229 2154 2350 2222 jure
2375 2156 2563 2209 merito
2593 2155 2884 2210 habebatur
2912 2155 3104 2227 (Epist.
3139 2157 3261 2222 1'59,
3291 2174 3343 2210 η.
3369 2156 3447 2227 2).

2025 2244 2079 2299 5.
2126 2244 2563 2300 Crtidclissimum
2615 2246 2741 2299 illud
2788 2245 2994 2299 facinus
3039 2248 3220 2314 procul
3270 2246 3433 2301 dubio
3473 2246 3528 2301 in

1952 2334 2205 2389 Ecclesia:
2222 2336 2497 2390 utilitatem
2515 2336 2703 2391 cedere
2714 2344 2936 2404 poterat.
2953 2336 3160 2390 Etenim
3179 2345 3527 2405 praeterquam

1954 2425 2097 2494 quod
2124 2428 2301 2495 passio
2345 2442 2619 2480 servorum
2651 2426 2743 2480 Dei
2769 2425 3142 2480 confirmandis
3179 2426 3230 2479 in
3277 2425 3528 2495 patientia

1954 2516 2301 2571 debilioribus
2326 2518 2577 2586 exemplo
2620 2525 2734 2571 erat
2774 2530 3029 2587 perquam
3058 2515 3282 2581 idoneo,
3328 2524 3380 2569 et
3404 2516 3527 2569 uni-

1948 2621 2121 2661 versae
2148 2607 2403 2661 Ecclesiae
2429 2607 2569 2661 laudi
2590 2615 2745 2675 atque
2773 2606 2961 2660 honori
2975 2605 3241 2671 vertebat;
3265 2620 3366 2658 non
3383 2604 3527 2659 aliud

1948 2696 2234 2765 quidquam
2260 2696 2492 2765 reperire
2523 2696 2775 2761 licuisset,
2799 2710 2904 2764 quo
2925 2694 3146 2749 validius
3160 2696 3526 2749 obmutescere

1948 2798 2268 2857 cogerentur
2297 2788 2351 2851 ii,
2378 2787 2467 2856 qui
2500 2802 2566 2841 ne
2594 2786 2873 2840 criminum
2900 2785 3190 2840 alienorum
3213 2785 3530 2854 contagione

1948 2879 2312 2948 polluerentur
2336 2919 2349 2941 ,
2378 2878 2497 2931 ideo
2534 2877 2674 2931 nolle
2700 2872 2763 2930 se
2789 2875 2854 2930 ad
2890 2876 3176 2930 Ecclesium
3214 2875 3527 2932 catholicam

1949 2973 2146 3027 reverti
2188 2971 2580 3040 praedicabant;
2608 2978 2699 3023 aut
2724 2969 2921 3023 idcirco
2948 2969 3307 3038 gloriabantur
3331 2968 3525 3021 verita-

1950 3071 2057 3118 tem
2087 3064 2181 3117 abs
2208 3078 2265 3116 se
2291 3060 2500 3116 defendi
2525 3100 2539 3124 ,
2587 3062 2705 3129 quia
2754 3059 3170 3128 persecutionem
3200 3058 3528 3112 sustinebant

1948 3151 2140 3222 (Epist.
2176 3152 2306 3216 155,
2339 3151 2475 3213 154,
2518 3149 2664 3217 159).
2713 3147 2892 3217 Itaque
2934 3147 3276 3201 vehementer
3312 3146 3528 3217 optabat

1950 3242 2292 3309 Augustinus,
2325 3239 2542 3294 sceleris
2572 3237 2793 3306 hujusce
2819 3247 2933 3290 acta
2962 3238 3191 3306 legitima
3216 3237 3317 3291 sibi
3346 3237 3527 3292 venire

1947 3335 2001 3388 in
2030 3348 2218 3387 manus
2239 3374 2254 3397 ,
2288 3342 2345 3385 ut
2370 3331 2456 3385 illa
2490 3341 2597 3383 tum
2624 3329 2945 3399 llipponensi
2971 3328 3241 3395 Ecclesiae,
3271 3335 3381 3382 tum
3409 3329 3528 3383 aliis

1948 3423 2188 3492 ejusdem
2217 3423 2512 3477 dimceseos
2543 3418 2801 3489 frequenti
2830 3418 3023 3489 populo
3049 3418 3417 3473 recitarentur.
3435 3417 3527 3472 Ni-

1954 3515 2239 3569 hilominus
2283 3523 2458 3567 tamen
2504 3526 2675 3581 neque
2715 3509 2848 3580 ipse,
2888 3524 3060 3578 neque
3085 3509 3220 3562 alius
3246 3507 3525 3579 quisquam

1946 3609 2259 3663 clericorum
2292 3622 2508 3661 suorum
2540 3622 2633 3661 eos
2667 3605 2953 3675 postulavit
2978 3603 3280 3669 homicidii;
3319 3604 3410 3658 sed
3434 3605 3525 3673 qui

1947 3701 2129 3756 civiles
2174 3700 2546 3769 magistratus,
2588 3708 2745 3768 atque
2790 3698 2924 3752 adeo
2963 3696 3254 3767 disciplina:
3302 3696 3527 3766 publica:

1946 3804 2126 3844 curam
2156 3790 2442 3857 gerebant,
2476 3788 2510 3842 ii
2537 3803 2650 3842 rem
2688 3787 2994 3841 detulerunt
3032 3787 3098 3840 ad
3136 3786 3524 3850 Marcellinum;

1949 3879 2019 3935 ad
2045 3894 2204 3949 quem
2231 3889 2282 3933 et
2309 3877 2768 3933 Circumcelliones
2792 3876 3117 3946 clericosque
3140 3877 3525 3930 Donatistarum

1947 3970 2108 4024 caedis
2134 3969 2406 4039 utriusque
2433 3982 2573 4031 reos,
2602 3976 2656 4021 ut
2680 3966 2747 4021 de
2768 3966 2873 4021 illis
2899 3973 3180 4036 quareret,
3211 3981 3330 4020 cum
3353 3977 3528 4020 custo-

1948 4060 2033 4115 dia
2062 4061 2339 4115 miserunt.
2391 4060 2522 4129 Ejus
2550 4059 2692 4114 enim
2720 4059 3054 4129 potissimum
3079 4056 3364 4127 diligentiae
3399 4071 3529 4111 cau-

1949 4166 2127 4205 sarum
2146 4150 2625 4206 ecclesiasticarum
2641 4149 2869 4218 iujuncta
2886 4147 3057 4203 fuerat
3074 4146 3332 4217 cognitio;
3348 4145 3525 4217 idque,

1949 4250 2008 4296 ut
2030 4241 2314 4295 verisimile
2334 4248 2433 4305 est,
2458 4241 2571 4310 lege
2597 4240 2751 4296 tertio
2774 4238 3029 4294 kalendas
3050 4237 3299 4293 februarii
3326 4237 3527 4307 posita;

1950 4348 2014 4389 ea
2039 4333 2233 4402 quippe
2258 4331 2595 4385 Exsecuteris
2636 4339 2821 4384 contra
2866 4329 3163 4383 Donatistas
3204 4326 3527 4382 mentionem

1953 4423 2108 4485 facit;
2138 4439 2244 4493 quo
2269 4423 2427 4477 etiam
2459 4422 2609 4476 titulo
2637 4420 2888 4475 Dulcitius
2928 4420 3171 4474 tribunus
3205 4420 3449 4475 similiter
3466 4433 3530 4475 ac

1951 4515 2188 4568 notarius
2214 4522 2395 4583 postea
2415 4512 2638 4566 donatus
2662 4509 2758 4565 fuit
2784 4508 2986 4582 (Codice
3013 4509 3228 4577 Tlieod.,
3258 4510 3320 4563 de
3345 4508 3530 4564 Hiere-

1952 4604 2083 4670 tieis,
2114 4604 2221 4673 lege
2245 4603 2359 4672 52).
2404 4602 2715 4671 Quanquam
2740 4609 2891 4656 atrox
2917 4608 3061 4667 erat,
3095 4600 3162 4656 de
3186 4616 3290 4671 quo
3318 4615 3542 4671 quare--

1952 4696 2145 4760 batur,
2194 4695 2403 4759 scelus;
2455 4692 2791 4748 Marcellinus
2839 4701 3015 4748 tamen
3058 4707 3165 4746 non
3211 4691 3530 4746 extendente

1953 4786 2198 4857 equuleo,
2229 4799 2336 4839 non
2360 4784 2685 4840 sulcantibus
2703 4784 2934 4854 ungulis,
2959 4799 3063 4837 non
3088 4783 3359 4838 urentibus
3379 4781 3531 4836 llam-

1955 4876 2076 4941 mis,
2103 4876 2196 4931 sed
2216 4875 2345 4930 solis
2367 4877 2635 4946 virgarum
2656 4874 2965 4930 verberibus
2984 4873 3371 4929 confessionem
3389 4871 3531 4926 illius

1954 4981 1984 5019 a
2014 4966 2119 5021 reis
2138 4976 2294 5035 atque
2309 4966 2536 5021 consciis
2557 4965 2820 5035 expressit
2852 4982 2864 5014 :
2888 4965 2974 5035 qui
2994 4963 3169 5017 modus
3195 4961 3529 5027 coercitiouis,

1955 5056 2126 5125 inquit
2148 5056 2472 5125 Augustinus
2495 5096 2510 5123 ,
2550 5065 2596 5110 et
2619 5073 2651 5108 a
2673 5056 2922 5126 magistris
2946 5056 3131 5107 artium
3156 5051 3454 5117 liberalium,
3481 5060 3530 5106 et

1954 5147 2017 5200 ab
2045 5148 2170 5217 ipsis
2198 5149 2485 5217 parentibus
2507 5189 2521 5213 ,
2566 5158 2613 5201 et
2638 5164 2770 5216 stupe
2804 5148 2955 5201 etiam
2994 5147 3045 5199 in
3072 5145 3282 5214 judiciis
3316 5144 3441 5197 solet
3463 5143 3528 5197 ab

1955 5238 2202 5308 episcopis
2224 5238 2448 5291 adhiberi
2481 5236 2667 5309 (Epist.
2701 5238 2832 5302 155,
2864 5253 2917 5289 n.
2947 5236 3023 5305 2).
3052 5235 3381 5303 Quapropter
3405 5248 3526 5287 eum

1957 5329 2048 5383 Vir
2072 5340 2285 5384 sanctus
2312 5330 2522 5394 laudat,
2561 5330 2701 5399 quod
2740 5331 2791 5384 in
2834 5333 2934 5383 hoc
2962 5329 3161 5383 crimen
3202 5329 3364 5381 multa
3405 5341 3526 5383 cum

1957 5420 2207 5488 leuitate,
2259 5431 2421 5491 atque
2477 5422 2610 5476 adeo
2677 5422 2840 5490 patris
2908 5421 3082 5491 potius
3138 5418 3523 5486 sollicitudine,

1956 5527 2113 5581 quam
2150 5511 2344 5580 jndicis
2396 5514 2678 5567 severitate
2722 5529 2867 5577 usus,
2899 5513 3227 5583 quaesivisset
3252 5511 3437 5579 (Ibid,
3478 5520 3527 5565 et

1956 5602 2123 5673 Epist.
2159 5604 2278 5669 15$,
2306 5622 2359 5658 n.
2387 5605 2466 5673 2).
2507 5605 2622 5660 Jam
2650 5616 2852 5661 restare
2874 5608 2924 5661 id
2949 5623 3111 5661 unum
3139 5605 3429 5670 videbatur,
3469 5612 3526 5658 ut

1959 5695 2011 5752 iu
2030 5709 2149 5750 reos
2165 5710 2259 5765 pro
2283 5695 2400 5750 t'acti
2430 5700 2722 5764 atrocitate,
2752 5698 3000 5753 nimirum
3022 5696 3227 5769 capitali
3248 5698 3522 5765 supptt’clo,
