  <div class='ocr_page' id='page_1' title='image "/cluster/home/n/w/nwhite01/storage/ocr_20150623/32/hvd.32044015706328/241.png"; bbox 0 0 4042 6360; ppageno 0'>
   <div class='ocr_carea' id='block_1_1' title="bbox 529 299 625 355">
    <p class='ocr_par' dir='ltr' id='par_1_1' title="bbox 529 299 625 355">
     <span class='ocr_line' id='line_1_1' title="bbox 529 299 625 355; baseline -0.021 0"><span class='ocrx_word' id='word_1_1' title='bbox 529 299 625 355; x_wconf 71' lang='grc' dir='ltr'><strong>ιδι</strong></span> 
     </span>
    </p>
   </div>
   <div class='ocr_carea' id='block_1_2' title="bbox 528 405 2094 478">
    <p class='ocr_par' dir='ltr' id='par_1_2' title="bbox 528 405 2094 478">
     <span class='ocr_line' id='line_1_2' title="bbox 528 405 2094 478; baseline -0.006 -9"><span class='ocrx_word' id='word_1_2' title='bbox 528 412 1051 469; x_wconf 71' lang='lat' dir='ltr'><strong>animadverteretur.</strong></span> <span class='ocrx_word' id='word_1_3' title='bbox 1104 411 1179 464; x_wconf 86' lang='lat' dir='ltr'><strong>Ac</strong></span> <span class='ocrx_word' id='word_1_4' title='bbox 1221 416 1419 478; x_wconf 75' lang='lat' dir='ltr'><strong>poterat</strong></span> <span class='ocrx_word' id='word_1_5' title='bbox 1461 407 1671 476; x_wconf 88' lang='lat' dir='ltr'><strong>quidem</strong></span> <span class='ocrx_word' id='word_1_6' title='bbox 1717 406 1947 459; x_wconf 72' lang='lat' dir='ltr'><strong>Ecclesia</strong></span> <span class='ocrx_word' id='word_1_7' title='bbox 1980 405 2094 459; x_wconf 86' lang='lat' dir='ltr'><strong>sine</strong></span> 
     </span>
    </p>
   </div>
   <div class='ocr_carea' id='block_1_3' title="bbox 530 497 2090 570">
    <p class='ocr_par' dir='ltr' id='par_1_3' title="bbox 530 497 2090 570">
     <span class='ocr_line' id='line_1_3' title="bbox 530 497 2090 570; baseline -0.008 -10"><span class='ocrx_word' id='word_1_8' title='bbox 530 508 633 560; x_wconf 89' lang='lat' dir='ltr'><strong>ulla</strong></span> <span class='ocrx_word' id='word_1_9' title='bbox 664 504 1039 559; x_wconf 90' lang='lat' dir='ltr'><strong>intercessione</strong></span> <span class='ocrx_word' id='word_1_10' title='bbox 1066 517 1177 555; x_wconf 90' lang='lat' dir='ltr'><strong>rem</strong></span> <span class='ocrx_word' id='word_1_11' title='bbox 1206 502 1506 570; x_wconf 72' lang='lat' dir='ltr'><strong>permittere</strong></span> <span class='ocrx_word' id='word_1_12' title='bbox 1551 514 1758 551; x_wconf 88' lang='lat' dir='ltr'><strong>omnem</strong></span> <span class='ocrx_word' id='word_1_13' title='bbox 1799 497 2090 565; x_wconf 89' lang='lat' dir='ltr'><strong>judicibus;</strong></span> 
     </span>
    </p>
   </div>
   <div class='ocr_carea' id='block_1_4' title="bbox 528 586 2091 667">
    <p class='ocr_par' dir='ltr' id='par_1_4' title="bbox 528 586 2091 667">
     <span class='ocr_line' id='line_1_4' title="bbox 528 586 2091 667; baseline -0.006 -18"><span class='ocrx_word' id='word_1_14' title='bbox 528 596 738 667; x_wconf 79' lang='lat' dir='ltr'><strong>quando</strong></span> <span class='ocrx_word' id='word_1_15' title='bbox 767 596 896 649; x_wconf 89' lang='lat' dir='ltr'><strong>istos</strong></span> <span class='ocrx_word' id='word_1_16' title='bbox 922 610 1025 647; x_wconf 92' lang='lat' dir='ltr'><strong>non</strong></span> <span class='ocrx_word' id='word_1_17' title='bbox 1048 592 1244 653; x_wconf 84' lang='lat' dir='ltr'><strong>clerici,</strong></span> <span class='ocrx_word' id='word_1_18' title='bbox 1268 590 1358 645; x_wconf 85' lang='lat' dir='ltr'><strong>sed</strong></span> <span class='ocrx_word' id='word_1_19' title='bbox 1390 590 1527 644; x_wconf 80' lang='lat' dir='ltr'><strong>civili</strong></span> <span class='ocrx_word' id='word_1_20' title='bbox 1552 589 1840 656; x_wconf 82' lang='lat' dir='ltr'><strong>disciplina:</strong></span> <span class='ocrx_word' id='word_1_21' title='bbox 1862 586 2091 656; x_wconf 73' lang='lat' dir='ltr'><strong>praefecti</strong></span> 
     </span>
    </p>
   </div>
   <div class='ocr_carea' id='block_1_5' title="bbox 529 678 2093 757">
    <p class='ocr_par' dir='ltr' id='par_1_5' title="bbox 529 678 2093 757">
     <span class='ocr_line' id='line_1_5' title="bbox 529 678 2093 757; baseline -0.008 -13"><span class='ocrx_word' id='word_1_22' title='bbox 529 689 595 744; x_wconf 93' lang='lat' dir='ltr'><strong>ad</strong></span> <span class='ocrx_word' id='word_1_23' title='bbox 635 688 887 757; x_wconf 89' lang='lat' dir='ltr'><strong>judicium</strong></span> <span class='ocrx_word' id='word_1_24' title='bbox 928 684 1271 739; x_wconf 77' lang='lat' dir='ltr'><strong>adduxissent</strong></span> <span class='ocrx_word' id='word_1_25' title='bbox 1301 702 1312 736; x_wconf 94' lang='lat'><strong>:</strong></span> <span class='ocrx_word' id='word_1_26' title='bbox 1342 684 1445 736; x_wconf 82' lang='lat' dir='ltr'><strong>into</strong></span> <span class='ocrx_word' id='word_1_27' title='bbox 1484 697 1586 734; x_wconf 91' lang='lat' dir='ltr'><strong>non</strong></span> <span class='ocrx_word' id='word_1_28' title='bbox 1628 680 1847 734; x_wconf 80' lang='lat' dir='ltr'><strong>deerant</strong></span> <span class='ocrx_word' id='word_1_29' title='bbox 1883 694 1946 732; x_wconf 83' lang='lat' dir='ltr'><strong>ex</strong></span> <span class='ocrx_word' id='word_1_30' title='bbox 1978 678 2093 747; x_wconf 89' lang='lat' dir='ltr'><strong>ipso</strong></span> 
     </span>
    </p>
   </div>
   <div class='ocr_carea' id='block_1_6' title="bbox 528 768 2090 843">
    <p class='ocr_par' dir='ltr' id='par_1_6' title="bbox 528 768 2090 843">
     <span class='ocr_line' id='line_1_6' title="bbox 528 768 2090 843; baseline -0.007 -13"><span class='ocrx_word' id='word_1_31' title='bbox 528 780 839 833; x_wconf 65' lang='lat' dir='ltr'><strong>clericorum</strong></span> <span class='ocrx_word' id='word_1_32' title='bbox 867 776 1050 830; x_wconf 87' lang='lat' dir='ltr'><strong>ordine</strong></span> <span class='ocrx_word' id='word_1_33' title='bbox 1071 815 1084 833; x_wconf 91' lang='lat'><strong>.</strong></span> <span class='ocrx_word' id='word_1_34' title='bbox 1134 773 1324 843; x_wconf 85' lang='lat' dir='ltr'><strong>quibus</strong></span> <span class='ocrx_word' id='word_1_35' title='bbox 1367 772 1535 839; x_wconf 90' lang='lat' dir='ltr'><strong>primo</strong></span> <span class='ocrx_word' id='word_1_36' title='bbox 1572 770 1660 822; x_wconf 92' lang='lat' dir='ltr'><strong>illo</strong></span> <span class='ocrx_word' id='word_1_37' title='bbox 1693 768 1865 823; x_wconf 89' lang='lat' dir='ltr'><strong>calore</strong></span> <span class='ocrx_word' id='word_1_38' title='bbox 1887 809 1902 833; x_wconf 95' lang='lat'><strong>,</strong></span> <span class='ocrx_word' id='word_1_39' title='bbox 1934 783 2090 836; x_wconf 82' lang='lat' dir='ltr'><strong>quem</strong></span> 
     </span>
    </p>
   </div>
   <div class='ocr_carea' id='block_1_7' title="bbox 529 856 2091 935">
    <p class='ocr_par' dir='ltr' id='par_1_7' title="bbox 529 856 2091 935">
     <span class='ocr_line' id='line_1_7' title="bbox 529 856 2091 935; baseline -0.006 -16"><span class='ocrx_word' id='word_1_40' title='bbox 529 877 671 921; x_wconf 80' lang='lat' dir='ltr'><strong>tanta</strong></span> <span class='ocrx_word' id='word_1_41' title='bbox 700 877 911 935; x_wconf 84' lang='lat' dir='ltr'><strong>tamque</strong></span> <span class='ocrx_word' id='word_1_42' title='bbox 936 863 1112 933; x_wconf 81' lang='lat' dir='ltr'><strong>gravia</strong></span> <span class='ocrx_word' id='word_1_43' title='bbox 1140 862 1366 916; x_wconf 87' lang='lat' dir='ltr'><strong>facinora</strong></span> <span class='ocrx_word' id='word_1_44' title='bbox 1392 860 1606 927; x_wconf 89' lang='lat' dir='ltr'><strong>injicere</strong></span> <span class='ocrx_word' id='word_1_45' title='bbox 1643 858 1814 911; x_wconf 91' lang='lat' dir='ltr'><strong>solcut</strong></span> <span class='ocrx_word' id='word_1_46' title='bbox 1836 898 1850 917; x_wconf 88' lang='lat'><strong>,</strong></span> <span class='ocrx_word' id='word_1_47' title='bbox 1884 856 2091 910; x_wconf 84' lang='lat' dir='ltr'><strong>inflam-</strong></span> 
     </span>
    </p>
   </div>
   <div class='ocr_carea' id='block_1_8' title="bbox 527 946 2091 1020">
    <p class='ocr_par' dir='ltr' id='par_1_8' title="bbox 527 946 2091 1020">
     <span class='ocr_line' id='line_1_8' title="bbox 527 946 2091 1020; baseline -0.006 -10"><span class='ocrx_word' id='word_1_48' title='bbox 527 958 703 1019; x_wconf 86' lang='lat' dir='ltr'><strong>matis,</strong></span> <span class='ocrx_word' id='word_1_49' title='bbox 725 972 815 1010; x_wconf 93' lang='lat' dir='ltr'><strong>eos</strong></span> <span class='ocrx_word' id='word_1_50' title='bbox 836 953 1119 1009; x_wconf 81' lang='lat' dir='ltr'><strong>levioribus</strong></span> <span class='ocrx_word' id='word_1_51' title='bbox 1136 952 1301 1020; x_wconf 74' lang='lat' dir='ltr'><strong>pomis</strong></span> <span class='ocrx_word' id='word_1_52' title='bbox 1319 965 1421 1003; x_wconf 91' lang='lat' dir='ltr'><strong>non</strong></span> <span class='ocrx_word' id='word_1_53' title='bbox 1438 949 1551 1001; x_wconf 90' lang='lat' dir='ltr'><strong>sine</strong></span> <span class='ocrx_word' id='word_1_54' title='bbox 1562 946 1785 1016; x_wconf 87' lang='lat' dir='ltr'><strong>quodam</strong></span> <span class='ocrx_word' id='word_1_55' title='bbox 1802 946 2091 1016; x_wconf 80' lang='lat' dir='ltr'><strong>disciplina:</strong></span> 
     </span>
    </p>
   </div>
   <div class='ocr_carea' id='block_1_9' title="bbox 527 1037 2089 1112">
    <p class='ocr_par' dir='ltr' id='par_1_9' title="bbox 527 1037 2089 1112">
     <span class='ocr_line' id='line_1_9' title="bbox 527 1037 2089 1112; baseline -0.006 -13"><span class='ocrx_word' id='word_1_56' title='bbox 527 1047 843 1101; x_wconf 90' lang='lat' dir='ltr'><strong>detrimento</strong></span> <span class='ocrx_word' id='word_1_57' title='bbox 861 1054 910 1099; x_wconf 88' lang='lat' dir='ltr'><strong>et</strong></span> <span class='ocrx_word' id='word_1_58' title='bbox 932 1045 1169 1112; x_wconf 83' lang='lat' dir='ltr'><strong>neglectu</strong></span> <span class='ocrx_word' id='word_1_59' title='bbox 1187 1042 1323 1095; x_wconf 87' lang='lat' dir='ltr'><strong>affici</strong></span> <span class='ocrx_word' id='word_1_60' title='bbox 1347 1055 1500 1109; x_wconf 87' lang='lat' dir='ltr'><strong>posse</strong></span> <span class='ocrx_word' id='word_1_61' title='bbox 1520 1038 1811 1092; x_wconf 75' lang='lat' dir='ltr'><strong>videbatur.</strong></span> <span class='ocrx_word' id='word_1_62' title='bbox 1830 1037 1894 1089; x_wconf 85' lang='lat' dir='ltr'><strong>At</strong></span> <span class='ocrx_word' id='word_1_63' title='bbox 1909 1046 2089 1090; x_wconf 91' lang='lat' dir='ltr'><strong>contra</strong></span> 
     </span>
    </p>
   </div>
   <div class='ocr_carea' id='block_1_10' title="bbox 526 1126 2088 1205">
    <p class='ocr_par' dir='ltr' id='par_1_10' title="bbox 526 1126 2088 1205">
     <span class='ocr_line' id='line_1_10' title="bbox 526 1126 2088 1205; baseline -0.008 -14"><span class='ocrx_word' id='word_1_64' title='bbox 526 1136 851 1205; x_wconf 79' lang='lat' dir='ltr'><strong>Augustinus</strong></span> <span class='ocrx_word' id='word_1_65' title='bbox 903 1134 1067 1202; x_wconf 85' lang='lat' dir='ltr'><strong>probe</strong></span> <span class='ocrx_word' id='word_1_66' title='bbox 1107 1129 1359 1196; x_wconf 83' lang='lat' dir='ltr'><strong>judicavit</strong></span> <span class='ocrx_word' id='word_1_67' title='bbox 1398 1128 1647 1180; x_wconf 88' lang='lat' dir='ltr'><strong>damnum</strong></span> <span class='ocrx_word' id='word_1_68' title='bbox 1691 1126 1755 1179; x_wconf 89' lang='lat' dir='ltr'><strong>ad</strong></span> <span class='ocrx_word' id='word_1_69' title='bbox 1802 1127 2088 1180; x_wconf 75' lang='lat' dir='ltr'><strong>Ecclesium</strong></span> 
     </span>
    </p>
   </div>
   <div class='ocr_carea' id='block_1_11' title="bbox 527 1217 2092 1286">
    <p class='ocr_par' dir='ltr' id='par_1_11' title="bbox 527 1217 2092 1286">
     <span class='ocr_line' id='line_1_11' title="bbox 527 1217 2092 1286; baseline -0.009 -3"><span class='ocrx_word' id='word_1_70' title='bbox 527 1229 817 1283; x_wconf 89' lang='lat' dir='ltr'><strong>rediturum</strong></span> <span class='ocrx_word' id='word_1_71' title='bbox 849 1241 949 1278; x_wconf 91' lang='lat' dir='ltr'><strong>non</strong></span> <span class='ocrx_word' id='word_1_72' title='bbox 982 1223 1253 1276; x_wconf 90' lang='lat' dir='ltr'><strong>minimum</strong></span> <span class='ocrx_word' id='word_1_73' title='bbox 1279 1262 1291 1282; x_wconf 94' lang='lat'><strong>,</strong></span> <span class='ocrx_word' id='word_1_74' title='bbox 1336 1221 1378 1272; x_wconf 90' lang='lat' dir='ltr'><strong>si</strong></span> <span class='ocrx_word' id='word_1_75' title='bbox 1419 1219 1702 1272; x_wconf 72' lang='lat' dir='ltr'><strong>Donatista:</strong></span> <span class='ocrx_word' id='word_1_76' title='bbox 1728 1217 1911 1285; x_wconf 89' lang='lat' dir='ltr'><strong>capitis</strong></span> <span class='ocrx_word' id='word_1_77' title='bbox 1942 1218 2092 1286; x_wconf 89' lang='lat' dir='ltr'><strong>puni-</strong></span> 
     </span>
    </p>
   </div>
   <div class='ocr_carea' id='block_1_12' title="bbox 527 1308 2089 1383">
    <p class='ocr_par' dir='ltr' id='par_1_12' title="bbox 527 1308 2089 1383">
     <span class='ocr_line' id='line_1_12' title="bbox 527 1308 2089 1383; baseline -0.008 -9"><span class='ocrx_word' id='word_1_78' title='bbox 527 1331 745 1383; x_wconf 87' lang='lat' dir='ltr'><strong>rentur;</strong></span> <span class='ocrx_word' id='word_1_79' title='bbox 811 1332 927 1369; x_wconf 89' lang='lat' dir='ltr'><strong>eam</strong></span> <span class='ocrx_word' id='word_1_80' title='bbox 991 1330 1117 1367; x_wconf 85' lang='lat' dir='ltr'><strong>vero</strong></span> <span class='ocrx_word' id='word_1_81' title='bbox 1174 1310 1447 1365; x_wconf 85' lang='lat' dir='ltr'><strong>emnmoda</strong></span> <span class='ocrx_word' id='word_1_82' title='bbox 1505 1318 1869 1379; x_wconf 89' lang='lat' dir='ltr'><strong>percepturam</strong></span> <span class='ocrx_word' id='word_1_83' title='bbox 1939 1308 2089 1376; x_wconf 85' lang='lat' dir='ltr'><strong>longe</strong></span> 
     </span>
    </p>
   </div>
   <div class='ocr_carea' id='block_1_13' title="bbox 529 1401 2089 1472">
    <p class='ocr_par' dir='ltr' id='par_1_13' title="bbox 529 1401 2089 1472">
     <span class='ocr_line' id='line_1_13' title="bbox 529 1401 2089 1472; baseline -0.005 -12"><span class='ocrx_word' id='word_1_84' title='bbox 529 1410 749 1461; x_wconf 84' lang='lat' dir='ltr'><strong>maxima</strong></span> <span class='ocrx_word' id='word_1_85' title='bbox 774 1448 789 1472; x_wconf 95' lang='lat'><strong>,</strong></span> <span class='ocrx_word' id='word_1_86' title='bbox 830 1406 872 1457; x_wconf 88' lang='lat' dir='ltr'><strong>si</strong></span> <span class='ocrx_word' id='word_1_87' title='bbox 902 1404 998 1457; x_wconf 88' lang='lat' dir='ltr'><strong>hac</strong></span> <span class='ocrx_word' id='word_1_88' title='bbox 1026 1410 1233 1470; x_wconf 83' lang='lat' dir='ltr'><strong>arrepta</strong></span> <span class='ocrx_word' id='word_1_89' title='bbox 1263 1401 1538 1454; x_wconf 77' lang='lat' dir='ltr'><strong>occasione</strong></span> <span class='ocrx_word' id='word_1_90' title='bbox 1560 1442 1574 1463; x_wconf 96' lang='lat'><strong>,</strong></span> <span class='ocrx_word' id='word_1_91' title='bbox 1616 1407 1805 1469; x_wconf 87' lang='lat' dir='ltr'><strong>quanta</strong></span> <span class='ocrx_word' id='word_1_92' title='bbox 1828 1413 1919 1451; x_wconf 88' lang='lat' dir='ltr'><strong>sua</strong></span> <span class='ocrx_word' id='word_1_93' title='bbox 1948 1406 2089 1452; x_wconf 85' lang='lat' dir='ltr'><strong>esset</strong></span> 
     </span>
    </p>
   </div>
   <div class='ocr_carea' id='block_1_14' title="bbox 523 1487 2084 1552">
    <p class='ocr_par' dir='ltr' id='par_1_14' title="bbox 523 1487 2084 1552">
     <span class='ocr_line' id='line_1_14' title="bbox 523 1487 2084 1552; baseline -0.005 -2"><span class='ocrx_word' id='word_1_94' title='bbox 523 1498 775 1550; x_wconf 85' lang='lat' dir='ltr'><strong>adversus</strong></span> <span class='ocrx_word' id='word_1_95' title='bbox 812 1493 1193 1547; x_wconf 82' lang='lat' dir='ltr'><strong>infensissimos</strong></span> <span class='ocrx_word' id='word_1_96' title='bbox 1233 1490 1409 1543; x_wconf 89' lang='lat' dir='ltr'><strong>hostes</strong></span> <span class='ocrx_word' id='word_1_97' title='bbox 1446 1489 1719 1543; x_wconf 85' lang='lat' dir='ltr'><strong>clementia</strong></span> <span class='ocrx_word' id='word_1_98' title='bbox 1757 1499 1811 1542; x_wconf 89' lang='lat' dir='ltr'><strong>et</strong></span> <span class='ocrx_word' id='word_1_99' title='bbox 1836 1487 2084 1552; x_wconf 82' lang='lat' dir='ltr'><strong>Charitas,</strong></span> 
     </span>
    </p>
   </div>
   <div class='ocr_carea' id='block_1_15' title="bbox 524 1578 2085 1653">
    <p class='ocr_par' dir='ltr' id='par_1_15' title="bbox 524 1578 2085 1653">
     <span class='ocr_line' id='line_1_15' title="bbox 524 1578 2085 1653; baseline -0.003 -20"><span class='ocrx_word' id='word_1_100' title='bbox 524 1586 691 1653; x_wconf 80' lang='lat' dir='ltr'><strong>palam</strong></span> <span class='ocrx_word' id='word_1_101' title='bbox 722 1584 933 1638; x_wconf 86' lang='lat' dir='ltr'><strong>faceret.</strong></span> <span class='ocrx_word' id='word_1_102' title='bbox 966 1582 1110 1635; x_wconf 90' lang='lat' dir='ltr'><strong>Alios</strong></span> <span class='ocrx_word' id='word_1_103' title='bbox 1134 1595 1340 1649; x_wconf 89' lang='lat' dir='ltr'><strong>quoque</strong></span> <span class='ocrx_word' id='word_1_104' title='bbox 1366 1580 1416 1632; x_wconf 92' lang='lat' dir='ltr'><strong>iu</strong></span> <span class='ocrx_word' id='word_1_105' title='bbox 1443 1579 1579 1631; x_wconf 86' lang='lat' dir='ltr'><strong>hanc</strong></span> <span class='ocrx_word' id='word_1_106' title='bbox 1601 1578 1909 1631; x_wconf 90' lang='lat' dir='ltr'><strong>sententiam</strong></span> <span class='ocrx_word' id='word_1_107' title='bbox 1937 1592 2085 1629; x_wconf 91' lang='lat' dir='ltr'><strong>suam</strong></span> 
     </span>
    </p>
   </div>
   <div class='ocr_carea' id='block_1_16' title="bbox 522 1666 2087 1740">
    <p class='ocr_par' dir='ltr' id='par_1_16' title="bbox 522 1666 2087 1740">
     <span class='ocr_line' id='line_1_16' title="bbox 522 1666 2087 1740; baseline -0.004 -13"><span class='ocrx_word' id='word_1_108' title='bbox 522 1674 667 1728; x_wconf 80' lang='lat' dir='ltr'><strong>brevi</strong></span> <span class='ocrx_word' id='word_1_109' title='bbox 696 1673 961 1726; x_wconf 89' lang='lat' dir='ltr'><strong>redituros</strong></span> <span class='ocrx_word' id='word_1_110' title='bbox 990 1670 1253 1740; x_wconf 87' lang='lat' dir='ltr'><strong>sperabat,</strong></span> <span class='ocrx_word' id='word_1_111' title='bbox 1284 1669 1369 1721; x_wconf 88' lang='lat' dir='ltr'><strong>ubi</strong></span> <span class='ocrx_word' id='word_1_112' title='bbox 1399 1668 1640 1721; x_wconf 90' lang='lat' dir='ltr'><strong>nimirum</strong></span> <span class='ocrx_word' id='word_1_113' title='bbox 1669 1667 1835 1722; x_wconf 90' lang='lat' dir='ltr'><strong>sedati</strong></span> <span class='ocrx_word' id='word_1_114' title='bbox 1867 1666 2087 1721; x_wconf 80' lang='lat' dir='ltr'><strong>fuissent</strong></span> 
     </span>
    </p>
   </div>
   <div class='ocr_carea' id='block_1_17' title="bbox 522 1755 2085 1831">
    <p class='ocr_par' dir='ltr' id='par_1_17' title="bbox 522 1755 2085 1831">
     <span class='ocr_line' id='line_1_17' title="bbox 522 1755 2085 1831; baseline -0.003 -17"><span class='ocrx_word' id='word_1_115' title='bbox 522 1765 675 1831; x_wconf 87' lang='lat' dir='ltr'><strong>primi</strong></span> <span class='ocrx_word' id='word_1_116' title='bbox 708 1764 780 1817; x_wconf 90' lang='lat' dir='ltr'><strong>illi</strong></span> <span class='ocrx_word' id='word_1_117' title='bbox 809 1772 982 1816; x_wconf 90' lang='lat' dir='ltr'><strong>motus</strong></span> <span class='ocrx_word' id='word_1_118' title='bbox 1004 1803 1019 1827; x_wconf 94' lang='lat'><strong>,</strong></span> <span class='ocrx_word' id='word_1_119' title='bbox 1056 1774 1187 1829; x_wconf 85' lang='lat' dir='ltr'><strong>quos</strong></span> <span class='ocrx_word' id='word_1_120' title='bbox 1217 1759 1506 1813; x_wconf 84' lang='lat' dir='ltr'><strong>recentium</strong></span> <span class='ocrx_word' id='word_1_121' title='bbox 1534 1755 1785 1810; x_wconf 90' lang='lat' dir='ltr'><strong>factorum</strong></span> <span class='ocrx_word' id='word_1_122' title='bbox 1817 1756 2006 1810; x_wconf 89' lang='lat' dir='ltr'><strong>horror</strong></span> <span class='ocrx_word' id='word_1_123' title='bbox 2033 1757 2085 1810; x_wconf 92' lang='lat' dir='ltr'><strong>in</strong></span> 
     </span>
    </p>
   </div>
   <div class='ocr_carea' id='block_1_18' title="bbox 524 1846 2084 1907">
    <p class='ocr_par' dir='ltr' id='par_1_18' title="bbox 524 1846 2084 1907">
     <span class='ocr_line' id='line_1_18' title="bbox 524 1846 2084 1907; baseline -0.006 1"><span class='ocrx_word' id='word_1_124' title='bbox 524 1870 706 1907; x_wconf 90' lang='lat' dir='ltr'><strong>eorum</strong></span> <span class='ocrx_word' id='word_1_125' title='bbox 745 1852 935 1907; x_wconf 91' lang='lat' dir='ltr'><strong>animis</strong></span> <span class='ocrx_word' id='word_1_126' title='bbox 977 1852 1249 1905; x_wconf 89' lang='lat' dir='ltr'><strong>excitarat.</strong></span> <span class='ocrx_word' id='word_1_127' title='bbox 1285 1849 1351 1902; x_wconf 89' lang='lat' dir='ltr'><strong>Et</strong></span> <span class='ocrx_word' id='word_1_128' title='bbox 1385 1863 1511 1902; x_wconf 88' lang='lat' dir='ltr'><strong>sane</strong></span> <span class='ocrx_word' id='word_1_129' title='bbox 1537 1847 1813 1900; x_wconf 91' lang='lat' dir='ltr'><strong>molestum</strong></span> <span class='ocrx_word' id='word_1_130' title='bbox 1856 1846 2084 1900; x_wconf 87' lang='lat' dir='ltr'><strong>futurutn</strong></span> 
     </span>
    </p>
   </div>
   <div class='ocr_carea' id='block_1_19' title="bbox 522 1936 2119 2011">
    <p class='ocr_par' dir='ltr' id='par_1_19' title="bbox 522 1936 2119 2011">
     <span class='ocr_line' id='line_1_19' title="bbox 522 1936 2119 2011; baseline -0.003 -17"><span class='ocrx_word' id='word_1_131' title='bbox 522 1952 637 1996; x_wconf 88' lang='lat' dir='ltr'><strong>erat</strong></span> <span class='ocrx_word' id='word_1_132' title='bbox 660 1983 674 2005; x_wconf 95' lang='lat'><strong>,</strong></span> <span class='ocrx_word' id='word_1_133' title='bbox 717 1943 760 1995; x_wconf 91' lang='lat' dir='ltr'><strong>si</strong></span> <span class='ocrx_word' id='word_1_134' title='bbox 796 1942 978 2011; x_wconf 89' lang='lat' dir='ltr'><strong>judicii</strong></span> <span class='ocrx_word' id='word_1_135' title='bbox 1021 1941 1236 2008; x_wconf 82' lang='lat' dir='ltr'><strong>hujusce</strong></span> <span class='ocrx_word' id='word_1_136' title='bbox 1261 1946 1373 1991; x_wconf 89' lang='lat' dir='ltr'><strong>acta</strong></span> <span class='ocrx_word' id='word_1_137' title='bbox 1394 1979 1409 2002; x_wconf 93' lang='lat'><strong>,</strong></span> <span class='ocrx_word' id='word_1_138' title='bbox 1456 1953 1572 2005; x_wconf 62' lang='lat' dir='ltr'><strong>quae</strong></span> <span class='ocrx_word' id='word_1_139' title='bbox 1595 1947 1651 1990; x_wconf 91' lang='lat' dir='ltr'><strong>ut</strong></span> <span class='ocrx_word' id='word_1_140' title='bbox 1684 1951 1862 1990; x_wconf 91' lang='lat' dir='ltr'><strong>coram</strong></span> <span class='ocrx_word' id='word_1_141' title='bbox 1891 1936 2087 2005; x_wconf 89' lang='lat' dir='ltr'><strong>populo</strong></span> <span class='ocrx_word' id='word_1_142' title='bbox 2116 1996 2119 1999; x_wconf 29' lang='grc' dir='ltr'><strong>η</strong></span> 
     </span>
    </p>
   </div>
   <div class='ocr_carea' id='block_1_20' title="bbox 527 2027 2084 2099">
    <p class='ocr_par' dir='ltr' id='par_1_20' title="bbox 527 2027 2084 2099">
     <span class='ocr_line' id='line_1_20' title="bbox 527 2027 2084 2099; baseline -0.002 -17"><span class='ocrx_word' id='word_1_143' title='bbox 527 2031 844 2099; x_wconf 84' lang='lat' dir='ltr'><strong>legerentur,</strong></span> <span class='ocrx_word' id='word_1_144' title='bbox 879 2030 1125 2084; x_wconf 77' lang='lat' dir='ltr'><strong>Ecclesia:</strong></span> <span class='ocrx_word' id='word_1_145' title='bbox 1149 2027 1388 2097; x_wconf 75' lang='lat' dir='ltr'><strong>exigebat</strong></span> <span class='ocrx_word' id='word_1_146' title='bbox 1413 2028 1621 2089; x_wconf 87' lang='lat' dir='ltr'><strong>utilitas,</strong></span> <span class='ocrx_word' id='word_1_147' title='bbox 1652 2042 1753 2079; x_wconf 91' lang='lat' dir='ltr'><strong>non</strong></span> <span class='ocrx_word' id='word_1_148' title='bbox 1782 2036 1996 2095; x_wconf 90' lang='lat' dir='ltr'><strong>possent</strong></span> <span class='ocrx_word' id='word_1_149' title='bbox 2019 2027 2084 2080; x_wconf 89' lang='lat' dir='ltr'><strong>ad</strong></span> 
     </span>
    </p>
   </div>
   <div class='ocr_carea' id='block_1_21' title="bbox 524 2116 2084 2187">
    <p class='ocr_par' dir='ltr' id='par_1_21' title="bbox 524 2116 2084 2187">
     <span class='ocr_line' id='line_1_21' title="bbox 524 2116 2084 2187; baseline -0.001 -16"><span class='ocrx_word' id='word_1_150' title='bbox 524 2122 681 2173; x_wconf 83' lang='lat' dir='ltr'><strong>finem</strong></span> <span class='ocrx_word' id='word_1_151' title='bbox 706 2134 872 2187; x_wconf 91' lang='lat' dir='ltr'><strong>usque</strong></span> <span class='ocrx_word' id='word_1_152' title='bbox 896 2118 1104 2171; x_wconf 89' lang='lat' dir='ltr'><strong>recitari</strong></span> <span class='ocrx_word' id='word_1_153' title='bbox 1129 2134 1142 2180; x_wconf 92' lang='lat'><strong>;</strong></span> <span class='ocrx_word' id='word_1_154' title='bbox 1172 2133 1236 2170; x_wconf 90' lang='lat' dir='ltr'><strong>ne</strong></span> <span class='ocrx_word' id='word_1_155' title='bbox 1258 2116 1498 2170; x_wconf 75' lang='lat' dir='ltr'><strong>videlicet</strong></span> <span class='ocrx_word' id='word_1_156' title='bbox 1520 2124 1738 2170; x_wconf 90' lang='lat' dir='ltr'><strong>cruento</strong></span> <span class='ocrx_word' id='word_1_157' title='bbox 1763 2116 1865 2169; x_wconf 83' lang='lat' dir='ltr'><strong>fine</strong></span> <span class='ocrx_word' id='word_1_158' title='bbox 1880 2117 2084 2169; x_wconf 91' lang='lat' dir='ltr'><strong>animos</strong></span> 
     </span>
    </p>
   </div>
   <div class='ocr_carea' id='block_1_22' title="bbox 522 2206 2085 2275">
    <p class='ocr_par' dir='ltr' id='par_1_22' title="bbox 522 2206 2085 2275">
     <span class='ocr_line' id='line_1_22' title="bbox 522 2206 2085 2275; baseline 0.001 -15"><span class='ocrx_word' id='word_1_159' title='bbox 522 2209 819 2262; x_wconf 89' lang='lat' dir='ltr'><strong>auditorum</strong></span> <span class='ocrx_word' id='word_1_160' title='bbox 843 2208 1190 2262; x_wconf 67' lang='lat' dir='ltr'><strong>offenderent.</strong></span> <span class='ocrx_word' id='word_1_161' title='bbox 1219 2206 1365 2260; x_wconf 85' lang='lat' dir='ltr'><strong>Adde</strong></span> <span class='ocrx_word' id='word_1_162' title='bbox 1395 2221 1664 2260; x_wconf 86' lang='lat' dir='ltr'><strong>servorum</strong></span> <span class='ocrx_word' id='word_1_163' title='bbox 1696 2207 1786 2261; x_wconf 90' lang='lat' dir='ltr'><strong>Dei</strong></span> <span class='ocrx_word' id='word_1_164' title='bbox 1818 2208 2085 2275; x_wconf 89' lang='lat' dir='ltr'><strong>passiones</strong></span> 
     </span>
    </p>
   </div>
   <div class='ocr_carea' id='block_1_23' title="bbox 518 2296 2087 2368">
    <p class='ocr_par' dir='ltr' id='par_1_23' title="bbox 518 2296 2087 2368">
     <span class='ocr_line' id='line_1_23' title="bbox 518 2296 2087 2368; baseline -0.002 -17"><span class='ocrx_word' id='word_1_165' title='bbox 518 2299 773 2368; x_wconf 83' lang='lat' dir='ltr'><strong>sanguine</strong></span> <span class='ocrx_word' id='word_1_166' title='bbox 798 2298 1127 2352; x_wconf 90' lang='lat' dir='ltr'><strong>inimicorum</strong></span> <span class='ocrx_word' id='word_1_167' title='bbox 1166 2296 1417 2350; x_wconf 90' lang='lat' dir='ltr'><strong>vindicari</strong></span> <span class='ocrx_word' id='word_1_168' title='bbox 1445 2311 1551 2349; x_wconf 89' lang='lat' dir='ltr'><strong>non</strong></span> <span class='ocrx_word' id='word_1_169' title='bbox 1579 2310 1759 2365; x_wconf 84' lang='lat' dir='ltr'><strong>posse.</strong></span> <span class='ocrx_word' id='word_1_170' title='bbox 1801 2298 1924 2365; x_wconf 91' lang='lat' dir='ltr'><strong>quin</strong></span> <span class='ocrx_word' id='word_1_171' title='bbox 1949 2298 2087 2366; x_wconf 88' lang='lat' dir='ltr'><strong>ipsa-</strong></span> 
     </span>
    </p>
   </div>
   <div class='ocr_carea' id='block_1_24' title="bbox 518 2385 2087 2456">
    <p class='ocr_par' dir='ltr' id='par_1_24' title="bbox 518 2385 2087 2456">
     <span class='ocr_line' id='line_1_24' title="bbox 518 2385 2087 2456; baseline -0.001 -16"><span class='ocrx_word' id='word_1_172' title='bbox 518 2402 636 2441; x_wconf 87' lang='lat' dir='ltr'><strong>rum</strong></span> <span class='ocrx_word' id='word_1_173' title='bbox 670 2386 895 2456; x_wconf 87' lang='lat' dir='ltr'><strong>quodam</strong></span> <span class='ocrx_word' id='word_1_174' title='bbox 926 2386 1084 2440; x_wconf 92' lang='lat' dir='ltr'><strong>modo</strong></span> <span class='ocrx_word' id='word_1_175' title='bbox 1106 2386 1418 2439; x_wconf 87' lang='lat' dir='ltr'><strong>obscuretur</strong></span> <span class='ocrx_word' id='word_1_176' title='bbox 1446 2385 1711 2453; x_wconf 88' lang='lat' dir='ltr'><strong>splendor.</strong></span> <span class='ocrx_word' id='word_1_177' title='bbox 1743 2385 1920 2455; x_wconf 91' lang='lat' dir='ltr'><strong>Itaque</strong></span> <span class='ocrx_word' id='word_1_178' title='bbox 1947 2387 2087 2439; x_wconf 79' lang='lat' dir='ltr'><strong>veri-</strong></span> 
     </span>
    </p>
   </div>
   <div class='ocr_carea' id='block_1_25' title="bbox 517 2475 2083 2543">
    <p class='ocr_par' dir='ltr' id='par_1_25' title="bbox 517 2475 2083 2543">
     <span class='ocr_line' id='line_1_25' title="bbox 517 2475 2083 2543; baseline -0.001 -14"><span class='ocrx_word' id='word_1_179' title='bbox 517 2487 601 2529; x_wconf 90' lang='lat' dir='ltr'><strong>tus</strong></span> <span class='ocrx_word' id='word_1_180' title='bbox 626 2486 839 2531; x_wconf 86' lang='lat' dir='ltr'><strong>sanctus</strong></span> <span class='ocrx_word' id='word_1_181' title='bbox 869 2476 1088 2541; x_wconf 70' lang='lat' dir='ltr'><strong>Prtesul,</strong></span> <span class='ocrx_word' id='word_1_182' title='bbox 1118 2492 1182 2528; x_wconf 86' lang='lat' dir='ltr'><strong>ne</strong></span> <span class='ocrx_word' id='word_1_183' title='bbox 1207 2475 1305 2528; x_wconf 91' lang='lat' dir='ltr'><strong>hac</strong></span> <span class='ocrx_word' id='word_1_184' title='bbox 1334 2475 1386 2527; x_wconf 93' lang='lat' dir='ltr'><strong>in</strong></span> <span class='ocrx_word' id='word_1_185' title='bbox 1407 2490 1561 2527; x_wconf 87' lang='lat' dir='ltr'><strong>causa</strong></span> <span class='ocrx_word' id='word_1_186' title='bbox 1588 2490 1793 2527; x_wconf 90' lang='lat' dir='ltr'><strong>summo</strong></span> <span class='ocrx_word' id='word_1_187' title='bbox 1814 2475 1931 2543; x_wconf 90' lang='lat' dir='ltr'><strong>jure</strong></span> <span class='ocrx_word' id='word_1_188' title='bbox 1956 2490 2083 2543; x_wconf 83' lang='lat' dir='ltr'><strong>age-</strong></span> 
     </span>
    </p>
   </div>
   <div class='ocr_carea' id='block_1_26' title="bbox 516 2565 2085 2634">
    <p class='ocr_par' dir='ltr' id='par_1_26' title="bbox 516 2565 2085 2634">
     <span class='ocr_line' id='line_1_26' title="bbox 516 2565 2085 2634; baseline 0 -15"><span class='ocrx_word' id='word_1_189' title='bbox 516 2576 683 2630; x_wconf 89' lang='lat' dir='ltr'><strong>retur,</strong></span> <span class='ocrx_word' id='word_1_190' title='bbox 715 2566 1076 2620; x_wconf 81' lang='lat' dir='ltr'><strong>Marcellinum</strong></span> <span class='ocrx_word' id='word_1_191' title='bbox 1107 2565 1299 2618; x_wconf 87' lang='lat' dir='ltr'><strong>obnixe</strong></span> <span class='ocrx_word' id='word_1_192' title='bbox 1322 2567 1492 2618; x_wconf 86' lang='lat' dir='ltr'><strong>oravit</strong></span> <span class='ocrx_word' id='word_1_193' title='bbox 1521 2581 1614 2634; x_wconf 91' lang='lat' dir='ltr'><strong>per</strong></span> <span class='ocrx_word' id='word_1_194' title='bbox 1638 2566 1859 2631; x_wconf 87' lang='lat' dir='ltr'><strong>litteras,</strong></span> <span class='ocrx_word' id='word_1_195' title='bbox 1888 2567 2085 2620; x_wconf 89' lang='lat' dir='ltr'><strong>severi-</strong></span> 
     </span>
    </p>
   </div>
   <div class='ocr_carea' id='block_1_27' title="bbox 516 2654 2084 2726">
    <p class='ocr_par' dir='ltr' id='par_1_27' title="bbox 516 2654 2084 2726">
     <span class='ocr_line' id='line_1_27' title="bbox 516 2654 2084 2726; baseline 0.002 -18"><span class='ocrx_word' id='word_1_196' title='bbox 516 2665 677 2709; x_wconf 87' lang='lat' dir='ltr'><strong>tatem</strong></span> <span class='ocrx_word' id='word_1_197' title='bbox 699 2671 849 2709; x_wconf 90' lang='lat' dir='ltr'><strong>suam</strong></span> <span class='ocrx_word' id='word_1_198' title='bbox 880 2671 982 2707; x_wconf 91' lang='lat' dir='ltr'><strong>non</strong></span> <span class='ocrx_word' id='word_1_199' title='bbox 1005 2654 1164 2708; x_wconf 91' lang='lat' dir='ltr'><strong>modo</strong></span> <span class='ocrx_word' id='word_1_200' title='bbox 1194 2663 1533 2723; x_wconf 87' lang='lat' dir='ltr'><strong>temperaret,</strong></span> <span class='ocrx_word' id='word_1_201' title='bbox 1562 2656 1654 2708; x_wconf 91' lang='lat' dir='ltr'><strong>sed</strong></span> <span class='ocrx_word' id='word_1_202' title='bbox 1684 2664 1740 2709; x_wconf 91' lang='lat' dir='ltr'><strong>ut</strong></span> <span class='ocrx_word' id='word_1_203' title='bbox 1767 2656 1856 2709; x_wconf 88' lang='lat' dir='ltr'><strong>alii</strong></span> <span class='ocrx_word' id='word_1_204' title='bbox 1876 2672 2084 2726; x_wconf 89' lang='lat' dir='ltr'><strong>quoque</strong></span> 
     </span>
    </p>
   </div>
   <div class='ocr_carea' id='block_1_28' title="bbox 514 2745 2085 2816">
    <p class='ocr_par' dir='ltr' id='par_1_28' title="bbox 514 2745 2085 2816">
     <span class='ocr_line' id='line_1_28' title="bbox 514 2745 2085 2816; baseline 0.004 -17"><span class='ocrx_word' id='word_1_205' title='bbox 514 2746 656 2799; x_wconf 80' lang='lat' dir='ltr'><strong>idem</strong></span> <span class='ocrx_word' id='word_1_206' title='bbox 701 2755 1051 2814; x_wconf 64' lang='lat' dir='ltr'><strong>praestarent,</strong></span> <span class='ocrx_word' id='word_1_207' title='bbox 1102 2745 1337 2800; x_wconf 87' lang='lat' dir='ltr'><strong>efficeret</strong></span> <span class='ocrx_word' id='word_1_208' title='bbox 1368 2764 1380 2799; x_wconf 89' lang='lat'><strong>:</strong></span> <span class='ocrx_word' id='word_1_209' title='bbox 1408 2747 1664 2816; x_wconf 89' lang='lat' dir='ltr'><strong>siquidem</strong></span> <span class='ocrx_word' id='word_1_210' title='bbox 1723 2750 2085 2816; x_wconf 89' lang='lat' dir='ltr'><strong>suspicabatur</strong></span> 
     </span>
    </p>
   </div>
   <div class='ocr_carea' id='block_1_29' title="bbox 514 2835 2082 2907">
    <p class='ocr_par' dir='ltr' id='par_1_29' title="bbox 514 2835 2082 2907">
     <span class='ocr_line' id='line_1_29' title="bbox 514 2835 2082 2907; baseline 0.003 -17"><span class='ocrx_word' id='word_1_211' title='bbox 514 2835 649 2902; x_wconf 86' lang='lat' dir='ltr'><strong>fore,</strong></span> <span class='ocrx_word' id='word_1_212' title='bbox 680 2846 735 2891; x_wconf 90' lang='lat' dir='ltr'><strong>ut</strong></span> <span class='ocrx_word' id='word_1_213' title='bbox 748 2836 997 2907; x_wconf 87' lang='lat' dir='ltr'><strong>judicium</strong></span> <span class='ocrx_word' id='word_1_214' title='bbox 1022 2837 1123 2891; x_wconf 90' lang='lat' dir='ltr'><strong>hoc</strong></span> <span class='ocrx_word' id='word_1_215' title='bbox 1144 2836 1276 2891; x_wconf 88' lang='lat' dir='ltr'><strong>forte</strong></span> <span class='ocrx_word' id='word_1_216' title='bbox 1300 2836 1365 2890; x_wconf 90' lang='lat' dir='ltr'><strong>ad</strong></span> <span class='ocrx_word' id='word_1_217' title='bbox 1387 2838 1690 2906; x_wconf 86' lang='lat' dir='ltr'><strong>Apringium</strong></span> <span class='ocrx_word' id='word_1_218' title='bbox 1714 2840 2082 2906; x_wconf 84' lang='lat' dir='ltr'><strong>proconsulem</strong></span> 
     </span>
    </p>
   </div>
   <div class='ocr_carea' id='block_1_30' title="bbox 515 2927 2083 2997">
    <p class='ocr_par' dir='ltr' id='par_1_30' title="bbox 515 2927 2083 2997">
     <span class='ocr_line' id='line_1_30' title="bbox 515 2927 2083 2997; baseline 0.003 -15"><span class='ocrx_word' id='word_1_219' title='bbox 515 2927 838 2994; x_wconf 87' lang='lat' dir='ltr'><strong>deferretur,</strong></span> <span class='ocrx_word' id='word_1_220' title='bbox 890 2928 1230 2982; x_wconf 86' lang='lat' dir='ltr'><strong>christianum</strong></span> <span class='ocrx_word' id='word_1_221' title='bbox 1278 2927 1424 2981; x_wconf 91' lang='lat' dir='ltr'><strong>illum</strong></span> <span class='ocrx_word' id='word_1_222' title='bbox 1477 2930 1689 2997; x_wconf 90' lang='lat' dir='ltr'><strong>quidem</strong></span> <span class='ocrx_word' id='word_1_223' title='bbox 1736 2939 1787 2983; x_wconf 91' lang='lat' dir='ltr'><strong>et</strong></span> <span class='ocrx_word' id='word_1_224' title='bbox 1830 2931 2083 2986; x_wconf 81' lang='lat' dir='ltr'><strong>Ecclesia:</strong></span> 
     </span>
    </p>
   </div>
   <div class='ocr_carea' id='block_1_31' title="bbox 516 3019 2083 3090">
    <p class='ocr_par' dir='ltr' id='par_1_31' title="bbox 516 3019 2083 3090">
     <span class='ocr_line' id='line_1_31' title="bbox 516 3019 2083 3090; baseline 0.003 -17"><span class='ocrx_word' id='word_1_225' title='bbox 516 3020 704 3084; x_wconf 82' lang='lat' dir='ltr'><strong>filium,</strong></span> <span class='ocrx_word' id='word_1_226' title='bbox 737 3030 894 3090; x_wconf 91' lang='lat' dir='ltr'><strong>atque</strong></span> <span class='ocrx_word' id='word_1_227' title='bbox 924 3020 990 3073; x_wconf 91' lang='lat' dir='ltr'><strong>ab</strong></span> <span class='ocrx_word' id='word_1_228' title='bbox 1020 3019 1322 3088; x_wconf 87' lang='lat' dir='ltr'><strong>lmjusmodi</strong></span> <span class='ocrx_word' id='word_1_229' title='bbox 1348 3020 1579 3072; x_wconf 89' lang='lat' dir='ltr'><strong>cruentis</strong></span> <span class='ocrx_word' id='word_1_230' title='bbox 1600 3021 1872 3089; x_wconf 87' lang='lat' dir='ltr'><strong>suppliciis</strong></span> <span class='ocrx_word' id='word_1_231' title='bbox 1899 3032 2083 3090; x_wconf 88' lang='lat' dir='ltr'><strong>suapte</strong></span> 
     </span>
    </p>
   </div>
   <div class='ocr_carea' id='block_1_32' title="bbox 515 3107 2083 3180">
    <p class='ocr_par' dir='ltr' id='par_1_32' title="bbox 515 3107 2083 3180">
     <span class='ocr_line' id='line_1_32' title="bbox 515 3107 2083 3180; baseline 0.003 -19"><span class='ocrx_word' id='word_1_232' title='bbox 515 3118 703 3162; x_wconf 90' lang='lat' dir='ltr'><strong>natura</strong></span> <span class='ocrx_word' id='word_1_233' title='bbox 735 3110 1001 3172; x_wconf 89' lang='lat' dir='ltr'><strong>alienum;</strong></span> <span class='ocrx_word' id='word_1_234' title='bbox 1047 3108 1138 3161; x_wconf 89' lang='lat' dir='ltr'><strong>sed</strong></span> <span class='ocrx_word' id='word_1_235' title='bbox 1177 3115 1349 3160; x_wconf 87' lang='lat' dir='ltr'><strong>tamen</strong></span> <span class='ocrx_word' id='word_1_236' title='bbox 1385 3107 1472 3176; x_wconf 86' lang='lat' dir='ltr'><strong>qui</strong></span> <span class='ocrx_word' id='word_1_237' title='bbox 1511 3108 1783 3162; x_wconf 84' lang='lat' dir='ltr'><strong>videbatur</strong></span> <span class='ocrx_word' id='word_1_238' title='bbox 1805 3109 1871 3164; x_wconf 92' lang='lat' dir='ltr'><strong>de</strong></span> <span class='ocrx_word' id='word_1_239' title='bbox 1913 3112 2083 3180; x_wconf 89' lang='lat' dir='ltr'><strong>capite</strong></span> 
     </span>
    </p>
   </div>
   <div class='ocr_carea' id='block_1_33' title="bbox 512 3199 2083 3269">
    <p class='ocr_par' dir='ltr' id='par_1_33' title="bbox 512 3199 2083 3269">
     <span class='ocr_line' id='line_1_33' title="bbox 512 3199 2083 3269; baseline 0.003 -16"><span class='ocrx_word' id='word_1_240' title='bbox 512 3200 753 3253; x_wconf 88' lang='lat' dir='ltr'><strong>sontibus</strong></span> <span class='ocrx_word' id='word_1_241' title='bbox 776 3200 1097 3269; x_wconf 87' lang='lat' dir='ltr'><strong>amputaudo</strong></span> <span class='ocrx_word' id='word_1_242' title='bbox 1122 3199 1386 3253; x_wconf 88' lang='lat' dir='ltr'><strong>statuisse.</strong></span> <span class='ocrx_word' id='word_1_243' title='bbox 1438 3200 1576 3269; x_wconf 89' lang='lat' dir='ltr'><strong>Ergo</strong></span> <span class='ocrx_word' id='word_1_244' title='bbox 1604 3208 1658 3253; x_wconf 90' lang='lat' dir='ltr'><strong>ct</strong></span> <span class='ocrx_word' id='word_1_245' title='bbox 1684 3202 1993 3269; x_wconf 89' lang='lat' dir='ltr'><strong>epistolam,</strong></span> <span class='ocrx_word' id='word_1_246' title='bbox 2026 3212 2083 3257; x_wconf 89' lang='lat' dir='ltr'><strong>ut</strong></span> 
     </span>
    </p>
   </div>
   <div class='ocr_carea' id='block_1_34' title="bbox 511 3288 2082 3355">
    <p class='ocr_par' dir='ltr' id='par_1_34' title="bbox 511 3288 2082 3355">
     <span class='ocr_line' id='line_1_34' title="bbox 511 3288 2082 3355; baseline 0.003 -13"><span class='ocrx_word' id='word_1_247' title='bbox 511 3289 560 3342; x_wconf 84' lang='lat' dir='ltr'><strong>ei</strong></span> <span class='ocrx_word' id='word_1_248' title='bbox 587 3288 917 3350; x_wconf 83' lang='lat' dir='ltr'><strong>redderetur,</strong></span> <span class='ocrx_word' id='word_1_249' title='bbox 949 3288 1013 3341; x_wconf 90' lang='lat' dir='ltr'><strong>ad</strong></span> <span class='ocrx_word' id='word_1_250' title='bbox 1039 3288 1395 3341; x_wconf 82' lang='lat' dir='ltr'><strong>Marcellinum</strong></span> <span class='ocrx_word' id='word_1_251' title='bbox 1418 3288 1626 3342; x_wconf 86' lang='lat' dir='ltr'><strong>direxit.</strong></span> <span class='ocrx_word' id='word_1_252' title='bbox 1659 3290 1860 3355; x_wconf 86' lang='lat' dir='ltr'><strong>Quibus</strong></span> <span class='ocrx_word' id='word_1_253' title='bbox 1880 3290 2082 3346; x_wconf 87' lang='lat' dir='ltr'><strong>dualms</strong></span> 
     </span>
    </p>
   </div>
   <div class='ocr_carea' id='block_1_35' title="bbox 510 3376 2079 3451">
    <p class='ocr_par' dir='ltr' id='par_1_35' title="bbox 510 3376 2079 3451">
     <span class='ocr_line' id='line_1_35' title="bbox 510 3376 2079 3451; baseline 0.002 -20"><span class='ocrx_word' id='word_1_254' title='bbox 510 3376 563 3431; x_wconf 87' lang='lat' dir='ltr'><strong>in</strong></span> <span class='ocrx_word' id='word_1_255' title='bbox 585 3379 821 3446; x_wconf 87' lang='lat' dir='ltr'><strong>epistolis</strong></span> <span class='ocrx_word' id='word_1_256' title='bbox 840 3378 1047 3451; x_wconf 86' lang='lat' dir='ltr'><strong>(Epistt.</strong></span> <span class='ocrx_word' id='word_1_257' title='bbox 1070 3376 1329 3450; x_wconf 71' lang='lat'><strong>155,159)</strong></span> <span class='ocrx_word' id='word_1_258' title='bbox 1351 3378 1602 3447; x_wconf 80' lang='lat' dir='ltr'><strong>quidquid</strong></span> <span class='ocrx_word' id='word_1_259' title='bbox 1628 3381 1762 3434; x_wconf 86' lang='lat' dir='ltr'><strong>inest</strong></span> <span class='ocrx_word' id='word_1_260' title='bbox 1790 3382 1887 3435; x_wconf 90' lang='lat' dir='ltr'><strong>sibi</strong></span> <span class='ocrx_word' id='word_1_261' title='bbox 1914 3382 2079 3435; x_wconf 85' lang='lat' dir='ltr'><strong>facul-</strong></span> 
     </span>
    </p>
   </div>
   <div class='ocr_carea' id='block_1_36' title="bbox 512 3468 2079 3538">
    <p class='ocr_par' dir='ltr' id='par_1_36' title="bbox 512 3468 2079 3538">
     <span class='ocr_line' id='line_1_36' title="bbox 512 3468 2079 3538; baseline 0.002 -15"><span class='ocrx_word' id='word_1_262' title='bbox 512 3470 636 3523; x_wconf 84' lang='lat' dir='ltr'><strong>tatis</strong></span> <span class='ocrx_word' id='word_1_263' title='bbox 655 3469 862 3523; x_wconf 88' lang='lat' dir='ltr'><strong>dicendi</strong></span> <span class='ocrx_word' id='word_1_264' title='bbox 886 3479 936 3523; x_wconf 91' lang='lat' dir='ltr'><strong>ct</strong></span> <span class='ocrx_word' id='word_1_265' title='bbox 960 3468 1295 3538; x_wconf 80' lang='lat' dir='ltr'><strong>eloquentiae,</strong></span> <span class='ocrx_word' id='word_1_266' title='bbox 1328 3469 1378 3521; x_wconf 92' lang='lat' dir='ltr'><strong>id</strong></span> <span class='ocrx_word' id='word_1_267' title='bbox 1406 3483 1562 3522; x_wconf 92' lang='lat' dir='ltr'><strong>omne</strong></span> <span class='ocrx_word' id='word_1_268' title='bbox 1584 3485 1647 3523; x_wconf 88' lang='lat' dir='ltr'><strong>eo</strong></span> <span class='ocrx_word' id='word_1_269' title='bbox 1668 3472 1889 3533; x_wconf 88' lang='lat' dir='ltr'><strong>confert,</strong></span> <span class='ocrx_word' id='word_1_270' title='bbox 1923 3484 1977 3524; x_wconf 93' lang='lat' dir='ltr'><strong>ut</strong></span> <span class='ocrx_word' id='word_1_271' title='bbox 2002 3474 2079 3526; x_wconf 89' lang='lat' dir='ltr'><strong>rei</strong></span> 
     </span>
    </p>
   </div>
   <div class='ocr_carea' id='block_1_37' title="bbox 511 3557 2077 3628">
    <p class='ocr_par' dir='ltr' id='par_1_37' title="bbox 511 3557 2077 3628">
     <span class='ocr_line' id='line_1_37' title="bbox 511 3557 2077 3628; baseline 0.001 -17"><span class='ocrx_word' id='word_1_272' title='bbox 511 3574 615 3613; x_wconf 92' lang='lat' dir='ltr'><strong>non</strong></span> <span class='ocrx_word' id='word_1_273' title='bbox 639 3560 809 3627; x_wconf 88' lang='lat' dir='ltr'><strong>capite</strong></span> <span class='ocrx_word' id='word_1_274' title='bbox 826 3558 1159 3621; x_wconf 85' lang='lat' dir='ltr'><strong>damnentur,</strong></span> <span class='ocrx_word' id='word_1_275' title='bbox 1190 3557 1281 3612; x_wconf 89' lang='lat' dir='ltr'><strong>sed</strong></span> <span class='ocrx_word' id='word_1_276' title='bbox 1306 3557 1404 3610; x_wconf 90' lang='lat' dir='ltr'><strong>alia</strong></span> <span class='ocrx_word' id='word_1_277' title='bbox 1426 3560 1669 3627; x_wconf 89' lang='lat' dir='ltr'><strong>quapiam</strong></span> <span class='ocrx_word' id='word_1_278' title='bbox 1696 3559 1875 3613; x_wconf 82' lang='lat' dir='ltr'><strong>leviori</strong></span> <span class='ocrx_word' id='word_1_279' title='bbox 1902 3576 2077 3628; x_wconf 74' lang='lat' dir='ltr'><strong>poma,</strong></span> 
     </span>
    </p>
   </div>
   <div class='ocr_carea' id='block_1_38' title="bbox 510 3647 2081 3717">
    <p class='ocr_par' dir='ltr' id='par_1_38' title="bbox 510 3647 2081 3717">
     <span class='ocr_line' id='line_1_38' title="bbox 510 3647 2081 3717; baseline 0.003 -16"><span class='ocrx_word' id='word_1_280' title='bbox 510 3663 627 3716; x_wconf 83' lang='lat' dir='ltr'><strong>qua:</strong></span> <span class='ocrx_word' id='word_1_281' title='bbox 654 3649 807 3701; x_wconf 90' lang='lat' dir='ltr'><strong>simul</strong></span> <span class='ocrx_word' id='word_1_282' title='bbox 835 3658 887 3700; x_wconf 89' lang='lat' dir='ltr'><strong>et</strong></span> <span class='ocrx_word' id='word_1_283' title='bbox 912 3649 1045 3701; x_wconf 88' lang='lat' dir='ltr'><strong>male</strong></span> <span class='ocrx_word' id='word_1_284' title='bbox 1080 3647 1301 3703; x_wconf 88' lang='lat' dir='ltr'><strong>faciendi</strong></span> <span class='ocrx_word' id='word_1_285' title='bbox 1331 3648 1596 3702; x_wconf 88' lang='lat' dir='ltr'><strong>licentiam</strong></span> <span class='ocrx_word' id='word_1_286' title='bbox 1626 3649 1754 3717; x_wconf 90' lang='lat' dir='ltr'><strong>ipsis</strong></span> <span class='ocrx_word' id='word_1_287' title='bbox 1779 3651 1995 3713; x_wconf 81' lang='lat' dir='ltr'><strong>adimat.</strong></span> <span class='ocrx_word' id='word_1_288' title='bbox 2027 3662 2081 3706; x_wconf 88' lang='lat' dir='ltr'><strong>et</strong></span> 
     </span>
    </p>
   </div>
   <div class='ocr_carea' id='block_1_39' title="bbox 480 3718 2077 3808">
    <p class='ocr_par' dir='ltr' id='par_1_39' title="bbox 480 3718 2077 3808">
     <span class='ocr_line' id='line_1_39' title="bbox 480 3718 2077 3808; baseline 0.003 -19"><span class='ocrx_word' id='word_1_289' title='bbox 480 3718 680 3791; x_wconf 56' lang='lat' dir='ltr'><strong>tamen</strong></span> <span class='ocrx_word' id='word_1_290' title='bbox 703 3738 1042 3805; x_wconf 90' lang='lat' dir='ltr'><strong>resipiscendi</strong></span> <span class='ocrx_word' id='word_1_291' title='bbox 1078 3747 1285 3806; x_wconf 90' lang='lat' dir='ltr'><strong>tempus</strong></span> <span class='ocrx_word' id='word_1_292' title='bbox 1312 3745 1467 3805; x_wconf 87' lang='lat' dir='ltr'><strong>atque</strong></span> <span class='ocrx_word' id='word_1_293' title='bbox 1498 3737 1551 3790; x_wconf 92' lang='lat' dir='ltr'><strong>in</strong></span> <span class='ocrx_word' id='word_1_294' title='bbox 1590 3739 1700 3791; x_wconf 90' lang='lat' dir='ltr'><strong>utili</strong></span> <span class='ocrx_word' id='word_1_295' title='bbox 1729 3742 1973 3808; x_wconf 83' lang='lat' dir='ltr'><strong>quopiam</strong></span> <span class='ocrx_word' id='word_1_296' title='bbox 2002 3742 2077 3794; x_wconf 88' lang='lat' dir='ltr'><strong>la-</strong></span> 
     </span>
    </p>
   </div>
   <div class='ocr_carea' id='block_1_40' title="bbox 513 3824 2076 3896">
    <p class='ocr_par' dir='ltr' id='par_1_40' title="bbox 513 3824 2076 3896">
     <span class='ocr_line' id='line_1_40' title="bbox 513 3824 2076 3896; baseline 0.005 -19"><span class='ocrx_word' id='word_1_297' title='bbox 513 3824 641 3878; x_wconf 85' lang='lat' dir='ltr'><strong>bore</strong></span> <span class='ocrx_word' id='word_1_298' title='bbox 667 3841 783 3879; x_wconf 89' lang='lat' dir='ltr'><strong>sese</strong></span> <span class='ocrx_word' id='word_1_299' title='bbox 813 3826 1089 3879; x_wconf 82' lang='lat' dir='ltr'><strong>exercendi</strong></span> <span class='ocrx_word' id='word_1_300' title='bbox 1113 3836 1424 3896; x_wconf 86' lang='lat' dir='ltr'><strong>potestatem</strong></span> <span class='ocrx_word' id='word_1_301' title='bbox 1451 3828 1728 3896; x_wconf 86' lang='lat' dir='ltr'><strong>relinquat.</strong></span> <span class='ocrx_word' id='word_1_302' title='bbox 1761 3829 1817 3882; x_wconf 91' lang='lat' dir='ltr'><strong>Id</strong></span> <span class='ocrx_word' id='word_1_303' title='bbox 1846 3831 1985 3884; x_wconf 91' lang='lat' dir='ltr'><strong>enim</strong></span> <span class='ocrx_word' id='word_1_304' title='bbox 2004 3832 2076 3886; x_wconf 88' lang='lat' dir='ltr'><strong>illi</strong></span> 
     </span>
    </p>
   </div>
   <div class='ocr_carea' id='block_1_41' title="bbox 505 3918 2075 3988">
    <p class='ocr_par' dir='ltr' id='par_1_41' title="bbox 505 3918 2075 3988">
     <span class='ocr_line' id='line_1_41' title="bbox 505 3918 2075 3988; baseline 0.004 -18"><span class='ocrx_word' id='word_1_305' title='bbox 505 3918 736 3971; x_wconf 86' lang='lat' dir='ltr'><strong>maxime</strong></span> <span class='ocrx_word' id='word_1_306' title='bbox 775 3918 919 3971; x_wconf 90' lang='lat' dir='ltr'><strong>cordi</strong></span> <span class='ocrx_word' id='word_1_307' title='bbox 950 3927 1091 3983; x_wconf 90' lang='lat' dir='ltr'><strong>erat,</strong></span> <span class='ocrx_word' id='word_1_308' title='bbox 1141 3928 1248 3971; x_wconf 79' lang='lat' dir='ltr'><strong>tum</strong></span> <span class='ocrx_word' id='word_1_309' title='bbox 1281 3930 1493 3988; x_wconf 73' lang='lat' dir='ltr'><strong>promer</strong></span> <span class='ocrx_word' id='word_1_310' title='bbox 1520 3920 1926 3987; x_wconf 87' lang='lat' dir='ltr'><strong>conscientiam,</strong></span> <span class='ocrx_word' id='word_1_311' title='bbox 1967 3932 2075 3977; x_wconf 91' lang='lat' dir='ltr'><strong>tum</strong></span> 
     </span>
    </p>
   </div>
   <div class='ocr_carea' id='block_1_42' title="bbox 505 4008 2037 4077">
    <p class='ocr_par' dir='ltr' id='par_1_42' title="bbox 505 4008 2037 4077">
     <span class='ocr_line' id='line_1_42' title="bbox 505 4008 2037 4077; baseline 0.004 -17"><span class='ocrx_word' id='word_1_312' title='bbox 505 4016 720 4077; x_wconf 89' lang='lat' dir='ltr'><strong>propter</strong></span> <span class='ocrx_word' id='word_1_313' title='bbox 744 4008 1054 4061; x_wconf 85' lang='lat' dir='ltr'><strong>catholicam</strong></span> <span class='ocrx_word' id='word_1_314' title='bbox 1085 4010 1508 4064; x_wconf 89' lang='lat' dir='ltr'><strong>communionem</strong></span> <span class='ocrx_word' id='word_1_315' title='bbox 1545 4011 2037 4067; x_wconf 84' lang='lat' dir='ltr'><strong>commendandam.</strong></span> 
     </span>
    </p>
   </div>
   <div class='ocr_carea' id='block_1_43' title="bbox 575 4096 2075 4171">
    <p class='ocr_par' dir='ltr' id='par_1_43' title="bbox 575 4096 2075 4171">
     <span class='ocr_line' id='line_1_43' title="bbox 575 4096 2075 4171; baseline 0.004 -20"><span class='ocrx_word' id='word_1_316' title='bbox 575 4096 628 4151; x_wconf 85' lang='lat'><strong>6.</strong></span> <span class='ocrx_word' id='word_1_317' title='bbox 657 4096 767 4151; x_wconf 88' lang='lat' dir='ltr'><strong>Sub</strong></span> <span class='ocrx_word' id='word_1_318' title='bbox 788 4096 924 4150; x_wconf 89' lang='lat' dir='ltr'><strong>idem</strong></span> <span class='ocrx_word' id='word_1_319' title='bbox 958 4098 1090 4152; x_wconf 91' lang='lat' dir='ltr'><strong>forte</strong></span> <span class='ocrx_word' id='word_1_320' title='bbox 1115 4105 1322 4167; x_wconf 90' lang='lat' dir='ltr'><strong>tempus</strong></span> <span class='ocrx_word' id='word_1_321' title='bbox 1342 4140 1357 4165; x_wconf 91' lang='lat'><strong>,</strong></span> <span class='ocrx_word' id='word_1_322' title='bbox 1389 4100 1717 4155; x_wconf 81' lang='lat' dir='ltr'><strong>Marcellinus</strong></span> <span class='ocrx_word' id='word_1_323' title='bbox 1738 4101 1803 4155; x_wconf 87' lang='lat' dir='ltr'><strong>ad</strong></span> <span class='ocrx_word' id='word_1_324' title='bbox 1830 4104 2075 4171; x_wconf 88' lang='lat' dir='ltr'><strong>Augusti-</strong></span> 
     </span>
    </p>
   </div>
   <div class='ocr_carea' id='block_1_44' title="bbox 503 4189 2072 4259">
    <p class='ocr_par' dir='ltr' id='par_1_44' title="bbox 503 4189 2072 4259">
     <span class='ocr_line' id='line_1_44' title="bbox 503 4189 2072 4259; baseline 0.004 -16"><span class='ocrx_word' id='word_1_325' title='bbox 503 4204 629 4244; x_wconf 87' lang='lat' dir='ltr'><strong>num</strong></span> <span class='ocrx_word' id='word_1_326' title='bbox 660 4189 863 4243; x_wconf 86' lang='lat' dir='ltr'><strong>litteras</strong></span> <span class='ocrx_word' id='word_1_327' title='bbox 884 4190 1047 4255; x_wconf 85' lang='lat' dir='ltr'><strong>dedit,</strong></span> <span class='ocrx_word' id='word_1_328' title='bbox 1080 4190 1269 4259; x_wconf 90' lang='lat' dir='ltr'><strong>quibus</strong></span> <span class='ocrx_word' id='word_1_329' title='bbox 1290 4192 1572 4246; x_wconf 91' lang='lat' dir='ltr'><strong>missurum</strong></span> <span class='ocrx_word' id='word_1_330' title='bbox 1598 4208 1655 4246; x_wconf 92' lang='lat' dir='ltr'><strong>se</strong></span> <span class='ocrx_word' id='word_1_331' title='bbox 1679 4194 1743 4247; x_wconf 89' lang='lat' dir='ltr'><strong>ad</strong></span> <span class='ocrx_word' id='word_1_332' title='bbox 1773 4210 1893 4248; x_wconf 92' lang='lat' dir='ltr'><strong>eum</strong></span> <span class='ocrx_word' id='word_1_333' title='bbox 1915 4195 2072 4251; x_wconf 88' lang='lat' dir='ltr'><strong>Gesta</strong></span> 
     </span>
    </p>
   </div>
   <div class='ocr_carea' id='block_1_45' title="bbox 501 4280 2068 4351">
    <p class='ocr_par' dir='ltr' id='par_1_45' title="bbox 501 4280 2068 4351">
     <span class='ocr_line' id='line_1_45' title="bbox 501 4280 2068 4351; baseline 0.003 -19"><span class='ocrx_word' id='word_1_334' title='bbox 501 4292 712 4332; x_wconf 91' lang='lat' dir='ltr'><strong>reorum</strong></span> <span class='ocrx_word' id='word_1_335' title='bbox 769 4280 1153 4332; x_wconf 59' lang='lat' dir='ltr'><strong>confessionem</strong></span> <span class='ocrx_word' id='word_1_336' title='bbox 1219 4281 1622 4348; x_wconf 88' lang='lat' dir='ltr'><strong>complectentia</strong></span> <span class='ocrx_word' id='word_1_337' title='bbox 1690 4283 2068 4351; x_wconf 89' lang='lat' dir='ltr'><strong>pollicebatur;</strong></span> 
     </span>
    </p>
   </div>
   <div class='ocr_carea' id='block_1_46' title="bbox 500 4368 2071 4441">
    <p class='ocr_par' dir='ltr' id='par_1_46' title="bbox 500 4368 2071 4441">
     <span class='ocr_line' id='line_1_46' title="bbox 500 4368 2071 4441; baseline 0.004 -19"><span class='ocrx_word' id='word_1_338' title='bbox 500 4368 761 4436; x_wconf 86' lang='lat' dir='ltr'><strong>simulque</strong></span> <span class='ocrx_word' id='word_1_339' title='bbox 786 4370 1031 4436; x_wconf 83' lang='lat' dir='ltr'><strong>rogabat,</strong></span> <span class='ocrx_word' id='word_1_340' title='bbox 1066 4385 1189 4423; x_wconf 91' lang='lat' dir='ltr'><strong>num</strong></span> <span class='ocrx_word' id='word_1_341' title='bbox 1220 4385 1280 4422; x_wconf 92' lang='lat' dir='ltr'><strong>ea</strong></span> <span class='ocrx_word' id='word_1_342' title='bbox 1304 4371 1355 4422; x_wconf 92' lang='lat' dir='ltr'><strong>in</strong></span> <span class='ocrx_word' id='word_1_343' title='bbox 1384 4370 1733 4441; x_wconf 66' lang='lat' dir='ltr'><strong>Theotirepia,</strong></span> <span class='ocrx_word' id='word_1_344' title='bbox 1761 4389 1877 4439; x_wconf 77' lang='lat' dir='ltr'><strong>quzc</strong></span> <span class='ocrx_word' id='word_1_345' title='bbox 1898 4375 2071 4427; x_wconf 70' lang='lat' dir='ltr'><strong>(Jolla-</strong></span> 
     </span>
    </p>
   </div>
   <div class='ocr_carea' id='block_1_47' title="bbox 498 4458 2070 4535">
    <p class='ocr_par' dir='ltr' id='par_1_47' title="bbox 498 4458 2070 4535">
     <span class='ocr_line' id='line_1_47' title="bbox 498 4458 2070 4535; baseline 0.007 -26"><span class='ocrx_word' id='word_1_346' title='bbox 498 4458 658 4509; x_wconf 82' lang='lat' dir='ltr'><strong>tiouis</strong></span> <span class='ocrx_word' id='word_1_347' title='bbox 689 4468 925 4525; x_wconf 87' lang='lat' dir='ltr'><strong>tempore</strong></span> <span class='ocrx_word' id='word_1_348' title='bbox 950 4460 1170 4513; x_wconf 84' lang='lat' dir='ltr'><strong>ecclesia</strong></span> <span class='ocrx_word' id='word_1_349' title='bbox 1202 4469 1314 4513; x_wconf 90' lang='lat' dir='ltr'><strong>erat</strong></span> <span class='ocrx_word' id='word_1_350' title='bbox 1343 4461 1727 4515; x_wconf 73' lang='lat' dir='ltr'><strong>Donatistarum</strong></span> <span class='ocrx_word' id='word_1_351' title='bbox 1754 4463 2070 4535; x_wconf 77' lang='lat' dir='ltr'><strong>Carthagine</strong></span> 
     </span>
    </p>
   </div>
   <div class='ocr_carea' id='block_1_48' title="bbox 500 4546 2071 4620">
    <p class='ocr_par' dir='ltr' id='par_1_48' title="bbox 500 4546 2071 4620">
     <span class='ocr_line' id='line_1_48' title="bbox 500 4546 2071 4620; baseline 0.007 -20"><span class='ocrx_word' id='word_1_352' title='bbox 500 4546 712 4615; x_wconf 71' lang='lat' dir='ltr'><strong>(Callet.</strong></span> <span class='ocrx_word' id='word_1_353' title='bbox 742 4546 979 4619; x_wconf 81' lang='lat' dir='ltr'><strong>Curtlmg.</strong></span> <span class='ocrx_word' id='word_1_354' title='bbox 1013 4551 1065 4614; x_wconf 78' lang='lat'><strong>5,</strong></span> <span class='ocrx_word' id='word_1_355' title='bbox 1094 4567 1205 4619; x_wconf 77' lang='lat' dir='ltr'><strong>cap.</strong></span> <span class='ocrx_word' id='word_1_356' title='bbox 1235 4552 1311 4619; x_wconf 83' lang='grc'><strong>5).</strong></span> <span class='ocrx_word' id='word_1_357' title='bbox 1342 4552 1598 4620; x_wconf 83' lang='lat' dir='ltr'><strong>alligenda</strong></span> <span class='ocrx_word' id='word_1_358' title='bbox 1619 4554 1958 4620; x_wconf 86' lang='lat' dir='ltr'><strong>viderentur;</strong></span> <span class='ocrx_word' id='word_1_359' title='bbox 1991 4567 2071 4611; x_wconf 89' lang='lat' dir='ltr'><strong>at-</strong></span> 
     </span>
    </p>
   </div>
   <div class='ocr_carea' id='block_1_49' title="bbox 497 4638 2070 4712">
    <p class='ocr_par' dir='ltr' id='par_1_49' title="bbox 497 4638 2070 4712">
     <span class='ocr_line' id='line_1_49' title="bbox 497 4638 2070 4712; baseline 0.01 -25"><span class='ocrx_word' id='word_1_360' title='bbox 497 4652 602 4706; x_wconf 82' lang='lat' dir='ltr'><strong>que</strong></span> <span class='ocrx_word' id='word_1_361' title='bbox 627 4638 782 4690; x_wconf 84' lang='lat' dir='ltr'><strong>etiam</strong></span> <span class='ocrx_word' id='word_1_362' title='bbox 808 4650 861 4689; x_wconf 92' lang='lat' dir='ltr'><strong>ut</strong></span> <span class='ocrx_word' id='word_1_363' title='bbox 892 4639 1044 4692; x_wconf 82' lang='lat' dir='ltr'><strong>fidem</strong></span> <span class='ocrx_word' id='word_1_364' title='bbox 1072 4639 1139 4692; x_wconf 90' lang='lat' dir='ltr'><strong>de</strong></span> <span class='ocrx_word' id='word_1_365' title='bbox 1165 4642 1422 4707; x_wconf 90' lang='lat' dir='ltr'><strong>promisso</strong></span> <span class='ocrx_word' id='word_1_366' title='bbox 1447 4643 1674 4710; x_wconf 91' lang='lat' dir='ltr'><strong>quodam</strong></span> <span class='ocrx_word' id='word_1_367' title='bbox 1712 4645 1910 4712; x_wconf 87' lang='lat' dir='ltr'><strong>scripto</strong></span> <span class='ocrx_word' id='word_1_368' title='bbox 1938 4647 2070 4702; x_wconf 82' lang='lat' dir='ltr'><strong>libe-</strong></span> 
     </span>
    </p>
   </div>
   <div class='ocr_carea' id='block_1_50' title="bbox 496 4727 2067 4805">
    <p class='ocr_par' dir='ltr' id='par_1_50' title="bbox 496 4727 2067 4805">
     <span class='ocr_line' id='line_1_50' title="bbox 496 4727 2067 4805; baseline 0.006 -24"><span class='ocrx_word' id='word_1_369' title='bbox 496 4737 657 4791; x_wconf 86' lang='lat' dir='ltr'><strong>raret,</strong></span> <span class='ocrx_word' id='word_1_370' title='bbox 678 4727 996 4781; x_wconf 80' lang='lat' dir='ltr'><strong>admonebat</strong></span> <span class='ocrx_word' id='word_1_371' title='bbox 1013 4728 1201 4798; x_wconf 85' lang='lat' dir='ltr'><strong>(Epist.</strong></span> <span class='ocrx_word' id='word_1_372' title='bbox 1224 4730 1340 4791; x_wconf 81' lang='lat' dir='ltr'><strong>l59,</strong></span> <span class='ocrx_word' id='word_1_373' title='bbox 1360 4747 1445 4783; x_wconf 90' lang='lat' dir='ltr'><strong>nn.</strong></span> <span class='ocrx_word' id='word_1_374' title='bbox 1468 4737 1516 4793; x_wconf 84' lang='grc'><strong>1,</strong></span> <span class='ocrx_word' id='word_1_375' title='bbox 1536 4733 1588 4794; x_wconf 80' lang='grc'><strong>5,</strong></span> <span class='ocrx_word' id='word_1_376' title='bbox 1607 4734 1681 4802; x_wconf 71' lang='grc'><strong>4).</strong></span> <span class='ocrx_word' id='word_1_377' title='bbox 1706 4734 1783 4787; x_wconf 84' lang='lat' dir='ltr'><strong>Ad</strong></span> <span class='ocrx_word' id='word_1_378' title='bbox 1801 4750 1861 4787; x_wconf 88' lang='lat' dir='ltr'><strong>ca</strong></span> <span class='ocrx_word' id='word_1_379' title='bbox 1874 4751 2067 4805; x_wconf 86' lang='lat' dir='ltr'><strong>cupere</strong></span> 
     </span>
    </p>
   </div>
   <div class='ocr_carea' id='block_1_51' title="bbox 494 4818 2067 4887">
    <p class='ocr_par' dir='ltr' id='par_1_51' title="bbox 494 4818 2067 4887">
     <span class='ocr_line' id='line_1_51' title="bbox 494 4818 2067 4887; baseline 0.006 -17"><span class='ocrx_word' id='word_1_380' title='bbox 494 4831 557 4871; x_wconf 82' lang='lat' dir='ltr'><strong>se</strong></span> <span class='ocrx_word' id='word_1_381' title='bbox 582 4818 852 4886; x_wconf 85' lang='lat' dir='ltr'><strong>rescripsit</strong></span> <span class='ocrx_word' id='word_1_382' title='bbox 878 4819 1222 4887; x_wconf 72' lang='lat' dir='ltr'><strong>Augustinus,</strong></span> <span class='ocrx_word' id='word_1_383' title='bbox 1264 4828 1322 4872; x_wconf 92' lang='lat' dir='ltr'><strong>ut</strong></span> <span class='ocrx_word' id='word_1_384' title='bbox 1350 4823 1603 4887; x_wconf 84' lang='lat' dir='ltr'><strong>promissa</strong></span> <span class='ocrx_word' id='word_1_385' title='bbox 1635 4822 1733 4875; x_wconf 87' lang='lat' dir='ltr'><strong>sibi</strong></span> <span class='ocrx_word' id='word_1_386' title='bbox 1762 4823 1917 4878; x_wconf 86' lang='lat' dir='ltr'><strong>Gesta</strong></span> <span class='ocrx_word' id='word_1_387' title='bbox 1947 4828 2067 4881; x_wconf 67' lang='lat' dir='ltr'><strong>mito</strong></span> 
     </span>
    </p>
   </div>
   <div class='ocr_carea' id='block_1_52' title="bbox 495 4907 2062 4977">
    <p class='ocr_par' dir='ltr' id='par_1_52' title="bbox 495 4907 2062 4977">
     <span class='ocr_line' id='line_1_52' title="bbox 495 4907 2062 4977; baseline 0.006 -18"><span class='ocrx_word' id='word_1_388' title='bbox 495 4916 692 4969; x_wconf 69' lang='lat' dir='ltr'><strong>tzmtur,</strong></span> <span class='ocrx_word' id='word_1_389' title='bbox 719 4922 838 4976; x_wconf 79' lang='lat' dir='ltr'><strong>qua:</strong></span> <span class='ocrx_word' id='word_1_390' title='bbox 858 4907 1451 4977; x_wconf 84' lang='lat' dir='ltr'><strong>scilicetquamprimum</strong></span> <span class='ocrx_word' id='word_1_391' title='bbox 1477 4927 1580 4964; x_wconf 93' lang='lat' dir='ltr'><strong>non</strong></span> <span class='ocrx_word' id='word_1_392' title='bbox 1596 4912 1751 4965; x_wconf 87' lang='lat' dir='ltr'><strong>modo</strong></span> <span class='ocrx_word' id='word_1_393' title='bbox 1770 4914 1819 4966; x_wconf 92' lang='lat' dir='ltr'><strong>in</strong></span> <span class='ocrx_word' id='word_1_394' title='bbox 1841 4916 2062 4969; x_wconf 83' lang='lat' dir='ltr'><strong>ecclesia</strong></span> 
     </span>
    </p>
   </div>
   <div class='ocr_carea' id='block_1_53' title="bbox 498 4994 2065 5069">
    <p class='ocr_par' dir='ltr' id='par_1_53' title="bbox 498 4994 2065 5069">
     <span class='ocr_line' id='line_1_53' title="bbox 498 4994 2065 5069; baseline 0.009 -22"><span class='ocrx_word' id='word_1_395' title='bbox 498 4994 821 5064; x_wconf 86' lang='lat' dir='ltr'><strong>Ilipponensi</strong></span> <span class='ocrx_word' id='word_1_396' title='bbox 848 5037 862 5061; x_wconf 93' lang='lat'><strong>,</strong></span> <span class='ocrx_word' id='word_1_397' title='bbox 907 5012 1091 5051; x_wconf 87' lang='lat' dir='ltr'><strong>verum</strong></span> <span class='ocrx_word' id='word_1_398' title='bbox 1118 4998 1293 5061; x_wconf 90' lang='lat' dir='ltr'><strong>etiam,</strong></span> <span class='ocrx_word' id='word_1_399' title='bbox 1338 5000 1381 5052; x_wconf 92' lang='lat' dir='ltr'><strong>si</strong></span> <span class='ocrx_word' id='word_1_400' title='bbox 1411 4999 1521 5053; x_wconf 86' lang='lat' dir='ltr'><strong>fieri</strong></span> <span class='ocrx_word' id='word_1_401' title='bbox 1551 5003 1733 5069; x_wconf 89' lang='lat' dir='ltr'><strong>possit,</strong></span> <span class='ocrx_word' id='word_1_402' title='bbox 1777 5004 1827 5056; x_wconf 92' lang='lat' dir='ltr'><strong>iu</strong></span> <span class='ocrx_word' id='word_1_403' title='bbox 1858 5006 2065 5061; x_wconf 71' lang='lat' dir='ltr'><strong>caneris</strong></span> 
     </span>
    </p>
   </div>
   <div class='ocr_carea' id='block_1_54' title="bbox 499 5087 2064 5160">
    <p class='ocr_par' dir='ltr' id='par_1_54' title="bbox 499 5087 2064 5160">
     <span class='ocr_line' id='line_1_54' title="bbox 499 5087 2064 5160; baseline 0.01 -26"><span class='ocrx_word' id='word_1_404' title='bbox 499 5087 743 5140; x_wconf 86' lang='lat' dir='ltr'><strong>omnibus</strong></span> <span class='ocrx_word' id='word_1_405' title='bbox 771 5087 1006 5157; x_wconf 88' lang='lat' dir='ltr'><strong>ejusdem</strong></span> <span class='ocrx_word' id='word_1_406' title='bbox 1033 5088 1326 5143; x_wconf 77' lang='lat' dir='ltr'><strong>diteceseos</strong></span> <span class='ocrx_word' id='word_1_407' title='bbox 1355 5100 1502 5145; x_wconf 91' lang='lat' dir='ltr'><strong>curet</strong></span> <span class='ocrx_word' id='word_1_408' title='bbox 1524 5091 1739 5160; x_wconf 86' lang='lat' dir='ltr'><strong>legenda</strong></span> <span class='ocrx_word' id='word_1_409' title='bbox 1771 5111 1783 5146; x_wconf 93' lang='lat'><strong>:</strong></span> <span class='ocrx_word' id='word_1_410' title='bbox 1813 5094 1915 5149; x_wconf 91' lang='lat' dir='ltr'><strong>illis</strong></span> <span class='ocrx_word' id='word_1_411' title='bbox 1938 5112 2064 5150; x_wconf 88' lang='lat' dir='ltr'><strong>vero</strong></span> 
     </span>
    </p>
   </div>
   <div class='ocr_carea' id='block_1_55' title="bbox 496 5172 2060 5255">
    <p class='ocr_par' dir='ltr' id='par_1_55' title="bbox 496 5172 2060 5255">
     <span class='ocr_line' id='line_1_55' title="bbox 496 5172 2060 5255; baseline 0.009 -31"><span class='ocrx_word' id='word_1_412' title='bbox 496 5172 810 5244; x_wconf 74' lang='lat' dir='ltr'><strong>Carthagine</strong></span> <span class='ocrx_word' id='word_1_413' title='bbox 826 5178 1284 5248; x_wconf 84' lang='lat' dir='ltr'><strong>affigendislocum</strong></span> <span class='ocrx_word' id='word_1_414' title='bbox 1306 5181 1540 5235; x_wconf 89' lang='lat' dir='ltr'><strong>omnium</strong></span> <span class='ocrx_word' id='word_1_415' title='bbox 1562 5182 2060 5255; x_wconf 88' lang='lat' dir='ltr'><strong>frequentissimum,</strong></span> 
     </span>
    </p>
   </div>
   <div class='ocr_carea' id='block_1_56' title="bbox 498 5262 2062 5343">
    <p class='ocr_par' dir='ltr' id='par_1_56' title="bbox 498 5262 2062 5343">
     <span class='ocr_line' id='line_1_56' title="bbox 498 5262 2062 5343; baseline 0.012 -29"><span class='ocrx_word' id='word_1_416' title='bbox 498 5262 610 5315; x_wconf 83' lang='lat' dir='ltr'><strong>sive</strong></span> <span class='ocrx_word' id='word_1_417' title='bbox 636 5266 683 5317; x_wconf 88' lang='lat' dir='ltr'><strong>in</strong></span> <span class='ocrx_word' id='word_1_418' title='bbox 709 5266 1060 5339; x_wconf 84' lang='lat' dir='ltr'><strong>Theoprepia,</strong></span> <span class='ocrx_word' id='word_1_419' title='bbox 1088 5272 1200 5326; x_wconf 87' lang='lat' dir='ltr'><strong>sive</strong></span> <span class='ocrx_word' id='word_1_420' title='bbox 1237 5272 1383 5338; x_wconf 91' lang='lat' dir='ltr'><strong>alibi,</strong></span> <span class='ocrx_word' id='word_1_421' title='bbox 1414 5272 1745 5343; x_wconf 86' lang='lat' dir='ltr'><strong>deligendum</strong></span> <span class='ocrx_word' id='word_1_422' title='bbox 1776 5291 1913 5331; x_wconf 91' lang='lat' dir='ltr'><strong>esse.</strong></span> <span class='ocrx_word' id='word_1_423' title='bbox 1954 5276 2062 5332; x_wconf 87' lang='lat' dir='ltr'><strong>0b-</strong></span> 
     </span>
    </p>
   </div>
   <div class='ocr_carea' id='block_1_57' title="bbox 499 5354 2061 5433">
    <p class='ocr_par' dir='ltr' id='par_1_57' title="bbox 499 5354 2061 5433">
     <span class='ocr_line' id='line_1_57' title="bbox 499 5354 2061 5433; baseline 0.011 -27"><span class='ocrx_word' id='word_1_424' title='bbox 499 5354 718 5407; x_wconf 86' lang='lat' dir='ltr'><strong>testatur</strong></span> <span class='ocrx_word' id='word_1_425' title='bbox 754 5358 945 5422; x_wconf 86' lang='lat' dir='ltr'><strong>etiam.</strong></span> <span class='ocrx_word' id='word_1_426' title='bbox 987 5377 1196 5417; x_wconf 90' lang='lat' dir='ltr'><strong>reorum</strong></span> <span class='ocrx_word' id='word_1_427' title='bbox 1227 5365 1382 5433; x_wconf 86' lang='lat' dir='ltr'><strong>capiti</strong></span> <span class='ocrx_word' id='word_1_428' title='bbox 1412 5374 1626 5433; x_wconf 88' lang='lat' dir='ltr'><strong>parcat;</strong></span> <span class='ocrx_word' id='word_1_429' title='bbox 1668 5366 1748 5419; x_wconf 89' lang='lat' dir='ltr'><strong>sin</strong></span> <span class='ocrx_word' id='word_1_430' title='bbox 1797 5376 1970 5421; x_wconf 87' lang='lat' dir='ltr'><strong>autem</strong></span> <span class='ocrx_word' id='word_1_431' title='bbox 2011 5370 2061 5423; x_wconf 92' lang='lat' dir='ltr'><strong>id</strong></span> 
     </span>
    </p>
   </div>
   <div class='ocr_carea' id='block_1_58' title="bbox 496 5446 2063 5525">
    <p class='ocr_par' dir='ltr' id='par_1_58' title="bbox 496 5446 2063 5525">
     <span class='ocr_line' id='line_1_58' title="bbox 496 5446 2063 5525; baseline 0.01 -27"><span class='ocrx_word' id='word_1_432' title='bbox 496 5446 717 5499; x_wconf 83' lang='lat' dir='ltr'><strong>concedi</strong></span> <span class='ocrx_word' id='word_1_433' title='bbox 743 5461 845 5501; x_wconf 89' lang='lat' dir='ltr'><strong>non</strong></span> <span class='ocrx_word' id='word_1_434' title='bbox 867 5452 1051 5517; x_wconf 85' lang='lat' dir='ltr'><strong>possit,</strong></span> <span class='ocrx_word' id='word_1_435' title='bbox 1080 5452 1468 5522; x_wconf 82' lang='lat' dir='ltr'><strong>binaslitteras,</strong></span> <span class='ocrx_word' id='word_1_436' title='bbox 1501 5471 1632 5525; x_wconf 91' lang='lat' dir='ltr'><strong>quas</strong></span> <span class='ocrx_word' id='word_1_437' title='bbox 1654 5456 1753 5511; x_wconf 85' lang='lat' dir='ltr'><strong>hac</strong></span> <span class='ocrx_word' id='word_1_438' title='bbox 1779 5457 1845 5512; x_wconf 90' lang='lat' dir='ltr'><strong>de</strong></span> <span class='ocrx_word' id='word_1_439' title='bbox 1871 5474 1927 5512; x_wconf 88' lang='lat' dir='ltr'><strong>re</strong></span> <span class='ocrx_word' id='word_1_440' title='bbox 1952 5460 2063 5513; x_wconf 84' lang='lat' dir='ltr'><strong>sin-</strong></span> 
     </span>
    </p>
   </div>
   <div class='ocr_carea' id='block_1_59' title="bbox 494 5536 2064 5614">
    <p class='ocr_par' dir='ltr' id='par_1_59' title="bbox 494 5536 2064 5614">
     <span class='ocr_line' id='line_1_59' title="bbox 494 5536 2064 5614; baseline 0.01 -25"><span class='ocrx_word' id='word_1_441' title='bbox 494 5536 648 5608; x_wconf 61' lang='lat' dir='ltr'><strong>aulas</strong></span> <span class='ocrx_word' id='word_1_442' title='bbox 673 5536 739 5592; x_wconf 85' lang='lat' dir='ltr'><strong>ad</strong></span> <span class='ocrx_word' id='word_1_443' title='bbox 786 5536 928 5593; x_wconf 83' lang='lat' dir='ltr'><strong>illum</strong></span> <span class='ocrx_word' id='word_1_444' title='bbox 954 5547 1009 5595; x_wconf 86' lang='lat' dir='ltr'><strong>et</strong></span> <span class='ocrx_word' id='word_1_445' title='bbox 1042 5542 1105 5595; x_wconf 89' lang='lat' dir='ltr'><strong>ad</strong></span> <span class='ocrx_word' id='word_1_446' title='bbox 1148 5545 1522 5601; x_wconf 87' lang='lat' dir='ltr'><strong>Proconsulem</strong></span> <span class='ocrx_word' id='word_1_447' title='bbox 1564 5547 1741 5614; x_wconf 87' lang='lat' dir='ltr'><strong>dedit,</strong></span> <span class='ocrx_word' id='word_1_448' title='bbox 1791 5551 2064 5604; x_wconf 74' lang='lat' dir='ltr'><strong>sententia:</strong></span> 
     </span>
    </p>
   </div>
   <div class='ocr_carea' id='block_1_60' title="bbox 496 5632 2066 5710">
    <p class='ocr_par' dir='ltr' id='par_1_60' title="bbox 496 5632 2066 5710">
     <span class='ocr_line' id='line_1_60' title="bbox 496 5632 2066 5710; baseline 0.006 -24"><span class='ocrx_word' id='word_1_449' title='bbox 496 5633 725 5695; x_wconf 78' lang='lat' dir='ltr'><strong>inserat;</strong></span> <span class='ocrx_word' id='word_1_450' title='bbox 772 5639 858 5684; x_wconf 86' lang='lat' dir='ltr'><strong>aut</strong></span> <span class='ocrx_word' id='word_1_451' title='bbox 900 5632 1084 5687; x_wconf 86' lang='lat' dir='ltr'><strong>saltem</strong></span> <span class='ocrx_word' id='word_1_452' title='bbox 1116 5646 1295 5689; x_wconf 83' lang='lat' dir='ltr'><strong>sontes</strong></span> <span class='ocrx_word' id='word_1_453' title='bbox 1334 5639 1383 5690; x_wconf 88' lang='lat' dir='ltr'><strong>in</strong></span> <span class='ocrx_word' id='word_1_454' title='bbox 1422 5640 1659 5693; x_wconf 85' lang='lat' dir='ltr'><strong>custodia</strong></span> <span class='ocrx_word' id='word_1_455' title='bbox 1693 5640 1944 5710; x_wconf 85' lang='lat' dir='ltr'><strong>tantisper</strong></span> <span class='ocrx_word' id='word_1_456' title='bbox 1972 5641 2066 5695; x_wconf 86' lang='lat' dir='ltr'><strong>ha-</strong></span> 
     </span>
    </p>
   </div>
   <div class='ocr_carea' id='block_1_61' title="bbox 1631 268 2641 345">
    <p class='ocr_par' dir='ltr' id='par_1_61' title="bbox 1631 268 2641 345">
     <span class='ocr_line' id='line_1_61' title="bbox 1631 268 2641 345; baseline -0.001 -2"><span class='ocrx_word' id='word_1_457' title='bbox 1631 268 1784 344; x_wconf 80' lang='lat' dir='ltr'><strong>\‘lTA</strong></span> <span class='ocrx_word' id='word_1_458' title='bbox 1825 288 1880 344; x_wconf 91' lang='lat' dir='ltr'><strong>s.</strong></span> <span class='ocrx_word' id='word_1_459' title='bbox 1922 287 2283 345; x_wconf 79' lang='lat' dir='ltr'><strong>AUGUSTINI</strong></span> <span class='ocrx_word' id='word_1_460' title='bbox 2324 285 2641 343; x_wconf 82' lang='lat' dir='ltr'><strong>EPISCOPI.</strong></span> 
     </span>
    </p>
   </div>
   <div class='ocr_carea' id='block_1_62' title="bbox 3664 295 3775 353">
    <p class='ocr_par' dir='ltr' id='par_1_62' title="bbox 3664 295 3775 353">
     <span class='ocr_line' id='line_1_62' title="bbox 3664 295 3775 353; baseline 0 -1"><span class='ocrx_word' id='word_1_461' title='bbox 3664 295 3775 353; x_wconf 60' lang='lat'><strong>452</strong></span> 
     </span>
    </p>
   </div>
   <div class='ocr_carea' id='block_1_63' title="bbox 2199 401 3775 480">
    <p class='ocr_par' dir='ltr' id='par_1_63' title="bbox 2199 401 3775 480">
     <span class='ocr_line' id='line_1_63' title="bbox 2199 401 3775 480; baseline 0.008 -25"><span class='ocrx_word' id='word_1_462' title='bbox 2199 401 2450 467; x_wconf 90' lang='lat' dir='ltr'><strong>bcantur,</strong></span> <span class='ocrx_word' id='word_1_463' title='bbox 2480 403 2602 455; x_wconf 88' lang='lat' dir='ltr'><strong>dum</strong></span> <span class='ocrx_word' id='word_1_464' title='bbox 2636 402 2735 457; x_wconf 92' lang='lat' dir='ltr'><strong>illis</strong></span> <span class='ocrx_word' id='word_1_465' title='bbox 2758 404 2962 458; x_wconf 79' lang='lat' dir='ltr'><strong>veniam</strong></span> <span class='ocrx_word' id='word_1_466' title='bbox 2988 405 3054 460; x_wconf 91' lang='lat' dir='ltr'><strong>de</strong></span> <span class='ocrx_word' id='word_1_467' title='bbox 3082 407 3359 463; x_wconf 88' lang='lat' dir='ltr'><strong>clementia</strong></span> <span class='ocrx_word' id='word_1_468' title='bbox 3390 408 3775 480; x_wconf 84' lang='lat' dir='ltr'><strong>Imperatorqu</strong></span> 
     </span>
    </p>
   </div>
   <div class='ocr_carea' id='block_1_64' title="bbox 2198 490 3849 575">
    <p class='ocr_par' dir='ltr' id='par_1_64' title="bbox 2198 490 3849 575">
     <span class='ocr_line' id='line_1_64' title="bbox 2198 490 3849 575; baseline 0.008 -32"><span class='ocrx_word' id='word_1_469' title='bbox 2198 490 2478 559; x_wconf 86' lang='lat' dir='ltr'><strong>impetrare</strong></span> <span class='ocrx_word' id='word_1_470' title='bbox 2498 492 2704 547; x_wconf 85' lang='lat' dir='ltr'><strong>curabit</strong></span> <span class='ocrx_word' id='word_1_471' title='bbox 2728 510 2739 544; x_wconf 88' lang='lat'><strong>:</strong></span> <span class='ocrx_word' id='word_1_472' title='bbox 2769 495 2961 562; x_wconf 88' lang='lat' dir='ltr'><strong>quippe</strong></span> <span class='ocrx_word' id='word_1_473' title='bbox 2978 497 3064 562; x_wconf 87' lang='lat' dir='ltr'><strong>qtti</strong></span> <span class='ocrx_word' id='word_1_474' title='bbox 3086 497 3263 563; x_wconf 89' lang='lat' dir='ltr'><strong>sciret,</strong></span> <span class='ocrx_word' id='word_1_475' title='bbox 3286 497 3777 556; x_wconf 81' lang='lat' dir='ltr'><strong>GentilibusAnau-</strong></span> <span class='ocrx_word' id='word_1_476' title='bbox 3842 568 3849 575; x_wconf 17' lang='grc' dir='ltr'><strong>κ</strong></span> 
     </span>
    </p>
   </div>
   <div class='ocr_carea' id='block_1_65' title="bbox 2197 584 3778 662">
    <p class='ocr_par' dir='ltr' id='par_1_65' title="bbox 2197 584 3778 662">
     <span class='ocr_line' id='line_1_65' title="bbox 2197 584 3778 662; baseline 0.009 -27"><span class='ocrx_word' id='word_1_477' title='bbox 2197 584 2438 637; x_wconf 88' lang='lat' dir='ltr'><strong>nensium</strong></span> <span class='ocrx_word' id='word_1_478' title='bbox 2467 594 2757 654; x_wconf 77' lang='lat' dir='ltr'><strong>martyrum</strong></span> <span class='ocrx_word' id='word_1_479' title='bbox 2784 586 3204 643; x_wconf 86' lang='lat' dir='ltr'><strong>interfectoribus</strong></span> <span class='ocrx_word' id='word_1_480' title='bbox 3224 600 3349 645; x_wconf 85' lang='lat' dir='ltr'><strong>ante</strong></span> <span class='ocrx_word' id='word_1_481' title='bbox 3375 592 3572 662; x_wconf 87' lang='lat' dir='ltr'><strong>aliquot</strong></span> <span class='ocrx_word' id='word_1_482' title='bbox 3598 611 3778 649; x_wconf 86' lang='lat' dir='ltr'><strong>annos</strong></span> 
     </span>
    </p>
   </div>
   <div class='ocr_carea' id='block_1_66' title="bbox 2196 672 3779 749">
    <p class='ocr_par' dir='ltr' id='par_1_66' title="bbox 2196 672 3779 749">
     <span class='ocr_line' id='line_1_66' title="bbox 2196 672 3779 749; baseline 0.011 -24"><span class='ocrx_word' id='word_1_483' title='bbox 2196 672 2571 743; x_wconf 86' lang='lat' dir='ltr'><strong>Imperatorem</strong></span> <span class='ocrx_word' id='word_1_484' title='bbox 2614 687 2893 744; x_wconf 84' lang='lat' dir='ltr'><strong>rogatum,</strong></span> <span class='ocrx_word' id='word_1_485' title='bbox 2940 693 3008 732; x_wconf 88' lang='lat' dir='ltr'><strong>ne</strong></span> <span class='ocrx_word' id='word_1_486' title='bbox 3032 690 3203 733; x_wconf 89' lang='lat' dir='ltr'><strong>morte</strong></span> <span class='ocrx_word' id='word_1_487' title='bbox 3231 684 3571 749; x_wconf 88' lang='lat' dir='ltr'><strong>punirentur.</strong></span> <span class='ocrx_word' id='word_1_488' title='bbox 3616 686 3779 742; x_wconf 86' lang='lat' dir='ltr'><strong>facile</strong></span> 
     </span>
    </p>
   </div>
   <div class='ocr_carea' id='block_1_67' title="bbox 2197 763 3777 844">
    <p class='ocr_par' dir='ltr' id='par_1_67' title="bbox 2197 763 3777 844">
     <span class='ocr_line' id='line_1_67' title="bbox 2197 763 3777 844; baseline 0.009 -29"><span class='ocrx_word' id='word_1_489' title='bbox 2197 765 2541 818; x_wconf 82' lang='lat' dir='ltr'><strong>concessisse.</strong></span> <span class='ocrx_word' id='word_1_490' title='bbox 2574 763 2819 830; x_wconf 86' lang='lat' dir='ltr'><strong>Queritur</strong></span> <span class='ocrx_word' id='word_1_491' title='bbox 2846 775 2899 819; x_wconf 88' lang='lat' dir='ltr'><strong>et</strong></span> <span class='ocrx_word' id='word_1_492' title='bbox 2923 768 2989 820; x_wconf 91' lang='lat' dir='ltr'><strong>de</strong></span> <span class='ocrx_word' id='word_1_493' title='bbox 3019 768 3222 836; x_wconf 90' lang='lat' dir='ltr'><strong>injuriis</strong></span> <span class='ocrx_word' id='word_1_494' title='bbox 3245 786 3306 825; x_wconf 86' lang='lat' dir='ltr'><strong>ac</strong></span> <span class='ocrx_word' id='word_1_495' title='bbox 3334 772 3619 838; x_wconf 84' lang='lat' dir='ltr'><strong>violentiis,</strong></span> <span class='ocrx_word' id='word_1_496' title='bbox 3649 776 3777 844; x_wconf 85' lang='lat' dir='ltr'><strong>qui-</strong></span> 
     </span>
    </p>
   </div>
   <div class='ocr_carea' id='block_1_68' title="bbox 2197 854 3779 934">
    <p class='ocr_par' dir='ltr' id='par_1_68' title="bbox 2197 854 3779 934">
     <span class='ocr_line' id='line_1_68' title="bbox 2197 854 3779 934; baseline 0.008 -26"><span class='ocrx_word' id='word_1_497' title='bbox 2197 854 2294 908; x_wconf 85' lang='lat' dir='ltr'><strong>bus</strong></span> <span class='ocrx_word' id='word_1_498' title='bbox 2321 856 2372 908; x_wconf 93' lang='lat' dir='ltr'><strong>iu</strong></span> <span class='ocrx_word' id='word_1_499' title='bbox 2410 856 2625 909; x_wconf 74' lang='lat' dir='ltr'><strong>dimcesi</strong></span> <span class='ocrx_word' id='word_1_500' title='bbox 2664 873 2755 909; x_wconf 89' lang='lat' dir='ltr'><strong>sua</strong></span> <span class='ocrx_word' id='word_1_501' title='bbox 2804 857 3164 927; x_wconf 74' lang='lat' dir='ltr'><strong>Stltismatiei,</strong></span> <span class='ocrx_word' id='word_1_502' title='bbox 3212 861 3476 918; x_wconf 82' lang='lat' dir='ltr'><strong>Macrobio</strong></span> <span class='ocrx_word' id='word_1_503' title='bbox 3519 868 3779 934; x_wconf 89' lang='lat' dir='ltr'><strong>episcopo</strong></span> 
     </span>
    </p>
   </div>
   <div class='ocr_carea' id='block_1_69' title="bbox 2194 946 3780 1024">
    <p class='ocr_par' dir='ltr' id='par_1_69' title="bbox 2194 946 3780 1024">
     <span class='ocr_line' id='line_1_69' title="bbox 2194 946 3780 1024; baseline 0.006 -25"><span class='ocrx_word' id='word_1_504' title='bbox 2194 946 2328 999; x_wconf 91' lang='lat' dir='ltr'><strong>duce</strong></span> <span class='ocrx_word' id='word_1_505' title='bbox 2348 986 2363 1011; x_wconf 95' lang='lat'><strong>,</strong></span> <span class='ocrx_word' id='word_1_506' title='bbox 2396 947 2627 1001; x_wconf 83' lang='lat' dir='ltr'><strong>insanire</strong></span> <span class='ocrx_word' id='word_1_507' title='bbox 2659 963 2721 1000; x_wconf 90' lang='lat' dir='ltr'><strong>ac</strong></span> <span class='ocrx_word' id='word_1_508' title='bbox 2762 947 3079 1003; x_wconf 85' lang='lat' dir='ltr'><strong>debacchari</strong></span> <span class='ocrx_word' id='word_1_509' title='bbox 3108 953 3417 1020; x_wconf 82' lang='lat' dir='ltr'><strong>pergebant.</strong></span> <span class='ocrx_word' id='word_1_510' title='bbox 3459 954 3591 1009; x_wconf 86' lang='lat' dir='ltr'><strong>Nam</strong></span> <span class='ocrx_word' id='word_1_511' title='bbox 3635 971 3780 1024; x_wconf 84' lang='lat' dir='ltr'><strong>quas</strong></span> 
     </span>
    </p>
   </div>
   <div class='ocr_carea' id='block_1_70' title="bbox 2197 1036 3774 1108">
    <p class='ocr_par' dir='ltr' id='par_1_70' title="bbox 2197 1036 3774 1108">
     <span class='ocr_line' id='line_1_70' title="bbox 2197 1036 3774 1108; baseline 0.008 -19"><span class='ocrx_word' id='word_1_512' title='bbox 2197 1036 2428 1090; x_wconf 86' lang='lat' dir='ltr'><strong>locorum</strong></span> <span class='ocrx_word' id='word_1_513' title='bbox 2452 1037 2648 1091; x_wconf 91' lang='lat' dir='ltr'><strong>domini</strong></span> <span class='ocrx_word' id='word_1_514' title='bbox 2672 1081 2684 1100; x_wconf 93' lang='lat'><strong>,</strong></span> <span class='ocrx_word' id='word_1_515' title='bbox 2715 1039 2886 1108; x_wconf 86' lang='lat' dir='ltr'><strong>legum</strong></span> <span class='ocrx_word' id='word_1_516' title='bbox 2920 1043 3109 1095; x_wconf 87' lang='lat' dir='ltr'><strong>timore</strong></span> <span class='ocrx_word' id='word_1_517' title='bbox 3136 1043 3310 1108; x_wconf 91' lang='lat' dir='ltr'><strong>ducti,</strong></span> <span class='ocrx_word' id='word_1_518' title='bbox 3340 1046 3639 1101; x_wconf 84' lang='lat' dir='ltr'><strong>clauserant</strong></span> <span class='ocrx_word' id='word_1_519' title='bbox 3661 1049 3774 1100; x_wconf 87' lang='lat' dir='ltr'><strong>Do-</strong></span> 
     </span>
    </p>
   </div>
   <div class='ocr_carea' id='block_1_71' title="bbox 2196 1128 3773 1205">
    <p class='ocr_par' dir='ltr' id='par_1_71' title="bbox 2196 1128 3773 1205">
     <span class='ocr_line' id='line_1_71' title="bbox 2196 1128 3773 1205; baseline 0.008 -25"><span class='ocrx_word' id='word_1_520' title='bbox 2196 1128 2504 1182; x_wconf 88' lang='lat' dir='ltr'><strong>natistarum</strong></span> <span class='ocrx_word' id='word_1_521' title='bbox 2551 1129 2825 1194; x_wconf 88' lang='lat' dir='ltr'><strong>basilicas,</strong></span> <span class='ocrx_word' id='word_1_522' title='bbox 2870 1130 2966 1185; x_wconf 84' lang='lat' dir='ltr'><strong>has</strong></span> <span class='ocrx_word' id='word_1_523' title='bbox 3008 1133 3302 1188; x_wconf 86' lang='lat' dir='ltr'><strong>Macrobius</strong></span> <span class='ocrx_word' id='word_1_524' title='bbox 3344 1152 3773 1205; x_wconf 86' lang='lat' dir='ltr'><strong>quoquoversum</strong></span> 
     </span>
    </p>
   </div>
   <div class='ocr_carea' id='block_1_72' title="bbox 2193 1219 3775 1289">
    <p class='ocr_par' dir='ltr' id='par_1_72' title="bbox 2193 1219 3775 1289">
     <span class='ocr_line' id='line_1_72' title="bbox 2193 1219 3775 1289; baseline 0.009 -20"><span class='ocrx_word' id='word_1_525' title='bbox 2193 1219 2455 1273; x_wconf 78' lang='lat' dir='ltr'><strong>cursitans</strong></span> <span class='ocrx_word' id='word_1_526' title='bbox 2482 1235 2601 1274; x_wconf 91' lang='lat' dir='ltr'><strong>cum</strong></span> <span class='ocrx_word' id='word_1_527' title='bbox 2642 1221 2967 1289; x_wconf 87' lang='lat' dir='ltr'><strong>perditorum</strong></span> <span class='ocrx_word' id='word_1_528' title='bbox 3000 1223 3269 1279; x_wconf 89' lang='lat' dir='ltr'><strong>hominum</strong></span> <span class='ocrx_word' id='word_1_529' title='bbox 3291 1242 3353 1281; x_wconf 91' lang='lat' dir='ltr'><strong>ac</strong></span> <span class='ocrx_word' id='word_1_530' title='bbox 3378 1229 3656 1282; x_wconf 87' lang='lat' dir='ltr'><strong>muliertnn</strong></span> <span class='ocrx_word' id='word_1_531' title='bbox 3678 1244 3775 1282; x_wconf 85' lang='lat' dir='ltr'><strong>sa-</strong></span> 
     </span>
    </p>
   </div>
   <div class='ocr_carea' id='block_1_73' title="bbox 2196 1305 3775 1382">
    <p class='ocr_par' dir='ltr' id='par_1_73' title="bbox 2196 1305 3775 1382">
     <span class='ocr_line' id='line_1_73' title="bbox 2196 1305 3775 1382; baseline 0.006 -20"><span class='ocrx_word' id='word_1_532' title='bbox 2196 1310 2397 1371; x_wconf 83' lang='lat' dir='ltr'><strong>tellitio,</strong></span> <span class='ocrx_word' id='word_1_533' title='bbox 2424 1325 2515 1378; x_wconf 81' lang='lat' dir='ltr'><strong>per</strong></span> <span class='ocrx_word' id='word_1_534' title='bbox 2533 1311 2634 1362; x_wconf 84' lang='lat' dir='ltr'><strong>vim</strong></span> <span class='ocrx_word' id='word_1_535' title='bbox 2661 1313 2850 1378; x_wconf 87' lang='lat' dir='ltr'><strong>aperiri</strong></span> <span class='ocrx_word' id='word_1_536' title='bbox 2879 1313 2976 1366; x_wconf 91' lang='lat' dir='ltr'><strong>sibi</strong></span> <span class='ocrx_word' id='word_1_537' title='bbox 3002 1314 3239 1382; x_wconf 83' lang='lat' dir='ltr'><strong>jubebat.</strong></span> <span class='ocrx_word' id='word_1_538' title='bbox 3272 1316 3649 1371; x_wconf 78' lang='lat' dir='ltr'><strong>llazrcticorum</strong></span> <span class='ocrx_word' id='word_1_539' title='bbox 3670 1305 3775 1371; x_wconf 55' lang='lat' dir='ltr'><strong>au¥</strong></span> 
     </span>
    </p>
   </div>
   <div class='ocr_carea' id='block_1_74' title="bbox 2192 1399 3775 1477">
    <p class='ocr_par' dir='ltr' id='par_1_74' title="bbox 2192 1399 3775 1477">
     <span class='ocr_line' id='line_1_74' title="bbox 2192 1399 3775 1477; baseline 0.008 -26"><span class='ocrx_word' id='word_1_540' title='bbox 2192 1399 2393 1453; x_wconf 88' lang='lat' dir='ltr'><strong>daciam</strong></span> <span class='ocrx_word' id='word_1_541' title='bbox 2417 1401 2651 1455; x_wconf 88' lang='lat' dir='ltr'><strong>nonnihil</strong></span> <span class='ocrx_word' id='word_1_542' title='bbox 2668 1401 2944 1468; x_wconf 86' lang='lat' dir='ltr'><strong>Spondeus</strong></span> <span class='ocrx_word' id='word_1_543' title='bbox 2959 1405 3272 1469; x_wconf 87' lang='lat' dir='ltr'><strong>frcuaverat,</strong></span> <span class='ocrx_word' id='word_1_544' title='bbox 3295 1408 3631 1474; x_wconf 82' lang='lat' dir='ltr'><strong>praediorum,</strong></span> <span class='ocrx_word' id='word_1_545' title='bbox 3647 1425 3775 1477; x_wconf 70' lang='lat' dir='ltr'><strong>qua:</strong></span> 
     </span>
    </p>
   </div>
   <div class='ocr_carea' id='block_1_75' title="bbox 2191 1490 3774 1566">
    <p class='ocr_par' dir='ltr' id='par_1_75' title="bbox 2191 1490 3774 1566">
     <span class='ocr_line' id='line_1_75' title="bbox 2191 1490 3774 1566; baseline 0.007 -23"><span class='ocrx_word' id='word_1_546' title='bbox 2191 1490 2345 1544; x_wconf 88' lang='lat' dir='ltr'><strong>Celer</strong></span> <span class='ocrx_word' id='word_1_547' title='bbox 2385 1491 2638 1560; x_wconf 90' lang='lat' dir='ltr'><strong>dignitate</strong></span> <span class='ocrx_word' id='word_1_548' title='bbox 2665 1494 2744 1547; x_wconf 87' lang='lat' dir='ltr'><strong>vir</strong></span> <span class='ocrx_word' id='word_1_549' title='bbox 2785 1496 3108 1550; x_wconf 81' lang='lat' dir='ltr'><strong>clarissimus</strong></span> <span class='ocrx_word' id='word_1_550' title='bbox 3150 1498 3199 1550; x_wconf 92' lang='lat' dir='ltr'><strong>in</strong></span> <span class='ocrx_word' id='word_1_551' title='bbox 3228 1498 3552 1566; x_wconf 82' lang='lat' dir='ltr'><strong>Hipponensi</strong></span> <span class='ocrx_word' id='word_1_552' title='bbox 3595 1509 3774 1554; x_wconf 87' lang='lat' dir='ltr'><strong>tractu</strong></span> 
     </span>
    </p>
   </div>
   <div class='ocr_carea' id='block_1_76' title="bbox 2195 1581 3775 1658">
    <p class='ocr_par' dir='ltr' id='par_1_76' title="bbox 2195 1581 3775 1658">
     <span class='ocr_line' id='line_1_76' title="bbox 2195 1581 3775 1658; baseline 0.008 -26"><span class='ocrx_word' id='word_1_553' title='bbox 2195 1581 2526 1649; x_wconf 85' lang='lat' dir='ltr'><strong>possidebat,</strong></span> <span class='ocrx_word' id='word_1_554' title='bbox 2554 1592 2880 1650; x_wconf 87' lang='lat' dir='ltr'><strong>procurator.</strong></span> <span class='ocrx_word' id='word_1_555' title='bbox 2929 1585 3031 1639; x_wconf 90' lang='lat' dir='ltr'><strong>Sed</strong></span> <span class='ocrx_word' id='word_1_556' title='bbox 3063 1600 3181 1638; x_wconf 89' lang='lat' dir='ltr'><strong>cum</strong></span> <span class='ocrx_word' id='word_1_557' title='bbox 3222 1588 3267 1640; x_wconf 90' lang='lat' dir='ltr'><strong>is</strong></span> <span class='ocrx_word' id='word_1_558' title='bbox 3302 1587 3674 1658; x_wconf 83' lang='lat' dir='ltr'><strong>Carthaginem</strong></span> <span class='ocrx_word' id='word_1_559' title='bbox 3709 1604 3775 1644; x_wconf 86' lang='lat' dir='ltr'><strong>se</strong></span> 
     </span>
    </p>
   </div>
   <div class='ocr_carea' id='block_1_77' title="bbox 2190 1671 3773 1733">
    <p class='ocr_par' dir='ltr' id='par_1_77' title="bbox 2190 1671 3773 1733">
     <span class='ocr_line' id='line_1_77' title="bbox 2190 1671 3773 1733; baseline 0.007 -11"><span class='ocrx_word' id='word_1_560' title='bbox 2190 1671 2517 1732; x_wconf 84' lang='lat' dir='ltr'><strong>contulisset,</strong></span> <span class='ocrx_word' id='word_1_561' title='bbox 2538 1674 2786 1726; x_wconf 80' lang='lat' dir='ltr'><strong>reseratis</strong></span> <span class='ocrx_word' id='word_1_562' title='bbox 2799 1674 2974 1727; x_wconf 88' lang='lat' dir='ltr'><strong>statim</strong></span> <span class='ocrx_word' id='word_1_563' title='bbox 2988 1675 3226 1730; x_wconf 89' lang='lat' dir='ltr'><strong>ecclesiis</strong></span> <span class='ocrx_word' id='word_1_564' title='bbox 3238 1677 3531 1733; x_wconf 68' lang='lat' dir='ltr'><strong>Macroblus</strong></span> <span class='ocrx_word' id='word_1_565' title='bbox 3548 1696 3773 1733; x_wconf 89' lang='lat' dir='ltr'><strong>suorum</strong></span> 
     </span>
    </p>
   </div>
   <div class='ocr_carea' id='block_1_78' title="bbox 2191 1760 3773 1836">
    <p class='ocr_par' dir='ltr' id='par_1_78' title="bbox 2191 1760 3773 1836">
     <span class='ocr_line' id='line_1_78' title="bbox 2191 1760 3773 1836; baseline 0.008 -25"><span class='ocrx_word' id='word_1_566' title='bbox 2191 1760 2553 1815; x_wconf 88' lang='lat' dir='ltr'><strong>conventicula</strong></span> <span class='ocrx_word' id='word_1_567' title='bbox 2584 1763 2633 1815; x_wconf 91' lang='lat' dir='ltr'><strong>in</strong></span> <span class='ocrx_word' id='word_1_568' title='bbox 2672 1762 2798 1831; x_wconf 91' lang='lat' dir='ltr'><strong>ipsis</strong></span> <span class='ocrx_word' id='word_1_569' title='bbox 2822 1763 3023 1818; x_wconf 89' lang='lat' dir='ltr'><strong>Celeris</strong></span> <span class='ocrx_word' id='word_1_570' title='bbox 3045 1774 3137 1818; x_wconf 89' lang='lat' dir='ltr'><strong>aut</strong></span> <span class='ocrx_word' id='word_1_571' title='bbox 3161 1766 3390 1834; x_wconf 91' lang='lat' dir='ltr'><strong>Spondei</strong></span> <span class='ocrx_word' id='word_1_572' title='bbox 3415 1770 3773 1836; x_wconf 84' lang='lat' dir='ltr'><strong>possessioni-</strong></span> 
     </span>
    </p>
   </div>
   <div class='ocr_carea' id='block_1_79' title="bbox 2194 1850 3771 1926">
    <p class='ocr_par' dir='ltr' id='par_1_79' title="bbox 2194 1850 3771 1926">
     <span class='ocr_line' id='line_1_79' title="bbox 2194 1850 3771 1926; baseline 0.008 -23"><span class='ocrx_word' id='word_1_573' title='bbox 2194 1850 2291 1903; x_wconf 89' lang='lat' dir='ltr'><strong>bus</strong></span> <span class='ocrx_word' id='word_1_574' title='bbox 2317 1850 2589 1906; x_wconf 84' lang='lat' dir='ltr'><strong>habuerat.</strong></span> <span class='ocrx_word' id='word_1_575' title='bbox 2618 1854 2781 1907; x_wconf 89' lang='lat' dir='ltr'><strong>Porro</strong></span> <span class='ocrx_word' id='word_1_576' title='bbox 2811 1870 2914 1907; x_wconf 92' lang='lat' dir='ltr'><strong>non</strong></span> <span class='ocrx_word' id='word_1_577' title='bbox 2944 1855 3053 1908; x_wconf 88' lang='lat' dir='ltr'><strong>sola</strong></span> <span class='ocrx_word' id='word_1_578' title='bbox 3083 1856 3647 1926; x_wconf 77' lang='lat' dir='ltr'><strong>Hippone-Regicnsis,</strong></span> <span class='ocrx_word' id='word_1_579' title='bbox 3671 1862 3771 1915; x_wconf 88' lang='lat' dir='ltr'><strong>sed</strong></span> 
     </span>
    </p>
   </div>
   <div class='ocr_carea' id='block_1_80' title="bbox 2190 1938 3771 2016">
    <p class='ocr_par' dir='ltr' id='par_1_80' title="bbox 2190 1938 3771 2016">
     <span class='ocr_line' id='line_1_80' title="bbox 2190 1938 3771 2016; baseline 0.009 -26"><span class='ocrx_word' id='word_1_580' title='bbox 2190 1938 2307 1991; x_wconf 77' lang='lat' dir='ltr'><strong>alia:</strong></span> <span class='ocrx_word' id='word_1_581' title='bbox 2353 1956 2560 2009; x_wconf 90' lang='lat' dir='ltr'><strong>quoque</strong></span> <span class='ocrx_word' id='word_1_582' title='bbox 2609 1957 2703 2011; x_wconf 90' lang='lat' dir='ltr'><strong>per</strong></span> <span class='ocrx_word' id='word_1_583' title='bbox 2739 1942 3035 1997; x_wconf 89' lang='lat' dir='ltr'><strong>Numidiam</strong></span> <span class='ocrx_word' id='word_1_584' title='bbox 3084 1946 3333 2001; x_wconf 72' lang='lat' dir='ltr'><strong>Ecclesia:</strong></span> <span class='ocrx_word' id='word_1_585' title='bbox 3378 1950 3683 2016; x_wconf 84' lang='lat' dir='ltr'><strong>graviorem</strong></span> <span class='ocrx_word' id='word_1_586' title='bbox 3736 1967 3771 2005; x_wconf 84' lang='lat' dir='ltr'><strong>a</strong></span> 
     </span>
    </p>
   </div>
   <div class='ocr_carea' id='block_1_81' title="bbox 2192 2027 3771 2110">
    <p class='ocr_par' dir='ltr' id='par_1_81' title="bbox 2192 2027 3771 2110">
     <span class='ocr_line' id='line_1_81' title="bbox 2192 2027 3771 2110; baseline 0.009 -29"><span class='ocrx_word' id='word_1_587' title='bbox 2192 2027 2475 2082; x_wconf 86' lang='lat' dir='ltr'><strong>Donatistis</strong></span> <span class='ocrx_word' id='word_1_588' title='bbox 2524 2032 2813 2086; x_wconf 86' lang='lat' dir='ltr'><strong>tolerabant</strong></span> <span class='ocrx_word' id='word_1_589' title='bbox 2869 2037 3297 2105; x_wconf 79' lang='lat' dir='ltr'><strong>exagitationem.</strong></span> <span class='ocrx_word' id='word_1_590' title='bbox 3337 2039 3428 2092; x_wconf 79' lang='lat' dir='ltr'><strong>Il;c</strong></span> <span class='ocrx_word' id='word_1_591' title='bbox 3468 2054 3528 2093; x_wconf 90' lang='lat' dir='ltr'><strong>ut</strong></span> <span class='ocrx_word' id='word_1_592' title='bbox 3566 2042 3771 2110; x_wconf 87' lang='lat' dir='ltr'><strong>aliquid</strong></span> 
     </span>
    </p>
   </div>
   <div class='ocr_carea' id='block_1_82' title="bbox 2191 2118 3767 2198">
    <p class='ocr_par' dir='ltr' id='par_1_82' title="bbox 2191 2118 3767 2198">
     <span class='ocr_line' id='line_1_82' title="bbox 2191 2118 3767 2198; baseline 0.01 -29"><span class='ocrx_word' id='word_1_593' title='bbox 2191 2118 2418 2186; x_wconf 71' lang='lat' dir='ltr'><strong>praesidii</strong></span> <span class='ocrx_word' id='word_1_594' title='bbox 2460 2120 2713 2175; x_wconf 86' lang='lat' dir='ltr'><strong>adversus</strong></span> <span class='ocrx_word' id='word_1_595' title='bbox 2739 2124 3018 2178; x_wconf 88' lang='lat' dir='ltr'><strong>imminens</strong></span> <span class='ocrx_word' id='word_1_596' title='bbox 3048 2128 3336 2194; x_wconf 89' lang='lat' dir='ltr'><strong>periculum</strong></span> <span class='ocrx_word' id='word_1_597' title='bbox 3368 2130 3465 2183; x_wconf 89' lang='lat' dir='ltr'><strong>sibi</strong></span> <span class='ocrx_word' id='word_1_598' title='bbox 3492 2145 3767 2198; x_wconf 87' lang='lat' dir='ltr'><strong>pararent,</strong></span> 
     </span>
    </p>
   </div>
   <div class='ocr_carea' id='block_1_83' title="bbox 2193 2211 3770 2289">
    <p class='ocr_par' dir='ltr' id='par_1_83' title="bbox 2193 2211 3770 2289">
     <span class='ocr_line' id='line_1_83' title="bbox 2193 2211 3770 2289; baseline 0.01 -26"><span class='ocrx_word' id='word_1_599' title='bbox 2193 2211 2507 2280; x_wconf 86' lang='lat' dir='ltr'><strong>Delphinum</strong></span> <span class='ocrx_word' id='word_1_600' title='bbox 2548 2215 2854 2284; x_wconf 80' lang='lat' dir='ltr'><strong>episcOpurn</strong></span> <span class='ocrx_word' id='word_1_601' title='bbox 2898 2216 3266 2289; x_wconf 87' lang='lat' dir='ltr'><strong>Carthaginem</strong></span> <span class='ocrx_word' id='word_1_602' title='bbox 3307 2223 3518 2276; x_wconf 90' lang='lat' dir='ltr'><strong>misere.</strong></span> <span class='ocrx_word' id='word_1_603' title='bbox 3564 2224 3770 2278; x_wconf 81' lang='lat' dir='ltr'><strong>Ibidem</strong></span> 
     </span>
    </p>
   </div>
   <div class='ocr_carea' id='block_1_84' title="bbox 2188 2305 3807 2382">
    <p class='ocr_par' dir='ltr' id='par_1_84' title="bbox 2188 2305 3807 2382">
     <span class='ocr_line' id='line_1_84' title="bbox 2188 2305 3807 2382; baseline 0.009 -27"><span class='ocrx_word' id='word_1_604' title='bbox 2188 2312 2302 2356; x_wconf 90' lang='lat' dir='ltr'><strong>erat</strong></span> <span class='ocrx_word' id='word_1_605' title='bbox 2326 2305 2535 2372; x_wconf 86' lang='lat' dir='ltr'><strong>quidam</strong></span> <span class='ocrx_word' id='word_1_606' title='bbox 2558 2307 2833 2376; x_wconf 82' lang='lat' dir='ltr'><strong>Augustini</strong></span> <span class='ocrx_word' id='word_1_607' title='bbox 2862 2310 3157 2381; x_wconf 87' lang='lat' dir='ltr'><strong>presbyter,</strong></span> <span class='ocrx_word' id='word_1_608' title='bbox 3185 2313 3251 2365; x_wconf 88' lang='lat' dir='ltr'><strong>ad</strong></span> <span class='ocrx_word' id='word_1_609' title='bbox 3278 2329 3433 2382; x_wconf 89' lang='lat' dir='ltr'><strong>quem</strong></span> <span class='ocrx_word' id='word_1_610' title='bbox 3464 2315 3508 2366; x_wconf 89' lang='lat' dir='ltr'><strong>is</strong></span> <span class='ocrx_word' id='word_1_611' title='bbox 3527 2331 3771 2369; x_wconf 74' lang='lat' dir='ltr'><strong>comtno~</strong></span> <span class='ocrx_word' id='word_1_612' title='bbox 3802 2328 3807 2329; x_wconf 66' lang='lat'>’</span> 
     </span>
    </p>
   </div>
   <div class='ocr_carea' id='block_1_85' title="bbox 2192 2392 3768 2471">
    <p class='ocr_par' dir='ltr' id='par_1_85' title="bbox 2192 2392 3768 2471">
     <span class='ocr_line' id='line_1_85' title="bbox 2192 2392 3768 2471; baseline 0.011 -29"><span class='ocrx_word' id='word_1_613' title='bbox 2192 2392 2440 2445; x_wconf 89' lang='lat' dir='ltr'><strong>nitorium</strong></span> <span class='ocrx_word' id='word_1_614' title='bbox 2466 2408 2557 2461; x_wconf 88' lang='lat' dir='ltr'><strong>per</strong></span> <span class='ocrx_word' id='word_1_615' title='bbox 2586 2394 2924 2463; x_wconf 83' lang='lat' dir='ltr'><strong>Peregrinum</strong></span> <span class='ocrx_word' id='word_1_616' title='bbox 2950 2398 3229 2455; x_wconf 90' lang='lat' dir='ltr'><strong>diaconum</strong></span> <span class='ocrx_word' id='word_1_617' title='bbox 3255 2442 3270 2463; x_wconf 92' lang='lat'><strong>,</strong></span> <span class='ocrx_word' id='word_1_618' title='bbox 3311 2405 3398 2471; x_wconf 92' lang='lat' dir='ltr'><strong>qui</strong></span> <span class='ocrx_word' id='word_1_619' title='bbox 3440 2403 3768 2460; x_wconf 87' lang='lat' dir='ltr'><strong>Bonifacimn</strong></span> 
     </span>
    </p>
   </div>
   <div class='ocr_carea' id='block_1_86' title="bbox 2188 2480 3771 2562">
    <p class='ocr_par' dir='ltr' id='par_1_86' title="bbox 2188 2480 3771 2562">
     <span class='ocr_line' id='line_1_86' title="bbox 2188 2480 3771 2562; baseline 0.011 -30"><span class='ocrx_word' id='word_1_620' title='bbox 2188 2480 2477 2536; x_wconf 88' lang='lat' dir='ltr'><strong>antistitem</strong></span> <span class='ocrx_word' id='word_1_621' title='bbox 2506 2499 2571 2537; x_wconf 89' lang='lat' dir='ltr'><strong>eo</strong></span> <span class='ocrx_word' id='word_1_622' title='bbox 2598 2486 2879 2540; x_wconf 88' lang='lat' dir='ltr'><strong>comitatus</strong></span> <span class='ocrx_word' id='word_1_623' title='bbox 2906 2487 3093 2553; x_wconf 87' lang='lat' dir='ltr'><strong>fuerat,</strong></span> <span class='ocrx_word' id='word_1_624' title='bbox 3116 2495 3315 2545; x_wconf 84' lang='lat' dir='ltr'><strong>curavit</strong></span> <span class='ocrx_word' id='word_1_625' title='bbox 3346 2494 3597 2562; x_wconf 86' lang='lat' dir='ltr'><strong>perferri;</strong></span> <span class='ocrx_word' id='word_1_626' title='bbox 3621 2496 3771 2550; x_wconf 85' lang='lat' dir='ltr'><strong>aliud</strong></span> 
     </span>
    </p>
   </div>
   <div class='ocr_carea' id='block_1_87' title="bbox 2187 2575 3769 2653">
    <p class='ocr_par' dir='ltr' id='par_1_87' title="bbox 2187 2575 3769 2653">
     <span class='ocr_line' id='line_1_87' title="bbox 2187 2575 3769 2653; baseline 0.013 -31"><span class='ocrx_word' id='word_1_627' title='bbox 2187 2580 2442 2639; x_wconf 64' lang='lat' dir='ltr'><strong>praeterea</strong></span> <span class='ocrx_word' id='word_1_628' title='bbox 2471 2575 2929 2644; x_wconf 90' lang='lat' dir='ltr'><strong>commonitorium</strong></span> <span class='ocrx_word' id='word_1_629' title='bbox 2970 2579 3141 2634; x_wconf 86' lang='lat' dir='ltr'><strong>eidem</strong></span> <span class='ocrx_word' id='word_1_630' title='bbox 3168 2583 3478 2653; x_wconf 86' lang='lat' dir='ltr'><strong>presbytero</strong></span> <span class='ocrx_word' id='word_1_631' title='bbox 3508 2601 3605 2638; x_wconf 86' lang='lat' dir='ltr'><strong>una</strong></span> <span class='ocrx_word' id='word_1_632' title='bbox 3641 2601 3769 2641; x_wconf 82' lang='lat' dir='ltr'><strong>cum</strong></span> 
     </span>
    </p>
   </div>
   <div class='ocr_carea' id='block_1_88' title="bbox 2190 2659 3768 2737">
    <p class='ocr_par' dir='ltr' id='par_1_88' title="bbox 2190 2659 3768 2737">
     <span class='ocr_line' id='line_1_88' title="bbox 2190 2659 3768 2737; baseline 0.012 -24"><span class='ocrx_word' id='word_1_633' title='bbox 2190 2659 2351 2715; x_wconf 86' lang='lat' dir='ltr'><strong>haece</strong></span> <span class='ocrx_word' id='word_1_634' title='bbox 2395 2663 2461 2716; x_wconf 91' lang='lat' dir='ltr'><strong>ad</strong></span> <span class='ocrx_word' id='word_1_635' title='bbox 2501 2664 2857 2721; x_wconf 81' lang='lat' dir='ltr'><strong>Marcellinum</strong></span> <span class='ocrx_word' id='word_1_636' title='bbox 2900 2668 3120 2737; x_wconf 85' lang='lat' dir='ltr'><strong>epistola</strong></span> <span class='ocrx_word' id='word_1_637' title='bbox 3161 2673 3323 2725; x_wconf 91' lang='lat' dir='ltr'><strong>misit.</strong></span> <span class='ocrx_word' id='word_1_638' title='bbox 3373 2673 3557 2728; x_wconf 91' lang='lat' dir='ltr'><strong>Utrum</strong></span> <span class='ocrx_word' id='word_1_639' title='bbox 3584 2685 3768 2731; x_wconf 88' lang='lat' dir='ltr'><strong>autem</strong></span> 
     </span>
    </p>
   </div>
   <div class='ocr_carea' id='block_1_89' title="bbox 2189 2752 3767 2834">
    <p class='ocr_par' dir='ltr' id='par_1_89' title="bbox 2189 2752 3767 2834">
     <span class='ocr_line' id='line_1_89' title="bbox 2189 2752 3767 2834; baseline 0.011 -30"><span class='ocrx_word' id='word_1_640' title='bbox 2189 2752 2278 2807; x_wconf 91' lang='lat' dir='ltr'><strong>ille</strong></span> <span class='ocrx_word' id='word_1_641' title='bbox 2299 2754 2436 2807; x_wconf 90' lang='lat' dir='ltr'><strong>idem</strong></span> <span class='ocrx_word' id='word_1_642' title='bbox 2454 2756 2522 2809; x_wconf 85' lang='lat' dir='ltr'><strong>sit</strong></span> <span class='ocrx_word' id='word_1_643' title='bbox 2540 2766 2697 2826; x_wconf 89' lang='lat' dir='ltr'><strong>atque</strong></span> <span class='ocrx_word' id='word_1_644' title='bbox 2713 2757 2954 2813; x_wconf 87' lang='lat' dir='ltr'><strong>Urbanus</strong></span> <span class='ocrx_word' id='word_1_645' title='bbox 2976 2759 3166 2831; x_wconf 87' lang='lat' dir='ltr'><strong>(Epist.</strong></span> <span class='ocrx_word' id='word_1_646' title='bbox 3188 2761 3333 2834; x_wconf 80' lang='grc'><strong>159),</strong></span> <span class='ocrx_word' id='word_1_647' title='bbox 3363 2781 3391 2816; x_wconf 86' lang='lat' dir='ltr'><strong>a</strong></span> <span class='ocrx_word' id='word_1_648' title='bbox 3407 2782 3513 2834; x_wconf 93' lang='lat' dir='ltr'><strong>quo</strong></span> <span class='ocrx_word' id='word_1_649' title='bbox 3534 2768 3767 2834; x_wconf 85' lang='lat' dir='ltr'><strong>perlatas</strong></span> 
     </span>
    </p>
   </div>
   <div class='ocr_carea' id='block_1_90' title="bbox 2188 2843 3766 2925">
    <p class='ocr_par' dir='ltr' id='par_1_90' title="bbox 2188 2843 3766 2925">
     <span class='ocr_line' id='line_1_90' title="bbox 2188 2843 3766 2925; baseline 0.009 -28"><span class='ocrx_word' id='word_1_650' title='bbox 2188 2843 2476 2899; x_wconf 80' lang='lat' dir='ltr'><strong>Marcellini</strong></span> <span class='ocrx_word' id='word_1_651' title='bbox 2508 2847 2707 2901; x_wconf 88' lang='lat' dir='ltr'><strong>litteras</strong></span> <span class='ocrx_word' id='word_1_652' title='bbox 2722 2859 3018 2918; x_wconf 84' lang='lat' dir='ltr'><strong>acceperat,</strong></span> <span class='ocrx_word' id='word_1_653' title='bbox 3053 2854 3306 2925; x_wconf 82' lang='lat' dir='ltr'><strong>incertum</strong></span> <span class='ocrx_word' id='word_1_654' title='bbox 3332 2866 3431 2908; x_wconf 90' lang='lat' dir='ltr'><strong>est.</strong></span> <span class='ocrx_word' id='word_1_655' title='bbox 3467 2857 3633 2910; x_wconf 89' lang='lat' dir='ltr'><strong>Ilabet</strong></span> <span class='ocrx_word' id='word_1_656' title='bbox 3656 2859 3766 2911; x_wconf 86' lang='lat' dir='ltr'><strong>alio</strong></span> 
     </span>
    </p>
   </div>
   <div class='ocr_carea' id='block_1_91' title="bbox 2189 2934 3764 3013">
    <p class='ocr_par' dir='ltr' id='par_1_91' title="bbox 2189 2934 3764 3013">
     <span class='ocr_line' id='line_1_91' title="bbox 2189 2934 3764 3013; baseline 0.01 -26"><span class='ocrx_word' id='word_1_657' title='bbox 2189 2934 2304 2987; x_wconf 92' lang='lat' dir='ltr'><strong>loco</strong></span> <span class='ocrx_word' id='word_1_658' title='bbox 2330 2936 2465 2989; x_wconf 92' lang='lat' dir='ltr'><strong>idem</strong></span> <span class='ocrx_word' id='word_1_659' title='bbox 2499 2939 2839 3006; x_wconf 86' lang='lat' dir='ltr'><strong>Augustinus,</strong></span> <span class='ocrx_word' id='word_1_660' title='bbox 2869 2940 3300 3013; x_wconf 81' lang='lat' dir='ltr'><strong>Hippone-Regio</strong></span> <span class='ocrx_word' id='word_1_661' title='bbox 3326 2945 3617 3013; x_wconf 88' lang='lat' dir='ltr'><strong>profectum</strong></span> <span class='ocrx_word' id='word_1_662' title='bbox 3640 2966 3764 3002; x_wconf 85' lang='lat' dir='ltr'><strong>cum</strong></span> 
     </span>
    </p>
   </div>
   <div class='ocr_carea' id='block_1_92' title="bbox 2188 3024 3766 3105">
    <p class='ocr_par' dir='ltr' id='par_1_92' title="bbox 2188 3024 3766 3105">
     <span class='ocr_line' id='line_1_92' title="bbox 2188 3024 3766 3105; baseline 0.008 -25"><span class='ocrx_word' id='word_1_663' title='bbox 2188 3024 2420 3093; x_wconf 87' lang='lat' dir='ltr'><strong>Urbano,</strong></span> <span class='ocrx_word' id='word_1_664' title='bbox 2448 3043 2603 3095; x_wconf 93' lang='lat' dir='ltr'><strong>quem</strong></span> <span class='ocrx_word' id='word_1_665' title='bbox 2634 3031 2951 3098; x_wconf 86' lang='lat' dir='ltr'><strong>suscipiendi</strong></span> <span class='ocrx_word' id='word_1_666' title='bbox 2977 3034 3309 3103; x_wconf 82' lang='lat' dir='ltr'><strong>episcopatus</strong></span> <span class='ocrx_word' id='word_1_667' title='bbox 3332 3032 3497 3089; x_wconf 81' lang='lat' dir='ltr'><strong>causa</strong></span> <span class='ocrx_word' id='word_1_668' title='bbox 3515 3040 3766 3105; x_wconf 80' lang='lat' dir='ltr'><strong>vocabat,</strong></span> 
     </span>
    </p>
   </div>
   <div class='ocr_carea' id='block_1_93' title="bbox 2187 3115 3768 3197">
    <p class='ocr_par' dir='ltr' id='par_1_93' title="bbox 2187 3115 3768 3197">
     <span class='ocr_line' id='line_1_93' title="bbox 2187 3115 3768 3197; baseline 0.009 -29"><span class='ocrx_word' id='word_1_669' title='bbox 2187 3115 2528 3183; x_wconf 85' lang='lat' dir='ltr'><strong>Peregrinum</strong></span> <span class='ocrx_word' id='word_1_670' title='bbox 2550 3118 2825 3172; x_wconf 89' lang='lat' dir='ltr'><strong>diaconum</strong></span> <span class='ocrx_word' id='word_1_671' title='bbox 2854 3119 3042 3190; x_wconf 84' lang='lat' dir='ltr'><strong>(Epist.</strong></span> <span class='ocrx_word' id='word_1_672' title='bbox 3068 3116 3264 3185; x_wconf 53' lang='lat' dir='ltr'><strong>149m.</strong></span> <span class='ocrx_word' id='word_1_673' title='bbox 3422 3126 3599 3196; x_wconf 85' lang='lat' dir='ltr'><strong>Itaque</strong></span> <span class='ocrx_word' id='word_1_674' title='bbox 3626 3130 3768 3183; x_wconf 83' lang='lat' dir='ltr'><strong>Mar-</strong></span> 
     </span>
    </p>
   </div>
   <div class='ocr_carea' id='block_1_94' title="bbox 2186 3206 3767 3287">
    <p class='ocr_par' dir='ltr' id='par_1_94' title="bbox 2186 3206 3767 3287">
     <span class='ocr_line' id='line_1_94' title="bbox 2186 3206 3767 3287; baseline 0.011 -30"><span class='ocrx_word' id='word_1_675' title='bbox 2186 3206 2429 3259; x_wconf 87' lang='lat' dir='ltr'><strong>cellinum</strong></span> <span class='ocrx_word' id='word_1_676' title='bbox 2445 3209 2704 3272; x_wconf 88' lang='lat' dir='ltr'><strong>obsecrat,</strong></span> <span class='ocrx_word' id='word_1_677' title='bbox 2724 3219 2781 3263; x_wconf 92' lang='lat' dir='ltr'><strong>ut</strong></span> <span class='ocrx_word' id='word_1_678' title='bbox 2800 3213 3198 3266; x_wconf 86' lang='lat' dir='ltr'><strong>commonitoria</strong></span> <span class='ocrx_word' id='word_1_679' title='bbox 3216 3214 3310 3268; x_wconf 87' lang='lat' dir='ltr'><strong>abs</strong></span> <span class='ocrx_word' id='word_1_680' title='bbox 3326 3214 3767 3287; x_wconf 87' lang='lat' dir='ltr'><strong>seCarthaginem</strong></span> 
     </span>
    </p>
   </div>
   <div class='ocr_carea' id='block_1_95' title="bbox 2186 3295 3765 3374">
    <p class='ocr_par' dir='ltr' id='par_1_95' title="bbox 2186 3295 3765 3374">
     <span class='ocr_line' id='line_1_95' title="bbox 2186 3295 3765 3374; baseline 0.011 -26"><span class='ocrx_word' id='word_1_681' title='bbox 2186 3295 2383 3350; x_wconf 87' lang='lat' dir='ltr'><strong>directa</strong></span> <span class='ocrx_word' id='word_1_682' title='bbox 2414 3298 2583 3368; x_wconf 84' lang='lat' dir='ltr'><strong>legat,</strong></span> <span class='ocrx_word' id='word_1_683' title='bbox 2632 3309 2791 3369; x_wconf 89' lang='lat' dir='ltr'><strong>atque</strong></span> <span class='ocrx_word' id='word_1_684' title='bbox 2829 3318 2930 3355; x_wconf 87' lang='lat' dir='ltr'><strong>una</strong></span> <span class='ocrx_word' id='word_1_685' title='bbox 2966 3318 3085 3356; x_wconf 91' lang='lat' dir='ltr'><strong>cum</strong></span> <span class='ocrx_word' id='word_1_686' title='bbox 3119 3305 3379 3374; x_wconf 88' lang='lat' dir='ltr'><strong>Delphino</strong></span> <span class='ocrx_word' id='word_1_687' title='bbox 3405 3317 3459 3361; x_wconf 91' lang='lat' dir='ltr'><strong>et</strong></span> <span class='ocrx_word' id='word_1_688' title='bbox 3492 3309 3765 3365; x_wconf 86' lang='lat' dir='ltr'><strong>Bonil&#39;acio</strong></span> 
     </span>
    </p>
   </div>
   <div class='ocr_carea' id='block_1_96' title="bbox 2186 3384 3761 3466">
    <p class='ocr_par' dir='ltr' id='par_1_96' title="bbox 2186 3384 3761 3466">
     <span class='ocr_line' id='line_1_96' title="bbox 2186 3384 3761 3466; baseline 0.011 -29"><span class='ocrx_word' id='word_1_689' title='bbox 2186 3384 2425 3453; x_wconf 87' lang='lat' dir='ltr'><strong>dispiciat</strong></span> <span class='ocrx_word' id='word_1_690' title='bbox 2451 3429 2466 3452; x_wconf 95' lang='lat'><strong>,</strong></span> <span class='ocrx_word' id='word_1_691' title='bbox 2509 3403 2608 3456; x_wconf 85' lang='lat' dir='ltr'><strong>qua</strong></span> <span class='ocrx_word' id='word_1_692' title='bbox 2648 3390 2977 3457; x_wconf 89' lang='lat' dir='ltr'><strong>potissimum</strong></span> <span class='ocrx_word' id='word_1_693' title='bbox 3015 3394 3218 3448; x_wconf 88' lang='lat' dir='ltr'><strong>ratione</strong></span> <span class='ocrx_word' id='word_1_694' title='bbox 3247 3396 3422 3451; x_wconf 91' lang='lat' dir='ltr'><strong>eidem</strong></span> <span class='ocrx_word' id='word_1_695' title='bbox 3452 3399 3761 3466; x_wconf 54' lang='lat' dir='ltr'><strong>provincia,</strong></span> 
     </span>
    </p>
   </div>
   <div class='ocr_carea' id='block_1_97' title="bbox 2185 3477 3760 3558">
    <p class='ocr_par' dir='ltr' id='par_1_97' title="bbox 2185 3477 3760 3558">
     <span class='ocr_line' id='line_1_97' title="bbox 2185 3477 3760 3558; baseline 0.011 -32"><span class='ocrx_word' id='word_1_696' title='bbox 2185 3491 2339 3543; x_wconf 88' lang='lat' dir='ltr'><strong>quam</strong></span> <span class='ocrx_word' id='word_1_697' title='bbox 2369 3477 2486 3543; x_wconf 88' lang='lat' dir='ltr'><strong>ejus</strong></span> <span class='ocrx_word' id='word_1_698' title='bbox 2510 3495 2651 3533; x_wconf 82' lang='lat' dir='ltr'><strong>cura:</strong></span> <span class='ocrx_word' id='word_1_699' title='bbox 2679 3496 2740 3534; x_wconf 92' lang='lat' dir='ltr'><strong>ac</strong></span> <span class='ocrx_word' id='word_1_700' title='bbox 2772 3481 2892 3536; x_wconf 86' lang='lat' dir='ltr'><strong>fidei</strong></span> <span class='ocrx_word' id='word_1_701' title='bbox 2916 3485 3283 3551; x_wconf 86' lang='lat' dir='ltr'><strong>commendat,</strong></span> <span class='ocrx_word' id='word_1_702' title='bbox 3316 3490 3518 3542; x_wconf 91' lang='lat' dir='ltr'><strong>consuli</strong></span> <span class='ocrx_word' id='word_1_703' title='bbox 3565 3493 3760 3558; x_wconf 88' lang='lat' dir='ltr'><strong>possit.</strong></span> 
     </span>
    </p>
   </div>
   <div class='ocr_carea' id='block_1_98' title="bbox 2186 3565 3763 3639">
    <p class='ocr_par' dir='ltr' id='par_1_98' title="bbox 2186 3565 3763 3639">
     <span class='ocr_line' id='line_1_98' title="bbox 2186 3565 3763 3639; baseline 0.012 -21"><span class='ocrx_word' id='word_1_704' title='bbox 2186 3565 2353 3634; x_wconf 77' lang='lat' dir='ltr'><strong>Rogat</strong></span> <span class='ocrx_word' id='word_1_705' title='bbox 2377 3568 2534 3621; x_wconf 85' lang='lat' dir='ltr'><strong>etiam</strong></span> <span class='ocrx_word' id='word_1_706' title='bbox 2563 3578 2775 3624; x_wconf 89' lang='lat' dir='ltr'><strong>sanctus</strong></span> <span class='ocrx_word' id='word_1_707' title='bbox 2800 3573 3033 3628; x_wconf 85' lang='lat' dir='ltr'><strong>Antistes</strong></span> <span class='ocrx_word' id='word_1_708' title='bbox 3052 3615 3067 3639; x_wconf 95' lang='lat'><strong>,</strong></span> <span class='ocrx_word' id='word_1_709' title='bbox 3103 3584 3159 3628; x_wconf 90' lang='lat' dir='ltr'><strong>ut</strong></span> <span class='ocrx_word' id='word_1_710' title='bbox 3186 3576 3433 3633; x_wconf 85' lang='lat' dir='ltr'><strong>Rufinum</strong></span> <span class='ocrx_word' id='word_1_711' title='bbox 3460 3579 3763 3637; x_wconf 90' lang='lat' dir='ltr'><strong>Cirtensem</strong></span> 
     </span>
    </p>
   </div>
   <div class='ocr_carea' id='block_1_99' title="bbox 2184 3656 3760 3745">
    <p class='ocr_par' dir='ltr' id='par_1_99' title="bbox 2184 3656 3760 3745">
     <span class='ocr_line' id='line_1_99' title="bbox 2184 3656 3760 3745; baseline 0.013 -36"><span class='ocrx_word' id='word_1_712' title='bbox 2184 3656 2530 3725; x_wconf 86' lang='lat' dir='ltr'><strong>Principalem</strong></span> <span class='ocrx_word' id='word_1_713' title='bbox 2573 3661 2817 3728; x_wconf 71' lang='lat' dir='ltr'><strong>prmsidio</strong></span> <span class='ocrx_word' id='word_1_714' title='bbox 2844 3679 2942 3718; x_wconf 86' lang='lat' dir='ltr'><strong>suo</strong></span> <span class='ocrx_word' id='word_1_715' title='bbox 2969 3665 3182 3721; x_wconf 88' lang='lat' dir='ltr'><strong>destitui</strong></span> <span class='ocrx_word' id='word_1_716' title='bbox 3212 3683 3280 3723; x_wconf 89' lang='lat' dir='ltr'><strong>ne</strong></span> <span class='ocrx_word' id='word_1_717' title='bbox 3308 3671 3533 3739; x_wconf 86' lang='lat' dir='ltr'><strong>patiatur</strong></span> <span class='ocrx_word' id='word_1_718' title='bbox 3562 3671 3760 3745; x_wconf 83' lang='lat' dir='ltr'><strong>(Epist.</strong></span> 
     </span>
    </p>
   </div>
   <div class='ocr_carea' id='block_1_100' title="bbox 2184 3748 2632 3822">
    <p class='ocr_par' dir='ltr' id='par_1_100' title="bbox 2184 3748 2632 3822">
     <span class='ocr_line' id='line_1_100' title="bbox 2184 3748 2632 3822; baseline 0.007 -21"><span class='ocrx_word' id='word_1_719' title='bbox 2184 3748 2315 3811; x_wconf 79' lang='grc'><strong>159,</strong></span> <span class='ocrx_word' id='word_1_720' title='bbox 2347 3765 2436 3803; x_wconf 85' lang='lat' dir='ltr'><strong>nn.</strong></span> <span class='ocrx_word' id='word_1_721' title='bbox 2468 3751 2523 3816; x_wconf 75' lang='lat'><strong>2,</strong></span> <span class='ocrx_word' id='word_1_722' title='bbox 2554 3750 2632 3822; x_wconf 75' lang='grc'><strong>4).</strong></span> 
     </span>
    </p>
   </div>
   <div class='ocr_carea' id='block_1_101' title="bbox 2252 3839 3763 3922">
    <p class='ocr_par' dir='ltr' id='par_1_101' title="bbox 2252 3839 3763 3922">
     <span class='ocr_line' id='line_1_101' title="bbox 2252 3839 3763 3922; baseline 0.013 -31"><span class='ocrx_word' id='word_1_723' title='bbox 2252 3839 2304 3891; x_wconf 91' lang='grc'><strong>7.</strong></span> <span class='ocrx_word' id='word_1_724' title='bbox 2344 3839 2674 3894; x_wconf 88' lang='lat' dir='ltr'><strong>Marcellinus</strong></span> <span class='ocrx_word' id='word_1_725' title='bbox 2715 3842 3068 3913; x_wconf 88' lang='lat' dir='ltr'><strong>descriptione</strong></span> <span class='ocrx_word' id='word_1_726' title='bbox 3100 3848 3345 3917; x_wconf 88' lang='lat' dir='ltr'><strong>quadam,</strong></span> <span class='ocrx_word' id='word_1_727' title='bbox 3384 3860 3443 3906; x_wconf 91' lang='lat' dir='ltr'><strong>ut</strong></span> <span class='ocrx_word' id='word_1_728' title='bbox 3476 3852 3583 3922; x_wconf 87' lang='lat' dir='ltr'><strong>jam</strong></span> <span class='ocrx_word' id='word_1_729' title='bbox 3613 3854 3763 3909; x_wconf 84' lang='lat' dir='ltr'><strong>disi-</strong></span> 
     </span>
    </p>
   </div>
   <div class='ocr_carea' id='block_1_102' title="bbox 2184 3929 3761 4007">
    <p class='ocr_par' dir='ltr' id='par_1_102' title="bbox 2184 3929 3761 4007">
     <span class='ocr_line' id='line_1_102' title="bbox 2184 3929 3761 4007; baseline 0.015 -27"><span class='ocrx_word' id='word_1_730' title='bbox 2184 3944 2321 3995; x_wconf 89' lang='lat' dir='ltr'><strong>mus,</strong></span> <span class='ocrx_word' id='word_1_731' title='bbox 2346 3929 2412 3983; x_wconf 89' lang='lat' dir='ltr'><strong>ad</strong></span> <span class='ocrx_word' id='word_1_732' title='bbox 2439 3946 2498 3985; x_wconf 88' lang='lat' dir='ltr'><strong>se</strong></span> <span class='ocrx_word' id='word_1_733' title='bbox 2522 3932 2775 3986; x_wconf 87' lang='lat' dir='ltr'><strong>mittenda</strong></span> <span class='ocrx_word' id='word_1_734' title='bbox 2802 3936 3018 4004; x_wconf 86' lang='lat' dir='ltr'><strong>urgebat</strong></span> <span class='ocrx_word' id='word_1_735' title='bbox 3038 3938 3405 4007; x_wconf 87' lang='lat' dir='ltr'><strong>Augustinum.</strong></span> <span class='ocrx_word' id='word_1_736' title='bbox 3434 3944 3527 3998; x_wconf 90' lang='lat' dir='ltr'><strong>llic</strong></span> <span class='ocrx_word' id='word_1_737' title='bbox 3545 3960 3671 3999; x_wconf 91' lang='lat' dir='ltr'><strong>vero</strong></span> <span class='ocrx_word' id='word_1_738' title='bbox 3695 3962 3761 4003; x_wconf 82' lang='lat' dir='ltr'><strong>se</strong></span> 
     </span>
    </p>
   </div>
   <div class='ocr_carea' id='block_1_103' title="bbox 2180 4023 3756 4104">
    <p class='ocr_par' dir='ltr' id='par_1_103' title="bbox 2180 4023 3756 4104">
     <span class='ocr_line' id='line_1_103' title="bbox 2180 4023 3756 4104; baseline 0.011 -31"><span class='ocrx_word' id='word_1_739' title='bbox 2180 4030 2397 4073; x_wconf 82' lang='lat' dir='ltr'><strong>excusat</strong></span> <span class='ocrx_word' id='word_1_740' title='bbox 2424 4036 2488 4074; x_wconf 86' lang='lat' dir='ltr'><strong>eo</strong></span> <span class='ocrx_word' id='word_1_741' title='bbox 2512 4023 2745 4089; x_wconf 88' lang='lat' dir='ltr'><strong>nomine,</strong></span> <span class='ocrx_word' id='word_1_742' title='bbox 2763 4025 2923 4093; x_wconf 92' lang='lat' dir='ltr'><strong>quod,</strong></span> <span class='ocrx_word' id='word_1_743' title='bbox 2952 4030 3189 4095; x_wconf 85' lang='lat' dir='ltr'><strong>quamvis</strong></span> <span class='ocrx_word' id='word_1_744' title='bbox 3207 4031 3288 4084; x_wconf 89' lang='lat' dir='ltr'><strong>vel</strong></span> <span class='ocrx_word' id='word_1_745' title='bbox 3310 4033 3537 4089; x_wconf 80' lang='lat' dir='ltr'><strong>maxime</strong></span> <span class='ocrx_word' id='word_1_746' title='bbox 3549 4036 3756 4104; x_wconf 84' lang='lat' dir='ltr'><strong>cupiat,</strong></span> 
     </span>
    </p>
   </div>
   <div class='ocr_carea' id='block_1_104' title="bbox 2181 4110 3759 4195">
    <p class='ocr_par' dir='ltr' id='par_1_104' title="bbox 2181 4110 3759 4195">
     <span class='ocr_line' id='line_1_104' title="bbox 2181 4110 3759 4195; baseline 0.012 -32"><span class='ocrx_word' id='word_1_747' title='bbox 2181 4110 2230 4163; x_wconf 90' lang='lat' dir='ltr'><strong>id</strong></span> <span class='ocrx_word' id='word_1_748' title='bbox 2261 4119 2431 4165; x_wconf 88' lang='lat' dir='ltr'><strong>tamen</strong></span> <span class='ocrx_word' id='word_1_749' title='bbox 2454 4112 2552 4165; x_wconf 87' lang='lat' dir='ltr'><strong>sibi</strong></span> <span class='ocrx_word' id='word_1_750' title='bbox 2580 4129 2697 4166; x_wconf 91' lang='lat' dir='ltr'><strong>cum</strong></span> <span class='ocrx_word' id='word_1_751' title='bbox 2721 4130 2813 4183; x_wconf 88' lang='lat' dir='ltr'><strong>per</strong></span> <span class='ocrx_word' id='word_1_752' title='bbox 2828 4115 3098 4171; x_wconf 88' lang='lat' dir='ltr'><strong>hominum</strong></span> <span class='ocrx_word' id='word_1_753' title='bbox 3126 4120 3493 4189; x_wconf 84' lang='lat' dir='ltr'><strong>frequentiam,</strong></span> <span class='ocrx_word' id='word_1_754' title='bbox 3511 4126 3599 4194; x_wconf 89' lang='lat' dir='ltr'><strong>qui</strong></span> <span class='ocrx_word' id='word_1_755' title='bbox 3626 4144 3759 4195; x_wconf 84' lang='lat' dir='ltr'><strong>per-</strong></span> 
     </span>
    </p>
   </div>
   <div class='ocr_carea' id='block_1_105' title="bbox 2182 4202 3759 4287">
    <p class='ocr_par' dir='ltr' id='par_1_105' title="bbox 2182 4202 3759 4287">
     <span class='ocr_line' id='line_1_105' title="bbox 2182 4202 3759 4287; baseline 0.012 -34"><span class='ocrx_word' id='word_1_756' title='bbox 2182 4210 2340 4269; x_wconf 91' lang='lat' dir='ltr'><strong>petuo</strong></span> <span class='ocrx_word' id='word_1_757' title='bbox 2366 4202 2429 4256; x_wconf 90' lang='lat' dir='ltr'><strong>ad</strong></span> <span class='ocrx_word' id='word_1_758' title='bbox 2454 4219 2513 4257; x_wconf 87' lang='lat' dir='ltr'><strong>se</strong></span> <span class='ocrx_word' id='word_1_759' title='bbox 2537 4203 2604 4258; x_wconf 91' lang='lat' dir='ltr'><strong>de</strong></span> <span class='ocrx_word' id='word_1_760' title='bbox 2630 4206 2737 4259; x_wconf 87' lang='lat' dir='ltr'><strong>suis</strong></span> <span class='ocrx_word' id='word_1_761' title='bbox 2761 4206 2990 4274; x_wconf 90' lang='lat' dir='ltr'><strong>ipsorum</strong></span> <span class='ocrx_word' id='word_1_762' title='bbox 3012 4212 3235 4279; x_wconf 83' lang='lat' dir='ltr'><strong>negotiis</strong></span> <span class='ocrx_word' id='word_1_763' title='bbox 3260 4213 3492 4280; x_wconf 85' lang='lat' dir='ltr'><strong>adibant,</strong></span> <span class='ocrx_word' id='word_1_764' title='bbox 3523 4226 3631 4269; x_wconf 90' lang='lat' dir='ltr'><strong>tum</strong></span> <span class='ocrx_word' id='word_1_765' title='bbox 3655 4234 3759 4287; x_wconf 81' lang='lat' dir='ltr'><strong>per</strong></span> 
     </span>
    </p>
   </div>
   <div class='ocr_carea' id='block_1_106' title="bbox 2178 4288 3752 4366">
    <p class='ocr_par' dir='ltr' id='par_1_106' title="bbox 2178 4288 3752 4366">
     <span class='ocr_line' id='line_1_106' title="bbox 2178 4288 3752 4366; baseline 0.014 -23"><span class='ocrx_word' id='word_1_766' title='bbox 2178 4307 2336 4360; x_wconf 82' lang='lat' dir='ltr'><strong>opera</strong></span> <span class='ocrx_word' id='word_1_767' title='bbox 2377 4296 2538 4357; x_wconf 87' lang='lat' dir='ltr'><strong>varia,</strong></span> <span class='ocrx_word' id='word_1_768' title='bbox 2587 4311 2703 4364; x_wconf 75' lang='lat' dir='ltr'><strong>qua!</strong></span> <span class='ocrx_word' id='word_1_769' title='bbox 2732 4310 2789 4349; x_wconf 85' lang='lat' dir='ltr'><strong>se</strong></span> <span class='ocrx_word' id='word_1_770' title='bbox 2828 4288 2879 4350; x_wconf 90' lang='lat' dir='ltr'><strong>iu</strong></span> <span class='ocrx_word' id='word_1_771' title='bbox 2926 4303 3321 4366; x_wconf 61' lang='lat' dir='ltr'><strong>praesentiarum</strong></span> <span class='ocrx_word' id='word_1_772' title='bbox 3352 4320 3456 4358; x_wconf 93' lang='lat' dir='ltr'><strong>non</strong></span> <span class='ocrx_word' id='word_1_773' title='bbox 3501 4309 3752 4365; x_wconf 87' lang='lat' dir='ltr'><strong>sinebant</strong></span> 
     </span>
    </p>
   </div>
   <div class='ocr_carea' id='block_1_107' title="bbox 2177 4383 3757 4455">
    <p class='ocr_par' dir='ltr' id='par_1_107' title="bbox 2177 4383 3757 4455">
     <span class='ocr_line' id='line_1_107' title="bbox 2177 4383 3757 4455; baseline 0.014 -22"><span class='ocrx_word' id='word_1_774' title='bbox 2177 4383 2369 4448; x_wconf 89' lang='lat' dir='ltr'><strong>omitti,</strong></span> <span class='ocrx_word' id='word_1_775' title='bbox 2402 4394 2654 4452; x_wconf 65' lang='lat' dir='ltr'><strong>priestare</strong></span> <span class='ocrx_word' id='word_1_776' title='bbox 2684 4386 2901 4441; x_wconf 90' lang='lat' dir='ltr'><strong>minime</strong></span> <span class='ocrx_word' id='word_1_777' title='bbox 2925 4388 3097 4443; x_wconf 89' lang='lat' dir='ltr'><strong>liceat.</strong></span> <span class='ocrx_word' id='word_1_778' title='bbox 3121 4392 3224 4446; x_wconf 88' lang='lat' dir='ltr'><strong>Sed</strong></span> <span class='ocrx_word' id='word_1_779' title='bbox 3248 4392 3380 4449; x_wconf 89' lang='lat' dir='ltr'><strong>forte</strong></span> <span class='ocrx_word' id='word_1_780' title='bbox 3403 4397 3565 4450; x_wconf 84' lang='lat' dir='ltr'><strong>satius</strong></span> <span class='ocrx_word' id='word_1_781' title='bbox 3590 4397 3757 4455; x_wconf 83' lang='lat' dir='ltr'><strong>fuerit</strong></span> 
     </span>
    </p>
   </div>
   <div class='ocr_carea' id='block_1_108' title="bbox 2176 4472 3757 4554">
    <p class='ocr_par' dir='ltr' id='par_1_108' title="bbox 2176 4472 3757 4554">
     <span class='ocr_line' id='line_1_108' title="bbox 2176 4472 3757 4554; baseline 0.011 -29"><span class='ocrx_word' id='word_1_782' title='bbox 2176 4472 2305 4527; x_wconf 86' lang='lat' dir='ltr'><strong>illud</strong></span> <span class='ocrx_word' id='word_1_783' title='bbox 2328 4474 2568 4551; x_wconf 20' lang='lat' dir='ltr'><strong>&quot;ejusdem</strong></span> <span class='ocrx_word' id='word_1_784' title='bbox 2600 4476 2772 4530; x_wconf 88' lang='lat' dir='ltr'><strong>verbis</strong></span> <span class='ocrx_word' id='word_1_785' title='bbox 2801 4478 3081 4546; x_wconf 80' lang='lat' dir='ltr'><strong>explicare.</strong></span> <span class='ocrx_word' id='word_1_786' title='bbox 3116 4481 3178 4535; x_wconf 93' lang='lat' dir='ltr'><strong>Si</strong></span> <span class='ocrx_word' id='word_1_787' title='bbox 3215 4493 3401 4548; x_wconf 88' lang='lat' dir='ltr'><strong>autem,</strong></span> <span class='ocrx_word' id='word_1_788' title='bbox 3440 4485 3625 4554; x_wconf 89' lang='lat' dir='ltr'><strong>inquit,</strong></span> <span class='ocrx_word' id='word_1_789' title='bbox 3661 4506 3757 4542; x_wconf 86' lang='lat' dir='ltr'><strong>ra-</strong></span> 
     </span>
    </p>
   </div>
   <div class='ocr_carea' id='block_1_109' title="bbox 2175 4548 3753 4632">
    <p class='ocr_par' dir='ltr' id='par_1_109' title="bbox 2175 4548 3753 4632">
     <span class='ocr_line' id='line_1_109' title="bbox 2175 4548 3753 4632; baseline 0.011 -17"><span class='ocrx_word' id='word_1_790' title='bbox 2175 4548 2358 4617; x_wconf 76' lang='lat' dir='ltr'><strong>tionein</strong></span> <span class='ocrx_word' id='word_1_791' title='bbox 2382 4566 2603 4617; x_wconf 86' lang='lat' dir='ltr'><strong>omnium</strong></span> <span class='ocrx_word' id='word_1_792' title='bbox 2630 4565 2819 4620; x_wconf 87' lang='lat' dir='ltr'><strong>dierum</strong></span> <span class='ocrx_word' id='word_1_793' title='bbox 2846 4577 2889 4621; x_wconf 86' lang='lat' dir='ltr'><strong>et</strong></span> <span class='ocrx_word' id='word_1_794' title='bbox 2914 4569 3313 4625; x_wconf 72' lang='lat' dir='ltr'><strong>lucubrationum</strong></span> <span class='ocrx_word' id='word_1_795' title='bbox 3341 4574 3456 4627; x_wconf 78' lang='lat' dir='ltr'><strong>aliis</strong></span> <span class='ocrx_word' id='word_1_796' title='bbox 3476 4578 3753 4632; x_wconf 81' lang='lat' dir='ltr'><strong>necessita-</strong></span> 
     </span>
    </p>
   </div>
   <div class='ocr_carea' id='block_1_110' title="bbox 2174 4653 3752 4732">
    <p class='ocr_par' dir='ltr' id='par_1_110' title="bbox 2174 4653 3752 4732">
     <span class='ocr_line' id='line_1_110' title="bbox 2174 4653 3752 4732; baseline 0.011 -28"><span class='ocrx_word' id='word_1_797' title='bbox 2174 4653 2303 4705; x_wconf 83' lang='lat' dir='ltr'><strong>tibus</strong></span> <span class='ocrx_word' id='word_1_798' title='bbox 2330 4654 2666 4722; x_wconf 76' lang='lat' dir='ltr'><strong>impensarum</strong></span> <span class='ocrx_word' id='word_1_799' title='bbox 2703 4656 2791 4707; x_wconf 84' lang='lat' dir='ltr'><strong>tibi</strong></span> <span class='ocrx_word' id='word_1_800' title='bbox 2820 4673 3012 4725; x_wconf 85' lang='lat' dir='ltr'><strong>possem</strong></span> <span class='ocrx_word' id='word_1_801' title='bbox 3045 4660 3273 4726; x_wconf 83' lang='lat' dir='ltr'><strong>reddere,</strong></span> <span class='ocrx_word' id='word_1_802' title='bbox 3304 4665 3519 4732; x_wconf 83' lang='lat' dir='ltr'><strong>graviter</strong></span> <span class='ocrx_word' id='word_1_803' title='bbox 3554 4670 3752 4721; x_wconf 79' lang='lat' dir='ltr'><strong>contri-</strong></span> 
     </span>
    </p>
   </div>
   <div class='ocr_carea' id='block_1_111' title="bbox 2171 4745 3753 4825">
    <p class='ocr_par' dir='ltr' id='par_1_111' title="bbox 2171 4745 3753 4825">
     <span class='ocr_line' id='line_1_111' title="bbox 2171 4745 3753 4825; baseline 0.014 -32"><span class='ocrx_word' id='word_1_804' title='bbox 2171 4752 2328 4796; x_wconf 85' lang='lat' dir='ltr'><strong>status</strong></span> <span class='ocrx_word' id='word_1_805' title='bbox 2370 4745 2641 4809; x_wconf 74' lang='lat' dir='ltr'><strong>mirareris,</strong></span> <span class='ocrx_word' id='word_1_806' title='bbox 2692 4757 2879 4815; x_wconf 86' lang='lat' dir='ltr'><strong>quanta</strong></span> <span class='ocrx_word' id='word_1_807' title='bbox 2925 4765 3003 4801; x_wconf 86' lang='lat' dir='ltr'><strong>me</strong></span> <span class='ocrx_word' id='word_1_808' title='bbox 3047 4751 3353 4820; x_wconf 80' lang='lat' dir='ltr'><strong>distendant,</strong></span> <span class='ocrx_word' id='word_1_809' title='bbox 3402 4773 3513 4825; x_wconf 76' lang='lat' dir='ltr'><strong>qua:</strong></span> <span class='ocrx_word' id='word_1_810' title='bbox 3549 4758 3753 4824; x_wconf 72' lang='lat' dir='ltr'><strong>differri</strong></span> 
     </span>
    </p>
   </div>
   <div class='ocr_carea' id='block_1_112' title="bbox 2171 4835 3752 4918">
    <p class='ocr_par' dir='ltr' id='par_1_112' title="bbox 2171 4835 3752 4918">
     <span class='ocr_line' id='line_1_112' title="bbox 2171 4835 3752 4918; baseline 0.011 -31"><span class='ocrx_word' id='word_1_811' title='bbox 2171 4835 2372 4887; x_wconf 82' lang='lat' dir='ltr'><strong>omnino</strong></span> <span class='ocrx_word' id='word_1_812' title='bbox 2407 4851 2507 4887; x_wconf 89' lang='lat' dir='ltr'><strong>non</strong></span> <span class='ocrx_word' id='word_1_813' title='bbox 2533 4847 2756 4904; x_wconf 82' lang='lat' dir='ltr'><strong>possunt,</strong></span> <span class='ocrx_word' id='word_1_814' title='bbox 2786 4854 2874 4891; x_wconf 85' lang='lat' dir='ltr'><strong>nec</strong></span> <span class='ocrx_word' id='word_1_815' title='bbox 2905 4856 3052 4909; x_wconf 85' lang='lat' dir='ltr'><strong>agere</strong></span> <span class='ocrx_word' id='word_1_816' title='bbox 3080 4842 3170 4894; x_wconf 87' lang='lat' dir='ltr'><strong>illa</strong></span> <span class='ocrx_word' id='word_1_817' title='bbox 3212 4847 3517 4912; x_wconf 83' lang='lat' dir='ltr'><strong>permittant,</strong></span> <span class='ocrx_word' id='word_1_818' title='bbox 3556 4849 3604 4901; x_wconf 83' lang='lat' dir='ltr'><strong>in</strong></span> <span class='ocrx_word' id='word_1_819' title='bbox 3634 4868 3752 4918; x_wconf 78' lang='lat' dir='ltr'><strong>qua:</strong></span> 
     </span>
    </p>
   </div>
   <div class='ocr_carea' id='block_1_113' title="bbox 2171 4926 3743 5006">
    <p class='ocr_par' dir='ltr' id='par_1_113' title="bbox 2171 4926 3743 5006">
     <span class='ocr_line' id='line_1_113' title="bbox 2171 4926 3743 5006; baseline 0.011 -29"><span class='ocrx_word' id='word_1_820' title='bbox 2171 4940 2248 4977; x_wconf 82' lang='lat' dir='ltr'><strong>me</strong></span> <span class='ocrx_word' id='word_1_821' title='bbox 2276 4926 2486 4993; x_wconf 78' lang='lat' dir='ltr'><strong>petendo</strong></span> <span class='ocrx_word' id='word_1_822' title='bbox 2507 4937 2551 4979; x_wconf 89' lang='lat' dir='ltr'><strong>et</strong></span> <span class='ocrx_word' id='word_1_823' title='bbox 2566 4927 2879 4982; x_wconf 85' lang='lat' dir='ltr'><strong>admonendo</strong></span> <span class='ocrx_word' id='word_1_824' title='bbox 2899 4947 3044 5000; x_wconf 82' lang='lat' dir='ltr'><strong>urges</strong></span> <span class='ocrx_word' id='word_1_825' title='bbox 3059 4932 3320 4999; x_wconf 80' lang='lat' dir='ltr'><strong>volentem,</strong></span> <span class='ocrx_word' id='word_1_826' title='bbox 3340 4947 3384 4989; x_wconf 86' lang='lat' dir='ltr'><strong>et</strong></span> <span class='ocrx_word' id='word_1_827' title='bbox 3399 4938 3743 5006; x_wconf 75' lang='lat' dir='ltr'><strong>inelfabiliter,</strong></span> 
     </span>
    </p>
   </div>
   <div class='ocr_carea' id='block_1_114' title="bbox 2170 5013 3749 5085">
    <p class='ocr_par' dir='ltr' id='par_1_114' title="bbox 2170 5013 3749 5085">
     <span class='ocr_line' id='line_1_114' title="bbox 2170 5013 3749 5085; baseline 0.013 -20"><span class='ocrx_word' id='word_1_828' title='bbox 2170 5013 2407 5083; x_wconf 77' lang='lat' dir='ltr'><strong>quianon</strong></span> <span class='ocrx_word' id='word_1_829' title='bbox 2434 5032 2653 5084; x_wconf 87' lang='lat' dir='ltr'><strong>possum,</strong></span> <span class='ocrx_word' id='word_1_830' title='bbox 2684 5015 2949 5071; x_wconf 80' lang='lat' dir='ltr'><strong>dolentem.</strong></span> <span class='ocrx_word' id='word_1_831' title='bbox 2975 5018 3100 5073; x_wconf 86' lang='lat' dir='ltr'><strong>Cum</strong></span> <span class='ocrx_word' id='word_1_832' title='bbox 3119 5024 3251 5076; x_wconf 85' lang='lat' dir='ltr'><strong>enim</strong></span> <span class='ocrx_word' id='word_1_833' title='bbox 3279 5026 3339 5078; x_wconf 86' lang='lat' dir='ltr'><strong>ab</strong></span> <span class='ocrx_word' id='word_1_834' title='bbox 3373 5043 3545 5080; x_wconf 82' lang='lat' dir='ltr'><strong>eorum</strong></span> <span class='ocrx_word' id='word_1_835' title='bbox 3582 5031 3749 5085; x_wconf 77' lang='lat' dir='ltr'><strong>Itami-</strong></span> 
     </span>
    </p>
   </div>
   <div class='ocr_carea' id='block_1_115' title="bbox 2171 5106 3753 5192">
    <p class='ocr_par' dir='ltr' id='par_1_115' title="bbox 2171 5106 3753 5192">
     <span class='ocr_line' id='line_1_115' title="bbox 2171 5106 3753 5192; baseline 0.012 -36"><span class='ocrx_word' id='word_1_836' title='bbox 2171 5121 2290 5157; x_wconf 88' lang='lat' dir='ltr'><strong>num</strong></span> <span class='ocrx_word' id='word_1_837' title='bbox 2318 5106 2683 5159; x_wconf 76' lang='lat' dir='ltr'><strong>necessitatibus</strong></span> <span class='ocrx_word' id='word_1_838' title='bbox 2708 5108 3074 5176; x_wconf 84' lang='lat' dir='ltr'><strong>aliquantulum</strong></span> <span class='ocrx_word' id='word_1_839' title='bbox 3109 5129 3249 5179; x_wconf 81' lang='lat' dir='ltr'><strong>vaco,</strong></span> <span class='ocrx_word' id='word_1_840' title='bbox 3277 5118 3361 5184; x_wconf 86' lang='lat' dir='ltr'><strong>qui</strong></span> <span class='ocrx_word' id='word_1_841' title='bbox 3386 5135 3465 5172; x_wconf 83' lang='lat' dir='ltr'><strong>me</strong></span> <span class='ocrx_word' id='word_1_842' title='bbox 3482 5121 3555 5173; x_wconf 77' lang='lat' dir='ltr'><strong>sic</strong></span> <span class='ocrx_word' id='word_1_843' title='bbox 3580 5138 3753 5192; x_wconf 73' lang='lat' dir='ltr'><strong>anga-</strong></span> 
     </span>
    </p>
   </div>
   <div class='ocr_carea' id='block_1_116' title="bbox 2169 5195 3753 5271">
    <p class='ocr_par' dir='ltr' id='par_1_116' title="bbox 2169 5195 3753 5271">
     <span class='ocr_line' id='line_1_116' title="bbox 2169 5195 3753 5271; baseline 0.013 -23"><span class='ocrx_word' id='word_1_844' title='bbox 2169 5197 2324 5261; x_wconf 80' lang='lat' dir='ltr'><strong>riant,</strong></span> <span class='ocrx_word' id='word_1_845' title='bbox 2357 5206 2411 5248; x_wconf 88' lang='lat' dir='ltr'><strong>ut</strong></span> <span class='ocrx_word' id='word_1_846' title='bbox 2440 5213 2522 5250; x_wconf 90' lang='lat' dir='ltr'><strong>eos</strong></span> <span class='ocrx_word' id='word_1_847' title='bbox 2546 5195 2687 5250; x_wconf 77' lang='lat' dir='ltr'><strong>nullo</strong></span> <span class='ocrx_word' id='word_1_848' title='bbox 2712 5199 2858 5252; x_wconf 85' lang='lat' dir='ltr'><strong>modo</strong></span> <span class='ocrx_word' id='word_1_849' title='bbox 2887 5200 3032 5255; x_wconf 84' lang='lat' dir='ltr'><strong>liceat</strong></span> <span class='ocrx_word' id='word_1_850' title='bbox 3068 5205 3270 5271; x_wconf 78' lang='lat' dir='ltr'><strong>euitare,</strong></span> <span class='ocrx_word' id='word_1_851' title='bbox 3306 5224 3396 5260; x_wconf 86' lang='lat' dir='ltr'><strong>nec</strong></span> <span class='ocrx_word' id='word_1_852' title='bbox 3434 5220 3753 5269; x_wconf 76' lang='lat' dir='ltr'><strong>contemnere</strong></span> 
     </span>
    </p>
   </div>
   <div class='ocr_carea' id='block_1_117' title="bbox 2171 5289 3755 5369">
    <p class='ocr_par' dir='ltr' id='par_1_117' title="bbox 2171 5289 3755 5369">
     <span class='ocr_line' id='line_1_117' title="bbox 2171 5289 3755 5369; baseline 0.013 -30"><span class='ocrx_word' id='word_1_853' title='bbox 2171 5297 2431 5356; x_wconf 83' lang='lat' dir='ltr'><strong>oporteat;</strong></span> <span class='ocrx_word' id='word_1_854' title='bbox 2461 5305 2559 5341; x_wconf 90' lang='lat' dir='ltr'><strong>non</strong></span> <span class='ocrx_word' id='word_1_855' title='bbox 2588 5289 2770 5343; x_wconf 83' lang='lat' dir='ltr'><strong>desunt</strong></span> <span class='ocrx_word' id='word_1_856' title='bbox 2794 5307 2907 5359; x_wconf 74' lang='lat' dir='ltr'><strong>quae</strong></span> <span class='ocrx_word' id='word_1_857' title='bbox 2930 5294 3168 5349; x_wconf 78' lang='lat' dir='ltr'><strong>dictando</strong></span> <span class='ocrx_word' id='word_1_858' title='bbox 3201 5314 3457 5369; x_wconf 58' lang='lat' dir='ltr'><strong>praepono,</strong></span> <span class='ocrx_word' id='word_1_859' title='bbox 3487 5302 3559 5355; x_wconf 83' lang='lat' dir='ltr'><strong>sic</strong></span> <span class='ocrx_word' id='word_1_860' title='bbox 3582 5304 3636 5356; x_wconf 81' lang='lat' dir='ltr'><strong>in</strong></span> <span class='ocrx_word' id='word_1_861' title='bbox 3658 5323 3755 5359; x_wconf 54' lang='lat' dir='ltr'><strong>arb</strong></span> 
     </span>
    </p>
   </div>
   <div class='ocr_carea' id='block_1_118' title="bbox 2170 5377 3777 5464">
    <p class='ocr_par' dir='ltr' id='par_1_118' title="bbox 2170 5377 3777 5464">
     <span class='ocr_line' id='line_1_118' title="bbox 2170 5377 3777 5464; baseline 0.013 -35"><span class='ocrx_word' id='word_1_862' title='bbox 2170 5377 2336 5431; x_wconf 81' lang='lat' dir='ltr'><strong>ticulis</strong></span> <span class='ocrx_word' id='word_1_863' title='bbox 2366 5388 2641 5448; x_wconf 80' lang='lat' dir='ltr'><strong>temporum</strong></span> <span class='ocrx_word' id='word_1_864' title='bbox 2681 5384 2967 5449; x_wconf 85' lang='lat' dir='ltr'><strong>constituta,</strong></span> <span class='ocrx_word' id='word_1_865' title='bbox 3011 5394 3069 5437; x_wconf 90' lang='lat' dir='ltr'><strong>ut</strong></span> <span class='ocrx_word' id='word_1_866' title='bbox 3110 5386 3404 5443; x_wconf 74' lang='lat' dir='ltr'><strong>dilationem</strong></span> <span class='ocrx_word' id='word_1_867' title='bbox 3429 5408 3531 5446; x_wconf 89' lang='lat' dir='ltr'><strong>non</strong></span> <span class='ocrx_word' id='word_1_868' title='bbox 3556 5397 3746 5464; x_wconf 76' lang='lat' dir='ltr'><strong>ferant.</strong></span> <span class='ocrx_word' id='word_1_869' title='bbox 3772 5404 3777 5409; x_wconf 75' lang='grc'><em>’</em></span> 
     </span>
    </p>
   </div>
   <div class='ocr_carea' id='block_1_119' title="bbox 2175 5465 3749 5547">
    <p class='ocr_par' dir='ltr' id='par_1_119' title="bbox 2175 5465 3749 5547">
     <span class='ocr_line' id='line_1_119' title="bbox 2175 5465 3749 5547; baseline 0.013 -29"><span class='ocrx_word' id='word_1_870' title='bbox 2175 5465 2233 5518; x_wconf 78' lang='lat' dir='ltr'><strong>Et</strong></span> <span class='ocrx_word' id='word_1_871' title='bbox 2275 5476 2396 5537; x_wconf 87' lang='lat' dir='ltr'><strong>post</strong></span> <span class='ocrx_word' id='word_1_872' title='bbox 2423 5468 2691 5538; x_wconf 86' lang='lat' dir='ltr'><strong>interjecta</strong></span> <span class='ocrx_word' id='word_1_873' title='bbox 2726 5472 2977 5527; x_wconf 72' lang='lat' dir='ltr'><strong>nonnulla</strong></span> <span class='ocrx_word' id='word_1_874' title='bbox 3006 5477 3340 5547; x_wconf 88' lang='lat' dir='ltr'><strong>prosequitur</strong></span> <span class='ocrx_word' id='word_1_875' title='bbox 3366 5479 3419 5533; x_wconf 89' lang='lat' dir='ltr'><strong>in</strong></span> <span class='ocrx_word' id='word_1_876' title='bbox 3460 5481 3600 5536; x_wconf 85' lang='lat' dir='ltr'><strong>hunc</strong></span> <span class='ocrx_word' id='word_1_877' title='bbox 3625 5500 3749 5539; x_wconf 83' lang='lat' dir='ltr'><strong>mo-</strong></span> 
     </span>
    </p>
   </div>
   <div class='ocr_carea' id='block_1_120' title="bbox 2171 5555 3750 5633">
    <p class='ocr_par' dir='ltr' id='par_1_120' title="bbox 2171 5555 3750 5633">
     <span class='ocr_line' id='line_1_120' title="bbox 2171 5555 3750 5633; baseline 0.015 -25"><span class='ocrx_word' id='word_1_878' title='bbox 2171 5556 2294 5609; x_wconf 89' lang='lat' dir='ltr'><strong>dum</strong></span> <span class='ocrx_word' id='word_1_879' title='bbox 2327 5574 2339 5611; x_wconf 90' lang='lat'><strong>:</strong></span> <span class='ocrx_word' id='word_1_880' title='bbox 2368 5555 2435 5609; x_wconf 87' lang='lat' dir='ltr'><strong>Et</strong></span> <span class='ocrx_word' id='word_1_881' title='bbox 2484 5560 2606 5623; x_wconf 85' lang='lat' dir='ltr'><strong>quid</strong></span> <span class='ocrx_word' id='word_1_882' title='bbox 2644 5560 2828 5630; x_wconf 79' lang='lat' dir='ltr'><strong>faciam</strong></span> <span class='ocrx_word' id='word_1_883' title='bbox 2874 5580 3081 5631; x_wconf 84' lang='lat' dir='ltr'><strong>prorsus</strong></span> <span class='ocrx_word' id='word_1_884' title='bbox 3146 5568 3330 5622; x_wconf 87' lang='lat' dir='ltr'><strong>nescio.</strong></span> <span class='ocrx_word' id='word_1_885' title='bbox 3380 5572 3577 5626; x_wconf 81' lang='lat' dir='ltr'><strong>Audisti</strong></span> <span class='ocrx_word' id='word_1_886' title='bbox 3612 5579 3750 5633; x_wconf 77' lang='lat' dir='ltr'><strong>unde</strong></span> 
     </span>
    </p>
   </div>
   <div class='ocr_carea' id='block_1_121' title="bbox 2178 5646 3748 5731">
    <p class='ocr_par' dir='ltr' id='par_1_121' title="bbox 2178 5646 3748 5731">
     <span class='ocr_line' id='line_1_121' title="bbox 2178 5646 3748 5731; baseline 0.015 -33"><span class='ocrx_word' id='word_1_887' title='bbox 2178 5664 2367 5700; x_wconf 83' lang='lat' dir='ltr'><strong>mrcum</strong></span> <span class='ocrx_word' id='word_1_888' title='bbox 2380 5646 2649 5704; x_wconf 83' lang='lat' dir='ltr'><strong>Dominum</strong></span> <span class='ocrx_word' id='word_1_889' title='bbox 2674 5652 2951 5720; x_wconf 69' lang='lat' dir='ltr'><strong>depreceris</strong></span> <span class='ocrx_word' id='word_1_890' title='bbox 2976 5670 2992 5709; x_wconf 89' lang='lat'><em>:</em></span> <span class='ocrx_word' id='word_1_891' title='bbox 3009 5656 3096 5711; x_wconf 85' lang='lat' dir='ltr'><strong>sed</strong></span> <span class='ocrx_word' id='word_1_892' title='bbox 3110 5658 3260 5712; x_wconf 87' lang='lat' dir='ltr'><strong>etiam</strong></span> <span class='ocrx_word' id='word_1_893' title='bbox 3279 5661 3413 5731; x_wconf 82' lang='lat' dir='ltr'><strong>quod</strong></span> <span class='ocrx_word' id='word_1_894' title='bbox 3426 5671 3529 5718; x_wconf 81' lang='lat' dir='ltr'><strong>tam</strong></span> <span class='ocrx_word' id='word_1_895' title='bbox 3550 5665 3748 5721; x_wconf 58' lang='lat' dir='ltr'><strong>instare-</strong></span> 
     </span>
    </p>
   </div>
  </div>
