4042 6360
229 317 364 373 153

234 623 560 673 enumerat,
590 630 618 665 a
652 629 710 667 se
738 626 831 681 per
860 611 997 665 idem
1024 621 1232 680 tempus
1266 609 1563 664 elaboratas
1587 626 1601 662 :
1639 608 1705 664 de
1731 608 1850 678 qui-

240 704 359 758 bus
388 705 643 758 omnibus
667 704 773 771 jam
792 717 821 756 a
850 703 1003 757 nobis
1041 710 1237 766 actum,
1272 709 1623 770 praeterquam
1649 699 1716 753 de
1739 713 1851 753 me-

232 797 478 849 moratis
522 796 718 850 ibidem
768 794 959 849 litteris
1003 792 1069 847 ad
1118 790 1478 847 Marcellinum
1509 799 1561 845 et
1589 789 1655 844 ad
1686 789 1849 846 Volu-

230 887 487 939 sianum.

897 972 1122 1028 CAPUT
1160 970 1247 1026 Ill.

232 1068 259 1120 1
324 1068 649 1138 Augustinus
673 1080 718 1121 et
764 1065 1094 1120 Marcellinus
1136 1064 1462 1119 Volusianum
1495 1065 1557 1117 ab
1596 1063 1847 1117 idolorum

309 1160 464 1210 cultu
493 1160 562 1211 ad
594 1158 921 1212 christianum
950 1156 1101 1226 [idem
1128 1157 1386 1210 traducere
1424 1155 1644 1209 student.
1677 1155 1713 1208 2
1738 1156 1845 1208 Au-

308 1252 515 1319 gustini
544 1251 614 1303 ad
657 1249 981 1304 Volusianunt
1009 1248 1302 1319 percelebris
1336 1248 1564 1316 epistola.
1598 1248 1631 1302 5
1658 1244 1844 1301 Conci-

308 1342 451 1395 lium
462 1342 717 1397 Zertense.
738 1344 769 1396 4
789 1341 1072 1412 Presbyteri
1094 1334 1147 1394 et
1170 1320 1338 1394 clerici
1372 1341 1579 1411 quidam
1607 1340 1845 1395 Donatis-

307 1444 415 1495 ιω,
435 1450 494 1485 ac
515 1434 645 1486 cives
671 1449 862 1501 quoque
886 1432 1131 1486 Cirtenses
1154 1432 1221 1484 ad
1246 1432 1544 1485 catholicam
1570 1430 1846 1485 Ecclesium

306 1526 555 1579 redeunt.
577 1527 610 1580 5
643 1525 822 1590 Quoin
849 1525 958 1578 loco
1003 1532 1155 1592 ponat
1183 1524 1509 1593 Augustinus,
1539 1524 1753 1593 ponique
1780 1522 1841 1577 ab

305 1618 504 1669 aulicis
530 1615 648 1669 velit
676 1631 793 1668 suas
821 1614 1208 1668 lucubrationes.

306 1712 367 1763 1.
402 1710 758 1764 Volusianum
801 1708 1125 1777 Augustinus
1172 1720 1374 1760 summa
1404 1705 1514 1771 illa,
1561 1719 1716 1773 quam
1747 1704 1844 1757 ad-

226 1815 449 1854 versus
496 1815 618 1853 eum
664 1807 921 1867 perpetuo
963 1796 1210 1861 adhibet,
1261 1795 1624 1859 observantia,
1672 1795 1844 1848 virum

229 1889 591 1957 amplissimo
617 1889 732 1942 loco
756 1896 935 1940 natum
962 1885 1110 1940 fateri
1137 1885 1297 1955 cogit.
1324 1884 1480 1939 Certe
1506 1884 1717 1954 quidem
1746 1884 1845 1938 Ba-

227 1980 445 2034 tonius
467 1980 635 2047 ipsum
663 1978 901 2031 Melania:
930 1976 1156 2045 junioris
1180 1976 1499 2031 avunculum
1533 1975 1697 2031 fuisse
1726 1976 1841 2044 opi-

227 2080 414 2123 natur
464 2068 764 2141 (Baronius,
811 2067 880 2120 ad
906 2084 1093 2121 annum
1135 2067 1290 2137 412),
1332 2066 1434 2121 hoc
1476 2075 1591 2134 est,
1638 2067 1844 2121 Albincc

226 2162 448 2213 metris
466 2174 770 2228 germanum
796 2156 1009 2212 fratrem
1033 2173 1047 2222 ;
1072 2157 1335 2228 siquidem
1358 2158 1600 2211 Melanize
1618 2158 1843 2226 junioris

226 2258 434 2318 pater,
463 2250 643 2303 unicus
689 2257 804 2303 erat
843 2248 1073 2303 senioris
1115 2248 1354 2303 Melania:
1396 2247 1556 2303 ﬁlius.
1608 2249 1758 2315 Quod
1800 2250 1842 2305 si

226 2342 403 2395 illum
459 2351 698 2410 patruum
730 2349 884 2394 vocet
935 2339 1338 2409 Metaphrasles,
1391 2341 1843 2411 imputandushie

226 2447 309 2485 en
326 2446 409 2485 or
452 2431 735 2485 traductori
769 2447 781 2483 :
811 2430 951 2486 idem
998 2430 1139 2485 cnim
1180 2428 1395 2486 exhibet
1426 2431 1599 2486 Photii
1643 2434 1838 2499 versio,

224 2522 501 2590 quamvis
525 2522 575 2574 iu
605 2530 744 2576 textu
776 2530 911 2587 θεῖος,
940 2536 1059 2591 quae
1089 2536 1188 2575 vox
1216 2522 1380 2591 patris
1410 2523 1700 2593 matrisque
1736 2524 1843 2578 fra-

226 2621 385 2665 trem
437 2625 679 2680 paratque
709 2610 990 2680 signiﬁcat,
1020 2609 1279 2665 habeatur
1310 2610 1570 2682 (Photius,
1599 2612 1840 2667 Biblioth.

224 2704 431 2758 codice
458 2703 587 2775 55).
617 2702 747 2772 Ejus
775 2702 1041 2773 ingenium
1065 2712 1119 2757 et
1138 2703 1490 2774 eloquentiam
1521 2706 1843 2773 Augustinus

224 2809 297 2851 ac
350 2802 423 2847 et
458 2794 788 2848 Marcellinus
844 2792 1055 2863 egregie
1108 2794 1521 2848 commendant:
1552 2811 1736 2850 verum
1776 2810 1840 2850 ex

227 2886 347 2939 illis
404 2884 782 2954 quaestionibus
811 2898 943 2953 quas
973 2883 1096 2939 ﬁdei
1134 2883 1437 2938 christiana:
1476 2884 1714 2954 Opponit,
1757 2890 1840 2939 in-

230 2977 496 3046 telligam
522 2984 620 3042 est,
648 2976 732 3030 vel
760 2989 878 3030 eam
914 2975 1086 3044 ipsum
1116 2974 1339 3029 necdum
1372 2976 1665 3045 professum
1699 2991 1838 3043 esse,

226 3070 317 3124 vel
354 3070 552 3124 saltem
580 3068 727 3122 nullo
745 3076 899 3138 pacto
919 3068 971 3121 in
988 3082 1049 3122 ea
1067 3066 1437 3121 conﬁrmatum
1464 3084 1478 3133 ;
1508 3076 1665 3137 atque
1686 3068 1839 3135 adeo,

227 3169 293 3215 ut
347 3160 477 3228 ejus
525 3160 712 3212 anima:
759 3158 1157 3223 consuleretur,
1204 3157 1513 3212 tradendam
1565 3158 1726 3213 fuisse
1769 3159 1841 3213 illi

228 3252 477 3307 uberius
522 3250 767 3304 Ecclesia:
797 3248 1115 3303 doctrinam.
1164 3248 1386 3303 Matrem
1426 3248 1692 3303 Volusiaui
1722 3266 1841 3302 san-

228 3354 397 3397 ctam
427 3350 580 3395 vocat
603 3341 948 3410 Augustinus,
981 3349 1033 3394 et
1062 3339 1114 3393 in
1144 3339 1359 3394 Christo
1404 3340 1712 3409 dignissime
1748 3340 1842 3394 lto-

230 3432 553 3487 norandam
614 3431 816 3503 (Epist.
870 3432 991 3495 157,
1039 3448 1091 3485 n.
1140 3428 1267 3502 20).
1318 3432 1442 3486 llasc
1484 3431 1708 3486 salutem
1750 3432 1843 3488 ﬁlii

231 3527 601 3581 vehementer
646 3524 930 3595 exoptabat
969 3524 1173 3598 (Epist.
1224 3526 1377 3595 152),
1425 3527 1631 3596 piisque
1671 3542 1701 3580 a
1732 3527 1842 3582 Deo

231 3616 508 3685 precibus
544 3617 748 3684 petebat
778 3613 979 3685 (Epist.
1012 3616 1133 3679 157,
1162 3634 1213 3669 η.
1246 3615 1368 3688 20).
1406 3616 1541 3684 Quin
1567 3618 1724 3671 etiam
1752 3633 1844 3672 ex-

233 3706 957 3771 oraveratMarcellinutn,ut
974 3706 1198 3760 subinde
1214 3705 1559 3761 Volusianum
1583 3709 1838 3777 invisens,

235 3812 402 3860 eum,
423 3805 676 3866 quantum
704 3796 755 3850 in
785 3812 842 3852 se
862 3805 1029 3861 esset,
1052 3796 1327 3867 colloquiis
1349 3800 1458 3852 suis
1484 3799 1534 3852 in
1553 3799 1693 3853 bono
1718 3815 1842 3869 pro-

236 3888 431 3957 posito
459 3895 715 3941 statueret
738 3896 896 3957 atque
924 3886 1158 3941 ﬁrmaret
1188 3885 1379 3959 (Epist.
1405 3888 1527 3954 156,
1554 3906 1606 3941 n.
1635 3889 1710 3961 1).
1738 3888 1842 3945 Sed

236 3995 362 4033 non
393 3993 547 4048 atque
572 3987 795 4043 constat,
836 3995 902 4031 an
933 3978 1171 4048 ejusdem
1204 3988 1392 4050 rogatu
1421 3981 1747 4051 Augustinus
1776 3982 1843 4036 ad

239 4068 647 4140 procurandam
698 4069 791 4123 ﬁlii
832 4070 1055 4124 salutem
1103 4069 1340 4124 animum
1393 4071 1646 4140 adjecerit
1687 4090 1700 4125 :
1743 4074 1844 4128 hoc

240 4168 405 4216 extra
428 4158 647 4213 dubium
670 4168 772 4223 est,
797 4175 916 4215 eum
941 4175 1044 4214 non
1068 4160 1244 4214 minus
1260 4176 1417 4230 quam
1440 4161 1580 4215 illam
1604 4162 1841 4231 ejusdem

239 4251 327 4306 rei
364 4249 649 4304 sollicitum
681 4249 860 4304 fuisse.
888 4250 968 4305 Ad
995 4251 1150 4305 istum
1178 4252 1337 4321 igitur
1355 4252 1655 4321 epistolium
1676 4254 1843 4311 dede-

240 4351 334 4396 rat
358 4340 558 4412 (Epist.
580 4341 723 4412 132),
752 4354 859 4411 quo
884 4357 1003 4396 eum
1023 4340 1090 4396 ad
1116 4342 1365 4413 legendas
1385 4342 1684 4413 Scripturas
1704 4345 1843 4400 divi-

238 4447 374 4495 nas,
407 4432 702 4500 praesertim
725 4448 851 4487 vero
873 4432 1117 4486 Paulinas
1147 4434 1418 4502 epistolas,
1442 4436 1840 4502 exhortabatur;

243 4522 297 4577 si
323 4521 461 4590 quid
492 4521 578 4575 ille
603 4521 926 4576 difﬁcultatis
954 4521 1111 4576 isthic
1139 4522 1450 4588 offenderet,
1484 4526 1683 4594 scripto
1702 4542 1761 4580 se
1777 4526 1843 4581 ad

241 4611 438 4665 ornnia
469 4625 848 4680 responsurum
880 4612 1167 4682 pollicitus.
1202 4614 1334 4668 Huic
1356 4624 1534 4670 autem
1564 4617 1609 4670 is
1651 4619 1843 4672 rescri-

241 4701 367 4770 psit
396 4700 772 4766 urbanissima,
796 4718 913 4773 qua:
939 4704 1225 4757 etiamnum
1254 4714 1445 4773 exstat,
1472 4707 1693 4776 epistola
1718 4707 1840 4781 (Ep.

243 4790 411 4862 155),
441 4790 497 4844 in
531 4806 631 4861 qua
658 4792 755 4846 sibi
783 4801 991 4862 gratum
1019 4807 1138 4847 esse
1168 4794 1309 4849 illius
1336 4796 1649 4865 promissum
1678 4799 1843 4868 signi-

243 4882 384 4937 ﬁcat
429 4889 638 4951 :utque
685 4882 809 4937 inde
856 4884 1033 4938 statim
1076 4884 1287 4954 aliquid
1336 4887 1577 4942 utilitatis
1624 4890 1857 4959 capiat,

242 4974 484 5044 exponit
520 4974 568 5028 ei
594 4973 914 5044 colloquium
945 4976 1207 5045 quoddam
1258 4992 1317 5033 se
1353 4992 1613 5048 praesente
1635 4982 1839 5047 initum,

242 5069 307 5122 in
341 5079 455 5135 quo
483 5066 660 5120 nescio
684 5066 804 5136 quis
832 5076 1005 5122 certas
1030 5067 1097 5122 de
1125 5067 1491 5125 lnearnatione
1522 5071 1679 5126 Verbi
1700 5088 1845 5141 quaa-

243 5160 469 5214 stiones
495 5158 781 5228 objecerat,
813 5175 875 5214 ea
919 5160 1247 5215 contendens
1291 5162 1453 5216 multa
1484 5163 1592 5218 Deo
1631 5164 1842 5234 indigna

243 5247 545 5304 contineri.
578 5248 717 5319 Ergo
744 5249 1120 5320 Augustinum,
1167 5260 1226 5305 ut
1248 5266 1342 5306 eos
1382 5251 1550 5307 nodos
1577 5254 1840 5324 explicet,

240 5347 451 5409 rogat;
496 5353 717 5409 eamque
743 5340 796 5393 in
834 5356 949 5395 rem
991 5340 1169 5395 verbis
1209 5343 1394 5408 utitur,
1441 5359 1560 5412 qua:
1597 5343 1699 5399 hoc
1729 5346 1845 5400 loco

245 5443 549 5485 recensere
573 5444 749 5499 Operae
793 5432 1018 5500 pretium
1045 5430 1221 5487 fuerit.
1253 5432 1467 5487 Interest
1515 5435 1666 5504 fama!
1709 5448 1840 5504 tute,

245 5518 458 5588 inquit,
502 5528 556 5571 ut
583 5519 792 5591 quaesita
832 5522 1129 5575 noverimus.
1165 5519 1441 5594 Utcumque
1468 5524 1652 5593 absque
1693 5527 1847 5579 detri-

245 5620 430 5665 mento
453 5611 619 5665 cultus
634 5612 788 5665 divini
802 5613 854 5666 in
867 5612 983 5666 aliis
1007 5613 1341 5667 sacerdotibus
1356 5614 1594 5668 toleratur
1618 5616 1843 5684 inscitia;

243 5710 314 5757 at
355 5717 470 5755 cum
496 5700 568 5756 ad
608 5700 880 5759 antistitem
928 5702 1264 5775 Augustinum
1310 5706 1521 5775 venitur,
1554 5702 1653 5777 legi
1684 5706 1838 5776 deest,

1567 309 1765 364 LlllEll
1806 311 2148 369 SEPTIMUS.

238 445 332 485 ter
367 442 413 484 et
459 440 559 482 tam
601 430 773 483 crebro
812 446 891 483 me
927 429 1188 493 admones,
1223 426 1338 480 nolo
1368 441 1556 488 cesses,
1581 442 1681 478 non
1724 424 1852 478 nihil

232 540 410 591 agens
439 521 630 593 (Epist.
661 522 776 583 159,
808 538 894 573 nn.
924 520 979 587 5,
998 518 1083 589 4).
1112 520 1354 573 Diversus
1380 516 1851 571 commentationes

3421 336 3526 390 431

1960 426 2203 496 quidquid
2227 430 2488 502 contigerit
2512 434 2736 504 ignorari
2753 434 2934 503 (Ibid.,
2967 455 3016 492 η.
3048 440 3126 511 2).
3157 441 3252 499 llic
3280 445 3445 502 solam
3466 450 3534 505 de

1961 516 2329 575 lucarnatione
2377 525 2756 594 quaestionem,
2806 543 2874 583 ne
2927 530 3195 586 brevitatis
3238 536 3532 605 epistolaris

1959 611 2152 666 oblitus
2194 613 2451 681 videatur,
2508 620 2788 689 proponit:
2820 622 2911 675 sed
2962 623 3264 680 Marcellino
3304 629 3529 699 aliisque

1956 701 2198 770 plurimis
2218 702 2498 773 fatebatur,
2519 723 2621 762 non
2653 725 2813 779 pauca
2844 728 3144 782 superesse,
3170 732 3288 786 qua:
3303 719 3401 773 sibi
3427 723 3537 775 vel-

1956 791 2026 846 let
2041 794 2333 849 enucleata.
2358 797 2667 867 Hujusmodi
2686 812 2799 856 erat
2822 802 3119 859 immutatio
3134 817 3289 877 atque
3312 809 3530 866 abolitio

1955 896 2403 941 sacramentorum
2429 889 2621 944 veteris
2642 891 2964 947 Testamenti
2992 912 3003 946 :
3030 910 3234 951 necnon
3262 908 3315 952 et
3334 899 3535 955 doctri-
3634 880 3639 883 ’

1954 990 2037 1028 nte
2073 975 2363 1046 Evangelii,
2395 980 2567 1048 quoad
2603 993 2862 1052 przecepta
2889 985 3126 1054 quardam
3158 988 3377 1058 majora,
3411 1006 3532 1046 cum

1952 1065 2057 1119 vita
2095 1067 2231 1120 civili
2259 1082 2321 1122 ac
2351 1070 2559 1138 publico
2586 1088 2866 1143 regnorum
2906 1076 3065 1141 bono,
3100 1086 3156 1132 ut
3192 1080 3291 1149 ipsi
3319 1083 3530 1151 quidem

1953 1154 2246 1221 videbatur,
2292 1164 2658 1230 repugnantia.
2698 1165 2821 1219 llaec
2850 1168 3025 1221 omnia
3057 1169 3391 1227 Marcellinus
3417 1176 3496 1229 Au
3522 1203 3546 1217 -

1951 1250 2160 1317 gustiuo
2197 1250 2530 1320 signiﬁcavit,
2570 1254 2830 1325 simulque
2858 1266 2915 1311 ut
2959 1275 3065 1313 non
3095 1260 3160 1316 iis
3199 1262 3377 1329 modo,
3408 1280 3527 1334 qua:

1952 1350 2299 1408 proposuerat
2321 1342 2655 1411 Volusianus,
2682 1347 2773 1401 sed
2804 1351 3012 1404 caeteris
3039 1367 3248 1422 quoque
3273 1358 3527 1424 quaestio-

1951 1432 2106 1486 nibus
2127 1432 2473 1498 satisfaceret,
2507 1435 2803 1493 obsecravit
2833 1438 3100 1495 :l‘uturum
3128 1445 3289 1507 enim,
3325 1454 3380 1498 ut
3414 1446 3529 1515 ejus

1948 1535 2262 1590 responsum
2294 1523 2344 1575 in
2373 1524 2655 1577 multorum
2678 1541 2862 1580 manus
2889 1531 3178 1597 perveniat,
3211 1548 3345 1601 quos
3367 1533 3526 1587 iidem

1949 1608 2024 1662 illi
2051 1608 2417 1663 difﬁcultatum
2440 1612 2613 1681 laquei
2640 1613 2936 1682 implicatos
2966 1618 3353 1690 impeditosque
3380 1632 3526 1676 leue-

1947 1707 2087 1752 rent.
2121 1700 2291 1769 Rogat
2320 1700 2561 1771 inprimis
2590 1712 2647 1756 ut
2668 1704 2796 1758 illud
2823 1717 3064 1762 accurate
3093 1709 3347 1778 revincat,
3387 1713 3529 1783 quod

1947 1786 2561 1858 ChristumIafﬁrmabant
2581 1793 2786 1848 Ethnici
2802 1795 2929 1850 nihil
2952 1813 3201 1867 unquam,
3225 1802 3367 1870 quod
3394 1803 3527 1857 alio-

1947 1896 2065 1935 rum
2099 1882 2367 1937 hominum
2390 1885 2532 1939 vires
2561 1896 2856 1956 superaret,
2886 1889 3143 1957 elfeeissc,
3175 1902 3330 1962 atque
3363 1898 3524 1951 etiam

1948 1970 2169 2039 majora,
2201 1987 2357 2041 quam
2403 1974 2571 2041 illum,
2596 1977 2851 2031 miracula
2903 1988 3138 2048 patrasse
3188 1984 3525 2053 Apollonium

1948 2059 2275 2128 Thianaeum,
2318 2064 2623 2131 Apuleium,
2648 2074 2704 2120 et.
2743 2069 2875 2122 alios
2914 2084 2945 2124 e
2991 2086 3263 2141 magorum
3308 2090 3530 2130 numero

1946 2151 2081 2206 bene
2103 2152 2299 2206 multos
2324 2151 2513 2224 (Epist.
2535 2157 2657 2219 156,
2690 2174 2778 2211 ηη.
2802 2159 2857 2221 2,
2885 2160 2961 2228 5).

2026 2241 2080 2295 2.
2134 2243 2298 2297 Batus
2341 2254 2421 2299 est
2464 2246 2790 2316 Augustinus
2834 2252 3311 2307 commentationes
3350 2255 3481 2309 alias
3508 2298 3524 2322 ,

1946 2333 2133 2401 quibus
2160 2332 2477 2398 desudabat,‘
2498 2350 2684 2391 omnes
2711 2337 3137 2396 intermittendas
3163 2352 3219 2396 ut
3243 2344 3526 2399 Volusiano
3598 2346 3601 2351 ’

1945 2423 2060 2476 sine
2088 2425 2559 2492 procrastinatione
2602 2427 2706 2482 ulla
2749 2429 3116 2499 responderet,
3160 2441 3318 2502 atque
3364 2434 3417 2488 in
3458 2450 3525 2488 eo

1946 2515 2231 2568 multorum
2276 2531 2484 2587 quoque
2535 2517 2756 2573 aliorum
2798 2521 3131 2577 institutioni
3178 2525 3523 2595 prospiceret.

1945 2604 2120 2672 Quare
2165 2606 2405 2660 laudibus
2451 2608 2642 2677 quibus
2692 2610 2759 2664 ab
2800 2610 2892 2665 illo
2931 2625 3149 2668 ornatus
3197 2615 3387 2683 fuerat,
3430 2632 3526 2686 per

1946 2709 2206 2749 summam
2249 2697 2561 2751 modestiam
2597 2699 2835 2761 elevatis,
2877 2717 3084 2758 necnon
3122 2704 3396 2759 altitudine
3435 2722 3525 2759 sa-

1946 2802 2156 2842 crorum
2183 2790 2509 2843 voluminum
2529 2791 2627 2861 ipsi
2652 2792 2721 2847 ob
2736 2794 2919 2849 oculos
2947 2797 3519 2866 posita,quaistionem,

1945 2896 2063 2950 qua:
2092 2880 2422 2936 discutienda
2446 2891 2580 2950 erat,
2609 2886 2929 2955 aggreditur,
2944 2887 3115 2959 deque
3139 2888 3523 2946 lnearnationis

1946 2971 2203 3041 mysterio
2244 2988 2399 3041 quam
2441 2972 2862 3031 luculentissime
2888 2977 3121 3047 disputat
3147 2996 3159 3032 :
3188 2988 3300 3034 tum
3328 2980 3396 3037 de
3425 2983 3523 3037 Ee-

1945 3062 2105 3117 elesia
2128 3078 2425 3118 sermonem
2452 3064 2751 3133 instituens,
2774 3082 2891 3122 eam
2912 3071 3115 3124 ratione
3141 3085 3267 3126 sane
3284 3072 3527 3140 pulcher--

1946 3152 2099 3219 rima,
2117 3160 2171 3207 et
2191 3169 2308 3222 qua:
2332 3154 2401 3207 sit
2424 3154 2572 3223 quasi
2591 3157 2764 3225 magni
2789 3158 2869 3211 sui
2892 3160 3068 3229 operis
3083 3160 3150 3215 de
3177 3160 3400 3218 Civitate
3431 3164 3522 3219 Dei

1946 3243 2337 3313 compendium,
2364 3243 2592 3298 adstruit
2614 3247 2928 3316 asseritque.
2958 3248 3055 3303 Hic
3083 3251 3245 3304 etiam
3279 3252 3523 3306 Volusia-

1947 3348 2071 3385 num
2105 3332 2353 3388 inducere
2379 3334 2582 3399 nititur,
2600 3343 2657 3388 ut
2680 3336 2779 3390 sibi
2809 3335 3163 3392 dubitationes
3192 3354 3313 3395 suas
3334 3355 3526 3396 omnes

1945 3427 2223 3497 signiﬁcet.
2265 3428 2392 3482 nihil
2425 3429 2621 3484 veritus
2655 3445 2720 3483 ne
2747 3430 2994 3485 usitatum
3024 3431 3235 3486 modum
3266 3433 3522 3502 epistola-

1946 3534 2061 3573 rum
2103 3527 2372 3584 transeat;
2406 3519 2549 3574 illum
2595 3519 2823 3590 denique
2863 3520 3088 3575 Possidii
3129 3523 3327 3587 verbis,
3359 3540 3521 3594 quem

1947 3609 2070 3663 hinc
2095 3609 2534 3681 Hippone-Regio
2559 3611 2608 3664 id
2627 3612 2877 3680 temporis
2892 3612 3160 3668 exstitisse
3189 3615 3376 3667 merito
3406 3616 3522 3670 col-

1947 3699 2159 3770 legeris,
2210 3700 2400 3754 salutat
2446 3688 2645 3773 (Epist.
2699 3697 2855 3771 157).
2899 3700 3152 3756 Sul'ﬁcere
3202 3703 3527 3772 Augustinus

1946 3791 2285 3855 existimavit,
2308 3791 2353 3846 si
2379 3791 2677 3856 Volusiano,
2703 3790 2770 3845 de
2789 3792 2977 3861 quibus
2999 3792 3350 3863 interregatus
3372 3795 3438 3849 ab
3457 3790 3553 3851 eo'

1946 3881 2138 3947 fuerat,
2188 3897 2501 3951 responsum
2541 3883 2732 3937 daret:
2761 3884 2900 3953 quod
2948 3894 3122 3939 autem
3174 3887 3238 3939 ad
3286 3888 3520 3957 reliqua,

1947 3974 2137 4043 quibus
2158 3981 2211 4027 et
2236 3972 2380 4027 illum
2400 3984 2453 4028 et
2472 3973 2607 4027 alios
2627 3974 2822 4028 multos
2846 3975 2986 4045 angi,
3010 3991 3075 4030 ex
3099 3976 3287 4031 litteris
3308 3978 3534 4032 Marcel-

1951 4064 2043 4118 lini
2088 4073 2428 4134 cognoverat,
2478 4064 2578 4134 ipsi
2625 4065 2927 4119 Marcellino
2969 4080 3117 4120 suam
3166 4082 3325 4136 super
3366 4084 3427 4121 ea
3467 4085 3526 4123 re

1947 4156 2260 4210 sententiam
2291 4155 2585 4211 rescribere
2613 4155 2836 4221 maluit;
2867 4159 2943 4223 ut,
2991 4157 3034 4210 si
3062 4156 3112 4210 id
3137 4158 3207 4212 ita
3232 4158 3531 4214 conducere

1944 4248 2228 4318 judicarct,
2257 4248 2533 4318 epistolam
2560 4247 2724 4318 ipsius
2751 4248 3045 4303 ostenderet
3068 4248 3256 4317 iis,qui
3285 4249 3382 4303 sibi
3414 4265 3528 4303 ino-

1952 4342 2159 4397 lestiam
2199 4342 2321 4396 talia
2358 4349 2617 4411 perpetuo
2652 4340 2978 4410 objectantes
3022 4339 3391 4406 facesccbant;
3440 4352 3531 4395 aut

1949 4435 2049 4490 sibi
2094 4436 2239 4505 prius
2282 4434 2639 4504 signiﬁcaret,
2689 4432 2937 4502 quidnam
2982 4432 3076 4496 illi,
3103 4432 3241 4503 quod
3281 4433 3528 4487 sufﬁcere

1950 4536 2148 4595 posset,
2175 4523 2473 4578 addendum
2496 4523 2761 4578 videretur
2790 4522 2978 4592 (Epist.
3004 4524 3126 4589 158,
3159 4540 3210 4576 n.
3244 4523 3316 4594 1).
3358 4524 3527 4577 Vis-uri

1949 4632 2133 4670 sumus
2157 4614 2222 4669 ad
2251 4630 2445 4668 annum
2476 4613 3054 4684 quadringentesimum
3074 4614 3385 4683 vigesimum
3415 4615 3524 4683 pri—

1951 4705 2417 4772 mum,Volusiano
2444 4703 2603 4759 Urbis
2629 4704 2879 4773 praefecto
2909 4704 3243 4773 rescriptum,
3271 4719 3377 4773 quo
3400 4704 3523 4758 Cte-

1951 4797 2135 4850 lestius
2161 4810 2223 4849 ac
2248 4795 2487 4864 Pelagius
2517 4794 2568 4847 in
2582 4795 2822 4848 exsilium
2852 4794 3286 4859 amandabantur,
3305 4794 3464 4848 fuisse
3496 4810 3527 4846 a

1949 4886 2259 4941 Constantio
2292 4885 2612 4940 destinatum
2639 4884 2896 4956 (Pliotius,
2931 4885 3164 4939 Biblioth.
3194 4886 3364 4938 codice
3406 4885 3522 4952 55).

1952 4978 2047 5033 Cui
2094 4992 2245 5032 suum
2286 4991 2496 5048 quoque
2525 4976 2844 5031 Volusianus
2876 4975 3075 5030 addens
3104 4974 3352 5037 edictum,
3399 4974 3524 5029 Cte-

1956 5068 2164 5123 lestium
2209 5068 2399 5123 divinte
2442 5067 2565 5122 ﬁdei
2607 5077 2662 5123 et
2699 5067 2891 5138 quietis
2936 5066 3154 5136 publica:
3197 5065 3526 5120 turbatorem

1952 5169 2105 5214 vocat
2127 5159 2359 5232 (Baron.,
2386 5160 2454 5213 ad
2476 5176 2597 5212 ann.
2624 5158 2748 5223 420,
2771 5175 2823 5211 η.
2848 5157 2923 5227 5).
2940 5156 3042 5211 Sed
3061 5156 3201 5209 enim
3226 5154 3350 5208 hinc
3370 5155 3518 5209 illum

1954 5251 2166 5307 Christo
2209 5266 2401 5308 nomen
2447 5250 2659 5305 dedisse
2702 5248 2838 5302 haud
2882 5262 3143 5317 quaquam
3187 5248 3444 5317 sequitur,
3476 5248 3525 5302 si

1953 5344 2111 5399 modo
2162 5344 2299 5398 idem
2341 5343 2430 5397 ille
2471 5343 2569 5407 sit,
2613 5338 3055 5411 quemadmodum
3097 5339 3235 5409 apud
3279 5339 3527 5393 Pliotium

1953 5436 2129 5504 legere
2163 5445 2261 5500 cst,
2300 5435 2389 5504 qui
2428 5443 2625 5488 sanctzc
2664 5431 2902 5485 Melaniae
2929 5432 3250 5495 avunculus;
3283 5432 3526 5501 quando-

1952 5525 2163 5595 quidem
2205 5526 2270 5589 is,
2299 5535 2355 5579 ut
2399 5525 2630 5578 animam
2667 5523 2937 5593 Baptismo
2958 5525 3212 5594 expiaret,
3239 5524 3307 5577 ab
3331 5524 3530 5579 sororis

1953 5616 2057 5669 ﬁlia
2094 5616 2313 5669 multum
2342 5624 2542 5681 oratus,
2572 5615 2801 5670 instante
2833 5614 3045 5669 demum
3072 5616 3238 5678 obitu,
3279 5616 3545 5684 abjurato‘

1951 5704 2235 5761 Gentilium
2274 5721 2455 5761 errore
2484 5707 2750 5762 traductus
2776 5715 2856 5763 est
2885 5706 2951 5761 ad
2976 5706 3247 5762 Christum
3273 5716 3325 5761 et
3351 5708 3523 5779 bapti-
