4042 6360
504 300 609 361 ιω

515 425 666 471 tatus
692 412 950 485 (Pltotius,
981 410 1220 466 Bibliotlt.
1251 408 1439 462 codice.
1467 408 1575 477 53).
1610 406 1732 461 llaic
1767 408 1833 460 ita
1856 406 1998 475 legas
2025 404 2077 458 in

510 507 677 563 beata:
706 506 845 559 illius
871 503 1080 559 feminas
1112 502 1248 565 Vita,
1272 502 1359 555 ubi
1380 500 1517 554 diem
1542 500 1628 552 ille
1652 497 1841 551 dicitur
1860 496 2075 559 obiisse,

509 611 615 667 quo
644 605 879 665 tempore
902 595 953 647 in
990 590 1564 659 Constantinopolitana
1587 586 1833 641 cathedra
1858 584 2080 640 sedebat

510 687 727 743 Proclus
766 684 993 756 (Surius,
1018 684 1126 737 dcc.
1171 684 1260 748 3|,
1298 692 1385 733 aut
1401 680 1554 750 jan.)
1580 695 1593 742 ;
1625 677 1763 746 quod
1793 677 2078 730 Baronium

510 776 735 841 induxit,
782 785 838 829 ut
876 775 1021 828 illum
1061 788 1199 826 anno
1245 769 1763 839 quadringentesimo
1809 766 2079 836 trigesimo

459 888 466 899 ·
511 876 701 937 quarto
728 874 933 935 putaret
960 862 1343 919 collocandum.

582 955 636 1009 5.
667 955 795 1009 Cum
821 954 929 1023 jam
952 954 1141 1006 librum
1170 960 1277 1019 post
1308 947 1635 1001 Collationem
1662 945 1983 1015 Augustinus
2012 943 2079 996 ad

516 1044 804 1099 Donatistae
838 1042 1153 1111 scripsisset,
1184 1039 1414 1093 habitum
1444 1048 1527 1092 est
1563 1052 1699 1089 anno
1724 1034 2079 1104 quadringen-

512 1137 702 1189 tesimo
744 1134 1056 1189 duodecimo
1085 1132 1331 1184 Zertense
1356 1128 1631 1181 concilium
1660 1144 1672 1179 :
1697 1140 1761 1178 ex
1801 1139 1905 1193 quo
1950 1123 2079 1176 nihil

512 1235 768 1295 superest,
796 1234 987 1294 prmter
1016 1222 1288 1290 epistolam
1318 1219 1383 1273 ad
1414 1218 1628 1273 eosdem
1657 1216 1861 1271 decimo
1894 1222 2079 1269 octavo

514 1314 930 1383 kalendasjulias
943 1314 1189 1379 scriptam
1211 1308 1397 1381 (Epist.
1424 1308 1566 1377 141).
1585 1307 1714 1359 Cum
1734 1306 1872 1359 enim
1893 1320 2077 1357 eorum

513 1404 745 1472 episc0pi
770 1403 1034 1471 jactarent
1071 1400 1300 1467 jndiccm
1332 1414 1359 1449 a
1388 1396 1683 1460 catholicis,
1710 1404 1765 1449 ut
1793 1403 1975 1448 contra
1998 1394 2081 1446 ad-

512 1494 776 1546 versarios
822 1490 1203 1560 pronuntiaret,
1257 1488 1475 1556 pecunia
1523 1484 1683 1538 fuisse
1728 1492 2075 1551 corruptum:

513 1583 691 1651 putida
723 1584 807 1636 illa
829 1596 892 1635 ac
916 1580 1202 1634 deridicula
1224 1579 1482 1631 calumnia
1504 1575 1638 1643 apud
1665 1575 1917 1642 imperita:
1944 1573 2078 1626 mul-

513 1672 752 1726 titudinis
789 1673 993 1725 animos
1022 1671 1175 1723 fidem
1211 1668 1528 1731 invenit-bat,
1558 1676 1607 1719 et
1639 1666 1917 1733 quominus
1947 1667 2079 1718 veri-

514 1764 605 1815 tati
649 1764 826 1831 plures
871 1775 1057 1814 manus
1098 1760 1302 1821 darent,
1346 1756 1719 1825 impedimento
1757 1762 1889 1808 erat.
1931 1754 2078 1807 Nulla

516 1853 727 1921 quidem
756 1870 813 1908 re
839 1852 1094 1906 confutari
1128 1850 1369 1909 validius,
1411 1863 1564 1917 quam
1593 1847 1937 1913 ipsorummet
1973 1846 2080 1900 Ge-

511 1956 711 1997 storum
738 1945 961 1997 lectione
989 1949 1212 2010 poterat,
1238 1940 1288 1992 in
1310 1939 1498 2007 quibus
1522 1937 1761 1991 videlicet
1788 1946 1889 1989 tam
1918 1937 2080 1989 multa

512 2048 684 2086 causae
698 2048 806 2086 sure
835 2033 1098 2085 contraria
1124 2030 1422 2082 Donatistas
1451 2028 1590 2095 ipsos
1621 2026 1918 2094 protuliSse,
1943 2026 2081 2079 fitte-

514 2123 587 2176 ris
614 2122 978 2191 consignatum
1026 2120 1229 2183 fuerat;
1264 2129 1316 2171 ut
1343 2119 1545 2172 etiamsi
1585 2117 1888 2185 religionem
1931 2132 2079 2170 suam

514 2212 583 2266 ab
614 2214 715 2266 illis
757 2212 1023 2279 corrumpi
1070 2225 1253 2279 passus
1296 2210 1477 2261 fuisset
1519 2207 1870 2272 Marcellinus,
1905 2215 2079 2260 tamen

514 2305 764 2357 adversus
804 2318 894 2356 eos
937 2320 1037 2355 non
1080 2304 1218 2356 ferre
1264 2302 1598 2367 sententiam,
1632 2317 1896 2369 nunquam
1940 2308 2081 2354 esset

513 2410 692 2448 ausus.
737 2397 804 2447 At
848 2409 974 2448 vero
1003 2408 1121 2448 cum
1167 2407 1271 2445 non
1311 2390 1556 2445 omnibus
1599 2391 1857 2459 integrum
1897 2398 2077 2451 esset,

520 2485 703 2539 eadem
718 2486 873 2539 Gesta
899 2486 1091 2555 legere,
1110 2483 1364 2551 multique
1375 2483 1527 2545 adeo,
1552 2482 1738 2550 quibus
1759 2480 1807 2533 id
1823 2481 2078 2544 licuisset,

516 2576 629 2643 ipsa
650 2590 831 2630 eorum
858 2575 1156 2643 prolixitate
1180 2589 1210 2627 a
1235 2573 1455 2641 legendo
1481 2572 1902 2635 deterrerentur;
1931 2586 2085 2641 expe-

512 2665 627 2719 dire
651 2665 923 2719 catholicis
946 2663 1206 2733 episcopis
1231 2662 1419 2727 visum,
1440 2677 1559 2715 cum
1588 2670 1642 2715 ut
1668 2661 1886 2715 salutem
1910 2676 2080 2730 popu-

514 2755 683 2807 lorum
703 2763 1099 2822 promoverent,
1124 2761 1232 2805 tum
1254 2752 1410 2805 etiam
1432 2760 1489 2804 ut
1510 2750 1865 2819 pervicacibus
1885 2750 2081 2804 nullam

515 2846 865 2899 excusationis
912 2844 1143 2914 speciem
1195 2843 1584 2910 relinquerent,
1634 2840 1881 2910 quidquid
1929 2842 2082 2909 paulo

515 2935 729 3003 majoris
756 2934 1005 2988 momenti
1039 2932 1232 2987 factum
1256 2933 1306 2986 in
1333 2931 1625 2986 Collatione
1652 2931 1838 2994 fuerat,
1867 2940 2080 2985 contra—

512 3026 648 3079 ctius
671 3040 853 3080 eorum
898 3024 1063 3079 oculis
1101 3023 1381 3093 subjicere.
1427 3022 1536 3075 Hoc
1573 3030 1747 3075 autem
1794 3022 2082 3090 pnestitcre

516 3115 629 3183 ejus
656 3116 891 3183 epistola:
922 3114 1197 3177 beneficio,
1229 3128 1383 3181 quam
1425 3120 1481 3165 ut
1508 3111 1573 3165 ad
1613 3112 1728 3165 illos
1753 3111 2079 3181 dirigerent,

513 3203 687 3257 divina
714 3204 968 3258 charitate
995 3203 1214 3271 permoti
1245 3210 1385 3256 sunt.
1415 3202 1542 3255 Eam
1569 3201 1889 3271 Augustinus
1931 3216 2081 3256 com-

514 3296 658 3349 muni
684 3296 839 3348 totius
868 3294 1073 3348 concilii
1101 3308 1362 3347 consensu
1388 3308 1450 3346 ac
1479 3291 1691 3345 nomine
1716 3294 1926 3361 scripsit
1958 3291 2083 3363 (Re-

514 3397 656 3440 tract.
685 3388 771 3440 lib.
802 3388 853 3451 2,
884 3404 997 3456 cap.
1020 3385 1113 3456 ιε)
1141 3404 1153 3439 :
1183 3401 1244 3439 ac
1276 3384 1487 3454 praefert
1518 3384 1607 3438 illa
1635 3384 1687 3437 in
1717 3385 1887 3452 capite
1910 3384 2081 3437 Silva-

514 3494 636 3531 num
684 3478 1050 3532 Summensem
1098 3477 1355 3531 Numidia:
1400 3476 1693 3541 decanum,
1748 3474 2079 3529 Valentinum

513 3569 830 3639 Vagensem,
878 3569 1151 3623 Aurelium
1199 3568 1694 3631 Macomadiensem,
1736 3567 2081 3636 Augustinum

511 3670 585 3725 et,
617 3670 811 3728 praster
835 3675 927 3713 eos
970 3674 1103 3729 quos
1146 3659 1349 3723 reticet,
1403 3658 1535 3712 alios
1583 3656 1857 3727 quosdam.
1890 3656 2011 3709 Fuit
2039 3656 2083 3710 is

494 3759 826 3815 conventus,
850 3758 907 3803 ut
932 3765 1056 3804 vero
1071 3748 1363 3817 proximum
1381 3756 1479 3813 est,
1503 3747 1857 3816 provincialis,
1875 3745 2084 3816 quando

510 3855 630 3892 eum
652 3838 909 3891 Numidia:
937 3838 1218 3891 concilium
1245 3843 1399 3890 vocat
1424 3836 1767 3904 Augustinus.

579 3930 630 3981 4.
660 3929 847 3982 Aberat
875 3927 1133 3995 Hippone,
1168 3926 1383 3994 hujusce
1410 3924 1625 3979 forsitan
1656 3922 1925 3978 Zertensis
1951 3938 2081 3977 con-

508 4018 613 4071 cilii
644 4032 821 4079 causa,
848 4032 967 4069 cum
1008 4014 1154 4070 dedit
1196 4017 1354 4069 altam
1396 4015 1462 4068 ad
1504 4014 1843 4068 Saturninum
1874 4022 1928 4068 et
1975 4012 2082 4066 Eu-

510 4109 696 4163 fraten:
726 4108 1062 4178 presbyteros
1092 4116 1460 4161 et.convers0s
1485 4119 1602 4161 cum
1646 4106 1829 4161 iisdem
1867 4106 1931 4159 ad
1962 4105 2082 4160 uni-

511 4209 671 4253 tatem
699 4199 921 4253 clericos
939 4197 1216 4266 epistolam
1241 4197 1259 4268 (
1281 4196 1440 4267 Epist.
1466 4194 1590 4267 142)
1609 4212 1622 4260 ;
1644 4196 1694 4249 in
1717 4211 1817 4265 qua
1838 4195 2085 4249 videlicet

508 4292 576 4345 de
604 4291 854 4344 convictis
884 4291 933 4343 in
960 4288 1360 4359 Carthaginiensi
1379 4288 1675 4341 Collatione
1695 4287 2083 4340 Donatistarum

509 4382 769 4451 episcopis
796 4380 1056 4449 quaedam,
1088 4388 1143 4432 ut
1170 4379 1291 4432 alibi
1322 4378 1717 4432 observavimus
1741 4376 1838 4447 (In
1872 4376 2081 4447 Prwfat.

509 4473 628 4524 tomi
656 4470 733 4540 Ξ),
761 4471 859 4526 sub
888 4470 1073 4525 iisdem
1097 4469 1272 4523 verbis
1296 4468 1561 4532 dicuntur,
1580 4482 1695 4536 quae
1720 4467 1770 4520 in
1790 4466 1938 4519 istius
1957 4481 2086 4521 con-

507 4565 614 4624 cilii
646 4563 866 4634 epistola
897 4563 1140 4633 legimus.
1191 4562 1388 4616 florum
1421 4559 1561 4614 haud
1599 4558 1759 4613 dubie
1779 4558 2085 4634 reconcilia-

508 4656 582 4708 tio
607 4669 701 4723 per
735 4652 1009 4723 Augustini
1046 4651 1337 4705 absentiam
1376 4649 1596 4719 contigit
1624 4665 1636 4700 :
1666 4656 1984 4717 quapropter
2008 4648 2086 4702 eis

508 4745 574 4801 de
602 4760 698 4799 suo
721 4746 787 4799 ad
819 4743 1105 4797 Ecclesiam
1135 4741 1307 4796 reditu
1334 4740 1484 4794 hctus
1509 4738 1819 4809 gratulatur,
1847 4753 1909 4792 ac
1935 4752 2084 4791 suam

508 4837 673 4905 ipsius
703 4836 999 4889 absentiam
1031 4842 1340 4889 excusatam
1386 4832 1635 4895 habeant,
1678 4838 1856 4899 rogat;
1897 4828 2086 4886 deinde

506 4928 672 4993 varia,
704 4927 893 4997 quibus
920 4925 1369 4980 universalitatem
1415 4922 1666 4977 Ecclesia:
1696 4930 1919 4987 asserat,
1948 4922 2084 4975 divi—

508 5033 589 5071 na.-
618 5016 946 5071 auctoritatis
984 5015 1283 5069 testimonia
1316 5013 1546 5083 profert;
1577 5012 1642 5065 ad
1681 5022 1977 5066 extremum
2007 5014 2084 5068 eis

506 5117 690 5162 auctor
710 5116 811 5173 est,
843 5116 899 5160 ut
925 5121 1047 5159 suas
1066 5105 1289 5175 quisque
1316 5114 1491 5171 partes
1515 5113 1673 5173 atque
1700 5102 1929 5156 officium
1958 5118 2087 5172 gna-

506 5198 643 5251 viter
667 5207 825 5266 atque
865 5197 1113 5251 alacriter
1146 5196 1378 5264 impleat.
1413 5194 1663 5248 Proximo
1706 5202 1825 5261 post
1863 5194 2083 5261 tempori

504 5284 733 5340 adscribi
787 5294 978 5353 potest,
1027 5302 1143 5354 qua:
1191 5284 1361 5337 sancti
1403 5283 1666 5337 Antistitis
1706 5282 2083 5350 profectionem

504 5376 783 5446 quamdam
812 5385 987 5429 secuta
1018 5385 1118 5439 est,
1152 5374 1310 5429 Cirta:
1338 5375 1495 5428 totius
1522 5374 1587 5427 ad
1615 5374 1929 5427 catholicam
1960 5373 2082 5425 uni-

506 5477 665 5522 tatem
696 5468 991 5521 conversio.
1022 5467 1225 5536 Quippe
1276 5468 1326 5520 in
1360 5468 1487 5520 urbe
1533 5467 1650 5532 hac,
1692 5466 1947 5521 Numidia:
1976 5465 2075 5519 do-

492 5560 669 5628 mina,
699 5574 884 5613 omnes
912 5559 977 5612 ad
1011 5559 1296 5612 Ecclesiam
1336 5559 1561 5620 rediere.
1603 5558 1835 5628 exceptis
1878 5559 2083 5627 paucis-

494 5649 662 5716 simis,
694 5663 827 5719 quos
874 5649 924 5703 in
967 5647 1187 5702 discidio
1210 5648 1291 5702 vel
1333 5664 1482 5701 amor
1521 5649 1601 5701 vel
1657 5650 1811 5701 timor
1857 5647 2083 5703 hominis

1647 294 1803 351 VITA
1842 293 1899 350 S.
1938 288 2299 349 AUGUSTINI
2337 286 2651 345 EPISCOPI.

3651 278 3761 340 ιειι

2189 404 2353 472 (forte
2379 403 2638 471 Petiliani)
2670 400 2907 467 retinuit,
2948 399 3240 471 quibusque
3281 399 3586 470 congregari
3627 414 3753 454 cum

2185 509 2269 559 eo,
2312 494 2412 549 nisi
2452 495 2769 558 clanculum,
2811 509 2916 546 non
2952 492 3180 546 licebat:
3208 490 3350 562 quod
3391 490 3603 560 quidem
3632 501 3757 559 post

2185 585 2284 639 iter
2313 585 2433 637 illuc
2461 584 2527 637 ab
2556 584 2847 653 Augustino
2875 593 3195 651 susceptum,
3226 581 3320 636 sed
3349 598 3413 636 eo
3439 591 3610 636 tamen
3631 581 3760 635 inde

2180 673 2287 741 jam
2323 688 2587 741 regresso,
2618 673 2855 742 contigit.
2882 672 3030 726 Unde
3069 672 3155 725 ille
3200 686 3381 725 ansam
3411 671 3650 739 arripuit,
3700 679 3764 723 ut

2186 763 2386 818 huncce
2421 764 2779 816 felicissimum
2809 772 3054 817 eventum
3094 777 3197 814 non
3225 762 3334 815 suis
3373 760 3639 814 laboribus
3669 775 3764 813 ar-

2185 861 2412 923 rogaret,
2444 854 2535 906 sed
2567 853 2654 905 uni
2699 853 2807 905 Deo
2840 852 3061 906 referret
3108 861 3379 919 acceptum
3412 868 3426 904 :
3474 850 3751 904 Cirtenses

2184 960 2310 997 vero
2336 944 2569 1014 plerique
2586 958 2769 996 omnes
2788 943 2950 996 Deum
2976 944 3071 996 hac
3096 942 3146 994 in
3172 958 3229 995 re
3258 942 3398 995 illius
3420 955 3575 1009 opera
3603 955 3764 992 usum

2185 1034 2569 1096 existimantes,
2610 1032 2865 1085 dederunt
2906 1031 2972 1085 ad
3016 1032 3166 1083 illum
3204 1031 3424 1091 litteras,
3464 1030 3656 1098 quibus
3702 1038 3763 1081 et

2185 1138 2390 1189 eorum,
2422 1138 2539 1191 quae
2583 1122 2719 1190 apud
2751 1136 2808 1175 se
2845 1130 3149 1185 evenerant,
3185 1120 3464 1174 certiorem
3504 1119 3647 1171 illum
3678 1121 3763 1170 fa—

2185 1222 2386 1278 cerent,
2417 1222 2468 1267 et
2498 1213 2672 1277 simul,
2705 1220 2761 1264 ut
2804 1226 2863 1265 se
2907 1211 3174 1274 inviseret,
3207 1216 3436 1263 orarent.
3469 1206 3767 1276 Rescripsit

2186 1305 2249 1358 ad
2294 1320 2354 1359 ea
2403 1314 2614 1358 sanctus
2644 1304 3091 1372 Priesul,-eupere
3139 1316 3197 1354 se
3249 1299 3589 1354 vehementer
3629 1297 3765 1351 illud

2186 1398 2409 1461 itineris,
2441 1412 2501 1449 ac
2528 1397 2711 1460 Deum,
2746 1405 2800 1449 ut
2828 1396 2925 1448 sibi
2958 1395 3173 1463 hujusce
3198 1391 3445 1447 desiderii
3480 1392 3637 1444 finem
3664 1406 3767 1443 an-

2187 1497 2331 1549 nuat,
2362 1489 2719 1556 comprecari;
2757 1487 2909 1555 idque
2936 1502 2998 1539 eo
3028 1484 3359 1556 propensiori
3388 1484 3656 1537 voluntate
3698 1497 3765 1537 se

2188 1587 2575 1646 suscepturum,
2600 1577 2737 1646 quod
2763 1593 2864 1629 non
2894 1576 3160 1643 prepriutn
3188 1590 3339 1628 suum
3366 1588 3518 1640 opus,
3548 1572 3640 1628 sed
3665 1572 3763 1626 Dei

2186 1675 2565 1734 conspecturus
2593 1676 2833 1735 pergeret
2864 1665 3059 1737 (Epist.
3093 1664 3211 1727 144,
3239 1681 3290 1717 η.
3326 1665 3463 1733 1-5).

2257 1757 2307 1810 5.
2335 1756 2809 1810 Animadvertimus
2827 1770 2980 1825 supra
3002 1754 3325 1809 Bonifaciom
3338 1756 3665 1824 episcopum,
3696 1767 3767 1809 ac

2187 1847 2549 1917 presbyterum
2599 1847 3011 1915 llipponensem,
3060 1862 3180 1900 eum
3233 1845 3368 1899 forte
3408 1845 3492 1900 cui
3540 1845 3761 1900 Urbano

2188 1956 2399 2003 nomen,
2443 1950 2553 1994 tum
2594 1939 2757 1994 fuisse
2781 1937 3116 2010 Carthagine,
3144 1956 3262 1995 cum
3302 1940 3579 2009 epistolam
3607 1941 3766 2009 cujus

2188 2030 2389 2083 initium
2419 2038 2519 2095 est,
2538 2028 2686 2084 Gesta
2706 2045 2818 2098 qua:
2841 2031 3069 2099 promisit
3096 2030 3390 2083 Prwstantia
3432 2039 3517 2083 tua
3554 2030 3761 2103 (Epist.

2188 2120 2335 2186 159),
2367 2120 2577 2188 scripsit
2603 2121 2925 2190 Augustinus
2950 2138 2961 2172 :
2985 2121 3127 2189 atqui
3159 2120 3368 2175 illorum
3392 2130 3612 2191 uterque
3634 2120 3762 2175 inde

2188 2210 2388 2263 litteras
2425 2211 2658 2280 singulas
2687 2221 2869 2265 sancto
2898 2211 3115 2265 Priesuli
3154 2227 3184 2265 a
3220 2211 3520 2266 Marcellino
3555 2212 3762 2265 retulit.

2186 2300 2386 2366 Quibus
2405 2302 2639 2369 epistolis
2664 2302 2866 2356 duabus
2891 2302 3003 2370 ipse
3030 2303 3180 2357 unica
3205 2303 3494 2372 respondit,
3524 2318 3640 2373 qu:e
3676 2304 3764 2356 in-

2186 2391 2332 2461 cipit,
2370 2390 2651 2461 Epistolam
2680 2403 2818 2446 luant
2848 2393 3047 2464 (Epist.
3083 2393 3225 2463 H5).
3249 2392 3307 2447 In
3330 2408 3393 2448 ea
3420 2409 3576 2463 quem
3602 2394 3655 2447 in
3684 2394 3769 2447 lo-

2187 2497 2305 2535 cum
2338 2482 2435 2535 sibi
2463 2498 2493 2535 a
2536 2482 2808 2537 Bonifacio
2845 2484 3055 2538 allatam
3107 2484 3412 2553 imprudens
3451 2484 3765 2553 conjecerit,

2187 2570 2395 2625 nescire
2422 2586 2479 2625 se
2501 2572 2803 2641 profitetur;
2839 2574 3046 2628 tametsi
3076 2574 3238 2642 probe
3267 2573 3585 2638 meminerit,
3614 2573 3668 2628 id
3696 2589 3769 2629 ex

2188 2677 2245 2717 se
2284 2662 2437 2716 isthic
2473 2664 2635 2733 quieri
2685 2664 2914 2733 petique,
2952 2664 3215 2718 undenam
3262 2666 3429 2734 magis
3469 2665 3765 2719 Pharaonis

2188 2762 2469 2823 suppetere
2496 2768 2628 2823 aqua
2655 2756 2900 2823 potuerit,
2929 2771 3086 2824 quam
3122 2756 3174 2809 in
3198 2756 3508 2825 sanguinem
3532 2770 3766 2810 conver-

2190 2844 2365 2907 terint,
2395 2842 2503 2913 jam
2530 2859 2781 2898 conversa
2812 2845 2861 2897 in
2892 2846 3198 2913 sanguinem
3229 2853 3334 2898 tota
3362 2861 3497 2915 aqua
3520 2844 3763 2916 Egypti.

2189 2932 2243 2985 In
2273 2948 2333 2987 ea
2358 2948 2502 2996 vero,
2532 2949 2686 3002 quam
2729 2934 2968 2988 Urbanus
2995 2936 3040 2988 ei
3071 2935 3391 3002 reddiderat,
3430 2935 3770 2989 difficultatis

2188 3023 2457 3093 cujusdam
2486 3039 2547 3077 ex
2572 3024 2734 3093 ipsius
2759 3024 2903 3078 libris
2928 3025 2994 3078 de
3017 3024 3209 3079 Libero
3237 3025 3468 3079 Arbitrio
3495 3026 3771 3080 enodatio-

2190 3129 2309 3167 nem
2336 3114 2663 3167 Marcellinus
2699 3114 3092 3180 sciscitabatur;
3121 3116 3273 3184 eique
3295 3116 3446 3169 simul
3473 3116 3763 3181 indicabat,

2190 3203 2432 3257 familiari
2470 3204 2677 3259 cuidam
2718 3221 2816 3262 suo
2857 3204 3012 3275 (forte
3042 3206 3140 3274 ipsi
3180 3203 3507 3275 Volusiano),
3540 3221 3657 3273 quae
3697 3205 3770 3259 de

2188 3297 2483 3366 virginitate
2507 3305 2702 3351 sancta:
2738 3298 2914 3351 Mariae
2947 3298 3167 3367 epistola
3198 3295 3263 3350 ad
3292 3297 3631 3350 Volusianum
3660 3304 3771 3349 tra-

2188 3386 2411 3451 diderat,
2442 3402 2543 3441 non
2574 3387 2787 3440 omnino
2812 3388 3153 3441 satisfecisse.
3184 3386 3265 3440 Ad
3288 3387 3459 3440 locum
3495 3401 3657 3456 porro
3691 3385 3765 3441 li-

2189 3476 2269 3530 bri
2307 3476 2388 3530 sui
2415 3477 2551 3531 tertii
2584 3477 2652 3532 de
2685 3477 2876 3531 Libero
2906 3478 3136 3532 Arbitrio
3174 3476 3502 3547 respondens
3542 3486 3772 3534 testatur

2190 3565 2241 3619 in
2272 3566 2474 3635 primis,
2504 3567 2641 3621 nolle
2664 3582 2722 3621 se
2742 3567 2818 3621 sic
2835 3566 2957 3637 legi,
2988 3576 3077 3620 aut
3097 3567 3163 3621 ab
3187 3568 3370 3621 amicis
3386 3566 3614 3633 defendi,
3645 3578 3769 3621 tan-

2192 3672 2347 3726 quam
2372 3657 2503 3726 ipse,
2526 3658 2659 3711 sicut
2675 3658 2960 3726 scriptores
2979 3657 3136 3722 sacri,
3160 3657 3232 3710 illi
3253 3658 3498 3712 videlicet
3523 3658 3771 3713 homines

2190 3746 2281 3800 Dei
2309 3746 2396 3815 qui
2426 3746 2623 3815 Spiritu
2645 3756 2826 3801 sancto
2851 3746 2953 3802 acti
2989 3747 3146 3801 locuti
3185 3755 3328 3809 sunt,
3363 3746 3490 3800 nulli
3520 3747 3772 3801 credatur

2194 3836 2363 3890 errori
2403 3835 2660 3890 obnoxius
2693 3852 2707 3889 :
2737 3837 2971 3906 quinimo
2994 3837 3100 3905 jam
3135 3836 3205 3891 ibi
3235 3837 3513 3907 significat,
3545 3853 3770 3906 operum

2192 3941 2409 3980 suorum
2426 3928 2657 3980 omnium
2670 3941 2789 3981 sese
2809 3942 2872 3981 eo
2887 3926 3063 3981 animo
3078 3927 3486 3995 recognitionem
3500 3927 3768 3991 meditari,

2192 4024 2249 4069 ut
2269 4015 2464 4084 scripto
2483 4015 2547 4069 ad
2570 4015 2619 4069 id
2646 4016 2699 4070 in
2723 4016 2905 4086 vulgus
2931 4016 3279 4085 emisso,qu:e
3304 4015 3405 4069 sibi
3429 4016 3601 4070 minus
3622 4016 3673 4069 in
3701 4016 3771 4070 iis

2193 4107 2500 4176 probentur.
2533 4122 2797 4177 quamque
2831 4122 3017 4177 parum
3046 4106 3142 4159 sibi
3186 4106 3298 4175 ipse
3342 4116 3542 4174 parcat,
3587 4106 3769 4176 palam

2193 4200 2539 4255 demonstret.
2587 4199 2785 4253 Deinde
2812 4208 2987 4253 tamen
3017 4197 3265 4262 affirmat,
3299 4198 3429 4251 nihil
3478 4197 3529 4251 in
3558 4212 3642 4263 eo,
3674 4196 3769 4266 qui

2195 4291 2445 4361 tangitur,
2473 4291 2590 4344 loco
2615 4290 2812 4345 dictum
2842 4306 2871 4343 a
2900 4305 2978 4357 se,
3020 4291 3159 4356 quod
3185 4291 3457 4360 quisquam
3497 4300 3640 4345 recte
3681 4306 3773 4345 re-

2194 4382 2501 4451 prehendat.
2521 4382 2588 4435 Et
2612 4391 2755 4436 certe
2787 4398 2889 4434 non
2910 4382 3061 4445 alios,
3080 4396 3235 4451 quam
3255 4381 3523 4451 Pelagiani
3548 4381 3771 4450 dogma-

2194 4474 2260 4527 tis
2287 4480 2596 4539 sectatores,
2622 4472 2781 4527 verba
2811 4472 2877 4527 de
2902 4472 3089 4542 quibus
3119 4473 3391 4543 agebatur,
3418 4487 3636 4542 carpere
3670 4487 3768 4525 au-

2197 4579 2304 4632 sos,
2335 4564 2534 4635 liquido
2554 4564 2903 4635 cognoscitur.

2790 4654 3017 4711 CAPUT
3056 4655 3144 4711 IV.

2197 4746 2221 4800 1
2258 4744 2464 4799 Librum
2499 4746 2561 4799 de
2600 4744 2730 4798 Fide
2752 4755 2799 4799 et
2828 4745 3071 4817 Operibus
3101 4746 3203 4799 edit
3240 4747 3566 4818 Augustinus.
3613 4747 3649 4801 2
3686 4748 3771 4801 Ad

2266 4835 2536 4889 Paulinam
2566 4835 2628 4889 de
2662 4835 2874 4888 videndo
2904 4834 3011 4888 Deo
3034 4837 3222 4901 scribit,
3250 4854 3439 4891 necnon
3478 4839 3547 4891 ad
3576 4838 3771 4892 Fortu-

2263 4926 2541 4988 natianum,
2591 4927 2735 4995 cujus
2764 4941 2857 4993 ope
2890 4924 2940 4977 in
2971 4926 3186 4994 gratiam
3221 4942 3335 4978 cum
3373 4928 3603 4997 episcopo
3643 4945 3773 4997 quo.

2264 5018 2401 5082 dam,
2428 5016 2512 5084 qui
2528 5017 2633 5083 ejus
2657 5015 2891 5068 adversus
2913 5031 3175 5068 erroneam
3201 5016 3487 5085 opinionem
3516 5018 3649 5069 dicta
3666 5034 3771 5071 non

2263 5108 2372 5161 sine
2398 5105 2669 5171 offensione
2694 5114 2970 5176 acceperat,
3002 5108 3162 5160 redire
3196 5108 3354 5176 cupit.
3397 5108 3430 5161 5
3475 5106 3648 5161 Varias
3672 5109 3772 5162 sibi

2263 5204 2434 5248 mutuo
2462 5194 2696 5263 epistolas
2714 5196 2912 5247 mittunt
2933 5194 3181 5247 Paulinus
3202 5205 3247 5248 et
3271 5180 3653 5266 Augustinus:
3670 5195 3772 5250 Hic

2261 5286 2330 5339 ad
2372 5285 2687 5339 scribendum
2729 5302 2878 5339 suum
2914 5301 3041 5355 Opus
3084 5286 3146 5339 de
3188 5285 3396 5340 Civitate
3429 5286 3524 5340 Dei
3559 5288 3771 5358 appellit

2262 5380 2506 5433 animum.

2265 5470 2316 5522 1.
2343 5469 2486 5537 Opus
2515 5483 2665 5521 suum
2692 5468 2758 5522 de
2787 5468 2983 5537 Spiritu
3010 5477 3064 5522 et
3093 5467 3289 5523 Littera
3320 5484 3423 5522 non
3460 5469 3529 5524 ita
3564 5469 3768 5539 pridem

2192 5558 2429 5613 ediderat
2463 5559 2804 5627 Augustinus,
2843 5574 2962 5613 cum
2992 5558 3058 5612 ad
3086 5559 3419 5613 scribendum
3454 5560 3521 5616 de
3563 5560 3690 5615 Fide
3715 5571 3769 5615 et

2192 5647 2449 5719 Operihus
2487 5648 2717 5702 animum
2763 5649 2961 5717 appulit
2996 5648 3097 5721 (De
3126 5648 3255 5704 Fide
3277 5660 3324 5704 et
3353 5649 3528 5721 Opem,
3559 5668 3611 5705 η.
3648 5651 3767 5727 21),
