  <div class='ocr_page' id='page_1' title='image "/cluster/home/n/w/nwhite01/storage/ocr_20150623/32/hvd.32044015706328/245.png"; bbox 0 0 4042 6360; ppageno 0'>
   <div class='ocr_carea' id='block_1_1' title="bbox 496 313 599 372">
    <p class='ocr_par' dir='ltr' id='par_1_1' title="bbox 496 313 599 372">
     <span class='ocr_line' id='line_1_1' title="bbox 496 313 599 372; baseline 0 -1"><span class='ocrx_word' id='word_1_1' title='bbox 496 313 599 372; x_wconf 63' lang='grc'><strong>459</strong></span> 
     </span>
    </p>
   </div>
   <div class='ocr_carea' id='block_1_2' title="bbox 495 428 2067 508">
    <p class='ocr_par' dir='ltr' id='par_1_2' title="bbox 495 428 2067 508">
     <span class='ocr_line' id='line_1_2' title="bbox 495 428 2067 508; baseline -0.003 -21"><span class='ocrx_word' id='word_1_2' title='bbox 495 431 572 508; x_wconf 79' lang='lat' dir='ltr'><strong>dit</strong></span> <span class='ocrx_word' id='word_1_3' title='bbox 601 428 789 505; x_wconf 76' lang='lat' dir='ltr'><strong>(Epist.</strong></span> <span class='ocrx_word' id='word_1_4' title='bbox 825 429 940 494; x_wconf 75' lang='lat' dir='ltr'><strong>MD,</strong></span> <span class='ocrx_word' id='word_1_5' title='bbox 971 447 1022 483; x_wconf 83' lang='grc' dir='ltr'>ιι.</span> <span class='ocrx_word' id='word_1_6' title='bbox 1046 428 1156 499; x_wconf 73' lang='grc'><strong>51).</strong></span> <span class='ocrx_word' id='word_1_7' title='bbox 1205 429 1251 484; x_wconf 81' lang='lat' dir='ltr'><strong>Is</strong></span> <span class='ocrx_word' id='word_1_8' title='bbox 1277 429 1462 493; x_wconf 69' lang='lat' dir='ltr'><strong>Ruina,</strong></span> <span class='ocrx_word' id='word_1_9' title='bbox 1489 445 1594 502; x_wconf 89' lang='lat' dir='ltr'><strong>quo</strong></span> <span class='ocrx_word' id='word_1_10' title='bbox 1622 431 1722 485; x_wconf 97' lang='lat' dir='ltr'><strong>iter</strong></span> <span class='ocrx_word' id='word_1_11' title='bbox 1744 440 2067 499; x_wconf 83' lang='lat' dir='ltr'><strong>susceperat,</strong></span> 
     </span>
    </p>
   </div>
   <div class='ocr_carea' id='block_1_3' title="bbox 493 519 2074 594">
    <p class='ocr_par' dir='ltr' id='par_1_3' title="bbox 493 519 2074 594">
     <span class='ocr_line' id='line_1_3' title="bbox 493 519 2074 594; baseline -0.002 -17"><span class='ocrx_word' id='word_1_12' title='bbox 493 522 603 594; x_wconf 87' lang='lat' dir='ltr'><strong>jam</strong></span> <span class='ocrx_word' id='word_1_13' title='bbox 628 522 679 576; x_wconf 90' lang='lat' dir='ltr'><strong>in</strong></span> <span class='ocrx_word' id='word_1_14' title='bbox 707 519 936 576; x_wconf 80' lang='lat' dir='ltr'><strong>Africam</strong></span> <span class='ocrx_word' id='word_1_15' title='bbox 965 536 1105 576; x_wconf 86' lang='lat' dir='ltr'><strong>anno</strong></span> <span class='ocrx_word' id='word_1_16' title='bbox 1127 531 1244 591; x_wconf 87' lang='lat' dir='ltr'><strong>post</strong></span> <span class='ocrx_word' id='word_1_17' title='bbox 1263 522 1836 591; x_wconf 77' lang='lat' dir='ltr'><strong>quadringentesimum</strong></span> <span class='ocrx_word' id='word_1_18' title='bbox 1866 520 2074 575; x_wconf 89' lang='lat' dir='ltr'><strong>decimo</strong></span> 
     </span>
    </p>
   </div>
   <div class='ocr_carea' id='block_1_4' title="bbox 494 611 2070 686">
    <p class='ocr_par' dir='ltr' id='par_1_4' title="bbox 494 611 2070 686">
     <span class='ocr_line' id='line_1_4' title="bbox 494 611 2070 686; baseline -0.004 -14"><span class='ocrx_word' id='word_1_19' title='bbox 494 626 649 672; x_wconf 80' lang='lat' dir='ltr'><strong>sexto</strong></span> <span class='ocrx_word' id='word_1_20' title='bbox 674 625 1001 671; x_wconf 88' lang='lat' dir='ltr'><strong>remeaverat</strong></span> <span class='ocrx_word' id='word_1_21' title='bbox 1023 613 1212 684; x_wconf 83' lang='lat' dir='ltr'><strong>(Serm.</strong></span> <span class='ocrx_word' id='word_1_22' title='bbox 1237 613 1470 685; x_wconf 81' lang='lat' dir='ltr'><strong>Fragm.,</strong></span> <span class='ocrx_word' id='word_1_23' title='bbox 1500 631 1553 667; x_wconf 72' lang='grc' dir='ltr'>ιι.</span> <span class='ocrx_word' id='word_1_24' title='bbox 1587 616 1608 668; x_wconf 90' lang='grc'><strong>1</strong></span> <span class='ocrx_word' id='word_1_25' title='bbox 1644 615 1792 684; x_wconf 90' lang='lat' dir='ltr'><strong>primi</strong></span> <span class='ocrx_word' id='word_1_26' title='bbox 1821 611 2070 686; x_wconf 72' lang='lat' dir='ltr'><strong>fragm):</strong></span> 
     </span>
    </p>
   </div>
   <div class='ocr_carea' id='block_1_5' title="bbox 499 701 2078 777">
    <p class='ocr_par' dir='ltr' id='par_1_5' title="bbox 499 701 2078 777">
     <span class='ocr_line' id='line_1_5' title="bbox 499 701 2078 777; baseline -0.004 -14"><span class='ocrx_word' id='word_1_27' title='bbox 499 701 820 777; x_wconf 75' lang='lat' dir='ltr'><strong>Peregrinus</strong></span> <span class='ocrx_word' id='word_1_28' title='bbox 868 720 1013 770; x_wconf 88' lang='lat' dir='ltr'><strong>vero,</strong></span> <span class='ocrx_word' id='word_1_29' title='bbox 1061 703 1310 774; x_wconf 89' lang='lat' dir='ltr'><strong>quicum</strong></span> <span class='ocrx_word' id='word_1_30' title='bbox 1360 720 1425 760; x_wconf 90' lang='lat' dir='ltr'><strong>eo</strong></span> <span class='ocrx_word' id='word_1_31' title='bbox 1475 704 1678 760; x_wconf 80' lang='lat' dir='ltr'><strong>Siccam</strong></span> <span class='ocrx_word' id='word_1_32' title='bbox 1729 703 1899 759; x_wconf 79' lang='lat' dir='ltr'><strong>fuerat</strong></span> <span class='ocrx_word' id='word_1_33' title='bbox 1955 717 2078 773; x_wconf 89' lang='lat' dir='ltr'><strong>pro-</strong></span> 
     </span>
    </p>
   </div>
   <div class='ocr_carea' id='block_1_6' title="bbox 497 795 2077 868">
    <p class='ocr_par' dir='ltr' id='par_1_6' title="bbox 497 795 2077 868">
     <span class='ocr_line' id='line_1_6' title="bbox 497 795 2077 868; baseline -0.004 -14"><span class='ocrx_word' id='word_1_34' title='bbox 497 799 690 864; x_wconf 79' lang='lat' dir='ltr'><strong>fectus,</strong></span> <span class='ocrx_word' id='word_1_35' title='bbox 718 797 1014 868; x_wconf 78' lang='lat' dir='ltr'><strong>Hipponem</strong></span> <span class='ocrx_word' id='word_1_36' title='bbox 1056 795 1294 849; x_wconf 86' lang='lat' dir='ltr'><strong>nondum</strong></span> <span class='ocrx_word' id='word_1_37' title='bbox 1324 797 1628 866; x_wconf 88' lang='lat' dir='ltr'><strong>repetierat,</strong></span> <span class='ocrx_word' id='word_1_38' title='bbox 1659 811 1777 850; x_wconf 90' lang='lat' dir='ltr'><strong>cum</strong></span> <span class='ocrx_word' id='word_1_39' title='bbox 1825 795 2077 865; x_wconf 76' lang='lat' dir='ltr'><strong>Augusti—</strong></span> 
     </span>
    </p>
   </div>
   <div class='ocr_carea' id='block_1_7' title="bbox 499 887 2077 960">
    <p class='ocr_par' dir='ltr' id='par_1_7' title="bbox 499 887 2077 960">
     <span class='ocr_line' id='line_1_7' title="bbox 499 887 2077 960; baseline -0.003 -15"><span class='ocrx_word' id='word_1_40' title='bbox 499 906 601 946; x_wconf 82' lang='lat' dir='ltr'><strong>nus</strong></span> <span class='ocrx_word' id='word_1_41' title='bbox 627 889 924 960; x_wconf 76' lang='lat' dir='ltr'><strong>epistolam,</strong></span> <span class='ocrx_word' id='word_1_42' title='bbox 957 888 1109 957; x_wconf 88' lang='lat' dir='ltr'><strong>cujus</strong></span> <span class='ocrx_word' id='word_1_43' title='bbox 1145 892 1229 942; x_wconf 82' lang='lat' dir='ltr'><strong>est</strong></span> <span class='ocrx_word' id='word_1_44' title='bbox 1256 888 1481 954; x_wconf 90' lang='lat' dir='ltr'><strong>initium,</strong></span> <span class='ocrx_word' id='word_1_45' title='bbox 1510 887 1657 953; x_wconf 83' lang='lat' dir='ltr'><strong>Quod</strong></span> <span class='ocrx_word' id='word_1_46' title='bbox 1677 888 1738 941; x_wconf 87' lang='lat' dir='ltr'><strong>de</strong></span> <span class='ocrx_word' id='word_1_47' title='bbox 1762 887 2077 958; x_wconf 82' lang='lat' dir='ltr'><strong>pervcntiono</strong></span> 
     </span>
    </p>
   </div>
   <div class='ocr_carea' id='block_1_8' title="bbox 499 977 2074 1057">
    <p class='ocr_par' dir='ltr' id='par_1_8' title="bbox 499 977 2074 1057">
     <span class='ocr_line' id='line_1_8' title="bbox 499 977 2074 1057; baseline -0.003 -20"><span class='ocrx_word' id='word_1_48' title='bbox 499 994 604 1038; x_wconf 80' lang='lat' dir='ltr'><strong>tam</strong></span> <span class='ocrx_word' id='word_1_49' title='bbox 629 997 872 1053; x_wconf 84' lang='lat' dir='ltr'><strong>prospera</strong></span> <span class='ocrx_word' id='word_1_50' title='bbox 914 979 1106 1054; x_wconf 76' lang='lat' dir='ltr'><strong>(Epist.</strong></span> <span class='ocrx_word' id='word_1_51' title='bbox 1150 979 1292 1049; x_wconf 76' lang='grc'><strong>149),</strong></span> <span class='ocrx_word' id='word_1_52' title='bbox 1320 977 1386 1032; x_wconf 88' lang='lat' dir='ltr'><strong>ad</strong></span> <span class='ocrx_word' id='word_1_53' title='bbox 1432 979 1709 1033; x_wconf 84' lang='lat' dir='ltr'><strong>Paulinum</strong></span> <span class='ocrx_word' id='word_1_54' title='bbox 1735 978 1882 1057; x_wconf 88' lang='lat' dir='ltr'><strong>dedit</strong></span> <span class='ocrx_word' id='word_1_55' title='bbox 1914 997 1926 1032; x_wconf 92' lang='lat'>:</span> <span class='ocrx_word' id='word_1_56' title='bbox 1957 995 2074 1048; x_wconf 78' lang='lat' dir='ltr'><strong>quae</strong></span> 
     </span>
    </p>
   </div>
   <div class='ocr_carea' id='block_1_9' title="bbox 493 1068 2088 1146">
    <p class='ocr_par' dir='ltr' id='par_1_9' title="bbox 493 1068 2088 1146">
     <span class='ocr_line' id='line_1_9' title="bbox 493 1068 2088 1146; baseline -0.004 -17"><span class='ocrx_word' id='word_1_57' title='bbox 493 1075 715 1146; x_wconf 82' lang='lat' dir='ltr'><strong>proinde</strong></span> <span class='ocrx_word' id='word_1_58' title='bbox 747 1089 842 1129; x_wconf 91' lang='lat' dir='ltr'><strong>nec</strong></span> <span class='ocrx_word' id='word_1_59' title='bbox 859 1083 982 1130; x_wconf 89' lang='lat' dir='ltr'><strong>ante</strong></span> <span class='ocrx_word' id='word_1_60' title='bbox 1005 1088 1199 1127; x_wconf 93' lang='lat' dir='ltr'><strong>annum</strong></span> <span class='ocrx_word' id='word_1_61' title='bbox 1220 1069 1791 1140; x_wconf 90' lang='lat' dir='ltr'><strong>quadringentesimum</strong></span> <span class='ocrx_word' id='word_1_62' title='bbox 1809 1068 2088 1123; x_wconf 87' lang='lat' dir='ltr'><strong>decimum</strong></span> 
     </span>
    </p>
   </div>
   <div class='ocr_carea' id='block_1_10' title="bbox 493 1160 2072 1234">
    <p class='ocr_par' dir='ltr' id='par_1_10' title="bbox 493 1160 2072 1234">
     <span class='ocr_line' id='line_1_10' title="bbox 493 1160 2072 1234; baseline -0.003 -15"><span class='ocrx_word' id='word_1_63' title='bbox 493 1166 733 1232; x_wconf 85' lang='lat' dir='ltr'><strong>tertium,</strong></span> <span class='ocrx_word' id='word_1_64' title='bbox 781 1179 952 1234; x_wconf 89' lang='lat' dir='ltr'><strong>neque</strong></span> <span class='ocrx_word' id='word_1_65' title='bbox 1010 1172 1126 1233; x_wconf 91' lang='lat' dir='ltr'><strong>post</strong></span> <span class='ocrx_word' id='word_1_66' title='bbox 1178 1161 1758 1232; x_wconf 78' lang='lat' dir='ltr'><strong>quadringentesimum</strong></span> <span class='ocrx_word' id='word_1_67' title='bbox 1809 1160 2072 1215; x_wconf 84' lang='lat' dir='ltr'><strong>decimum</strong></span> 
     </span>
    </p>
   </div>
   <div class='ocr_carea' id='block_1_11' title="bbox 493 1251 2075 1327">
    <p class='ocr_par' dir='ltr' id='par_1_11' title="bbox 493 1251 2075 1327">
     <span class='ocr_line' id='line_1_11' title="bbox 493 1251 2075 1327; baseline -0.003 -17"><span class='ocrx_word' id='word_1_68' title='bbox 493 1257 732 1327; x_wconf 90' lang='lat' dir='ltr'><strong>quintum</strong></span> <span class='ocrx_word' id='word_1_69' title='bbox 764 1256 957 1324; x_wconf 89' lang='lat' dir='ltr'><strong>scripta</strong></span> <span class='ocrx_word' id='word_1_70' title='bbox 987 1254 1100 1308; x_wconf 85' lang='lat' dir='ltr'><strong>fuit.</strong></span> <span class='ocrx_word' id='word_1_71' title='bbox 1130 1252 1205 1307; x_wconf 84' lang='lat' dir='ltr'><strong>Ea</strong></span> <span class='ocrx_word' id='word_1_72' title='bbox 1232 1261 1408 1307; x_wconf 91' lang='lat' dir='ltr'><strong>autem</strong></span> <span class='ocrx_word' id='word_1_73' title='bbox 1437 1251 1501 1306; x_wconf 89' lang='lat' dir='ltr'><strong>ad</strong></span> <span class='ocrx_word' id='word_1_74' title='bbox 1537 1253 1711 1322; x_wconf 87' lang='lat' dir='ltr'><strong>plures</strong></span> <span class='ocrx_word' id='word_1_75' title='bbox 1743 1253 1943 1307; x_wconf 81' lang='lat' dir='ltr'><strong>Paulini</strong></span> <span class='ocrx_word' id='word_1_76' title='bbox 1971 1252 2075 1323; x_wconf 89' lang='lat' dir='ltr'><strong>epi-</strong></span> 
     </span>
    </p>
   </div>
   <div class='ocr_carea' id='block_1_12' title="bbox 492 1342 2073 1416">
    <p class='ocr_par' dir='ltr' id='par_1_12' title="bbox 492 1342 2073 1416">
     <span class='ocr_line' id='line_1_12' title="bbox 492 1342 2073 1416; baseline -0.003 -14"><span class='ocrx_word' id='word_1_77' title='bbox 492 1349 656 1402; x_wconf 86' lang='lat' dir='ltr'><strong>stolas</strong></span> <span class='ocrx_word' id='word_1_78' title='bbox 708 1346 1106 1416; x_wconf 81' lang='lat' dir='ltr'><strong>reSpousiouem</strong></span> <span class='ocrx_word' id='word_1_79' title='bbox 1181 1343 1441 1398; x_wconf 88' lang='lat' dir='ltr'><strong>continet.</strong></span> <span class='ocrx_word' id='word_1_80' title='bbox 1492 1342 1693 1415; x_wconf 83' lang='lat' dir='ltr'><strong>Nempe</strong></span> <span class='ocrx_word' id='word_1_81' title='bbox 1749 1344 2073 1414; x_wconf 86' lang='lat' dir='ltr'><strong>Augustinus</strong></span> 
     </span>
    </p>
   </div>
   <div class='ocr_carea' id='block_1_13' title="bbox 491 1433 2069 1509">
    <p class='ocr_par' dir='ltr' id='par_1_13' title="bbox 491 1433 2069 1509">
     <span class='ocr_line' id='line_1_13' title="bbox 491 1433 2069 1509; baseline -0.003 -16"><span class='ocrx_word' id='word_1_82' title='bbox 491 1439 765 1509; x_wconf 74' lang='lat' dir='ltr'><strong>epistolam</strong></span> <span class='ocrx_word' id='word_1_83' title='bbox 793 1436 1110 1506; x_wconf 81' lang='lat' dir='ltr'><strong>Carthagine</strong></span> <span class='ocrx_word' id='word_1_84' title='bbox 1135 1433 1200 1489; x_wconf 90' lang='lat' dir='ltr'><strong>ad</strong></span> <span class='ocrx_word' id='word_1_85' title='bbox 1232 1434 1374 1488; x_wconf 91' lang='lat' dir='ltr'><strong>illum</strong></span> <span class='ocrx_word' id='word_1_86' title='bbox 1409 1449 1502 1504; x_wconf 87' lang='lat' dir='ltr'><strong>per</strong></span> <span class='ocrx_word' id='word_1_87' title='bbox 1528 1433 1756 1488; x_wconf 85' lang='lat' dir='ltr'><strong>hiemem</strong></span> <span class='ocrx_word' id='word_1_88' title='bbox 1787 1435 1911 1489; x_wconf 89' lang='lat' dir='ltr'><strong>anni</strong></span> <span class='ocrx_word' id='word_1_89' title='bbox 1940 1450 2069 1504; x_wconf 84' lang='lat' dir='ltr'><strong>qua-</strong></span> 
     </span>
    </p>
   </div>
   <div class='ocr_carea' id='block_1_14' title="bbox 490 1525 2070 1602">
    <p class='ocr_par' dir='ltr' id='par_1_14' title="bbox 490 1525 2070 1602">
     <span class='ocr_line' id='line_1_14' title="bbox 490 1525 2070 1602; baseline -0.005 -16"><span class='ocrx_word' id='word_1_90' title='bbox 490 1529 886 1602; x_wconf 86' lang='lat' dir='ltr'><strong>drlngentesimi</strong></span> <span class='ocrx_word' id='word_1_91' title='bbox 916 1528 1083 1583; x_wconf 84' lang='lat' dir='ltr'><strong>octavi</strong></span> <span class='ocrx_word' id='word_1_92' title='bbox 1111 1527 1192 1582; x_wconf 89' lang='lat' dir='ltr'><strong>vel</strong></span> <span class='ocrx_word' id='word_1_93' title='bbox 1219 1525 1724 1598; x_wconf 85' lang='lat' dir='ltr'><strong>quadringentesimi</strong></span> <span class='ocrx_word' id='word_1_94' title='bbox 1749 1525 1872 1580; x_wconf 92' lang='lat' dir='ltr'><strong>noni</strong></span> <span class='ocrx_word' id='word_1_95' title='bbox 1901 1526 2070 1581; x_wconf 87' lang='lat' dir='ltr'><strong>desti-</strong></span> 
     </span>
    </p>
   </div>
   <div class='ocr_carea' id='block_1_15' title="bbox 489 1615 2072 1693">
    <p class='ocr_par' dir='ltr' id='par_1_15' title="bbox 489 1615 2072 1693">
     <span class='ocr_line' id='line_1_15' title="bbox 489 1615 2072 1693; baseline -0.001 -18"><span class='ocrx_word' id='word_1_96' title='bbox 489 1632 640 1676; x_wconf 86' lang='lat' dir='ltr'><strong>narat</strong></span> <span class='ocrx_word' id='word_1_97' title='bbox 691 1619 880 1693; x_wconf 82' lang='lat' dir='ltr'><strong>(Epist.</strong></span> <span class='ocrx_word' id='word_1_98' title='bbox 928 1619 1064 1691; x_wconf 75' lang='lat'><strong>93):</strong></span> <span class='ocrx_word' id='word_1_99' title='bbox 1110 1617 1270 1689; x_wconf 84' lang='lat' dir='ltr'><strong>hujus</strong></span> <span class='ocrx_word' id='word_1_100' title='bbox 1307 1617 1577 1683; x_wconf 85' lang='lat' dir='ltr'><strong>Paulinus,</strong></span> <span class='ocrx_word' id='word_1_101' title='bbox 1626 1633 1742 1688; x_wconf 60' lang='lat' dir='ltr'><strong>quin</strong></span> <span class='ocrx_word' id='word_1_102' title='bbox 1780 1615 1880 1672; x_wconf 81' lang='lat' dir='ltr'><strong>sibi</strong></span> <span class='ocrx_word' id='word_1_103' title='bbox 1931 1617 2072 1674; x_wconf 72' lang='lat' dir='ltr'><strong>forte</strong></span> 
     </span>
    </p>
   </div>
   <div class='ocr_carea' id='block_1_16' title="bbox 489 1708 2070 1782">
    <p class='ocr_par' dir='ltr' id='par_1_16' title="bbox 489 1708 2070 1782">
     <span class='ocr_line' id='line_1_16' title="bbox 489 1708 2070 1782; baseline -0.002 -15"><span class='ocrx_word' id='word_1_104' title='bbox 489 1715 668 1782; x_wconf 87' lang='lat' dir='ltr'><strong>elapsa</strong></span> <span class='ocrx_word' id='word_1_105' title='bbox 705 1721 840 1777; x_wconf 87' lang='lat' dir='ltr'><strong>erat,</strong></span> <span class='ocrx_word' id='word_1_106' title='bbox 882 1711 981 1775; x_wconf 87' lang='lat' dir='ltr'><strong>sibi</strong></span> <span class='ocrx_word' id='word_1_107' title='bbox 1025 1710 1162 1765; x_wconf 90' lang='lat' dir='ltr'><strong>mitti</strong></span> <span class='ocrx_word' id='word_1_108' title='bbox 1212 1708 1592 1780; x_wconf 88' lang='lat' dir='ltr'><strong>apographum,</strong></span> <span class='ocrx_word' id='word_1_109' title='bbox 1627 1717 1716 1762; x_wconf 92' lang='lat' dir='ltr'><strong>aut</strong></span> <span class='ocrx_word' id='word_1_110' title='bbox 1749 1708 1817 1763; x_wconf 91' lang='lat' dir='ltr'><strong>de</strong></span> <span class='ocrx_word' id='word_1_111' title='bbox 1865 1709 2070 1779; x_wconf 89' lang='lat' dir='ltr'><strong>integro</strong></span> 
     </span>
    </p>
   </div>
   <div class='ocr_carea' id='block_1_17' title="bbox 488 1801 2069 1874">
    <p class='ocr_par' dir='ltr' id='par_1_17' title="bbox 488 1801 2069 1874">
     <span class='ocr_line' id='line_1_17' title="bbox 488 1801 2069 1874; baseline -0.003 -14"><span class='ocrx_word' id='word_1_112' title='bbox 488 1804 913 1871; x_wconf 87' lang='lat' dir='ltr'><strong>resurrectionis,</strong></span> <span class='ocrx_word' id='word_1_113' title='bbox 945 1803 1011 1858; x_wconf 91' lang='lat' dir='ltr'><strong>de</strong></span> <span class='ocrx_word' id='word_1_114' title='bbox 1051 1819 1153 1874; x_wconf 90' lang='lat' dir='ltr'><strong>qua</strong></span> <span class='ocrx_word' id='word_1_115' title='bbox 1197 1803 1252 1857; x_wconf 82' lang='lat' dir='ltr'><strong>in</strong></span> <span class='ocrx_word' id='word_1_116' title='bbox 1296 1801 1481 1858; x_wconf 89' lang='lat' dir='ltr'><strong>eadem</strong></span> <span class='ocrx_word' id='word_1_117' title='bbox 1509 1801 1596 1856; x_wconf 91' lang='lat' dir='ltr'><strong>illa</strong></span> <span class='ocrx_word' id='word_1_118' title='bbox 1627 1801 1848 1871; x_wconf 86' lang='lat' dir='ltr'><strong>epistola</strong></span> <span class='ocrx_word' id='word_1_119' title='bbox 1874 1802 2069 1872; x_wconf 85' lang='lat' dir='ltr'><strong>ageba-</strong></span> 
     </span>
    </p>
   </div>
   <div class='ocr_carea' id='block_1_18' title="bbox 490 1888 2070 1965">
    <p class='ocr_par' dir='ltr' id='par_1_18' title="bbox 490 1888 2070 1965">
     <span class='ocr_line' id='line_1_18' title="bbox 490 1888 2070 1965; baseline -0.001 -14"><span class='ocrx_word' id='word_1_120' title='bbox 490 1907 598 1964; x_wconf 89' lang='lat' dir='ltr'><strong>tur,</strong></span> <span class='ocrx_word' id='word_1_121' title='bbox 631 1898 906 1952; x_wconf 84' lang='lat' dir='ltr'><strong>materiam</strong></span> <span class='ocrx_word' id='word_1_122' title='bbox 933 1896 1176 1963; x_wconf 82' lang='lat' dir='ltr'><strong>edisseri,</strong></span> <span class='ocrx_word' id='word_1_123' title='bbox 1207 1895 1391 1964; x_wconf 85' lang='lat' dir='ltr'><strong>cupiit.</strong></span> <span class='ocrx_word' id='word_1_124' title='bbox 1427 1888 1591 1950; x_wconf 90' lang='lat' dir='ltr'><strong>Simul</strong></span> <span class='ocrx_word' id='word_1_125' title='bbox 1621 1894 1911 1965; x_wconf 88' lang='lat' dir='ltr'><strong>Augustino</strong></span> <span class='ocrx_word' id='word_1_126' title='bbox 1946 1907 2070 1964; x_wconf 81' lang='lat' dir='ltr'><strong>pro-</strong></span> 
     </span>
    </p>
   </div>
   <div class='ocr_carea' id='block_1_19' title="bbox 490 1986 2071 2060">
    <p class='ocr_par' dir='ltr' id='par_1_19' title="bbox 490 1986 2071 2060">
     <span class='ocr_line' id='line_1_19' title="bbox 490 1986 2071 2060; baseline -0.001 -19"><span class='ocrx_word' id='word_1_127' title='bbox 490 1990 713 2060; x_wconf 79' lang='lat' dir='ltr'><strong>ponitin</strong></span> <span class='ocrx_word' id='word_1_128' title='bbox 744 1989 907 2043; x_wconf 88' lang='lat' dir='ltr'><strong>Vetus</strong></span> <span class='ocrx_word' id='word_1_129' title='bbox 947 2004 1008 2043; x_wconf 90' lang='lat' dir='ltr'><strong>ac</strong></span> <span class='ocrx_word' id='word_1_130' title='bbox 1050 1988 1253 2042; x_wconf 79' lang='lat' dir='ltr'><strong>Novum</strong></span> <span class='ocrx_word' id='word_1_131' title='bbox 1295 1986 1705 2046; x_wconf 85' lang='lat' dir='ltr'><strong>instrumentum</strong></span> <span class='ocrx_word' id='word_1_132' title='bbox 1749 1986 2071 2056; x_wconf 65' lang='lat' dir='ltr'><strong>quaestiones</strong></span> 
     </span>
    </p>
   </div>
   <div class='ocr_carea' id='block_1_20' title="bbox 490 2072 2067 2150">
    <p class='ocr_par' dir='ltr' id='par_1_20' title="bbox 490 2072 2067 2150">
     <span class='ocr_line' id='line_1_20' title="bbox 490 2072 2067 2150; baseline -0.004 -14"><span class='ocrx_word' id='word_1_133' title='bbox 490 2096 718 2147; x_wconf 89' lang='lat' dir='ltr'><strong>novem;</strong></span> <span class='ocrx_word' id='word_1_134' title='bbox 763 2095 894 2150; x_wconf 90' lang='lat' dir='ltr'><strong>quas</strong></span> <span class='ocrx_word' id='word_1_135' title='bbox 920 2095 1038 2135; x_wconf 92' lang='lat' dir='ltr'><strong>cum</strong></span> <span class='ocrx_word' id='word_1_136' title='bbox 1073 2080 1184 2148; x_wconf 88' lang='lat' dir='ltr'><strong>ipse</strong></span> <span class='ocrx_word' id='word_1_137' title='bbox 1223 2093 1429 2133; x_wconf 88' lang='lat' dir='ltr'><strong>summa</strong></span> <span class='ocrx_word' id='word_1_138' title='bbox 1475 2078 1727 2147; x_wconf 77' lang='lat' dir='ltr'><strong>expendit</strong></span> <span class='ocrx_word' id='word_1_139' title='bbox 1776 2072 2067 2148; x_wconf 81' lang='lat' dir='ltr'><strong>diligentia,</strong></span> 
     </span>
    </p>
   </div>
   <div class='ocr_carea' id='block_1_21' title="bbox 467 2163 2071 2244">
    <p class='ocr_par' dir='ltr' id='par_1_21' title="bbox 467 2163 2071 2244">
     <span class='ocr_line' id='line_1_21' title="bbox 467 2163 2071 2244; baseline -0.002 -18"><span class='ocrx_word' id='word_1_140' title='bbox 467 2180 602 2244; x_wconf 40' lang='lat' dir='ltr'><strong>.tum</strong></span> <span class='ocrx_word' id='word_1_141' title='bbox 655 2171 1006 2240; x_wconf 88' lang='lat' dir='ltr'><strong>Augustinum</strong></span> <span class='ocrx_word' id='word_1_142' title='bbox 1060 2170 1374 2234; x_wconf 80' lang='lat' dir='ltr'><strong>obtestatur,</strong></span> <span class='ocrx_word' id='word_1_143' title='bbox 1421 2177 1478 2222; x_wconf 92' lang='lat' dir='ltr'><strong>ut</strong></span> <span class='ocrx_word' id='word_1_144' title='bbox 1514 2184 1665 2222; x_wconf 86' lang='lat' dir='ltr'><strong>suam</strong></span> <span class='ocrx_word' id='word_1_145' title='bbox 1703 2167 1767 2223; x_wconf 90' lang='lat' dir='ltr'><strong>de</strong></span> <span class='ocrx_word' id='word_1_146' title='bbox 1810 2163 1913 2223; x_wconf 87' lang='lat' dir='ltr'><strong>illis</strong></span> <span class='ocrx_word' id='word_1_147' title='bbox 1958 2183 2071 2223; x_wconf 84' lang='lat' dir='ltr'><strong>sen-</strong></span> 
     </span>
    </p>
   </div>
   <div class='ocr_carea' id='block_1_22' title="bbox 451 2243 2069 2331">
    <p class='ocr_par' dir='ltr' id='par_1_22' title="bbox 451 2243 2069 2331">
     <span class='ocr_line' id='line_1_22' title="bbox 451 2243 2069 2331; baseline 0 -15"><span class='ocrx_word' id='word_1_148' title='bbox 451 2243 455 2249; x_wconf 48' lang='grc'><em>’</em></span> <span class='ocrx_word' id='word_1_149' title='bbox 474 2243 711 2318; x_wconf 90' lang='lat' dir='ltr'><strong>tentiam</strong></span> <span class='ocrx_word' id='word_1_150' title='bbox 733 2262 833 2317; x_wconf 87' lang='lat' dir='ltr'><strong>sibi</strong></span> <span class='ocrx_word' id='word_1_151' title='bbox 861 2262 1138 2329; x_wconf 83' lang='lat' dir='ltr'><strong>rescribat,</strong></span> <span class='ocrx_word' id='word_1_152' title='bbox 1158 2277 1220 2317; x_wconf 90' lang='lat' dir='ltr'><strong>ac</strong></span> <span class='ocrx_word' id='word_1_153' title='bbox 1252 2261 1317 2316; x_wconf 81' lang='lat' dir='ltr'><strong>tle</strong></span> <span class='ocrx_word' id='word_1_154' title='bbox 1341 2277 1476 2315; x_wconf 88' lang='lat' dir='ltr'><strong>noua</strong></span> <span class='ocrx_word' id='word_1_155' title='bbox 1498 2261 1548 2314; x_wconf 90' lang='lat' dir='ltr'><strong>in</strong></span> <span class='ocrx_word' id='word_1_156' title='bbox 1572 2261 1775 2330; x_wconf 78' lang='lat' dir='ltr'><strong>primis,</strong></span> <span class='ocrx_word' id='word_1_157' title='bbox 1795 2277 1910 2331; x_wconf 77' lang='lat' dir='ltr'><strong>qua:</strong></span> <span class='ocrx_word' id='word_1_158' title='bbox 1931 2262 2069 2316; x_wconf 88' lang='lat' dir='ltr'><strong>circa</strong></span> 
     </span>
    </p>
   </div>
   <div class='ocr_carea' id='block_1_23' title="bbox 487 2350 2070 2422">
    <p class='ocr_par' dir='ltr' id='par_1_23' title="bbox 487 2350 2070 2422">
     <span class='ocr_line' id='line_1_23' title="bbox 487 2350 2070 2422; baseline -0.003 -12"><span class='ocrx_word' id='word_1_159' title='bbox 487 2353 754 2410; x_wconf 84' lang='lat' dir='ltr'><strong>Simeonis</strong></span> <span class='ocrx_word' id='word_1_160' title='bbox 768 2353 832 2408; x_wconf 92' lang='lat' dir='ltr'><strong>ad</strong></span> <span class='ocrx_word' id='word_1_161' title='bbox 856 2353 1070 2408; x_wconf 78' lang='lat' dir='ltr'><strong>Mariam</strong></span> <span class='ocrx_word' id='word_1_162' title='bbox 1092 2354 1231 2407; x_wconf 89' lang='lat' dir='ltr'><strong>dicta</strong></span> <span class='ocrx_word' id='word_1_163' title='bbox 1256 2352 1555 2407; x_wconf 76' lang='lat' dir='ltr'><strong>versabatur</strong></span> <span class='ocrx_word' id='word_1_164' title='bbox 1594 2350 1794 2422; x_wconf 77' lang='grc' dir='ltr'><strong>(Ραιιί.,</strong></span> <span class='ocrx_word' id='word_1_165' title='bbox 1810 2355 1948 2421; x_wconf 83' lang='lat' dir='ltr'><strong>apud</strong></span> <span class='ocrx_word' id='word_1_166' title='bbox 1963 2354 2070 2406; x_wconf 83' lang='lat' dir='ltr'><strong>Au-</strong></span> 
     </span>
    </p>
   </div>
   <div class='ocr_carea' id='block_1_24' title="bbox 429 2442 2072 2517">
    <p class='ocr_par' dir='ltr' id='par_1_24' title="bbox 429 2442 2072 2517">
     <span class='ocr_line' id='line_1_24' title="bbox 429 2442 2072 2517; baseline 0 -19"><span class='ocrx_word' id='word_1_167' title='bbox 429 2461 438 2468; x_wconf 60' lang='grc' dir='ltr'>ί</span> <span class='ocrx_word' id='word_1_168' title='bbox 486 2455 644 2517; x_wconf 84' lang='lat' dir='ltr'><strong>gust.,</strong></span> <span class='ocrx_word' id='word_1_169' title='bbox 672 2444 835 2515; x_wconf 83' lang='lat' dir='ltr'><strong>Epist.</strong></span> <span class='ocrx_word' id='word_1_170' title='bbox 871 2443 992 2509; x_wconf 73' lang='grc'><strong>121,</strong></span> <span class='ocrx_word' id='word_1_171' title='bbox 1019 2460 1070 2496; x_wconf 85' lang='lat' dir='ltr'><strong>u.</strong></span> <span class='ocrx_word' id='word_1_172' title='bbox 1102 2444 1212 2509; x_wconf 72' lang='grc'><strong>14).</strong></span> <span class='ocrx_word' id='word_1_173' title='bbox 1241 2443 1486 2511; x_wconf 84' lang='lat' dir='ltr'><strong>Acceptis</strong></span> <span class='ocrx_word' id='word_1_174' title='bbox 1529 2442 1676 2498; x_wconf 89' lang='lat' dir='ltr'><strong>hisee</strong></span> <span class='ocrx_word' id='word_1_175' title='bbox 1713 2443 1922 2510; x_wconf 88' lang='lat' dir='ltr'><strong>litteris,</strong></span> <span class='ocrx_word' id='word_1_176' title='bbox 1955 2460 2072 2513; x_wconf 84' lang='lat' dir='ltr'><strong>quae</strong></span> 
     </span>
    </p>
   </div>
   <div class='ocr_carea' id='block_1_25' title="bbox 486 2533 2072 2605">
    <p class='ocr_par' dir='ltr' id='par_1_25' title="bbox 486 2533 2072 2605">
     <span class='ocr_line' id='line_1_25' title="bbox 486 2533 2072 2605; baseline 0.001 -15"><span class='ocrx_word' id='word_1_177' title='bbox 486 2551 518 2590; x_wconf 90' lang='lat' dir='ltr'><strong>a</strong></span> <span class='ocrx_word' id='word_1_178' title='bbox 545 2537 765 2592; x_wconf 80' lang='lat' dir='ltr'><strong>Paulino</strong></span> <span class='ocrx_word' id='word_1_179' title='bbox 811 2536 1025 2591; x_wconf 89' lang='lat' dir='ltr'><strong>circiter</strong></span> <span class='ocrx_word' id='word_1_180' title='bbox 1058 2550 1254 2589; x_wconf 77' lang='lat' dir='ltr'><strong>annum</strong></span> <span class='ocrx_word' id='word_1_181' title='bbox 1306 2533 1887 2605; x_wconf 83' lang='lat' dir='ltr'><strong>quadringentesimum</strong></span> <span class='ocrx_word' id='word_1_182' title='bbox 1928 2535 2072 2591; x_wconf 90' lang='lat' dir='ltr'><strong>deci-</strong></span> 
     </span>
    </p>
   </div>
   <div class='ocr_carea' id='block_1_26' title="bbox 487 2623 2074 2695">
    <p class='ocr_par' dir='ltr' id='par_1_26' title="bbox 487 2623 2074 2695">
     <span class='ocr_line' id='line_1_26' title="bbox 487 2623 2074 2695; baseline -0.001 -14"><span class='ocrx_word' id='word_1_183' title='bbox 487 2643 631 2681; x_wconf 89' lang='lat' dir='ltr'><strong>mum</strong></span> <span class='ocrx_word' id='word_1_184' title='bbox 649 2626 861 2695; x_wconf 69' lang='lat' dir='ltr'><strong>scriptae</strong></span> <span class='ocrx_word' id='word_1_185' title='bbox 881 2626 1112 2690; x_wconf 82' lang='lat' dir='ltr'><strong>fuerunt,</strong></span> <span class='ocrx_word' id='word_1_186' title='bbox 1132 2625 1459 2695; x_wconf 87' lang='lat' dir='ltr'><strong>Augustinus</strong></span> <span class='ocrx_word' id='word_1_187' title='bbox 1475 2623 1750 2677; x_wconf 81' lang='lat' dir='ltr'><strong>confestim</strong></span> <span class='ocrx_word' id='word_1_188' title='bbox 1765 2623 1837 2678; x_wconf 90' lang='lat' dir='ltr'><strong>illi</strong></span> <span class='ocrx_word' id='word_1_189' title='bbox 1855 2640 2074 2694; x_wconf 87' lang='lat' dir='ltr'><strong>respon-</strong></span> 
     </span>
    </p>
   </div>
   <div class='ocr_carea' id='block_1_27' title="bbox 488 2711 2074 2788">
    <p class='ocr_par' dir='ltr' id='par_1_27' title="bbox 488 2711 2074 2788">
     <span class='ocr_line' id='line_1_27' title="bbox 488 2711 2074 2788; baseline 0.001 -18"><span class='ocrx_word' id='word_1_190' title='bbox 488 2716 583 2783; x_wconf 85' lang='lat' dir='ltr'><strong>dit,</strong></span> <span class='ocrx_word' id='word_1_191' title='bbox 611 2732 673 2770; x_wconf 90' lang='lat' dir='ltr'><strong>ae</strong></span> <span class='ocrx_word' id='word_1_192' title='bbox 699 2716 814 2786; x_wconf 85' lang='lat' dir='ltr'><strong>ejus</strong></span> <span class='ocrx_word' id='word_1_193' title='bbox 840 2716 1161 2786; x_wconf 66' lang='lat' dir='ltr'><strong>qum-stiones</strong></span> <span class='ocrx_word' id='word_1_194' title='bbox 1191 2714 1379 2783; x_wconf 87' lang='lat' dir='ltr'><strong>partim</strong></span> <span class='ocrx_word' id='word_1_195' title='bbox 1405 2711 1693 2783; x_wconf 79' lang='lat' dir='ltr'><strong>expedivit,</strong></span> <span class='ocrx_word' id='word_1_196' title='bbox 1723 2717 1912 2785; x_wconf 83' lang='lat' dir='ltr'><strong>partim</strong></span> <span class='ocrx_word' id='word_1_197' title='bbox 1953 2728 2074 2788; x_wconf 79' lang='lat' dir='ltr'><strong>pro-</strong></span> 
     </span>
    </p>
   </div>
   <div class='ocr_carea' id='block_1_28' title="bbox 489 2807 2069 2878">
    <p class='ocr_par' dir='ltr' id='par_1_28' title="bbox 489 2807 2069 2878">
     <span class='ocr_line' id='line_1_28' title="bbox 489 2807 2069 2878; baseline 0 -16"><span class='ocrx_word' id='word_1_198' title='bbox 489 2817 706 2877; x_wconf 86' lang='lat' dir='ltr'><strong>perante</strong></span> <span class='ocrx_word' id='word_1_199' title='bbox 760 2807 1034 2863; x_wconf 89' lang='lat' dir='ltr'><strong>tabellario</strong></span> <span class='ocrx_word' id='word_1_200' title='bbox 1071 2807 1269 2862; x_wconf 89' lang='lat' dir='ltr'><strong>omisit.</strong></span> <span class='ocrx_word' id='word_1_201' title='bbox 1315 2807 1629 2877; x_wconf 78' lang='lat' dir='ltr'><strong>Exemplum</strong></span> <span class='ocrx_word' id='word_1_202' title='bbox 1662 2823 1786 2862; x_wconf 85' lang='lat' dir='ltr'><strong>vero</strong></span> <span class='ocrx_word' id='word_1_203' title='bbox 1811 2807 2069 2878; x_wconf 75' lang='lat' dir='ltr'><strong>epistolzr,</strong></span> 
     </span>
    </p>
   </div>
   <div class='ocr_carea' id='block_1_29' title="bbox 488 2898 2073 2972">
    <p class='ocr_par' dir='ltr' id='par_1_29' title="bbox 488 2898 2073 2972">
     <span class='ocr_line' id='line_1_29' title="bbox 488 2898 2073 2972; baseline 0.001 -18"><span class='ocrx_word' id='word_1_204' title='bbox 488 2901 628 2970; x_wconf 80' lang='lat' dir='ltr'><strong>quod</strong></span> <span class='ocrx_word' id='word_1_205' title='bbox 648 2902 897 2956; x_wconf 82' lang='lat' dir='ltr'><strong>Paulinus</strong></span> <span class='ocrx_word' id='word_1_206' title='bbox 922 2901 1160 2971; x_wconf 85' lang='lat' dir='ltr'><strong>petierat,</strong></span> <span class='ocrx_word' id='word_1_207' title='bbox 1183 2899 1573 2970; x_wconf 81' lang='lat' dir='ltr'><strong>adjungcndum</strong></span> <span class='ocrx_word' id='word_1_208' title='bbox 1592 2898 1714 2955; x_wconf 86' lang='lat' dir='ltr'><strong>huic</strong></span> <span class='ocrx_word' id='word_1_209' title='bbox 1738 2899 2073 2972; x_wconf 90' lang='lat' dir='ltr'><strong>responsioni</strong></span> 
     </span>
    </p>
   </div>
   <div class='ocr_carea' id='block_1_30' title="bbox 488 2991 2076 3063">
    <p class='ocr_par' dir='ltr' id='par_1_30' title="bbox 488 2991 2076 3063">
     <span class='ocr_line' id='line_1_30' title="bbox 488 2991 2076 3063; baseline -0.001 -18"><span class='ocrx_word' id='word_1_210' title='bbox 488 2993 712 3046; x_wconf 84' lang='lat' dir='ltr'><strong>curavit.</strong></span> <span class='ocrx_word' id='word_1_211' title='bbox 759 2992 905 3045; x_wconf 85' lang='lat' dir='ltr'><strong>Hanc</strong></span> <span class='ocrx_word' id='word_1_212' title='bbox 939 3005 1120 3062; x_wconf 90' lang='lat' dir='ltr'><strong>porro,</strong></span> <span class='ocrx_word' id='word_1_213' title='bbox 1166 3006 1323 3061; x_wconf 91' lang='lat' dir='ltr'><strong>quam</strong></span> <span class='ocrx_word' id='word_1_214' title='bbox 1351 2991 1737 3057; x_wconf 84' lang='lat' dir='ltr'><strong>desideramus,</strong></span> <span class='ocrx_word' id='word_1_215' title='bbox 1771 2992 2076 3063; x_wconf 88' lang='lat' dir='ltr'><strong>responsio-</strong></span> 
     </span>
    </p>
   </div>
   <div class='ocr_carea' id='block_1_31' title="bbox 489 3081 2076 3138">
    <p class='ocr_par' dir='ltr' id='par_1_31' title="bbox 489 3081 2076 3138">
     <span class='ocr_line' id='line_1_31' title="bbox 489 3081 2076 3138; baseline -0.003 0"><span class='ocrx_word' id='word_1_216' title='bbox 489 3099 613 3138; x_wconf 77' lang='lat' dir='ltr'><strong>lem</strong></span> <span class='ocrx_word' id='word_1_217' title='bbox 658 3082 944 3138; x_wconf 87' lang='lat' dir='ltr'><strong>verisimile</strong></span> <span class='ocrx_word' id='word_1_218' title='bbox 989 3089 1074 3137; x_wconf 88' lang='lat' dir='ltr'><strong>est</strong></span> <span class='ocrx_word' id='word_1_219' title='bbox 1120 3081 1294 3136; x_wconf 89' lang='lat' dir='ltr'><strong>datam</strong></span> <span class='ocrx_word' id='word_1_220' title='bbox 1337 3081 1475 3136; x_wconf 88' lang='lat' dir='ltr'><strong>haud</strong></span> <span class='ocrx_word' id='word_1_221' title='bbox 1520 3081 1697 3136; x_wconf 89' lang='lat' dir='ltr'><strong>multis</strong></span> <span class='ocrx_word' id='word_1_222' title='bbox 1738 3090 1860 3137; x_wconf 89' lang='lat' dir='ltr'><strong>ante</strong></span> <span class='ocrx_word' id='word_1_223' title='bbox 1888 3081 2076 3136; x_wconf 88' lang='lat' dir='ltr'><strong>diebus</strong></span> 
     </span>
    </p>
   </div>
   <div class='ocr_carea' id='block_1_32' title="bbox 489 3172 2075 3244">
    <p class='ocr_par' dir='ltr' id='par_1_32' title="bbox 489 3172 2075 3244">
     <span class='ocr_line' id='line_1_32' title="bbox 489 3172 2075 3244; baseline -0.003 -14"><span class='ocrx_word' id='word_1_224' title='bbox 489 3175 674 3240; x_wconf 82' lang='lat' dir='ltr'><strong>fuisse,</strong></span> <span class='ocrx_word' id='word_1_225' title='bbox 701 3189 820 3229; x_wconf 92' lang='lat' dir='ltr'><strong>cum</strong></span> <span class='ocrx_word' id='word_1_226' title='bbox 849 3173 1005 3228; x_wconf 88' lang='lat' dir='ltr'><strong>aliam</strong></span> <span class='ocrx_word' id='word_1_227' title='bbox 1026 3172 1227 3228; x_wconf 88' lang='lat' dir='ltr'><strong>addidit</strong></span> <span class='ocrx_word' id='word_1_228' title='bbox 1252 3173 1522 3239; x_wconf 85' lang='lat' dir='ltr'><strong>Paulinus,</strong></span> <span class='ocrx_word' id='word_1_229' title='bbox 1552 3188 1669 3244; x_wconf 79' lang='lat' dir='ltr'><strong>qua:</strong></span> <span class='ocrx_word' id='word_1_230' title='bbox 1704 3173 1951 3228; x_wconf 82' lang='lat' dir='ltr'><strong>similiter</strong></span> <span class='ocrx_word' id='word_1_231' title='bbox 1982 3189 2075 3244; x_wconf 43' lang='lat' dir='ltr'><strong>pes</strong></span> 
     </span>
    </p>
   </div>
   <div class='ocr_carea' id='block_1_33' title="bbox 489 3263 2076 3335">
    <p class='ocr_par' dir='ltr' id='par_1_33' title="bbox 489 3263 2076 3335">
     <span class='ocr_line' id='line_1_33' title="bbox 489 3263 2076 3335; baseline -0.001 -15"><span class='ocrx_word' id='word_1_232' title='bbox 489 3268 611 3330; x_wconf 88' lang='lat' dir='ltr'><strong>riit,</strong></span> <span class='ocrx_word' id='word_1_233' title='bbox 642 3282 744 3335; x_wconf 90' lang='lat' dir='ltr'><strong>qua</strong></span> <span class='ocrx_word' id='word_1_234' title='bbox 767 3265 946 3319; x_wconf 90' lang='lat' dir='ltr'><strong>itidem</strong></span> <span class='ocrx_word' id='word_1_235' title='bbox 973 3264 1042 3319; x_wconf 89' lang='lat' dir='ltr'><strong>de</strong></span> <span class='ocrx_word' id='word_1_236' title='bbox 1065 3264 1264 3334; x_wconf 91' lang='lat' dir='ltr'><strong>psalmo</strong></span> <span class='ocrx_word' id='word_1_237' title='bbox 1298 3273 1449 3320; x_wconf 81' lang='lat' dir='ltr'><strong>sexto</strong></span> <span class='ocrx_word' id='word_1_238' title='bbox 1489 3263 1718 3328; x_wconf 83' lang='lat' dir='ltr'><strong>decimo,</strong></span> <span class='ocrx_word' id='word_1_239' title='bbox 1762 3264 1932 3334; x_wconf 91' lang='lat' dir='ltr'><strong>deque</strong></span> <span class='ocrx_word' id='word_1_240' title='bbox 1959 3280 2076 3318; x_wconf 82' lang='lat' dir='ltr'><strong>ver-</strong></span> 
     </span>
    </p>
   </div>
   <div class='ocr_carea' id='block_1_34' title="bbox 490 3354 2077 3424">
    <p class='ocr_par' dir='ltr' id='par_1_34' title="bbox 490 3354 2077 3424">
     <span class='ocr_line' id='line_1_34' title="bbox 490 3354 2077 3424; baseline 0 -13"><span class='ocrx_word' id='word_1_241' title='bbox 490 3355 576 3412; x_wconf 86' lang='lat' dir='ltr'><strong>bis</strong></span> <span class='ocrx_word' id='word_1_242' title='bbox 601 3356 865 3411; x_wconf 81' lang='lat' dir='ltr'><strong>Simeonis</strong></span> <span class='ocrx_word' id='word_1_243' title='bbox 894 3355 959 3409; x_wconf 93' lang='lat' dir='ltr'><strong>ad</strong></span> <span class='ocrx_word' id='word_1_244' title='bbox 986 3355 1201 3410; x_wconf 83' lang='lat' dir='ltr'><strong>Mariam</strong></span> <span class='ocrx_word' id='word_1_245' title='bbox 1223 3355 1572 3424; x_wconf 88' lang='lat' dir='ltr'><strong>Augustinum</strong></span> <span class='ocrx_word' id='word_1_246' title='bbox 1595 3354 1926 3410; x_wconf 86' lang='lat' dir='ltr'><strong>consulebat.</strong></span> <span class='ocrx_word' id='word_1_247' title='bbox 1953 3355 2077 3411; x_wconf 86' lang='lat' dir='ltr'><strong>llaec</strong></span> 
     </span>
    </p>
   </div>
   <div class='ocr_carea' id='block_1_35' title="bbox 490 3445 2072 3518">
    <p class='ocr_par' dir='ltr' id='par_1_35' title="bbox 490 3445 2072 3518">
     <span class='ocr_line' id='line_1_35' title="bbox 490 3445 2072 3518; baseline -0.001 -17"><span class='ocrx_word' id='word_1_248' title='bbox 490 3446 784 3518; x_wconf 79' lang='lat' dir='ltr'><strong>Hipponem</strong></span> <span class='ocrx_word' id='word_1_249' title='bbox 815 3461 934 3500; x_wconf 91' lang='lat' dir='ltr'><strong>eum</strong></span> <span class='ocrx_word' id='word_1_250' title='bbox 955 3455 1036 3500; x_wconf 87' lang='lat' dir='ltr'><strong>est</strong></span> <span class='ocrx_word' id='word_1_251' title='bbox 1054 3445 1274 3515; x_wconf 85' lang='lat' dir='ltr'><strong>perlata,</strong></span> <span class='ocrx_word' id='word_1_252' title='bbox 1305 3454 1412 3499; x_wconf 91' lang='lat' dir='ltr'><strong>tum</strong></span> <span class='ocrx_word' id='word_1_253' title='bbox 1457 3445 1708 3516; x_wconf 78' lang='lat' dir='ltr'><strong>Cataquze</strong></span> <span class='ocrx_word' id='word_1_254' title='bbox 1738 3446 1875 3516; x_wconf 91' lang='lat' dir='ltr'><strong>apud</strong></span> <span class='ocrx_word' id='word_1_255' title='bbox 1905 3446 2072 3501; x_wconf 87' lang='lat' dir='ltr'><strong>Boni-</strong></span> 
     </span>
    </p>
   </div>
   <div class='ocr_carea' id='block_1_36' title="bbox 492 3536 2079 3608">
    <p class='ocr_par' dir='ltr' id='par_1_36' title="bbox 492 3536 2079 3608">
     <span class='ocr_line' id='line_1_36' title="bbox 492 3536 2079 3608; baseline 0.001 -16"><span class='ocrx_word' id='word_1_256' title='bbox 492 3537 684 3594; x_wconf 81' lang='lat' dir='ltr'><strong>facium</strong></span> <span class='ocrx_word' id='word_1_257' title='bbox 711 3536 948 3605; x_wconf 88' lang='lat' dir='ltr'><strong>ejusdem</strong></span> <span class='ocrx_word' id='word_1_258' title='bbox 981 3537 1127 3591; x_wconf 87' lang='lat' dir='ltr'><strong>urbis</strong></span> <span class='ocrx_word' id='word_1_259' title='bbox 1155 3537 1462 3606; x_wconf 87' lang='lat' dir='ltr'><strong>epise0pum</strong></span> <span class='ocrx_word' id='word_1_260' title='bbox 1503 3536 1868 3593; x_wconf 78' lang='lat' dir='ltr'><strong>dirersabatur</strong></span> <span class='ocrx_word' id='word_1_261' title='bbox 1898 3537 2079 3608; x_wconf 84' lang='lat' dir='ltr'><strong>Angu-</strong></span> 
     </span>
    </p>
   </div>
   <div class='ocr_carea' id='block_1_37' title="bbox 492 3627 2076 3700">
    <p class='ocr_par' dir='ltr' id='par_1_37' title="bbox 492 3627 2076 3700">
     <span class='ocr_line' id='line_1_37' title="bbox 492 3627 2076 3700; baseline 0 -15"><span class='ocrx_word' id='word_1_262' title='bbox 492 3631 681 3686; x_wconf 87' lang='lat' dir='ltr'><strong>stiuus.</strong></span> <span class='ocrx_word' id='word_1_263' title='bbox 727 3630 1062 3700; x_wconf 82' lang='lat' dir='ltr'><strong>Quapropter</strong></span> <span class='ocrx_word' id='word_1_264' title='bbox 1107 3629 1248 3683; x_wconf 86' lang='lat' dir='ltr'><strong>illam</strong></span> <span class='ocrx_word' id='word_1_265' title='bbox 1280 3627 1521 3698; x_wconf 89' lang='lat' dir='ltr'><strong>llippone</strong></span> <span class='ocrx_word' id='word_1_266' title='bbox 1563 3629 1663 3684; x_wconf 87' lang='lat' dir='ltr'><strong>sibi</strong></span> <span class='ocrx_word' id='word_1_267' title='bbox 1713 3629 2076 3684; x_wconf 82' lang='lat' dir='ltr'><strong>transmissam</strong></span> 
     </span>
    </p>
   </div>
   <div class='ocr_carea' id='block_1_38' title="bbox 490 3709 2075 3791">
    <p class='ocr_par' dir='ltr' id='par_1_38' title="bbox 490 3709 2075 3791">
     <span class='ocr_line' id='line_1_38' title="bbox 490 3709 2075 3791; baseline -0.001 -15"><span class='ocrx_word' id='word_1_268' title='bbox 490 3722 776 3791; x_wconf 83' lang='lat' dir='ltr'><strong>accipiens,</strong></span> <span class='ocrx_word' id='word_1_269' title='bbox 807 3721 1055 3790; x_wconf 71' lang='lat' dir='ltr'><strong>(lataqua:</strong></span> <span class='ocrx_word' id='word_1_270' title='bbox 1076 3709 1387 3790; x_wconf 86' lang='lat' dir='ltr'><strong>responsum</strong></span> <span class='ocrx_word' id='word_1_271' title='bbox 1416 3717 1592 3785; x_wconf 90' lang='lat' dir='ltr'><strong>dedit;</strong></span> <span class='ocrx_word' id='word_1_272' title='bbox 1625 3718 1717 3773; x_wconf 92' lang='lat' dir='ltr'><strong>sed</strong></span> <span class='ocrx_word' id='word_1_273' title='bbox 1745 3719 1812 3774; x_wconf 89' lang='lat' dir='ltr'><strong>ibi</strong></span> <span class='ocrx_word' id='word_1_274' title='bbox 1843 3735 2075 3789; x_wconf 66' lang='lat' dir='ltr'><strong>grtccum</strong></span> 
     </span>
    </p>
   </div>
   <div class='ocr_carea' id='block_1_39' title="bbox 488 3808 2076 3885">
    <p class='ocr_par' dir='ltr' id='par_1_39' title="bbox 488 3808 2076 3885">
     <span class='ocr_line' id='line_1_39' title="bbox 488 3808 2076 3885; baseline -0.003 -16"><span class='ocrx_word' id='word_1_275' title='bbox 488 3812 821 3885; x_wconf 88' lang='lat' dir='ltr'><strong>psalterium,</strong></span> <span class='ocrx_word' id='word_1_276' title='bbox 864 3811 1004 3865; x_wconf 90' lang='lat' dir='ltr'><strong>unde</strong></span> <span class='ocrx_word' id='word_1_277' title='bbox 1043 3809 1231 3880; x_wconf 91' lang='lat' dir='ltr'><strong>psalmi</strong></span> <span class='ocrx_word' id='word_1_278' title='bbox 1271 3808 1465 3863; x_wconf 86' lang='lat' dir='ltr'><strong>decimi</strong></span> <span class='ocrx_word' id='word_1_279' title='bbox 1505 3809 1638 3863; x_wconf 90' lang='lat' dir='ltr'><strong>sexti</strong></span> <span class='ocrx_word' id='word_1_280' title='bbox 1690 3809 2076 3880; x_wconf 87' lang='lat' dir='ltr'><strong>expositionem</strong></span> 
     </span>
    </p>
   </div>
   <div class='ocr_carea' id='block_1_40' title="bbox 491 3899 2074 3976">
    <p class='ocr_par' dir='ltr' id='par_1_40' title="bbox 491 3899 2074 3976">
     <span class='ocr_line' id='line_1_40' title="bbox 491 3899 2074 3976; baseline -0.003 -18"><span class='ocrx_word' id='word_1_281' title='bbox 491 3913 716 3974; x_wconf 89' lang='lat' dir='ltr'><strong>peteret,</strong></span> <span class='ocrx_word' id='word_1_282' title='bbox 738 3919 841 3956; x_wconf 86' lang='lat' dir='ltr'><strong>non</strong></span> <span class='ocrx_word' id='word_1_283' title='bbox 871 3901 1087 3972; x_wconf 84' lang='lat' dir='ltr'><strong>reperit.</strong></span> <span class='ocrx_word' id='word_1_284' title='bbox 1118 3899 1258 3976; x_wconf 75' lang='lat' dir='ltr'><strong>Istud</strong></span> <span class='ocrx_word' id='word_1_285' title='bbox 1281 3915 1492 3970; x_wconf 84' lang='lat' dir='ltr'><strong>quoque</strong></span> <span class='ocrx_word' id='word_1_286' title='bbox 1513 3915 1827 3970; x_wconf 87' lang='lat' dir='ltr'><strong>responsum</strong></span> <span class='ocrx_word' id='word_1_287' title='bbox 1852 3901 2074 3968; x_wconf 85' lang='lat' dir='ltr'><strong>excidit;</strong></span> 
     </span>
    </p>
   </div>
   <div class='ocr_carea' id='block_1_41' title="bbox 493 3991 2076 4067">
    <p class='ocr_par' dir='ltr' id='par_1_41' title="bbox 493 3991 2076 4067">
     <span class='ocr_line' id='line_1_41' title="bbox 493 3991 2076 4067; baseline -0.004 -15"><span class='ocrx_word' id='word_1_288' title='bbox 493 3997 589 4054; x_wconf 88' lang='lat' dir='ltr'><strong>sed</strong></span> <span class='ocrx_word' id='word_1_289' title='bbox 615 4012 786 4067; x_wconf 91' lang='lat' dir='ltr'><strong>neque</strong></span> <span class='ocrx_word' id='word_1_290' title='bbox 828 3996 1047 4050; x_wconf 90' lang='lat' dir='ltr'><strong>Paulino</strong></span> <span class='ocrx_word' id='word_1_291' title='bbox 1076 3992 1340 4049; x_wconf 90' lang='lat' dir='ltr'><strong>redditum</strong></span> <span class='ocrx_word' id='word_1_292' title='bbox 1381 3991 1508 4058; x_wconf 80' lang='lat' dir='ltr'><strong>fuit;</strong></span> <span class='ocrx_word' id='word_1_293' title='bbox 1531 3991 1686 4048; x_wconf 87' lang='lat' dir='ltr'><strong>sicuti</strong></span> <span class='ocrx_word' id='word_1_294' title='bbox 1713 4008 1812 4048; x_wconf 87' lang='lat' dir='ltr'><strong>nec</strong></span> <span class='ocrx_word' id='word_1_295' title='bbox 1844 3993 1932 4047; x_wconf 90' lang='lat' dir='ltr'><strong>illa</strong></span> <span class='ocrx_word' id='word_1_296' title='bbox 1961 3994 2076 4063; x_wconf 86' lang='lat' dir='ltr'><strong>epi-</strong></span> 
     </span>
    </p>
   </div>
   <div class='ocr_carea' id='block_1_42' title="bbox 491 4084 2076 4160">
    <p class='ocr_par' dir='ltr' id='par_1_42' title="bbox 491 4084 2076 4160">
     <span class='ocr_line' id='line_1_42' title="bbox 491 4084 2076 4160; baseline -0.003 -15"><span class='ocrx_word' id='word_1_297' title='bbox 491 4090 646 4152; x_wconf 89' lang='lat' dir='ltr'><strong>stola,</strong></span> <span class='ocrx_word' id='word_1_298' title='bbox 676 4103 779 4160; x_wconf 89' lang='lat' dir='ltr'><strong>qua</strong></span> <span class='ocrx_word' id='word_1_299' title='bbox 805 4087 955 4157; x_wconf 82' lang='lat' dir='ltr'><strong>prius</strong></span> <span class='ocrx_word' id='word_1_300' title='bbox 972 4086 1296 4155; x_wconf 88' lang='lat' dir='ltr'><strong>Augustinus</strong></span> <span class='ocrx_word' id='word_1_301' title='bbox 1316 4084 1382 4139; x_wconf 91' lang='lat' dir='ltr'><strong>ad</strong></span> <span class='ocrx_word' id='word_1_302' title='bbox 1407 4085 1522 4156; x_wconf 85' lang='lat' dir='ltr'><strong>ejus</strong></span> <span class='ocrx_word' id='word_1_303' title='bbox 1542 4084 1864 4155; x_wconf 73' lang='lat' dir='ltr'><strong>qumstioncs</strong></span> <span class='ocrx_word' id='word_1_304' title='bbox 1885 4099 2076 4141; x_wconf 90' lang='lat' dir='ltr'><strong>novem</strong></span> 
     </span>
    </p>
   </div>
   <div class='ocr_carea' id='block_1_43' title="bbox 491 4177 2078 4252">
    <p class='ocr_par' dir='ltr' id='par_1_43' title="bbox 491 4177 2078 4252">
     <span class='ocr_line' id='line_1_43' title="bbox 491 4177 2078 4252; baseline -0.003 -15"><span class='ocrx_word' id='word_1_305' title='bbox 491 4180 860 4252; x_wconf 71' lang='lat' dir='ltr'><strong>responderat.</strong></span> <span class='ocrx_word' id='word_1_306' title='bbox 890 4179 1062 4246; x_wconf 86' lang='lat' dir='ltr'><strong>Quare</strong></span> <span class='ocrx_word' id='word_1_307' title='bbox 1078 4178 1252 4234; x_wconf 88' lang='lat' dir='ltr'><strong>denuo</strong></span> <span class='ocrx_word' id='word_1_308' title='bbox 1278 4178 1343 4232; x_wconf 92' lang='lat' dir='ltr'><strong>ad</strong></span> <span class='ocrx_word' id='word_1_309' title='bbox 1372 4177 1517 4231; x_wconf 90' lang='lat' dir='ltr'><strong>illum</strong></span> <span class='ocrx_word' id='word_1_310' title='bbox 1548 4177 1780 4234; x_wconf 88' lang='lat' dir='ltr'><strong>scribere</strong></span> <span class='ocrx_word' id='word_1_311' title='bbox 1802 4193 2078 4244; x_wconf 82' lang='lat' dir='ltr'><strong>necessum</strong></span> 
     </span>
    </p>
   </div>
   <div class='ocr_carea' id='block_1_44' title="bbox 493 4269 2076 4341">
    <p class='ocr_par' dir='ltr' id='par_1_44' title="bbox 493 4269 2076 4341">
     <span class='ocr_line' id='line_1_44' title="bbox 493 4269 2076 4341; baseline -0.003 -12"><span class='ocrx_word' id='word_1_312' title='bbox 493 4274 748 4330; x_wconf 86' lang='lat' dir='ltr'><strong>Paulinus</strong></span> <span class='ocrx_word' id='word_1_313' title='bbox 776 4273 978 4339; x_wconf 88' lang='lat' dir='ltr'><strong>habuit,</strong></span> <span class='ocrx_word' id='word_1_314' title='bbox 1009 4286 1127 4325; x_wconf 89' lang='lat' dir='ltr'><strong>cum</strong></span> <span class='ocrx_word' id='word_1_315' title='bbox 1157 4285 1296 4325; x_wconf 92' lang='lat' dir='ltr'><strong>anno</strong></span> <span class='ocrx_word' id='word_1_316' title='bbox 1316 4284 1472 4340; x_wconf 89' lang='lat' dir='ltr'><strong>supra</strong></span> <span class='ocrx_word' id='word_1_317' title='bbox 1491 4269 2076 4341; x_wconf 81' lang='lat' dir='ltr'><strong>quadringentesimum</strong></span> 
     </span>
    </p>
   </div>
   <div class='ocr_carea' id='block_1_45' title="bbox 491 4360 2078 4433">
    <p class='ocr_par' dir='ltr' id='par_1_45' title="bbox 491 4360 2078 4433">
     <span class='ocr_line' id='line_1_45' title="bbox 491 4360 2078 4433; baseline -0.005 -11"><span class='ocrx_word' id='word_1_318' title='bbox 491 4366 806 4422; x_wconf 85' lang='lat' dir='ltr'><strong>duodecimo</strong></span> <span class='ocrx_word' id='word_1_319' title='bbox 833 4364 913 4419; x_wconf 89' lang='lat' dir='ltr'><strong>vel</strong></span> <span class='ocrx_word' id='word_1_320' title='bbox 943 4362 1099 4418; x_wconf 90' lang='lat' dir='ltr'><strong>tertio</strong></span> <span class='ocrx_word' id='word_1_321' title='bbox 1125 4361 1330 4417; x_wconf 90' lang='lat' dir='ltr'><strong>decimo</strong></span> <span class='ocrx_word' id='word_1_322' title='bbox 1352 4360 1526 4428; x_wconf 86' lang='lat' dir='ltr'><strong>Quinti</strong></span> <span class='ocrx_word' id='word_1_323' title='bbox 1553 4361 1850 4433; x_wconf 83' lang='lat' dir='ltr'><strong>presbyteri</strong></span> <span class='ocrx_word' id='word_1_324' title='bbox 1878 4371 1929 4430; x_wconf 77' lang='lat' dir='ltr'><strong>et</strong></span> <span class='ocrx_word' id='word_1_325' title='bbox 1949 4360 2078 4414; x_wconf 79' lang='lat' dir='ltr'><strong>alio-</strong></span> 
     </span>
    </p>
   </div>
   <div class='ocr_carea' id='block_1_46' title="bbox 490 4453 2078 4528">
    <p class='ocr_par' dir='ltr' id='par_1_46' title="bbox 490 4453 2078 4528">
     <span class='ocr_line' id='line_1_46' title="bbox 490 4453 2078 4528; baseline -0.004 -13"><span class='ocrx_word' id='word_1_326' title='bbox 490 4473 611 4515; x_wconf 80' lang='lat' dir='ltr'><strong>rum</strong></span> <span class='ocrx_word' id='word_1_327' title='bbox 628 4459 826 4528; x_wconf 88' lang='lat' dir='ltr'><strong>aliquot</strong></span> <span class='ocrx_word' id='word_1_328' title='bbox 843 4456 1125 4511; x_wconf 77' lang='lat' dir='ltr'><strong>adventum</strong></span> <span class='ocrx_word' id='word_1_329' title='bbox 1158 4455 1231 4509; x_wconf 92' lang='lat' dir='ltr'><strong>illi</strong></span> <span class='ocrx_word' id='word_1_330' title='bbox 1256 4454 1532 4518; x_wconf 87' lang='lat' dir='ltr'><strong>nuntiavit,</strong></span> <span class='ocrx_word' id='word_1_331' title='bbox 1551 4454 1617 4508; x_wconf 91' lang='lat' dir='ltr'><strong>de</strong></span> <span class='ocrx_word' id='word_1_332' title='bbox 1639 4470 1860 4524; x_wconf 87' lang='lat' dir='ltr'><strong>quortun</strong></span> <span class='ocrx_word' id='word_1_333' title='bbox 1887 4453 2078 4508; x_wconf 87' lang='lat' dir='ltr'><strong>itinere</strong></span> 
     </span>
    </p>
   </div>
   <div class='ocr_carea' id='block_1_47' title="bbox 493 4543 2080 4616">
    <p class='ocr_par' dir='ltr' id='par_1_47' title="bbox 493 4543 2080 4616">
     <span class='ocr_line' id='line_1_47' title="bbox 493 4543 2080 4616; baseline -0.005 -11"><span class='ocrx_word' id='word_1_334' title='bbox 493 4549 624 4605; x_wconf 79' lang='lat' dir='ltr'><strong>nihil</strong></span> <span class='ocrx_word' id='word_1_335' title='bbox 648 4549 788 4604; x_wconf 85' lang='lat' dir='ltr'><strong>aliud</strong></span> <span class='ocrx_word' id='word_1_336' title='bbox 820 4548 1074 4603; x_wconf 83' lang='lat' dir='ltr'><strong>habemus</strong></span> <span class='ocrx_word' id='word_1_337' title='bbox 1095 4555 1444 4616; x_wconf 88' lang='lat' dir='ltr'><strong>compertum.</strong></span> <span class='ocrx_word' id='word_1_338' title='bbox 1469 4544 1518 4601; x_wconf 86' lang='lat' dir='ltr'><strong>ls</strong></span> <span class='ocrx_word' id='word_1_339' title='bbox 1537 4554 1714 4600; x_wconf 88' lang='lat' dir='ltr'><strong>autem</strong></span> <span class='ocrx_word' id='word_1_340' title='bbox 1745 4544 1815 4598; x_wconf 91' lang='lat' dir='ltr'><strong>ibi</strong></span> <span class='ocrx_word' id='word_1_341' title='bbox 1844 4543 2080 4610; x_wconf 86' lang='lat' dir='ltr'><strong>destina-</strong></span> 
     </span>
    </p>
   </div>
   <div class='ocr_carea' id='block_1_48' title="bbox 497 4635 2076 4710">
    <p class='ocr_par' dir='ltr' id='par_1_48' title="bbox 497 4635 2076 4710">
     <span class='ocr_line' id='line_1_48' title="bbox 497 4635 2076 4710; baseline -0.004 -15"><span class='ocrx_word' id='word_1_342' title='bbox 497 4651 608 4696; x_wconf 84' lang='lat' dir='ltr'><strong>tum</strong></span> <span class='ocrx_word' id='word_1_343' title='bbox 632 4640 728 4695; x_wconf 87' lang='lat' dir='ltr'><strong>abs</strong></span> <span class='ocrx_word' id='word_1_344' title='bbox 751 4655 808 4695; x_wconf 92' lang='lat' dir='ltr'><strong>se</strong></span> <span class='ocrx_word' id='word_1_345' title='bbox 835 4639 1098 4710; x_wconf 87' lang='lat' dir='ltr'><strong>quoddam</strong></span> <span class='ocrx_word' id='word_1_346' title='bbox 1120 4636 1520 4704; x_wconf 70' lang='lat' dir='ltr'><strong>miscricordim,</strong></span> <span class='ocrx_word' id='word_1_347' title='bbox 1549 4644 1605 4689; x_wconf 93' lang='lat' dir='ltr'><strong>ut</strong></span> <span class='ocrx_word' id='word_1_348' title='bbox 1624 4635 1873 4707; x_wconf 88' lang='lat' dir='ltr'><strong>appellat,</strong></span> <span class='ocrx_word' id='word_1_349' title='bbox 1899 4636 2076 4689; x_wconf 81' lang='lat' dir='ltr'><strong>consi-</strong></span> 
     </span>
    </p>
   </div>
   <div class='ocr_carea' id='block_1_49' title="bbox 494 4728 2078 4804">
    <p class='ocr_par' dir='ltr' id='par_1_49' title="bbox 494 4728 2078 4804">
     <span class='ocr_line' id='line_1_49' title="bbox 494 4728 2078 4804; baseline -0.004 -15"><span class='ocrx_word' id='word_1_350' title='bbox 494 4735 623 4790; x_wconf 89' lang='lat' dir='ltr'><strong>lium</strong></span> <span class='ocrx_word' id='word_1_351' title='bbox 645 4731 974 4804; x_wconf 83' lang='lat' dir='ltr'><strong>signilicabat</strong></span> <span class='ocrx_word' id='word_1_352' title='bbox 1003 4729 1296 4802; x_wconf 87' lang='lat' dir='ltr'><strong>Augustino</strong></span> <span class='ocrx_word' id='word_1_353' title='bbox 1318 4729 1521 4800; x_wconf 82' lang='lat' dir='ltr'><strong>(Epist.</strong></span> <span class='ocrx_word' id='word_1_354' title='bbox 1553 4728 1680 4792; x_wconf 79' lang='lat' dir='ltr'><strong>M9,</strong></span> <span class='ocrx_word' id='word_1_355' title='bbox 1713 4745 1766 4780; x_wconf 81' lang='grc' dir='ltr'>ιι.</span> <span class='ocrx_word' id='word_1_356' title='bbox 1799 4729 1885 4795; x_wconf 88' lang='grc'><strong>1);</strong></span> <span class='ocrx_word' id='word_1_357' title='bbox 1926 4729 2078 4797; x_wconf 89' lang='lat' dir='ltr'><strong>cujus</strong></span> 
     </span>
    </p>
   </div>
   <div class='ocr_carea' id='block_1_50' title="bbox 495 4820 2078 4902">
    <p class='ocr_par' dir='ltr' id='par_1_50' title="bbox 495 4820 2078 4902">
     <span class='ocr_line' id='line_1_50' title="bbox 495 4820 2078 4902; baseline -0.004 -20"><span class='ocrx_word' id='word_1_358' title='bbox 495 4825 924 4891; x_wconf 84' lang='lat' dir='ltr'><strong>contubernales,</strong></span> <span class='ocrx_word' id='word_1_359' title='bbox 968 4823 1147 4878; x_wconf 89' lang='lat' dir='ltr'><strong>divino</strong></span> <span class='ocrx_word' id='word_1_360' title='bbox 1193 4821 1528 4891; x_wconf 82' lang='lat' dir='ltr'><strong>mancipatus</strong></span> <span class='ocrx_word' id='word_1_361' title='bbox 1557 4820 1832 4891; x_wconf 88' lang='lat' dir='ltr'><strong>obsequio,</strong></span> <span class='ocrx_word' id='word_1_362' title='bbox 1865 4821 2078 4902; x_wconf 44' lang='lat' dir='ltr'><strong>univcr:</strong></span> 
     </span>
    </p>
   </div>
   <div class='ocr_carea' id='block_1_51' title="bbox 493 4912 2078 4996">
    <p class='ocr_par' dir='ltr' id='par_1_51' title="bbox 493 4912 2078 4996">
     <span class='ocr_line' id='line_1_51' title="bbox 493 4912 2078 4996; baseline -0.007 -19"><span class='ocrx_word' id='word_1_363' title='bbox 493 4920 594 4978; x_wconf 87' lang='lat' dir='ltr'><strong>sim</strong></span> <span class='ocrx_word' id='word_1_364' title='bbox 617 4918 851 4990; x_wconf 85' lang='lat' dir='ltr'><strong>quidem,</strong></span> <span class='ocrx_word' id='word_1_365' title='bbox 897 4914 1240 4986; x_wconf 84' lang='lat' dir='ltr'><strong>Peregrinum</strong></span> <span class='ocrx_word' id='word_1_366' title='bbox 1279 4928 1406 4968; x_wconf 89' lang='lat' dir='ltr'><strong>vero</strong></span> <span class='ocrx_word' id='word_1_367' title='bbox 1436 4913 1717 4968; x_wconf 87' lang='lat' dir='ltr'><strong>diaconum</strong></span> <span class='ocrx_word' id='word_1_368' title='bbox 1745 4912 2078 4996; x_wconf 75' lang='lat' dir='ltr'><strong>nominatim,</strong></span> 
     </span>
    </p>
   </div>
   <div class='ocr_carea' id='block_1_52' title="bbox 492 4999 2077 5079">
    <p class='ocr_par' dir='ltr' id='par_1_52' title="bbox 492 4999 2077 5079">
     <span class='ocr_line' id='line_1_52' title="bbox 492 4999 2077 5079; baseline -0.007 -13"><span class='ocrx_word' id='word_1_369' title='bbox 492 5011 569 5067; x_wconf 88' lang='lat' dir='ltr'><strong>uti</strong></span> <span class='ocrx_word' id='word_1_370' title='bbox 592 5008 926 5079; x_wconf 88' lang='lat' dir='ltr'><strong>conjicimus,</strong></span> <span class='ocrx_word' id='word_1_371' title='bbox 954 5005 1207 5060; x_wconf 85' lang='lat' dir='ltr'><strong>salutabat</strong></span> <span class='ocrx_word' id='word_1_372' title='bbox 1243 5003 1428 5075; x_wconf 86' lang='lat' dir='ltr'><strong>(Ibid.,</strong></span> <span class='ocrx_word' id='word_1_373' title='bbox 1452 5020 1504 5056; x_wconf 82' lang='grc' dir='ltr'><strong>η.</strong></span> <span class='ocrx_word' id='word_1_374' title='bbox 1535 4999 1646 5074; x_wconf 70' lang='grc'><strong>54).</strong></span> <span class='ocrx_word' id='word_1_375' title='bbox 1689 5003 1978 5057; x_wconf 69' lang='lat' dir='ltr'><strong>Postrema:</strong></span> <span class='ocrx_word' id='word_1_376' title='bbox 2004 5001 2077 5072; x_wconf 78' lang='lat' dir='ltr'><strong>illi</strong></span> 
     </span>
    </p>
   </div>
   <div class='ocr_carea' id='block_1_53' title="bbox 494 5081 2078 5181">
    <p class='ocr_par' dir='ltr' id='par_1_53' title="bbox 494 5081 2078 5181">
     <span class='ocr_line' id='line_1_53' title="bbox 494 5081 2078 5181; baseline -0.004 -25"><span class='ocrx_word' id='word_1_377' title='bbox 494 5101 731 5172; x_wconf 74' lang='lat' dir='ltr'><strong>cpistola:</strong></span> <span class='ocrx_word' id='word_1_378' title='bbox 755 5096 1310 5176; x_wconf 69' lang='lat' dir='ltr'><strong>PauliuiAugustinus</strong></span> <span class='ocrx_word' id='word_1_379' title='bbox 1336 5081 1502 5181; x_wconf 74' lang='lat' dir='ltr'><strong>prima</strong></span> <span class='ocrx_word' id='word_1_380' title='bbox 1530 5093 1649 5148; x_wconf 88' lang='lat' dir='ltr'><strong>data</strong></span> <span class='ocrx_word' id='word_1_381' title='bbox 1667 5082 1951 5174; x_wconf 82' lang='lat' dir='ltr'><strong>occasione</strong></span> <span class='ocrx_word' id='word_1_382' title='bbox 1972 5091 2078 5150; x_wconf 54' lang='lat' dir='ltr'><strong>Rué</strong></span> 
     </span>
    </p>
   </div>
   <div class='ocr_carea' id='block_1_54' title="bbox 497 5187 2074 5266">
    <p class='ocr_par' dir='ltr' id='par_1_54' title="bbox 497 5187 2074 5266">
     <span class='ocr_line' id='line_1_54' title="bbox 497 5187 2074 5266; baseline -0.004 -19"><span class='ocrx_word' id='word_1_383' title='bbox 497 5195 588 5248; x_wconf 90' lang='lat' dir='ltr'><strong>lini</strong></span> <span class='ocrx_word' id='word_1_384' title='bbox 614 5192 945 5265; x_wconf 31' lang='lat' dir='ltr'><strong>diacouipqui.</strong></span> <span class='ocrx_word' id='word_1_385' title='bbox 968 5207 1030 5246; x_wconf 85' lang='lat' dir='ltr'><strong>ex</strong></span> <span class='ocrx_word' id='word_1_386' title='bbox 1060 5187 1381 5266; x_wconf 78' lang='lat' dir='ltr'><strong>llippopensi</strong></span> <span class='ocrx_word' id='word_1_387' title='bbox 1403 5187 1556 5258; x_wconf 82' lang='lat' dir='ltr'><strong>portu</strong></span> <span class='ocrx_word' id='word_1_388' title='bbox 1583 5187 1849 5264; x_wconf 79' lang='lat' dir='ltr'><strong>Solvebat,</strong></span> <span class='ocrx_word' id='word_1_389' title='bbox 1871 5202 2074 5241; x_wconf 76' lang='lat' dir='ltr'><strong>memo-</strong></span> 
     </span>
    </p>
   </div>
   <div class='ocr_carea' id='block_1_55' title="bbox 496 5265 2075 5356">
    <p class='ocr_par' dir='ltr' id='par_1_55' title="bbox 496 5265 2075 5356">
     <span class='ocr_line' id='line_1_55' title="bbox 496 5265 2075 5356; baseline -0.003 -17"><span class='ocrx_word' id='word_1_390' title='bbox 496 5296 667 5340; x_wconf 90' lang='lat' dir='ltr'><strong>ratam</strong></span> <span class='ocrx_word' id='word_1_391' title='bbox 687 5271 961 5353; x_wconf 79' lang='lat' dir='ltr'><strong>epistolam</strong></span> <span class='ocrx_word' id='word_1_392' title='bbox 1005 5265 1219 5342; x_wconf 87' lang='lat' dir='ltr'><strong>circitcr</strong></span> <span class='ocrx_word' id='word_1_393' title='bbox 1236 5265 1240 5266; x_wconf 15' lang='grc' dir='ltr'>ί</span> <span class='ocrx_word' id='word_1_394' title='bbox 1255 5265 1454 5336; x_wconf 83' lang='lat' dir='ltr'><strong>annum</strong></span> <span class='ocrx_word' id='word_1_395' title='bbox 1498 5273 2075 5356; x_wconf 85' lang='lat' dir='ltr'><strong>quadringentesimum</strong></span> 
     </span>
    </p>
   </div>
   <div class='ocr_carea' id='block_1_56' title="bbox 495 5357 2076 5446">
    <p class='ocr_par' dir='ltr' id='par_1_56' title="bbox 495 5357 2076 5446">
     <span class='ocr_line' id='line_1_56' title="bbox 495 5357 2076 5446; baseline -0.003 -16"><span class='ocrx_word' id='word_1_396' title='bbox 495 5357 742 5446; x_wconf 86' lang='lat' dir='ltr'><strong>quartum</strong></span> <span class='ocrx_word' id='word_1_397' title='bbox 769 5374 1028 5430; x_wconf 87' lang='lat' dir='ltr'><strong>decimum</strong></span> <span class='ocrx_word' id='word_1_398' title='bbox 1059 5357 1348 5443; x_wconf 76' lang='lat' dir='ltr'><strong>rescripsit.</strong></span> <span class='ocrx_word' id='word_1_399' title='bbox 1382 5370 1453 5426; x_wconf 94' lang='lat' dir='ltr'><strong>lbi</strong></span> <span class='ocrx_word' id='word_1_400' title='bbox 1485 5361 1864 5441; x_wconf 71' lang='lat' dir='ltr'><strong>qumslionibus</strong></span> <span class='ocrx_word' id='word_1_401' title='bbox 1884 5384 1916 5426; x_wconf 86' lang='lat' dir='ltr'><strong>a</strong></span> <span class='ocrx_word' id='word_1_402' title='bbox 1937 5371 2076 5426; x_wconf 74' lang='grc' dir='ltr'><strong>Ρειιι⁴</strong></span> 
     </span>
    </p>
   </div>
   <div class='ocr_carea' id='block_1_57' title="bbox 429 5452 2078 5543">
    <p class='ocr_par' dir='ltr' id='par_1_57' title="bbox 429 5452 2078 5543">
     <span class='ocr_line' id='line_1_57' title="bbox 429 5452 2078 5543; baseline -0.002 -21"><span class='ocrx_word' id='word_1_403' title='bbox 429 5452 431 5454; x_wconf 49' lang='grc'><em>’</em></span> <span class='ocrx_word' id='word_1_404' title='bbox 493 5469 606 5523; x_wconf 89' lang='lat' dir='ltr'><strong>lino</strong></span> <span class='ocrx_word' id='word_1_405' title='bbox 623 5467 905 5538; x_wconf 87' lang='lat' dir='ltr'><strong>propositis</strong></span> <span class='ocrx_word' id='word_1_406' title='bbox 933 5466 1354 5531; x_wconf 62' lang='lat' dir='ltr'><strong>satisfaciueam</strong></span> <span class='ocrx_word' id='word_1_407' title='bbox 1384 5474 1559 5520; x_wconf 91' lang='lat' dir='ltr'><strong>tamen</strong></span> <span class='ocrx_word' id='word_1_408' title='bbox 1586 5481 1703 5534; x_wconf 77' lang='lat' dir='ltr'><strong>qua:</strong></span> <span class='ocrx_word' id='word_1_409' title='bbox 1725 5461 1790 5543; x_wconf 79' lang='lat' dir='ltr'><strong>ad</strong></span> <span class='ocrx_word' id='word_1_410' title='bbox 1813 5466 2078 5521; x_wconf 85' lang='lat' dir='ltr'><strong>Simeonis</strong></span> 
     </span>
    </p>
   </div>
   <div class='ocr_carea' id='block_1_58' title="bbox 491 5555 2079 5630">
    <p class='ocr_par' dir='ltr' id='par_1_58' title="bbox 491 5555 2079 5630">
     <span class='ocr_line' id='line_1_58' title="bbox 491 5555 2079 5630; baseline -0.003 -15"><span class='ocrx_word' id='word_1_411' title='bbox 491 5561 653 5616; x_wconf 81' lang='lat' dir='ltr'><strong>verba</strong></span> <span class='ocrx_word' id='word_1_412' title='bbox 685 5559 1002 5630; x_wconf 87' lang='lat' dir='ltr'><strong>pertinebat,</strong></span> <span class='ocrx_word' id='word_1_413' title='bbox 1041 5556 1256 5628; x_wconf 68' lang='lat' dir='ltr'><strong>nonnisi</strong></span> <span class='ocrx_word' id='word_1_414' title='bbox 1305 5555 1498 5611; x_wconf 71' lang='lat' dir='ltr'><strong>lcvit’er</strong></span> <span class='ocrx_word' id='word_1_415' title='bbox 1526 5557 1812 5627; x_wconf 87' lang='lat' dir='ltr'><strong>attingens,</strong></span> <span class='ocrx_word' id='word_1_416' title='bbox 1843 5571 1907 5611; x_wconf 91' lang='lat' dir='ltr'><strong>co</strong></span> <span class='ocrx_word' id='word_1_417' title='bbox 1937 5556 2079 5611; x_wconf 83' lang='lat' dir='ltr'><strong>scili-</strong></span> 
     </span>
    </p>
   </div>
   <div class='ocr_carea' id='block_1_59' title="bbox 492 5648 2077 5724">
    <p class='ocr_par' dir='ltr' id='par_1_59' title="bbox 492 5648 2077 5724">
     <span class='ocr_line' id='line_1_59' title="bbox 492 5648 2077 5724; baseline -0.002 -16"><span class='ocrx_word' id='word_1_418' title='bbox 492 5661 606 5720; x_wconf 78' lang='lat' dir='ltr'><strong>cet,</strong></span> <span class='ocrx_word' id='word_1_419' title='bbox 629 5653 750 5724; x_wconf 82' lang='lat' dir='ltr'><strong>quia</strong></span> <span class='ocrx_word' id='word_1_420' title='bbox 773 5651 898 5706; x_wconf 91' lang='lat' dir='ltr'><strong>illud</strong></span> <span class='ocrx_word' id='word_1_421' title='bbox 917 5650 1212 5721; x_wconf 87' lang='lat' dir='ltr'><strong>argumenti</strong></span> <span class='ocrx_word' id='word_1_422' title='bbox 1240 5650 1290 5702; x_wconf 91' lang='lat' dir='ltr'><strong>in</strong></span> <span class='ocrx_word' id='word_1_423' title='bbox 1309 5648 1474 5703; x_wconf 88' lang='lat' dir='ltr'><strong>altera</strong></span> <span class='ocrx_word' id='word_1_424' title='bbox 1491 5649 1711 5718; x_wconf 89' lang='lat' dir='ltr'><strong>epistola</strong></span> <span class='ocrx_word' id='word_1_425' title='bbox 1749 5650 1812 5703; x_wconf 89' lang='lat' dir='ltr'><strong>ad</strong></span> <span class='ocrx_word' id='word_1_426' title='bbox 1836 5651 2077 5705; x_wconf 76' lang='lat' dir='ltr'><strong>eumdem</strong></span> 
     </span>
    </p>
   </div>
   <div class='ocr_carea' id='block_1_60' title="bbox 494 5740 2077 5816">
    <p class='ocr_par' dir='ltr' id='par_1_60' title="bbox 494 5740 2077 5816">
     <span class='ocr_line' id='line_1_60' title="bbox 494 5740 2077 5816; baseline -0.004 -14"><span class='ocrx_word' id='word_1_427' title='bbox 494 5746 712 5816; x_wconf 76' lang='lat' dir='ltr'><strong>scripta,</strong></span> <span class='ocrx_word' id='word_1_428' title='bbox 745 5744 894 5814; x_wconf 90' lang='lat' dir='ltr'><strong>cujus</strong></span> <span class='ocrx_word' id='word_1_429' title='bbox 920 5741 1220 5812; x_wconf 78' lang='lat' dir='ltr'><strong>exemplum</strong></span> <span class='ocrx_word' id='word_1_430' title='bbox 1246 5740 1381 5794; x_wconf 76' lang='lat' dir='ltr'><strong>sicut</strong></span> <span class='ocrx_word' id='word_1_431' title='bbox 1411 5748 1464 5793; x_wconf 88' lang='lat' dir='ltr'><strong>et</strong></span> <span class='ocrx_word' id='word_1_432' title='bbox 1490 5741 1707 5794; x_wconf 87' lang='lat' dir='ltr'><strong>alterius</strong></span> <span class='ocrx_word' id='word_1_433' title='bbox 1732 5757 1850 5810; x_wconf 64' lang='lat' dir='ltr'><strong>qua:</strong></span> <span class='ocrx_word' id='word_1_434' title='bbox 1874 5742 2077 5812; x_wconf 82' lang='lat' dir='ltr'><strong>incipit,</strong></span> 
     </span>
    </p>
   </div>
   <div class='ocr_carea' id='block_1_61' title="bbox 1627 312 2643 371">
    <p class='ocr_par' dir='ltr' id='par_1_61' title="bbox 1627 312 2643 371">
     <span class='ocr_line' id='line_1_61' title="bbox 1627 312 2643 371; baseline -0.002 -1"><span class='ocrx_word' id='word_1_435' title='bbox 1627 315 1782 371; x_wconf 68' lang='grc' dir='ltr'><strong>Πτᾶ</strong></span> <span class='ocrx_word' id='word_1_436' title='bbox 1822 315 1878 369; x_wconf 90' lang='lat' dir='ltr'><strong>S.</strong></span> <span class='ocrx_word' id='word_1_437' title='bbox 1924 312 2284 368; x_wconf 73' lang='lat' dir='ltr'><strong>AUCUSTINI</strong></span> <span class='ocrx_word' id='word_1_438' title='bbox 2328 313 2643 370; x_wconf 77' lang='lat' dir='ltr'><strong>EPISCOPI‘.</strong></span> 
     </span>
    </p>
   </div>
   <div class='ocr_carea' id='block_1_62' title="bbox 3674 323 3768 382">
    <p class='ocr_par' dir='ltr' id='par_1_62' title="bbox 3674 323 3768 382">
     <span class='ocr_line' id='line_1_62' title="bbox 3674 323 3768 382; baseline 0.021 -2"><span class='ocrx_word' id='word_1_439' title='bbox 3674 323 3768 382; x_wconf 65' lang='grc'><strong>86(</strong></span> 
     </span>
    </p>
   </div>
   <div class='ocr_carea' id='block_1_63' title="bbox 2181 430 3774 514">
    <p class='ocr_par' dir='ltr' id='par_1_63' title="bbox 2181 430 3774 514">
     <span class='ocr_line' id='line_1_63' title="bbox 2181 430 3774 514; baseline 0.009 -29"><span class='ocrx_word' id='word_1_440' title='bbox 2181 430 2306 485; x_wconf 81' lang='lat' dir='ltr'><strong>Cum</strong></span> <span class='ocrx_word' id='word_1_441' title='bbox 2335 447 2420 486; x_wconf 73' lang='lat' dir='ltr'><strong>vos</strong></span> <span class='ocrx_word' id='word_1_442' title='bbox 2467 432 2648 502; x_wconf 79' lang='lat' dir='ltr'><strong>fratres</strong></span> <span class='ocrx_word' id='word_1_443' title='bbox 2691 436 2846 489; x_wconf 80' lang='lat' dir='ltr'><strong>nostri</strong></span> <span class='ocrx_word' id='word_1_444' title='bbox 2892 435 3078 509; x_wconf 79' lang='lat' dir='ltr'><strong>(Epist.</strong></span> <span class='ocrx_word' id='word_1_445' title='bbox 3113 437 3229 511; x_wconf 78' lang='grc'><strong>95),</strong></span> <span class='ocrx_word' id='word_1_446' title='bbox 3267 439 3339 495; x_wconf 86' lang='lat' dir='ltr'><strong>illi</strong></span> <span class='ocrx_word' id='word_1_447' title='bbox 3369 442 3774 514; x_wconf 85' lang='lat' dir='ltr'><strong>transmittebat,</strong></span> 
     </span>
    </p>
   </div>
   <div class='ocr_carea' id='block_1_64' title="bbox 2174 523 3778 602">
    <p class='ocr_par' dir='ltr' id='par_1_64' title="bbox 2174 523 3778 602">
     <span class='ocr_line' id='line_1_64' title="bbox 2174 523 3778 602; baseline 0.011 -29"><span class='ocrx_word' id='word_1_448' title='bbox 2174 523 2285 590; x_wconf 92' lang='lat' dir='ltr'><strong>jam</strong></span> <span class='ocrx_word' id='word_1_449' title='bbox 2303 531 2423 577; x_wconf 88' lang='lat' dir='ltr'><strong>ante</strong></span> <span class='ocrx_word' id='word_1_450' title='bbox 2439 531 2754 579; x_wconf 85' lang='lat' dir='ltr'><strong>tractaverat</strong></span> <span class='ocrx_word' id='word_1_451' title='bbox 2773 525 2962 598; x_wconf 85' lang='lat' dir='ltr'><strong>(Epist.</strong></span> <span class='ocrx_word' id='word_1_452' title='bbox 2981 528 3104 597; x_wconf 78' lang='lat' dir='ltr'><strong>M9,</strong></span> <span class='ocrx_word' id='word_1_453' title='bbox 3127 548 3178 584; x_wconf 86' lang='grc' dir='ltr'><strong>η.</strong></span> <span class='ocrx_word' id='word_1_454' title='bbox 3204 531 3314 601; x_wconf 79' lang='grc'><strong>55).</strong></span> <span class='ocrx_word' id='word_1_455' title='bbox 3336 533 3411 586; x_wconf 89' lang='lat' dir='ltr'><strong>De</strong></span> <span class='ocrx_word' id='word_1_456' title='bbox 3433 534 3778 602; x_wconf 53' lang='lat' dir='ltr'><strong>praedestina-</strong></span> 
     </span>
    </p>
   </div>
   <div class='ocr_carea' id='block_1_65' title="bbox 2183 607 3779 685">
    <p class='ocr_par' dir='ltr' id='par_1_65' title="bbox 2183 607 3779 685">
     <span class='ocr_line' id='line_1_65' title="bbox 2183 607 3779 685; baseline 0.011 -26"><span class='ocrx_word' id='word_1_457' title='bbox 2183 607 2324 660; x_wconf 89' lang='lat' dir='ltr'><strong>tionc</strong></span> <span class='ocrx_word' id='word_1_458' title='bbox 2353 607 2546 662; x_wconf 88' lang='lat' dir='ltr'><strong>ibidem</strong></span> <span class='ocrx_word' id='word_1_459' title='bbox 2569 650 2582 674; x_wconf 94' lang='lat'><strong>,</strong></span> <span class='ocrx_word' id='word_1_460' title='bbox 2607 624 2906 680; x_wconf 88' lang='lat' dir='ltr'><strong>quanquam</strong></span> <span class='ocrx_word' id='word_1_461' title='bbox 2929 628 3037 667; x_wconf 90' lang='lat' dir='ltr'><strong>non</strong></span> <span class='ocrx_word' id='word_1_462' title='bbox 3065 630 3130 669; x_wconf 81' lang='lat' dir='ltr'><strong>ex</strong></span> <span class='ocrx_word' id='word_1_463' title='bbox 3156 617 3410 685; x_wconf 84' lang='lat' dir='ltr'><strong>professo,</strong></span> <span class='ocrx_word' id='word_1_464' title='bbox 3433 625 3610 674; x_wconf 90' lang='lat' dir='ltr'><strong>tamen</strong></span> <span class='ocrx_word' id='word_1_465' title='bbox 3634 621 3779 678; x_wconf 87' lang='lat' dir='ltr'><strong>clare</strong></span> 
     </span>
    </p>
   </div>
   <div class='ocr_carea' id='block_1_66' title="bbox 2179 696 3362 778">
    <p class='ocr_par' dir='ltr' id='par_1_66' title="bbox 2179 696 3362 778">
     <span class='ocr_line' id='line_1_66' title="bbox 2179 696 3362 778; baseline 0.01 -28"><span class='ocrx_word' id='word_1_466' title='bbox 2179 696 2463 752; x_wconf 89' lang='lat' dir='ltr'><strong>admodum</strong></span> <span class='ocrx_word' id='word_1_467' title='bbox 2493 710 2545 754; x_wconf 89' lang='lat' dir='ltr'><strong>et</strong></span> <span class='ocrx_word' id='word_1_468' title='bbox 2575 701 2744 756; x_wconf 86' lang='lat' dir='ltr'><strong>valide</strong></span> <span class='ocrx_word' id='word_1_469' title='bbox 2767 702 3001 774; x_wconf 89' lang='lat' dir='ltr'><strong>disputat</strong></span> <span class='ocrx_word' id='word_1_470' title='bbox 3025 706 3211 778; x_wconf 83' lang='lat' dir='ltr'><strong>(Epist.</strong></span> <span class='ocrx_word' id='word_1_471' title='bbox 3243 708 3362 778; x_wconf 85' lang='lat'><strong>95).</strong></span> 
     </span>
    </p>
   </div>
   <div class='ocr_carea' id='block_1_67' title="bbox 2253 790 3780 876">
    <p class='ocr_par' dir='ltr' id='par_1_67' title="bbox 2253 790 3780 876">
     <span class='ocr_line' id='line_1_67' title="bbox 2253 790 3780 876; baseline 0.01 -32"><span class='ocrx_word' id='word_1_472' title='bbox 2253 790 2302 844; x_wconf 72' lang='grc'><strong>4.</strong></span> <span class='ocrx_word' id='word_1_473' title='bbox 2334 791 2477 860; x_wconf 81' lang='lat' dir='ltr'><strong>Opus</strong></span> <span class='ocrx_word' id='word_1_474' title='bbox 2495 791 2559 846; x_wconf 84' lang='lat' dir='ltr'><strong>de</strong></span> <span class='ocrx_word' id='word_1_475' title='bbox 2579 793 2805 848; x_wconf 85' lang='lat' dir='ltr'><strong>Civitate</strong></span> <span class='ocrx_word' id='word_1_476' title='bbox 2832 795 2925 851; x_wconf 84' lang='lat' dir='ltr'><strong>Dei</strong></span> <span class='ocrx_word' id='word_1_477' title='bbox 2952 807 3136 853; x_wconf 87' lang='lat' dir='ltr'><strong>contra</strong></span> <span class='ocrx_word' id='word_1_478' title='bbox 3166 799 3426 867; x_wconf 84' lang='lat' dir='ltr'><strong>Gentiles,</strong></span> <span class='ocrx_word' id='word_1_479' title='bbox 3447 807 3536 873; x_wconf 81' lang='lat' dir='ltr'><strong>qui</strong></span> <span class='ocrx_word' id='word_1_480' title='bbox 3561 804 3780 876; x_wconf 84' lang='lat' dir='ltr'><strong>religio-</strong></span> 
     </span>
    </p>
   </div>
   <div class='ocr_carea' id='block_1_68' title="bbox 2181 883 3778 968">
    <p class='ocr_par' dir='ltr' id='par_1_68' title="bbox 2181 883 3778 968">
     <span class='ocr_line' id='line_1_68' title="bbox 2181 883 3778 968; baseline 0.01 -32"><span class='ocrx_word' id='word_1_481' title='bbox 2181 898 2303 937; x_wconf 88' lang='lat' dir='ltr'><strong>nem</strong></span> <span class='ocrx_word' id='word_1_482' title='bbox 2330 883 2681 938; x_wconf 81' lang='lat' dir='ltr'><strong>Christianam</strong></span> <span class='ocrx_word' id='word_1_483' title='bbox 2707 887 3004 943; x_wconf 85' lang='lat' dir='ltr'><strong>maledictis</strong></span> <span class='ocrx_word' id='word_1_484' title='bbox 3035 899 3089 945; x_wconf 89' lang='lat' dir='ltr'><strong>et</strong></span> <span class='ocrx_word' id='word_1_485' title='bbox 3113 892 3390 947; x_wconf 84' lang='lat' dir='ltr'><strong>calumniis</strong></span> <span class='ocrx_word' id='word_1_486' title='bbox 3419 896 3486 950; x_wconf 90' lang='lat' dir='ltr'><strong>ob</strong></span> <span class='ocrx_word' id='word_1_487' title='bbox 3503 903 3778 968; x_wconf 80' lang='lat' dir='ltr'><strong>expugna-</strong></span> 
     </span>
    </p>
   </div>
   <div class='ocr_carea' id='block_1_69' title="bbox 2180 973 3779 1052">
    <p class='ocr_par' dir='ltr' id='par_1_69' title="bbox 2180 973 3779 1052">
     <span class='ocr_line' id='line_1_69' title="bbox 2180 973 3779 1052; baseline 0.01 -26"><span class='ocrx_word' id='word_1_488' title='bbox 2180 980 2286 1026; x_wconf 87' lang='lat' dir='ltr'><strong>tam</strong></span> <span class='ocrx_word' id='word_1_489' title='bbox 2336 973 2527 1028; x_wconf 87' lang='lat' dir='ltr'><strong>Urbem</strong></span> <span class='ocrx_word' id='word_1_490' title='bbox 2570 976 3004 1046; x_wconf 78' lang='lat' dir='ltr'><strong>prosc’indebant,</strong></span> <span class='ocrx_word' id='word_1_491' title='bbox 3047 995 3151 1035; x_wconf 88' lang='lat' dir='ltr'><strong>non</strong></span> <span class='ocrx_word' id='word_1_492' title='bbox 3188 997 3475 1052; x_wconf 86' lang='lat' dir='ltr'><strong>paucorum</strong></span> <span class='ocrx_word' id='word_1_493' title='bbox 3513 1001 3779 1043; x_wconf 88' lang='lat' dir='ltr'><strong>annorum</strong></span> 
     </span>
    </p>
   </div>
   <div class='ocr_carea' id='block_1_70' title="bbox 2179 1063 3777 1146">
    <p class='ocr_par' dir='ltr' id='par_1_70' title="bbox 2179 1063 3777 1146">
     <span class='ocr_line' id='line_1_70' title="bbox 2179 1063 3777 1146; baseline 0.012 -33"><span class='ocrx_word' id='word_1_494' title='bbox 2179 1063 2350 1130; x_wconf 90' lang='lat' dir='ltr'><strong>spatio</strong></span> <span class='ocrx_word' id='word_1_495' title='bbox 2372 1064 2765 1132; x_wconf 82' lang='lat' dir='ltr'><strong>elucubralttm,</strong></span> <span class='ocrx_word' id='word_1_496' title='bbox 2797 1066 2898 1122; x_wconf 89' lang='lat' dir='ltr'><strong>hoc</strong></span> <span class='ocrx_word' id='word_1_497' title='bbox 2923 1069 3148 1138; x_wconf 89' lang='lat' dir='ltr'><strong>primum</strong></span> <span class='ocrx_word' id='word_1_498' title='bbox 3165 1087 3306 1127; x_wconf 87' lang='lat' dir='ltr'><strong>anno</strong></span> <span class='ocrx_word' id='word_1_499' title='bbox 3332 1085 3638 1146; x_wconf 90' lang='lat' dir='ltr'><strong>susceptum</strong></span> <span class='ocrx_word' id='word_1_500' title='bbox 3667 1089 3777 1132; x_wconf 90' lang='lat' dir='ltr'><strong>est.</strong></span> 
     </span>
    </p>
   </div>
   <div class='ocr_carea' id='block_1_71' title="bbox 2179 1154 3775 1239">
    <p class='ocr_par' dir='ltr' id='par_1_71' title="bbox 2179 1154 3775 1239">
     <span class='ocr_line' id='line_1_71' title="bbox 2179 1154 3775 1239; baseline 0.011 -31"><span class='ocrx_word' id='word_1_501' title='bbox 2179 1154 2236 1209; x_wconf 91' lang='lat' dir='ltr'><strong>ld</strong></span> <span class='ocrx_word' id='word_1_502' title='bbox 2253 1156 2394 1210; x_wconf 90' lang='lat' dir='ltr'><strong>enim</strong></span> <span class='ocrx_word' id='word_1_503' title='bbox 2427 1158 2641 1227; x_wconf 90' lang='lat' dir='ltr'><strong>scripsit</strong></span> <span class='ocrx_word' id='word_1_504' title='bbox 2659 1158 2986 1230; x_wconf 87' lang='lat' dir='ltr'><strong>Augustinus</strong></span> <span class='ocrx_word' id='word_1_505' title='bbox 3004 1163 3068 1217; x_wconf 90' lang='lat' dir='ltr'><strong>ad</strong></span> <span class='ocrx_word' id='word_1_506' title='bbox 3086 1164 3449 1220; x_wconf 84' lang='lat' dir='ltr'><strong>Marcellinum</strong></span> <span class='ocrx_word' id='word_1_507' title='bbox 3479 1169 3775 1239; x_wconf 88' lang='lat' dir='ltr'><strong>tribunum,</strong></span> 
     </span>
    </p>
   </div>
   <div class='ocr_carea' id='block_1_72' title="bbox 2178 1246 3780 1323">
    <p class='ocr_par' dir='ltr' id='par_1_72' title="bbox 2178 1246 3780 1323">
     <span class='ocr_line' id='line_1_72' title="bbox 2178 1246 3780 1323; baseline 0.011 -25"><span class='ocrx_word' id='word_1_508' title='bbox 2178 1246 2264 1315; x_wconf 89' lang='lat' dir='ltr'><strong>qui</strong></span> <span class='ocrx_word' id='word_1_509' title='bbox 2293 1261 2432 1301; x_wconf 90' lang='lat' dir='ltr'><strong>anno</strong></span> <span class='ocrx_word' id='word_1_510' title='bbox 2462 1249 2578 1318; x_wconf 85' lang='lat' dir='ltr'><strong>ipso</strong></span> <span class='ocrx_word' id='word_1_511' title='bbox 2604 1250 3128 1322; x_wconf 84' lang='lat' dir='ltr'><strong>quadringentesimo</strong></span> <span class='ocrx_word' id='word_1_512' title='bbox 3154 1255 3362 1311; x_wconf 83' lang='lat' dir='ltr'><strong>decimo</strong></span> <span class='ocrx_word' id='word_1_513' title='bbox 3387 1259 3567 1323; x_wconf 90' lang='lat' dir='ltr'><strong>tertio,</strong></span> <span class='ocrx_word' id='word_1_514' title='bbox 3593 1260 3780 1315; x_wconf 77' lang='lat' dir='ltr'><strong>idibus</strong></span> 
     </span>
    </p>
   </div>
   <div class='ocr_carea' id='block_1_73' title="bbox 2177 1338 3856 1406">
    <p class='ocr_par' dir='ltr' id='par_1_73' title="bbox 2177 1338 3856 1406">
     <span class='ocr_line' id='line_1_73' title="bbox 2177 1338 3856 1406; baseline 0.011 -18"><span class='ocrx_word' id='word_1_515' title='bbox 2177 1338 2496 1405; x_wconf 88' lang='lat' dir='ltr'><strong>septembris</strong></span> <span class='ocrx_word' id='word_1_516' title='bbox 2524 1354 2696 1395; x_wconf 73' lang='lat' dir='ltr'><strong>caesus</strong></span> <span class='ocrx_word' id='word_1_517' title='bbox 2737 1341 2918 1396; x_wconf 83' lang='lat' dir='ltr'><strong>vivere</strong></span> <span class='ocrx_word' id='word_1_518' title='bbox 2959 1343 3117 1399; x_wconf 81' lang='lat' dir='ltr'><strong>desiit</strong></span> <span class='ocrx_word' id='word_1_519' title='bbox 3145 1363 3161 1399; x_wconf 91' lang='lat'><strong>:</strong></span> <span class='ocrx_word' id='word_1_520' title='bbox 3189 1357 3287 1401; x_wconf 84' lang='lat' dir='ltr'><strong>nec</strong></span> <span class='ocrx_word' id='word_1_521' title='bbox 3322 1355 3498 1403; x_wconf 87' lang='lat' dir='ltr'><strong>tamen</strong></span> <span class='ocrx_word' id='word_1_522' title='bbox 3527 1349 3616 1404; x_wconf 92' lang='lat' dir='ltr'><strong>diu</strong></span> <span class='ocrx_word' id='word_1_523' title='bbox 3644 1359 3779 1406; x_wconf 83' lang='lat' dir='ltr'><strong>ante</strong></span> <span class='ocrx_word' id='word_1_524' title='bbox 3849 1391 3856 1396; x_wconf 92' lang='grc'><strong><em>-</em></strong></span> 
     </span>
    </p>
   </div>
   <div class='ocr_carea' id='block_1_74' title="bbox 2179 1426 3780 1510">
    <p class='ocr_par' dir='ltr' id='par_1_74' title="bbox 2179 1426 3780 1510">
     <span class='ocr_line' id='line_1_74' title="bbox 2179 1426 3780 1510; baseline 0.011 -32"><span class='ocrx_word' id='word_1_525' title='bbox 2179 1426 2316 1480; x_wconf 90' lang='lat' dir='ltr'><strong>illius</strong></span> <span class='ocrx_word' id='word_1_526' title='bbox 2357 1428 2556 1482; x_wconf 61' lang='lat' dir='ltr'><strong>catdem</strong></span> <span class='ocrx_word' id='word_1_527' title='bbox 2602 1445 2818 1485; x_wconf 87' lang='lat' dir='ltr'><strong>manum</strong></span> <span class='ocrx_word' id='word_1_528' title='bbox 2871 1432 2992 1487; x_wconf 90' lang='lat' dir='ltr'><strong>huic</strong></span> <span class='ocrx_word' id='word_1_529' title='bbox 3035 1435 3272 1490; x_wconf 84' lang='lat' dir='ltr'><strong>admovit</strong></span> <span class='ocrx_word' id='word_1_530' title='bbox 3312 1438 3492 1508; x_wconf 90' lang='lat' dir='ltr'><strong>operi;</strong></span> <span class='ocrx_word' id='word_1_531' title='bbox 3531 1440 3780 1510; x_wconf 86' lang='lat' dir='ltr'><strong>quando-</strong></span> 
     </span>
    </p>
   </div>
   <div class='ocr_carea' id='block_1_75' title="bbox 2176 1518 3779 1602">
    <p class='ocr_par' dir='ltr' id='par_1_75' title="bbox 2176 1518 3779 1602">
     <span class='ocr_line' id='line_1_75' title="bbox 2176 1518 3779 1602; baseline 0.011 -30"><span class='ocrx_word' id='word_1_532' title='bbox 2176 1518 2390 1587; x_wconf 88' lang='lat' dir='ltr'><strong>quidem</strong></span> <span class='ocrx_word' id='word_1_533' title='bbox 2424 1520 2589 1576; x_wconf 91' lang='lat' dir='ltr'><strong>libros</strong></span> <span class='ocrx_word' id='word_1_534' title='bbox 2611 1522 2725 1592; x_wconf 89' lang='lat' dir='ltr'><strong>ejus</strong></span> <span class='ocrx_word' id='word_1_535' title='bbox 2753 1523 2919 1591; x_wconf 84' lang='lat' dir='ltr'><strong>duos,</strong></span> <span class='ocrx_word' id='word_1_536' title='bbox 2949 1541 3068 1580; x_wconf 94' lang='lat' dir='ltr'><strong>cum</strong></span> <span class='ocrx_word' id='word_1_537' title='bbox 3095 1527 3183 1583; x_wconf 88' lang='lat' dir='ltr'><strong>illa</strong></span> <span class='ocrx_word' id='word_1_538' title='bbox 3208 1530 3446 1600; x_wconf 88' lang='lat' dir='ltr'><strong>contigit,</strong></span> <span class='ocrx_word' id='word_1_539' title='bbox 3475 1532 3560 1586; x_wconf 81' lang='lat' dir='ltr'><strong>vix</strong></span> <span class='ocrx_word' id='word_1_540' title='bbox 3592 1533 3779 1602; x_wconf 77' lang='lat' dir='ltr'><strong>perfe-</strong></span> 
     </span>
    </p>
   </div>
   <div class='ocr_carea' id='block_1_76' title="bbox 2173 1609 3780 1690">
    <p class='ocr_par' dir='ltr' id='par_1_76' title="bbox 2173 1609 3780 1690">
     <span class='ocr_line' id='line_1_76' title="bbox 2173 1609 3780 1690; baseline 0.011 -27"><span class='ocrx_word' id='word_1_541' title='bbox 2173 1618 2339 1664; x_wconf 88' lang='lat' dir='ltr'><strong>cerat.</strong></span> <span class='ocrx_word' id='word_1_542' title='bbox 2371 1609 2663 1668; x_wconf 82' lang='lat' dir='ltr'><strong>Hinchaud</strong></span> <span class='ocrx_word' id='word_1_543' title='bbox 2693 1613 3162 1686; x_wconf 80' lang='lat' dir='ltr'><strong>dubie&#39;factum-,nt</strong></span> <span class='ocrx_word' id='word_1_544' title='bbox 3182 1621 3271 1690; x_wconf 89' lang='lat' dir='ltr'><strong>qui</strong></span> <span class='ocrx_word' id='word_1_545' title='bbox 3297 1621 3660 1678; x_wconf 82' lang='lat' dir='ltr'><strong>Marcellinum</strong></span> <span class='ocrx_word' id='word_1_546' title='bbox 3691 1627 3780 1680; x_wconf 86' lang='lat' dir='ltr'><strong>al-</strong></span> 
     </span>
    </p>
   </div>
   <div class='ocr_carea' id='block_1_77' title="bbox 2175 1701 3780 1781">
    <p class='ocr_par' dir='ltr' id='par_1_77' title="bbox 2175 1701 3780 1781">
     <span class='ocr_line' id='line_1_77' title="bbox 2175 1701 3780 1781; baseline 0.009 -25"><span class='ocrx_word' id='word_1_547' title='bbox 2175 1701 2317 1770; x_wconf 89' lang='lat' dir='ltr'><strong>loqui</strong></span> <span class='ocrx_word' id='word_1_548' title='bbox 2345 1714 2579 1774; x_wconf 60' lang='lat' dir='ltr'><strong>ces-perat</strong></span> <span class='ocrx_word' id='word_1_549' title='bbox 2607 1705 2657 1759; x_wconf 91' lang='lat' dir='ltr'><strong>in</strong></span> <span class='ocrx_word' id='word_1_550' title='bbox 2696 1707 2916 1762; x_wconf 88' lang='lat' dir='ltr'><strong>exordio</strong></span> <span class='ocrx_word' id='word_1_551' title='bbox 2943 1709 3096 1780; x_wconf 80' lang='lat' dir='ltr'><strong>primi</strong></span> <span class='ocrx_word' id='word_1_552' title='bbox 3126 1726 3189 1766; x_wconf 90' lang='lat' dir='ltr'><strong>ac</strong></span> <span class='ocrx_word' id='word_1_553' title='bbox 3215 1713 3432 1768; x_wconf 84' lang='lat' dir='ltr'><strong>secundi</strong></span> <span class='ocrx_word' id='word_1_554' title='bbox 3459 1715 3599 1781; x_wconf 88' lang='lat' dir='ltr'><strong>libri,</strong></span> <span class='ocrx_word' id='word_1_555' title='bbox 3630 1731 3780 1771; x_wconf 60' lang='lat' dir='ltr'><strong>nuna</strong></span> 
     </span>
    </p>
   </div>
   <div class='ocr_carea' id='block_1_78' title="bbox 2173 1795 3775 1866">
    <p class='ocr_par' dir='ltr' id='par_1_78' title="bbox 2173 1795 3775 1866">
     <span class='ocr_line' id='line_1_78' title="bbox 2173 1795 3775 1866; baseline 0.011 -21"><span class='ocrx_word' id='word_1_556' title='bbox 2173 1807 2333 1862; x_wconf 83' lang='lat' dir='ltr'><strong>quam</strong></span> <span class='ocrx_word' id='word_1_557' title='bbox 2366 1795 2416 1848; x_wconf 92' lang='lat' dir='ltr'><strong>in</strong></span> <span class='ocrx_word' id='word_1_558' title='bbox 2446 1795 2666 1866; x_wconf 86' lang='lat' dir='ltr'><strong>reliquis</strong></span> <span class='ocrx_word' id='word_1_559' title='bbox 2695 1808 2999 1854; x_wconf 84' lang='lat' dir='ltr'><strong>sermonem</strong></span> <span class='ocrx_word' id='word_1_560' title='bbox 3037 1800 3104 1855; x_wconf 93' lang='lat' dir='ltr'><strong>ad</strong></span> <span class='ocrx_word' id='word_1_561' title='bbox 3131 1818 3252 1856; x_wconf 88' lang='lat' dir='ltr'><strong>cum</strong></span> <span class='ocrx_word' id='word_1_562' title='bbox 3297 1814 3588 1860; x_wconf 67' lang='lat' dir='ltr'><strong>sonvcrtat.</strong></span> <span class='ocrx_word' id='word_1_563' title='bbox 3629 1805 3775 1862; x_wconf 84' lang='lat' dir='ltr'><strong>Cum</strong></span> 
     </span>
    </p>
   </div>
   <div class='ocr_carea' id='block_1_79' title="bbox 2175 1883 3778 1964">
    <p class='ocr_par' dir='ltr' id='par_1_79' title="bbox 2175 1883 3778 1964">
     <span class='ocr_line' id='line_1_79' title="bbox 2175 1883 3778 1964; baseline 0.01 -27"><span class='ocrx_word' id='word_1_564' title='bbox 2175 1883 2314 1938; x_wconf 89' lang='lat' dir='ltr'><strong>idem</strong></span> <span class='ocrx_word' id='word_1_565' title='bbox 2347 1885 2460 1954; x_wconf 85' lang='lat' dir='ltr'><strong>ipse</strong></span> <span class='ocrx_word' id='word_1_566' title='bbox 2488 1885 2823 1943; x_wconf 86' lang='lat' dir='ltr'><strong>Marcellinus</strong></span> <span class='ocrx_word' id='word_1_567' title='bbox 2861 1888 3025 1944; x_wconf 84' lang='lat' dir='ltr'><strong>libros</strong></span> <span class='ocrx_word' id='word_1_568' title='bbox 3049 1891 3101 1945; x_wconf 85' lang='lat' dir='ltr'><strong>in</strong></span> <span class='ocrx_word' id='word_1_569' title='bbox 3127 1893 3227 1948; x_wconf 89' lang='lat' dir='ltr'><strong>hoc</strong></span> <span class='ocrx_word' id='word_1_570' title='bbox 3247 1904 3614 1964; x_wconf 85' lang='lat' dir='ltr'><strong>argumentum</strong></span> <span class='ocrx_word' id='word_1_571' title='bbox 3631 1907 3778 1954; x_wconf 83' lang='lat' dir='ltr'><strong>con-</strong></span> 
     </span>
    </p>
   </div>
   <div class='ocr_carea' id='block_1_80' title="bbox 2174 1975 3780 2058">
    <p class='ocr_par' dir='ltr' id='par_1_80' title="bbox 2174 1975 3780 2058">
     <span class='ocr_line' id='line_1_80' title="bbox 2174 1975 3780 2058; baseline 0.01 -31"><span class='ocrx_word' id='word_1_572' title='bbox 2174 1975 2257 2028; x_wconf 89' lang='lat' dir='ltr'><strong>tici</strong></span> <span class='ocrx_word' id='word_1_573' title='bbox 2285 1975 2598 2046; x_wconf 85' lang='lat' dir='ltr'><strong>deprecatus</strong></span> <span class='ocrx_word' id='word_1_574' title='bbox 2628 1977 2817 2034; x_wconf 88' lang='lat' dir='ltr'><strong>fuisset</strong></span> <span class='ocrx_word' id='word_1_575' title='bbox 2848 1975 3040 2052; x_wconf 81' lang='lat' dir='ltr'><strong>(Epist.</strong></span> <span class='ocrx_word' id='word_1_576' title='bbox 3061 1983 3182 2049; x_wconf 74' lang='grc'><strong>156,</strong></span> <span class='ocrx_word' id='word_1_577' title='bbox 3213 2001 3267 2036; x_wconf 80' lang='grc' dir='ltr'><strong>η.</strong></span> <span class='ocrx_word' id='word_1_578' title='bbox 3297 1984 3386 2055; x_wconf 76' lang='lat'><strong>&#39;5);</strong></span> <span class='ocrx_word' id='word_1_579' title='bbox 3418 1986 3780 2058; x_wconf 62' lang='lat' dir='ltr'><strong>responderat;</strong></span> 
     </span>
    </p>
   </div>
   <div class='ocr_carea' id='block_1_81' title="bbox 2176 2063 3776 2148">
    <p class='ocr_par' dir='ltr' id='par_1_81' title="bbox 2176 2063 3776 2148">
     <span class='ocr_line' id='line_1_81' title="bbox 2176 2063 3776 2148; baseline 0.01 -31"><span class='ocrx_word' id='word_1_580' title='bbox 2176 2063 2226 2118; x_wconf 88' lang='lat' dir='ltr'><strong>ei</strong></span> <span class='ocrx_word' id='word_1_581' title='bbox 2251 2080 2392 2120; x_wconf 91' lang='lat' dir='ltr'><strong>anno</strong></span> <span class='ocrx_word' id='word_1_582' title='bbox 2441 2067 2968 2138; x_wconf 88' lang='lat' dir='ltr'><strong>quadringentesimo</strong></span> <span class='ocrx_word' id='word_1_583' title='bbox 3030 2071 3348 2130; x_wconf 89' lang='lat' dir='ltr'><strong>duodecimo</strong></span> <span class='ocrx_word' id='word_1_584' title='bbox 3418 2078 3776 2148; x_wconf 70' lang='lat' dir='ltr'><strong>Augustinus,</strong></span> 
     </span>
    </p>
   </div>
   <div class='ocr_carea' id='block_1_82' title="bbox 2176 2155 3780 2240">
    <p class='ocr_par' dir='ltr' id='par_1_82' title="bbox 2176 2155 3780 2240">
     <span class='ocr_line' id='line_1_82' title="bbox 2176 2155 3780 2240; baseline 0.01 -32"><span class='ocrx_word' id='word_1_585' title='bbox 2176 2155 2442 2226; x_wconf 88' lang='lat' dir='ltr'><strong>ejusmodi</strong></span> <span class='ocrx_word' id='word_1_586' title='bbox 2471 2159 2792 2228; x_wconf 75' lang='lat' dir='ltr'><strong>qumstioues</strong></span> <span class='ocrx_word' id='word_1_587' title='bbox 2819 2176 2847 2215; x_wconf 89' lang='lat' dir='ltr'><strong>a</strong></span> <span class='ocrx_word' id='word_1_588' title='bbox 2878 2177 2936 2217; x_wconf 93' lang='lat' dir='ltr'><strong>se</strong></span> <span class='ocrx_word' id='word_1_589' title='bbox 2965 2172 3073 2217; x_wconf 92' lang='lat' dir='ltr'><strong>tum</strong></span> <span class='ocrx_word' id='word_1_590' title='bbox 3096 2167 3429 2234; x_wconf 86' lang='lat' dir='ltr'><strong>pertractari,</strong></span> <span class='ocrx_word' id='word_1_591' title='bbox 3451 2183 3554 2222; x_wconf 93' lang='lat' dir='ltr'><strong>non</strong></span> <span class='ocrx_word' id='word_1_592' title='bbox 3583 2183 3780 2240; x_wconf 62' lang='lat' dir='ltr'><strong>quem:-</strong></span> 
     </span>
    </p>
   </div>
   <div class='ocr_carea' id='block_1_83' title="bbox 2174 2249 3775 2330">
    <p class='ocr_par' dir='ltr' id='par_1_83' title="bbox 2174 2249 3775 2330">
     <span class='ocr_line' id='line_1_83' title="bbox 2174 2249 3775 2330; baseline 0.009 -28"><span class='ocrx_word' id='word_1_593' title='bbox 2174 2250 2459 2304; x_wconf 90' lang='lat' dir='ltr'><strong>admodum</strong></span> <span class='ocrx_word' id='word_1_594' title='bbox 2490 2249 2555 2306; x_wconf 91' lang='lat' dir='ltr'><strong>de</strong></span> <span class='ocrx_word' id='word_1_595' title='bbox 2585 2251 2669 2307; x_wconf 82' lang='lat' dir='ltr'><strong>his</strong></span> <span class='ocrx_word' id='word_1_596' title='bbox 2695 2251 2955 2323; x_wconf 83' lang='lat' dir='ltr'><strong>agendum</strong></span> <span class='ocrx_word' id='word_1_597' title='bbox 2982 2264 3064 2310; x_wconf 88' lang='lat' dir='ltr'><strong>est</strong></span> <span class='ocrx_word' id='word_1_598' title='bbox 3093 2255 3347 2312; x_wconf 87' lang='lat' dir='ltr'><strong>librorum</strong></span> <span class='ocrx_word' id='word_1_599' title='bbox 3379 2260 3624 2330; x_wconf 88' lang='lat' dir='ltr'><strong>negotio,</strong></span> <span class='ocrx_word' id='word_1_600' title='bbox 3675 2260 3775 2316; x_wconf 89' lang='lat' dir='ltr'><strong>sed</strong></span> 
     </span>
    </p>
   </div>
   <div class='ocr_carea' id='block_1_84' title="bbox 2174 2341 3780 2422">
    <p class='ocr_par' dir='ltr' id='par_1_84' title="bbox 2174 2341 3780 2422">
     <span class='ocr_line' id='line_1_84' title="bbox 2174 2341 3780 2422; baseline 0.009 -31"><span class='ocrx_word' id='word_1_601' title='bbox 2174 2341 2617 2410; x_wconf 87' lang='lat' dir='ltr'><strong>quemadmodum</strong></span> <span class='ocrx_word' id='word_1_602' title='bbox 2665 2352 2838 2413; x_wconf 79' lang='lat' dir='ltr'><strong>potest</strong></span> <span class='ocrx_word' id='word_1_603' title='bbox 2883 2345 3153 2414; x_wconf 80' lang='lat' dir='ltr'><strong>epistolari</strong></span> <span class='ocrx_word' id='word_1_604' title='bbox 3203 2355 3286 2402; x_wconf 82' lang='lat' dir='ltr'><strong>sat</strong></span> <span class='ocrx_word' id='word_1_605' title='bbox 3333 2359 3453 2404; x_wconf 86' lang='lat' dir='ltr'><strong>esse</strong></span> <span class='ocrx_word' id='word_1_606' title='bbox 3500 2351 3780 2422; x_wconf 81' lang='lat' dir='ltr'><strong>colloquio</strong></span> 
     </span>
    </p>
   </div>
   <div class='ocr_carea' id='block_1_85' title="bbox 2180 2433 3779 2512">
    <p class='ocr_par' dir='ltr' id='par_1_85' title="bbox 2180 2433 3779 2512">
     <span class='ocr_line' id='line_1_85' title="bbox 2180 2433 3779 2512; baseline 0.009 -25"><span class='ocrx_word' id='word_1_607' title='bbox 2180 2433 2368 2506; x_wconf 79' lang='lat' dir='ltr'><strong>(Epist.</strong></span> <span class='ocrx_word' id='word_1_608' title='bbox 2389 2436 2511 2503; x_wconf 81' lang='grc'><strong>158,</strong></span> <span class='ocrx_word' id='word_1_609' title='bbox 2541 2453 2594 2491; x_wconf 85' lang='grc' dir='ltr'><strong>η.</strong></span> <span class='ocrx_word' id='word_1_610' title='bbox 2620 2437 2668 2508; x_wconf 91' lang='grc'><strong>1)</strong></span> <span class='ocrx_word' id='word_1_611' title='bbox 2701 2457 2714 2492; x_wconf 91' lang='lat'><strong>:</strong></span> <span class='ocrx_word' id='word_1_612' title='bbox 2745 2439 2884 2508; x_wconf 91' lang='lat' dir='ltr'><strong>quod</strong></span> <span class='ocrx_word' id='word_1_613' title='bbox 2910 2440 3120 2510; x_wconf 91' lang='lat' dir='ltr'><strong>quidem</strong></span> <span class='ocrx_word' id='word_1_614' title='bbox 3146 2441 3302 2497; x_wconf 82' lang='lat' dir='ltr'><strong>facile</strong></span> <span class='ocrx_word' id='word_1_615' title='bbox 3332 2459 3428 2498; x_wconf 90' lang='lat' dir='ltr'><strong>nos</strong></span> <span class='ocrx_word' id='word_1_616' title='bbox 3452 2445 3690 2512; x_wconf 56' lang='lat' dir='ltr'><strong>addixit,</strong></span> <span class='ocrx_word' id='word_1_617' title='bbox 3716 2445 3779 2502; x_wconf 77' lang='grc' dir='ltr'>ιιι</span> 
     </span>
    </p>
   </div>
   <div class='ocr_carea' id='block_1_86' title="bbox 2174 2529 3776 2604">
    <p class='ocr_par' dir='ltr' id='par_1_86' title="bbox 2174 2529 3776 2604">
     <span class='ocr_line' id='line_1_86' title="bbox 2174 2529 3776 2604; baseline 0.007 -23"><span class='ocrx_word' id='word_1_618' title='bbox 2174 2540 2296 2581; x_wconf 90' lang='lat' dir='ltr'><strong>eum</strong></span> <span class='ocrx_word' id='word_1_619' title='bbox 2316 2537 2438 2582; x_wconf 91' lang='lat' dir='ltr'><strong>tunc</strong></span> <span class='ocrx_word' id='word_1_620' title='bbox 2459 2529 2711 2597; x_wconf 88' lang='lat' dir='ltr'><strong>temporis</strong></span> <span class='ocrx_word' id='word_1_621' title='bbox 2742 2529 2974 2584; x_wconf 92' lang='lat' dir='ltr'><strong>nondum</strong></span> <span class='ocrx_word' id='word_1_622' title='bbox 2997 2531 3275 2587; x_wconf 77' lang='lat' dir='ltr'><strong>inclmasse</strong></span> <span class='ocrx_word' id='word_1_623' title='bbox 3293 2549 3426 2604; x_wconf 87' lang='lat' dir='ltr'><strong>opus</strong></span> <span class='ocrx_word' id='word_1_624' title='bbox 3448 2535 3587 2590; x_wconf 89' lang='lat' dir='ltr'><strong>istud</strong></span> <span class='ocrx_word' id='word_1_625' title='bbox 3615 2537 3776 2592; x_wconf 87' lang='lat' dir='ltr'><strong>arbi-</strong></span> 
     </span>
    </p>
   </div>
   <div class='ocr_carea' id='block_1_87' title="bbox 2178 2618 3778 2696">
    <p class='ocr_par' dir='ltr' id='par_1_87' title="bbox 2178 2618 3778 2696">
     <span class='ocr_line' id='line_1_87' title="bbox 2178 2618 3778 2696; baseline 0.009 -27"><span class='ocrx_word' id='word_1_626' title='bbox 2178 2625 2396 2671; x_wconf 89' lang='lat' dir='ltr'><strong>tremur.</strong></span> <span class='ocrx_word' id='word_1_627' title='bbox 2438 2618 2542 2677; x_wconf 86' lang='lat' dir='ltr'><strong>Sed</strong></span> <span class='ocrx_word' id='word_1_628' title='bbox 2575 2635 2691 2674; x_wconf 92' lang='lat' dir='ltr'><strong>cum</strong></span> <span class='ocrx_word' id='word_1_629' title='bbox 2722 2620 2879 2675; x_wconf 90' lang='lat' dir='ltr'><strong>simul</strong></span> <span class='ocrx_word' id='word_1_630' title='bbox 2908 2621 3269 2679; x_wconf 82' lang='lat' dir='ltr'><strong>Marcellinum</strong></span> <span class='ocrx_word' id='word_1_631' title='bbox 3298 2633 3465 2696; x_wconf 81' lang='lat' dir='ltr'><strong>rogat,</strong></span> <span class='ocrx_word' id='word_1_632' title='bbox 3498 2635 3555 2681; x_wconf 92' lang='lat' dir='ltr'><strong>ut</strong></span> <span class='ocrx_word' id='word_1_633' title='bbox 3582 2627 3685 2682; x_wconf 86' lang='lat' dir='ltr'><strong>sibi</strong></span> <span class='ocrx_word' id='word_1_634' title='bbox 3729 2629 3778 2684; x_wconf 86' lang='lat' dir='ltr'><strong>si</strong></span> 
     </span>
    </p>
   </div>
   <div class='ocr_carea' id='block_1_88' title="bbox 2177 2708 3784 2790">
    <p class='ocr_par' dir='ltr' id='par_1_88' title="bbox 2177 2708 3784 2790">
     <span class='ocr_line' id='line_1_88' title="bbox 2177 2708 3784 2790; baseline 0.009 -29"><span class='ocrx_word' id='word_1_635' title='bbox 2177 2709 2300 2779; x_wconf 91' lang='lat' dir='ltr'><strong>quid</strong></span> <span class='ocrx_word' id='word_1_636' title='bbox 2318 2708 2382 2764; x_wconf 90' lang='lat' dir='ltr'><strong>ad</strong></span> <span class='ocrx_word' id='word_1_637' title='bbox 2395 2710 2789 2767; x_wconf 76' lang='lat' dir='ltr'><strong>convinceudos</strong></span> <span class='ocrx_word' id='word_1_638' title='bbox 2805 2712 3045 2770; x_wconf 84' lang='lat' dir='ltr'><strong>inﬁdeles</strong></span> <span class='ocrx_word' id='word_1_639' title='bbox 3062 2715 3236 2771; x_wconf 89' lang='lat' dir='ltr'><strong>adhuc</strong></span> <span class='ocrx_word' id='word_1_640' title='bbox 3257 2719 3616 2773; x_wconf 87' lang='lat' dir='ltr'><strong>necessarium</strong></span> <span class='ocrx_word' id='word_1_641' title='bbox 3627 2719 3784 2790; x_wconf 78' lang='lat' dir='ltr'><strong>judi-</strong></span> 
     </span>
    </p>
   </div>
   <div class='ocr_carea' id='block_1_89' title="bbox 2176 2803 3777 2882">
    <p class='ocr_par' dir='ltr' id='par_1_89' title="bbox 2176 2803 3777 2882">
     <span class='ocr_line' id='line_1_89' title="bbox 2176 2803 3777 2882; baseline 0.007 -25"><span class='ocrx_word' id='word_1_642' title='bbox 2176 2813 2280 2866; x_wconf 87' lang='lat' dir='ltr'><strong>cet,</strong></span> <span class='ocrx_word' id='word_1_643' title='bbox 2295 2803 2592 2873; x_wconf 80' lang='lat' dir='ltr'><strong>signiﬁcare</strong></span> <span class='ocrx_word' id='word_1_644' title='bbox 2610 2823 2674 2861; x_wconf 89' lang='lat' dir='ltr'><strong>ne</strong></span> <span class='ocrx_word' id='word_1_645' title='bbox 2690 2814 2935 2877; x_wconf 87' lang='lat' dir='ltr'><strong>gravetur</strong></span> <span class='ocrx_word' id='word_1_646' title='bbox 2955 2817 3008 2861; x_wconf 85' lang='lat' dir='ltr'><strong>ut</strong></span> <span class='ocrx_word' id='word_1_647' title='bbox 3023 2807 3100 2864; x_wconf 78' lang='lat' dir='ltr'><strong>vei</strong></span> <span class='ocrx_word' id='word_1_648' title='bbox 3128 2811 3369 2881; x_wconf 80' lang='lat' dir='ltr'><strong>epistolis,</strong></span> <span class='ocrx_word' id='word_1_649' title='bbox 3392 2812 3486 2878; x_wconf 88' lang='lat' dir='ltr'><strong>ait,</strong></span> <span class='ocrx_word' id='word_1_650' title='bbox 3509 2812 3587 2866; x_wconf 79' lang='lat' dir='ltr'><strong>vel</strong></span> <span class='ocrx_word' id='word_1_651' title='bbox 3606 2813 3777 2882; x_wconf 78' lang='lat' dir='ltr'><strong>libris,</strong></span> 
     </span>
    </p>
   </div>
   <div class='ocr_carea' id='block_1_90' title="bbox 2176 2893 3779 2975">
    <p class='ocr_par' dir='ltr' id='par_1_90' title="bbox 2176 2893 3779 2975">
     <span class='ocr_line' id='line_1_90' title="bbox 2176 2893 3779 2975; baseline 0.007 -28"><span class='ocrx_word' id='word_1_652' title='bbox 2176 2893 2221 2948; x_wconf 80' lang='lat' dir='ltr'><strong>si</strong></span> <span class='ocrx_word' id='word_1_653' title='bbox 2247 2896 2495 2965; x_wconf 65' lang='lat' dir='ltr'><strong>adjuvet-it</strong></span> <span class='ocrx_word' id='word_1_654' title='bbox 2521 2897 2679 2963; x_wconf 84' lang='lat' dir='ltr'><strong>Deus,</strong></span> <span class='ocrx_word' id='word_1_655' title='bbox 2703 2899 2772 2952; x_wconf 87' lang='lat' dir='ltr'><strong>ad</strong></span> <span class='ocrx_word' id='word_1_656' title='bbox 2794 2899 2963 2952; x_wconf 83' lang='lat' dir='ltr'><strong>omnia</strong></span> <span class='ocrx_word' id='word_1_657' title='bbox 2990 2902 3290 2970; x_wconf 79' lang='lat' dir='ltr'><strong>respondere</strong></span> <span class='ocrx_word' id='word_1_658' title='bbox 3327 2918 3556 2958; x_wconf 78' lang='lat' dir='ltr'><strong>curemus</strong></span> <span class='ocrx_word' id='word_1_659' title='bbox 3585 2902 3779 2975; x_wconf 61' lang='grc' dir='ltr'><strong>(κήαι,</strong></span> 
     </span>
    </p>
   </div>
   <div class='ocr_carea' id='block_1_91' title="bbox 2178 2985 3784 3062">
    <p class='ocr_par' dir='ltr' id='par_1_91' title="bbox 2178 2985 3784 3062">
     <span class='ocr_line' id='line_1_91' title="bbox 2178 2985 3784 3062; baseline 0.009 -24"><span class='ocrx_word' id='word_1_660' title='bbox 2178 3002 2232 3039; x_wconf 86' lang='lat' dir='ltr'><strong>n.</strong></span> <span class='ocrx_word' id='word_1_661' title='bbox 2264 2985 2355 3058; x_wconf 74' lang='lat'><strong>20)</strong></span> <span class='ocrx_word' id='word_1_662' title='bbox 2389 3003 2403 3053; x_wconf 92' lang='lat'><strong>;</strong></span> <span class='ocrx_word' id='word_1_663' title='bbox 2438 3003 2596 3043; x_wconf 85' lang='lat' dir='ltr'><strong>nemo</strong></span> <span class='ocrx_word' id='word_1_664' title='bbox 2623 2988 2775 3044; x_wconf 83' lang='lat' dir='ltr'><strong>isthic</strong></span> <span class='ocrx_word' id='word_1_665' title='bbox 2800 3005 2908 3044; x_wconf 86' lang='lat' dir='ltr'><strong>non</strong></span> <span class='ocrx_word' id='word_1_666' title='bbox 2925 2990 3122 3058; x_wconf 83' lang='lat' dir='ltr'><strong>videat,</strong></span> <span class='ocrx_word' id='word_1_667' title='bbox 3140 3001 3242 3062; x_wconf 78' lang='lat' dir='ltr'><strong>qua</strong></span> <span class='ocrx_word' id='word_1_668' title='bbox 3265 2995 3468 3050; x_wconf 89' lang='lat' dir='ltr'><strong>ratione</strong></span> <span class='ocrx_word' id='word_1_669' title='bbox 3491 2999 3695 3052; x_wconf 88' lang='lat' dir='ltr'><strong>sensim</strong></span> <span class='ocrx_word' id='word_1_670' title='bbox 3712 2997 3784 3052; x_wconf 86' lang='lat' dir='ltr'><strong>ad</strong></span> 
     </span>
    </p>
   </div>
   <div class='ocr_carea' id='block_1_92' title="bbox 2179 3076 3784 3143">
    <p class='ocr_par' dir='ltr' id='par_1_92' title="bbox 2179 3076 3784 3143">
     <span class='ocr_line' id='line_1_92' title="bbox 2179 3076 3784 3143; baseline 0.008 -13"><span class='ocrx_word' id='word_1_671' title='bbox 2179 3076 2344 3131; x_wconf 90' lang='lat' dir='ltr'><strong>libros</strong></span> <span class='ocrx_word' id='word_1_672' title='bbox 2361 3078 2427 3132; x_wconf 89' lang='lat' dir='ltr'><strong>de</strong></span> <span class='ocrx_word' id='word_1_673' title='bbox 2444 3076 2668 3135; x_wconf 85' lang='lat' dir='ltr'><strong>Civitatc</strong></span> <span class='ocrx_word' id='word_1_674' title='bbox 2693 3081 2780 3134; x_wconf 86' lang='lat' dir='ltr'><strong>Dei</strong></span> <span class='ocrx_word' id='word_1_675' title='bbox 2799 3081 3214 3138; x_wconf 85' lang='lat' dir='ltr'><strong>conscribendos</strong></span> <span class='ocrx_word' id='word_1_676' title='bbox 3239 3094 3450 3140; x_wconf 89' lang='lat' dir='ltr'><strong>sanctus</strong></span> <span class='ocrx_word' id='word_1_677' title='bbox 3469 3079 3669 3142; x_wconf 87' lang='lat' dir='ltr'><strong>Doctor</strong></span> <span class='ocrx_word' id='word_1_678' title='bbox 3694 3089 3784 3143; x_wconf 83' lang='lat' dir='ltr'><strong>in-</strong></span> 
     </span>
    </p>
   </div>
   <div class='ocr_carea' id='block_1_93' title="bbox 2179 3167 3784 3249">
    <p class='ocr_par' dir='ltr' id='par_1_93' title="bbox 2179 3167 3784 3249">
     <span class='ocr_line' id='line_1_93' title="bbox 2179 3167 3784 3249; baseline 0.008 -27"><span class='ocrx_word' id='word_1_679' title='bbox 2179 3167 2372 3224; x_wconf 90' lang='lat' dir='ltr'><strong>ductus</strong></span> <span class='ocrx_word' id='word_1_680' title='bbox 2398 3171 2486 3224; x_wconf 92' lang='lat' dir='ltr'><strong>sit.</strong></span> <span class='ocrx_word' id='word_1_681' title='bbox 2521 3172 2660 3243; x_wconf 88' lang='lat' dir='ltr'><strong>Ergo</strong></span> <span class='ocrx_word' id='word_1_682' title='bbox 2690 3173 2807 3228; x_wconf 88' lang='lat' dir='ltr'><strong>zelo</strong></span> <span class='ocrx_word' id='word_1_683' title='bbox 2848 3173 3040 3229; x_wconf 92' lang='lat' dir='ltr'><strong>domus</strong></span> <span class='ocrx_word' id='word_1_684' title='bbox 3079 3176 3192 3240; x_wconf 88' lang='lat' dir='ltr'><strong>Dei,</strong></span> <span class='ocrx_word' id='word_1_685' title='bbox 3221 3186 3280 3230; x_wconf 88' lang='lat' dir='ltr'><strong>ut</strong></span> <span class='ocrx_word' id='word_1_686' title='bbox 3320 3177 3572 3249; x_wconf 87' lang='lat' dir='ltr'><strong>loquitur,</strong></span> <span class='ocrx_word' id='word_1_687' title='bbox 3612 3194 3784 3236; x_wconf 82' lang='lat' dir='ltr'><strong>exar-</strong></span> 
     </span>
    </p>
   </div>
   <div class='ocr_carea' id='block_1_94' title="bbox 2179 3261 3784 3341">
    <p class='ocr_par' dir='ltr' id='par_1_94' title="bbox 2179 3261 3784 3341">
     <span class='ocr_line' id='line_1_94' title="bbox 2179 3261 3784 3341; baseline 0.008 -27"><span class='ocrx_word' id='word_1_688' title='bbox 2179 3261 2407 3316; x_wconf 88' lang='lat' dir='ltr'><strong>desccns</strong></span> <span class='ocrx_word' id='word_1_689' title='bbox 2427 3261 2680 3318; x_wconf 86' lang='lat' dir='ltr'><strong>adversus</strong></span> <span class='ocrx_word' id='word_1_690' title='bbox 2717 3264 3003 3320; x_wconf 85' lang='lat' dir='ltr'><strong>Gentilium</strong></span> <span class='ocrx_word' id='word_1_691' title='bbox 3044 3267 3421 3338; x_wconf 74' lang='lat' dir='ltr'><strong>blasphemiae,</strong></span> <span class='ocrx_word' id='word_1_692' title='bbox 3463 3286 3784 3341; x_wconf 52' lang='lat' dir='ltr'><strong>propugnae-</strong></span> 
     </span>
    </p>
   </div>
   <div class='ocr_carea' id='block_1_95' title="bbox 2181 3353 3780 3426">
    <p class='ocr_par' dir='ltr' id='par_1_95' title="bbox 2181 3353 3780 3426">
     <span class='ocr_line' id='line_1_95' title="bbox 2181 3353 3780 3426; baseline 0.007 -21"><span class='ocrx_word' id='word_1_693' title='bbox 2181 3353 2378 3407; x_wconf 89' lang='lat' dir='ltr'><strong>tionem</strong></span> <span class='ocrx_word' id='word_1_694' title='bbox 2408 3353 2546 3408; x_wconf 90' lang='lat' dir='ltr'><strong>illius</strong></span> <span class='ocrx_word' id='word_1_695' title='bbox 2584 3355 2856 3425; x_wconf 86' lang='lat' dir='ltr'><strong>suscipere</strong></span> <span class='ocrx_word' id='word_1_696' title='bbox 2883 3357 3022 3426; x_wconf 84' lang='lat' dir='ltr'><strong>apud</strong></span> <span class='ocrx_word' id='word_1_697' title='bbox 3053 3359 3288 3412; x_wconf 89' lang='lat' dir='ltr'><strong>animum</strong></span> <span class='ocrx_word' id='word_1_698' title='bbox 3316 3373 3471 3414; x_wconf 89' lang='lat' dir='ltr'><strong>suum</strong></span> <span class='ocrx_word' id='word_1_699' title='bbox 3491 3363 3780 3418; x_wconf 75' lang='lat' dir='ltr'><strong>constituit</strong></span> 
     </span>
    </p>
   </div>
   <div class='ocr_carea' id='block_1_96' title="bbox 2184 3441 3778 3520">
    <p class='ocr_par' dir='ltr' id='par_1_96' title="bbox 2184 3441 3778 3520">
     <span class='ocr_line' id='line_1_96' title="bbox 2184 3441 3778 3520; baseline 0.006 -23"><span class='ocrx_word' id='word_1_700' title='bbox 2184 3441 2429 3514; x_wconf 79' lang='lat' dir='ltr'><strong>(Retract.</strong></span> <span class='ocrx_word' id='word_1_701' title='bbox 2453 3443 2614 3511; x_wconf 72' lang='lat' dir='ltr'><strong>tib.3,</strong></span> <span class='ocrx_word' id='word_1_702' title='bbox 2647 3459 2759 3516; x_wconf 81' lang='lat' dir='ltr'><strong>cap.</strong></span> <span class='ocrx_word' id='word_1_703' title='bbox 2783 3446 2872 3511; x_wconf 79' lang='grc'><strong>45,</strong></span> <span class='ocrx_word' id='word_1_704' title='bbox 2903 3463 2954 3499; x_wconf 86' lang='grc' dir='ltr'><strong>η.</strong></span> <span class='ocrx_word' id='word_1_705' title='bbox 2983 3448 3057 3518; x_wconf 87' lang='grc'><strong>1).</strong></span> <span class='ocrx_word' id='word_1_706' title='bbox 3096 3447 3202 3502; x_wconf 90' lang='lat' dir='ltr'><strong>Sed</strong></span> <span class='ocrx_word' id='word_1_707' title='bbox 3235 3449 3330 3502; x_wconf 89' lang='lat' dir='ltr'><strong>abs</strong></span> <span class='ocrx_word' id='word_1_708' title='bbox 3357 3449 3613 3520; x_wconf 86' lang='lat' dir='ltr'><strong>singulari</strong></span> <span class='ocrx_word' id='word_1_709' title='bbox 3637 3451 3778 3506; x_wconf 85' lang='lat' dir='ltr'><strong>hoc-</strong></span> 
     </span>
    </p>
   </div>
   <div class='ocr_carea' id='block_1_97' title="bbox 2180 3536 3786 3612">
    <p class='ocr_par' dir='ltr' id='par_1_97' title="bbox 2180 3536 3786 3612">
     <span class='ocr_line' id='line_1_97' title="bbox 2180 3536 3786 3612; baseline 0.007 -25"><span class='ocrx_word' id='word_1_710' title='bbox 2180 3549 2242 3588; x_wconf 92' lang='lat' dir='ltr'><strong>cc</strong></span> <span class='ocrx_word' id='word_1_711' title='bbox 2271 3543 2580 3605; x_wconf 88' lang='lat' dir='ltr'><strong>argumento</strong></span> <span class='ocrx_word' id='word_1_712' title='bbox 2605 3536 2671 3589; x_wconf 88' lang='lat' dir='ltr'><strong>ad</strong></span> <span class='ocrx_word' id='word_1_713' title='bbox 2697 3537 3024 3592; x_wconf 85' lang='lat' dir='ltr'><strong>tractandum</strong></span> <span class='ocrx_word' id='word_1_714' title='bbox 3047 3541 3334 3608; x_wconf 87' lang='lat' dir='ltr'><strong>generatim</strong></span> <span class='ocrx_word' id='word_1_715' title='bbox 3357 3540 3425 3596; x_wconf 92' lang='lat' dir='ltr'><strong>de</strong></span> <span class='ocrx_word' id='word_1_716' title='bbox 3451 3550 3678 3612; x_wconf 87' lang='lat' dir='ltr'><strong>utraque</strong></span> <span class='ocrx_word' id='word_1_717' title='bbox 3697 3543 3786 3598; x_wconf 73' lang='lat' dir='ltr'><strong>ci-</strong></span> 
     </span>
    </p>
   </div>
   <div class='ocr_carea' id='block_1_98' title="bbox 2180 3627 3785 3698">
    <p class='ocr_par' dir='ltr' id='par_1_98' title="bbox 2180 3627 3785 3698">
     <span class='ocr_line' id='line_1_98' title="bbox 2180 3627 3785 3698; baseline 0.007 -20"><span class='ocrx_word' id='word_1_718' title='bbox 2180 3628 2365 3693; x_wconf 80' lang='lat' dir='ltr'><strong>vitate,</strong></span> <span class='ocrx_word' id='word_1_719' title='bbox 2395 3627 2574 3682; x_wconf 92' lang='lat' dir='ltr'><strong>mundi</strong></span> <span class='ocrx_word' id='word_1_720' title='bbox 2599 3629 2850 3684; x_wconf 85' lang='lat' dir='ltr'><strong>videlicet</strong></span> <span class='ocrx_word' id='word_1_721' title='bbox 2880 3645 2941 3684; x_wconf 92' lang='lat' dir='ltr'><strong>ac</strong></span> <span class='ocrx_word' id='word_1_722' title='bbox 2971 3631 3062 3685; x_wconf 90' lang='lat' dir='ltr'><strong>Dei</strong></span> <span class='ocrx_word' id='word_1_723' title='bbox 3087 3669 3104 3698; x_wconf 89' lang='lat'><strong>,</strong></span> <span class='ocrx_word' id='word_1_724' title='bbox 3131 3633 3207 3686; x_wconf 91' lang='lat' dir='ltr'><strong>sic</strong></span> <span class='ocrx_word' id='word_1_725' title='bbox 3243 3633 3505 3687; x_wconf 88' lang='lat' dir='ltr'><strong>calamum</strong></span> <span class='ocrx_word' id='word_1_726' title='bbox 3543 3643 3785 3690; x_wconf 71' lang='lat' dir='ltr'><strong>transtu-</strong></span> 
     </span>
    </p>
   </div>
   <div class='ocr_carea' id='block_1_99' title="bbox 2183 3718 3786 3794">
    <p class='ocr_par' dir='ltr' id='par_1_99' title="bbox 2183 3718 3786 3794">
     <span class='ocr_line' id='line_1_99' title="bbox 2183 3718 3786 3794; baseline 0.005 -22"><span class='ocrx_word' id='word_1_727' title='bbox 2183 3718 2262 3786; x_wconf 85' lang='lat' dir='ltr'><strong>lit,</strong></span> <span class='ocrx_word' id='word_1_728' title='bbox 2294 3729 2350 3772; x_wconf 90' lang='lat' dir='ltr'><strong>ut</strong></span> <span class='ocrx_word' id='word_1_729' title='bbox 2389 3719 2547 3773; x_wconf 91' lang='lat' dir='ltr'><strong>simul</strong></span> <span class='ocrx_word' id='word_1_730' title='bbox 2602 3733 2886 3790; x_wconf 81' lang='lat' dir='ltr'><strong>aggressus</strong></span> <span class='ocrx_word' id='word_1_731' title='bbox 2919 3721 3008 3786; x_wconf 88' lang='lat' dir='ltr'><strong>sit,</strong></span> <span class='ocrx_word' id='word_1_732' title='bbox 3042 3729 3095 3775; x_wconf 89' lang='lat' dir='ltr'><strong>ct</strong></span> <span class='ocrx_word' id='word_1_733' title='bbox 3144 3722 3398 3792; x_wconf 90' lang='lat' dir='ltr'><strong>quidquid</strong></span> <span class='ocrx_word' id='word_1_734' title='bbox 3445 3724 3497 3777; x_wconf 93' lang='lat' dir='ltr'><strong>in</strong></span> <span class='ocrx_word' id='word_1_735' title='bbox 3527 3723 3786 3794; x_wconf 76' lang='lat' dir='ltr'><strong>gentilitii</strong></span> 
     </span>
    </p>
   </div>
   <div class='ocr_carea' id='block_1_100' title="bbox 2181 3811 3786 3883">
    <p class='ocr_par' dir='ltr' id='par_1_100' title="bbox 2181 3811 3786 3883">
     <span class='ocr_line' id='line_1_100' title="bbox 2181 3811 3786 3883; baseline 0.004 -19"><span class='ocrx_word' id='word_1_736' title='bbox 2181 3811 2354 3865; x_wconf 92' lang='lat' dir='ltr'><strong>cultus</strong></span> <span class='ocrx_word' id='word_1_737' title='bbox 2384 3811 2746 3866; x_wconf 81' lang='lat' dir='ltr'><strong>defensionem</strong></span> <span class='ocrx_word' id='word_1_738' title='bbox 2791 3811 3120 3881; x_wconf 77' lang='lat' dir='ltr'><strong>Splendidius</strong></span> <span class='ocrx_word' id='word_1_739' title='bbox 3154 3813 3331 3867; x_wconf 77' lang='lat' dir='ltr'><strong>afferri</strong></span> <span class='ocrx_word' id='word_1_740' title='bbox 3357 3822 3585 3883; x_wconf 90' lang='lat' dir='ltr'><strong>poterat,</strong></span> <span class='ocrx_word' id='word_1_741' title='bbox 3621 3830 3786 3872; x_wconf 84' lang='lat' dir='ltr'><strong>ever-</strong></span> 
     </span>
    </p>
   </div>
   <div class='ocr_carea' id='block_1_101' title="bbox 2182 3903 3785 3974">
    <p class='ocr_par' dir='ltr' id='par_1_101' title="bbox 2182 3903 3785 3974">
     <span class='ocr_line' id='line_1_101' title="bbox 2182 3903 3785 3974; baseline 0.003 -17"><span class='ocrx_word' id='word_1_742' title='bbox 2182 3910 2315 3967; x_wconf 88' lang='lat' dir='ltr'><strong>tere,</strong></span> <span class='ocrx_word' id='word_1_743' title='bbox 2348 3911 2401 3956; x_wconf 89' lang='lat' dir='ltr'><strong>et</strong></span> <span class='ocrx_word' id='word_1_744' title='bbox 2425 3903 2770 3958; x_wconf 82' lang='lat' dir='ltr'><strong>Christianam</strong></span> <span class='ocrx_word' id='word_1_745' title='bbox 2797 3903 3109 3974; x_wconf 82' lang='lat' dir='ltr'><strong>religionem</strong></span> <span class='ocrx_word' id='word_1_746' title='bbox 3138 3905 3347 3959; x_wconf 91' lang='lat' dir='ltr'><strong>invictis</strong></span> <span class='ocrx_word' id='word_1_747' title='bbox 3370 3906 3633 3961; x_wconf 87' lang='lat' dir='ltr'><strong>rationum</strong></span> <span class='ocrx_word' id='word_1_748' title='bbox 3663 3921 3785 3962; x_wconf 64' lang='lat' dir='ltr'><strong>moe-</strong></span> 
     </span>
    </p>
   </div>
   <div class='ocr_carea' id='block_1_102' title="bbox 2182 3995 3785 4070">
    <p class='ocr_par' dir='ltr' id='par_1_102' title="bbox 2182 3995 3785 4070">
     <span class='ocr_line' id='line_1_102' title="bbox 2182 3995 3785 4070; baseline 0.004 -22"><span class='ocrx_word' id='word_1_749' title='bbox 2182 3995 2376 4050; x_wconf 85' lang='lat' dir='ltr'><strong>meutis</strong></span> <span class='ocrx_word' id='word_1_750' title='bbox 2428 4005 2688 4050; x_wconf 84' lang='lat' dir='ltr'><strong>astruere.</strong></span> <span class='ocrx_word' id='word_1_751' title='bbox 2744 3995 2873 4062; x_wconf 63' lang='lat' dir='ltr'><strong>Quae</strong></span> <span class='ocrx_word' id='word_1_752' title='bbox 2912 4010 3076 4066; x_wconf 91' lang='lat' dir='ltr'><strong>porro</strong></span> <span class='ocrx_word' id='word_1_753' title='bbox 3099 3997 3285 4066; x_wconf 86' lang='lat' dir='ltr'><strong>grandi</strong></span> <span class='ocrx_word' id='word_1_754' title='bbox 3331 3997 3422 4052; x_wconf 91' lang='lat' dir='ltr'><strong>illo</strong></span> <span class='ocrx_word' id='word_1_755' title='bbox 3472 4013 3635 4068; x_wconf 88' lang='lat' dir='ltr'><strong>opere</strong></span> <span class='ocrx_word' id='word_1_756' title='bbox 3683 4011 3785 4070; x_wconf 82' lang='lat' dir='ltr'><strong>per</strong></span> 
     </span>
    </p>
   </div>
   <div class='ocr_carea' id='block_1_103' title="bbox 2182 4085 3781 4157">
    <p class='ocr_par' dir='ltr' id='par_1_103' title="bbox 2182 4085 3781 4157">
     <span class='ocr_line' id='line_1_103' title="bbox 2182 4085 3781 4157; baseline 0.004 -17"><span class='ocrx_word' id='word_1_757' title='bbox 2182 4085 2314 4140; x_wconf 91' lang='lat' dir='ltr'><strong>duos</strong></span> <span class='ocrx_word' id='word_1_758' title='bbox 2339 4101 2496 4155; x_wconf 90' lang='lat' dir='ltr'><strong>supra</strong></span> <span class='ocrx_word' id='word_1_759' title='bbox 2527 4086 2708 4156; x_wconf 87' lang='lat' dir='ltr'><strong>viginti</strong></span> <span class='ocrx_word' id='word_1_760' title='bbox 2733 4087 2895 4141; x_wconf 89' lang='lat' dir='ltr'><strong>libros</strong></span> <span class='ocrx_word' id='word_1_761' title='bbox 2917 4096 3328 4157; x_wconf 89' lang='lat' dir='ltr'><strong>pertractantur,</strong></span> <span class='ocrx_word' id='word_1_762' title='bbox 3351 4104 3536 4144; x_wconf 91' lang='lat' dir='ltr'><strong>eorum</strong></span> <span class='ocrx_word' id='word_1_763' title='bbox 3562 4103 3781 4147; x_wconf 86' lang='lat' dir='ltr'><strong>summa</strong></span> 
     </span>
    </p>
   </div>
   <div class='ocr_carea' id='block_1_104' title="bbox 2182 4175 3780 4247">
    <p class='ocr_par' dir='ltr' id='par_1_104' title="bbox 2182 4175 3780 4247">
     <span class='ocr_line' id='line_1_104' title="bbox 2182 4175 3780 4247; baseline 0.004 -17"><span class='ocrx_word' id='word_1_764' title='bbox 2182 4175 2352 4245; x_wconf 89' lang='lat' dir='ltr'><strong>capita</strong></span> <span class='ocrx_word' id='word_1_765' title='bbox 2386 4177 2436 4228; x_wconf 85' lang='lat' dir='ltr'><strong>in</strong></span> <span class='ocrx_word' id='word_1_766' title='bbox 2464 4175 2949 4231; x_wconf 82' lang='lat' dir='ltr'><strong>Retractationibus</strong></span> <span class='ocrx_word' id='word_1_767' title='bbox 2987 4177 3221 4247; x_wconf 88' lang='lat' dir='ltr'><strong>attingit.</strong></span> <span class='ocrx_word' id='word_1_768' title='bbox 3244 4178 3348 4233; x_wconf 93' lang='lat' dir='ltr'><strong>Tot</strong></span> <span class='ocrx_word' id='word_1_769' title='bbox 3370 4179 3533 4234; x_wconf 89' lang='lat' dir='ltr'><strong>libros</strong></span> <span class='ocrx_word' id='word_1_770' title='bbox 3561 4183 3780 4237; x_wconf 85' lang='lat' dir='ltr'><strong>nonnisi</strong></span> 
     </span>
    </p>
   </div>
   <div class='ocr_carea' id='block_1_105' title="bbox 2184 4265 3779 4338">
    <p class='ocr_par' dir='ltr' id='par_1_105' title="bbox 2184 4265 3779 4338">
     <span class='ocr_line' id='line_1_105' title="bbox 2184 4265 3779 4338; baseline 0.004 -20"><span class='ocrx_word' id='word_1_771' title='bbox 2184 4265 2422 4336; x_wconf 89' lang='lat' dir='ltr'><strong>pluribus</strong></span> <span class='ocrx_word' id='word_1_772' title='bbox 2445 4266 2598 4320; x_wconf 89' lang='lat' dir='ltr'><strong>annis</strong></span> <span class='ocrx_word' id='word_1_773' title='bbox 2634 4267 3046 4338; x_wconf 88' lang='lat' dir='ltr'><strong>interruptisque</strong></span> <span class='ocrx_word' id='word_1_774' title='bbox 3069 4269 3272 4324; x_wconf 88' lang='lat' dir='ltr'><strong>vicibus</strong></span> <span class='ocrx_word' id='word_1_775' title='bbox 3297 4269 3346 4324; x_wconf 89' lang='lat' dir='ltr'><strong>ei</strong></span> <span class='ocrx_word' id='word_1_776' title='bbox 3375 4271 3520 4325; x_wconf 87' lang='lat' dir='ltr'><strong>licuit</strong></span> <span class='ocrx_word' id='word_1_777' title='bbox 3555 4270 3620 4325; x_wconf 89' lang='lat' dir='ltr'><strong>ad</strong></span> <span class='ocrx_word' id='word_1_778' title='bbox 3648 4286 3779 4325; x_wconf 78' lang='lat' dir='ltr'><strong>um-</strong></span> 
     </span>
    </p>
   </div>
   <div class='ocr_carea' id='block_1_106' title="bbox 2184 4355 3779 4433">
    <p class='ocr_par' dir='ltr' id='par_1_106' title="bbox 2184 4355 3779 4433">
     <span class='ocr_line' id='line_1_106' title="bbox 2184 4355 3779 4433; baseline 0.006 -23"><span class='ocrx_word' id='word_1_779' title='bbox 2184 4355 2396 4411; x_wconf 88' lang='lat' dir='ltr'><strong>bilicum</strong></span> <span class='ocrx_word' id='word_1_780' title='bbox 2419 4357 2704 4426; x_wconf 90' lang='lat' dir='ltr'><strong>adducere,</strong></span> <span class='ocrx_word' id='word_1_781' title='bbox 2732 4368 2916 4414; x_wconf 90' lang='lat' dir='ltr'><strong>coacto</strong></span> <span class='ocrx_word' id='word_1_782' title='bbox 2944 4360 3189 4416; x_wconf 89' lang='lat' dir='ltr'><strong>videlicet</strong></span> <span class='ocrx_word' id='word_1_783' title='bbox 3214 4361 3283 4415; x_wconf 89' lang='lat' dir='ltr'><strong>ab</strong></span> <span class='ocrx_word' id='word_1_784' title='bbox 3313 4362 3418 4418; x_wconf 89' lang='lat' dir='ltr'><strong>illis</strong></span> <span class='ocrx_word' id='word_1_785' title='bbox 3443 4364 3646 4433; x_wconf 63' lang='lat' dir='ltr'><strong>saepius</strong></span> <span class='ocrx_word' id='word_1_786' title='bbox 3675 4359 3779 4419; x_wconf 83' lang='lat' dir='ltr'><strong>sti-</strong></span> 
     </span>
    </p>
   </div>
   <div class='ocr_carea' id='block_1_107' title="bbox 2183 4450 3778 4525">
    <p class='ocr_par' dir='ltr' id='par_1_107' title="bbox 2183 4450 3778 4525">
     <span class='ocr_line' id='line_1_107' title="bbox 2183 4450 3778 4525; baseline 0.004 -21"><span class='ocrx_word' id='word_1_787' title='bbox 2183 4450 2291 4505; x_wconf 92' lang='lat' dir='ltr'><strong>lum</strong></span> <span class='ocrx_word' id='word_1_788' title='bbox 2325 4466 2624 4516; x_wconf 86' lang='lat' dir='ltr'><strong>removere,</strong></span> <span class='ocrx_word' id='word_1_789' title='bbox 2656 4461 2713 4506; x_wconf 88' lang='lat' dir='ltr'><strong>ut</strong></span> <span class='ocrx_word' id='word_1_790' title='bbox 2731 4451 2796 4506; x_wconf 91' lang='lat' dir='ltr'><strong>ad</strong></span> <span class='ocrx_word' id='word_1_791' title='bbox 2823 4467 2884 4507; x_wconf 90' lang='lat' dir='ltr'><strong>ea</strong></span> <span class='ocrx_word' id='word_1_792' title='bbox 2907 4469 3023 4524; x_wconf 70' lang='lat' dir='ltr'><strong>qua:</strong></span> <span class='ocrx_word' id='word_1_793' title='bbox 3045 4455 3212 4524; x_wconf 83' lang='lat' dir='ltr'><strong>magis</strong></span> <span class='ocrx_word' id='word_1_794' title='bbox 3227 4470 3416 4525; x_wconf 88' lang='lat' dir='ltr'><strong>urgere</strong></span> <span class='ocrx_word' id='word_1_795' title='bbox 3437 4455 3778 4521; x_wconf 87' lang='lat' dir='ltr'><strong>videbantur,</strong></span> 
     </span>
    </p>
   </div>
   <div class='ocr_carea' id='block_1_108' title="bbox 2183 4545 3776 4617">
    <p class='ocr_par' dir='ltr' id='par_1_108' title="bbox 2183 4545 3776 4617">
     <span class='ocr_line' id='line_1_108' title="bbox 2183 4545 3776 4617; baseline 0.002 -18"><span class='ocrx_word' id='word_1_796' title='bbox 2183 4546 2332 4600; x_wconf 91' lang='lat' dir='ltr'><strong>illum</strong></span> <span class='ocrx_word' id='word_1_797' title='bbox 2367 4551 2703 4601; x_wconf 85' lang='lat' dir='ltr'><strong>converteret</strong></span> <span class='ocrx_word' id='word_1_798' title='bbox 2731 4545 2940 4617; x_wconf 81' lang='lat' dir='ltr'><strong>(lbid.).</strong></span> <span class='ocrx_word' id='word_1_799' title='bbox 2974 4546 3183 4602; x_wconf 84' lang='lat' dir='ltr'><strong>Priores</strong></span> <span class='ocrx_word' id='word_1_800' title='bbox 3216 4546 3350 4602; x_wconf 91' lang='lat' dir='ltr'><strong>duos</strong></span> <span class='ocrx_word' id='word_1_801' title='bbox 3378 4547 3458 4602; x_wconf 87' lang='lat' dir='ltr'><strong>vel</strong></span> <span class='ocrx_word' id='word_1_802' title='bbox 3497 4558 3625 4613; x_wconf 88' lang='lat' dir='ltr'><strong>tres,</strong></span> <span class='ocrx_word' id='word_1_803' title='bbox 3661 4559 3776 4602; x_wconf 89' lang='lat' dir='ltr'><strong>uta</strong></span> 
     </span>
    </p>
   </div>
   <div class='ocr_carea' id='block_1_109' title="bbox 2184 4639 3778 4710">
    <p class='ocr_par' dir='ltr' id='par_1_109' title="bbox 2184 4639 3778 4710">
     <span class='ocr_line' id='line_1_109' title="bbox 2184 4639 3778 4710; baseline 0.002 -17"><span class='ocrx_word' id='word_1_804' title='bbox 2184 4640 2334 4694; x_wconf 90' lang='lat' dir='ltr'><strong>nobis</strong></span> <span class='ocrx_word' id='word_1_805' title='bbox 2354 4639 2463 4710; x_wconf 90' lang='lat' dir='ltr'><strong>jam</strong></span> <span class='ocrx_word' id='word_1_806' title='bbox 2488 4639 2708 4707; x_wconf 84' lang='lat' dir='ltr'><strong>dictum,</strong></span> <span class='ocrx_word' id='word_1_807' title='bbox 2739 4639 2841 4694; x_wconf 88' lang='lat' dir='ltr'><strong>hoc</strong></span> <span class='ocrx_word' id='word_1_808' title='bbox 2869 4655 3027 4704; x_wconf 90' lang='lat' dir='ltr'><strong>anno,</strong></span> <span class='ocrx_word' id='word_1_809' title='bbox 3049 4641 3320 4710; x_wconf 81' lang='lat' dir='ltr'><strong>proximos</strong></span> <span class='ocrx_word' id='word_1_810' title='bbox 3344 4657 3470 4696; x_wconf 86' lang='lat' dir='ltr'><strong>vero</strong></span> <span class='ocrx_word' id='word_1_811' title='bbox 3500 4643 3615 4696; x_wconf 90' lang='lat' dir='ltr'><strong>istis</strong></span> <span class='ocrx_word' id='word_1_812' title='bbox 3635 4642 3778 4696; x_wconf 81' lang='lat' dir='ltr'><strong>duos</strong></span> 
     </span>
    </p>
   </div>
   <div class='ocr_carea' id='block_1_110' title="bbox 2185 4730 3776 4802">
    <p class='ocr_par' dir='ltr' id='par_1_110' title="bbox 2185 4730 3776 4802">
     <span class='ocr_line' id='line_1_110' title="bbox 2185 4730 3776 4802; baseline 0.003 -19"><span class='ocrx_word' id='word_1_813' title='bbox 2185 4735 2325 4784; x_wconf 82' lang='lat' dir='ltr'><strong>anno</strong></span> <span class='ocrx_word' id='word_1_814' title='bbox 2349 4731 2868 4802; x_wconf 88' lang='lat' dir='ltr'><strong>quadringentesimo</strong></span> <span class='ocrx_word' id='word_1_815' title='bbox 2892 4730 3100 4786; x_wconf 88' lang='lat' dir='ltr'><strong>decimo</strong></span> <span class='ocrx_word' id='word_1_816' title='bbox 3116 4731 3298 4802; x_wconf 88' lang='lat' dir='ltr'><strong>quinto</strong></span> <span class='ocrx_word' id='word_1_817' title='bbox 3311 4733 3628 4801; x_wconf 89' lang='lat' dir='ltr'><strong>composuit,</strong></span> <span class='ocrx_word' id='word_1_818' title='bbox 3649 4747 3776 4787; x_wconf 91' lang='lat' dir='ltr'><strong>cum</strong></span> 
     </span>
    </p>
   </div>
   <div class='ocr_carea' id='block_1_111' title="bbox 2187 4804 3777 4892">
    <p class='ocr_par' dir='ltr' id='par_1_111' title="bbox 2187 4804 3777 4892">
     <span class='ocr_line' id='line_1_111' title="bbox 2187 4804 3777 4892; baseline 0.001 -18"><span class='ocrx_word' id='word_1_819' title='bbox 2187 4804 2279 4874; x_wconf 76' lang='lat' dir='ltr'><strong>eos</strong></span> <span class='ocrx_word' id='word_1_820' title='bbox 2301 4819 2461 4890; x_wconf 88' lang='lat' dir='ltr'><strong>paulo</strong></span> <span class='ocrx_word' id='word_1_821' title='bbox 2490 4830 2614 4876; x_wconf 90' lang='lat' dir='ltr'><strong>ante</strong></span> <span class='ocrx_word' id='word_1_822' title='bbox 2649 4819 3108 4891; x_wconf 84' lang='lat' dir='ltr'><strong>quadragesimale</strong></span> <span class='ocrx_word' id='word_1_823' title='bbox 3129 4821 3386 4892; x_wconf 88' lang='lat' dir='ltr'><strong>jejunium</strong></span> <span class='ocrx_word' id='word_1_824' title='bbox 3431 4831 3575 4877; x_wconf 88' lang='lat' dir='ltr'><strong>esset</strong></span> <span class='ocrx_word' id='word_1_825' title='bbox 3615 4838 3777 4877; x_wconf 83' lang='lat' dir='ltr'><strong>exor-</strong></span> 
     </span>
    </p>
   </div>
   <div class='ocr_carea' id='block_1_112' title="bbox 2185 4910 3776 4983">
    <p class='ocr_par' dir='ltr' id='par_1_112' title="bbox 2185 4910 3776 4983">
     <span class='ocr_line' id='line_1_112' title="bbox 2185 4910 3776 4983; baseline 0.001 -17"><span class='ocrx_word' id='word_1_826' title='bbox 2185 4927 2274 4966; x_wconf 88' lang='lat' dir='ltr'><strong>sus</strong></span> <span class='ocrx_word' id='word_1_827' title='bbox 2301 4912 2488 4983; x_wconf 85' lang='lat' dir='ltr'><strong>(Epist.</strong></span> <span class='ocrx_word' id='word_1_828' title='bbox 2515 4911 2638 4979; x_wconf 88' lang='grc'><strong>169,</strong></span> <span class='ocrx_word' id='word_1_829' title='bbox 2662 4928 2714 4965; x_wconf 84' lang='lat' dir='ltr'><strong>n.</strong></span> <span class='ocrx_word' id='word_1_830' title='bbox 2748 4910 2825 4983; x_wconf 89' lang='grc'><strong>1).</strong></span> <span class='ocrx_word' id='word_1_831' title='bbox 2850 4911 3082 4966; x_wconf 87' lang='lat' dir='ltr'><strong>Primum</strong></span> <span class='ocrx_word' id='word_1_832' title='bbox 3110 4913 3306 4982; x_wconf 84' lang='lat' dir='ltr'><strong>vulgati</strong></span> <span class='ocrx_word' id='word_1_833' title='bbox 3334 4922 3457 4967; x_wconf 91' lang='lat' dir='ltr'><strong>sunt</strong></span> <span class='ocrx_word' id='word_1_834' title='bbox 3482 4912 3548 4968; x_wconf 84' lang='lat' dir='ltr'><strong>ab</strong></span> <span class='ocrx_word' id='word_1_835' title='bbox 3575 4928 3641 4967; x_wconf 89' lang='lat' dir='ltr'><strong>eo</strong></span> <span class='ocrx_word' id='word_1_836' title='bbox 3665 4923 3776 4968; x_wconf 85' lang='lat' dir='ltr'><strong>tres</strong></span> 
     </span>
    </p>
   </div>
   <div class='ocr_carea' id='block_1_113' title="bbox 2187 4999 3772 5075">
    <p class='ocr_par' dir='ltr' id='par_1_113' title="bbox 2187 4999 3772 5075">
     <span class='ocr_line' id='line_1_113' title="bbox 2187 4999 3772 5075; baseline 0.002 -18"><span class='ocrx_word' id='word_1_837' title='bbox 2187 4999 2260 5057; x_wconf 93' lang='lat' dir='ltr'><strong>illi</strong></span> <span class='ocrx_word' id='word_1_838' title='bbox 2294 5004 2445 5073; x_wconf 88' lang='lat' dir='ltr'><strong>primi</strong></span> <span class='ocrx_word' id='word_1_839' title='bbox 2479 5020 2492 5056; x_wconf 89' lang='lat'><strong>:</strong></span> <span class='ocrx_word' id='word_1_840' title='bbox 2521 5018 2621 5058; x_wconf 90' lang='lat' dir='ltr'><strong>nec</strong></span> <span class='ocrx_word' id='word_1_841' title='bbox 2663 5002 2734 5058; x_wconf 86' lang='lat' dir='ltr'><strong>ita</strong></span> <span class='ocrx_word' id='word_1_842' title='bbox 2764 5004 2931 5058; x_wconf 88' lang='lat' dir='ltr'><strong>multo</strong></span> <span class='ocrx_word' id='word_1_843' title='bbox 2979 5013 3099 5075; x_wconf 86' lang='lat' dir='ltr'><strong>post</strong></span> <span class='ocrx_word' id='word_1_844' title='bbox 3142 5004 3192 5058; x_wconf 91' lang='lat' dir='ltr'><strong>in</strong></span> <span class='ocrx_word' id='word_1_845' title='bbox 3235 5021 3392 5075; x_wconf 88' lang='lat' dir='ltr'><strong>quam</strong></span> <span class='ocrx_word' id='word_1_846' title='bbox 3422 5005 3772 5074; x_wconf 87' lang='lat' dir='ltr'><strong>plurimorum</strong></span> 
     </span>
    </p>
   </div>
   <div class='ocr_carea' id='block_1_114' title="bbox 2184 5095 3770 5164">
    <p class='ocr_par' dir='ltr' id='par_1_114' title="bbox 2184 5095 3770 5164">
     <span class='ocr_line' id='line_1_114' title="bbox 2184 5095 3770 5164; baseline 0.001 -16"><span class='ocrx_word' id='word_1_847' title='bbox 2184 5111 2374 5148; x_wconf 83' lang='lat' dir='ltr'><strong>manus</strong></span> <span class='ocrx_word' id='word_1_848' title='bbox 2416 5103 2791 5164; x_wconf 86' lang='lat' dir='ltr'><strong>pervenerunt.</strong></span> <span class='ocrx_word' id='word_1_849' title='bbox 2834 5095 2951 5150; x_wconf 85' lang='lat' dir='ltr'><strong>Non</strong></span> <span class='ocrx_word' id='word_1_850' title='bbox 2994 5095 3210 5151; x_wconf 81' lang='lat' dir='ltr'><strong>defuere</strong></span> <span class='ocrx_word' id='word_1_851' title='bbox 3257 5097 3394 5151; x_wconf 87' lang='lat' dir='ltr'><strong>inter</strong></span> <span class='ocrx_word' id='word_1_852' title='bbox 3439 5097 3770 5163; x_wconf 86' lang='lat' dir='ltr'><strong>idololatras,</strong></span> 
     </span>
    </p>
   </div>
   <div class='ocr_carea' id='block_1_115' title="bbox 2184 5185 3772 5257">
    <p class='ocr_par' dir='ltr' id='par_1_115' title="bbox 2184 5185 3772 5257">
     <span class='ocr_line' id='line_1_115' title="bbox 2184 5185 3772 5257; baseline 0.001 -18"><span class='ocrx_word' id='word_1_853' title='bbox 2184 5189 2271 5257; x_wconf 91' lang='lat' dir='ltr'><strong>qui</strong></span> <span class='ocrx_word' id='word_1_854' title='bbox 2295 5186 2360 5241; x_wconf 86' lang='lat' dir='ltr'><strong>de</strong></span> <span class='ocrx_word' id='word_1_855' title='bbox 2387 5185 2698 5241; x_wconf 83' lang='lat' dir='ltr'><strong>refellendis</strong></span> <span class='ocrx_word' id='word_1_856' title='bbox 2729 5186 2829 5240; x_wconf 87' lang='lat' dir='ltr'><strong>illis</strong></span> <span class='ocrx_word' id='word_1_857' title='bbox 2854 5187 3179 5256; x_wconf 86' lang='lat' dir='ltr'><strong>cogitarent;</strong></span> <span class='ocrx_word' id='word_1_858' title='bbox 3204 5185 3332 5251; x_wconf 91' lang='lat' dir='ltr'><strong>imo,</strong></span> <span class='ocrx_word' id='word_1_859' title='bbox 3365 5195 3427 5240; x_wconf 93' lang='lat' dir='ltr'><strong>ut</strong></span> <span class='ocrx_word' id='word_1_860' title='bbox 3453 5201 3772 5257; x_wconf 76' lang='lat' dir='ltr'><strong>responsum</strong></span> 
     </span>
    </p>
   </div>
   <div class='ocr_carea' id='block_1_116' title="bbox 2184 5277 3774 5344">
    <p class='ocr_par' dir='ltr' id='par_1_116' title="bbox 2184 5277 3774 5344">
     <span class='ocr_line' id='line_1_116' title="bbox 2184 5277 3774 5344; baseline 0 -13"><span class='ocrx_word' id='word_1_861' title='bbox 2184 5293 2337 5332; x_wconf 91' lang='lat' dir='ltr'><strong>suum</strong></span> <span class='ocrx_word' id='word_1_862' title='bbox 2362 5278 2412 5331; x_wconf 91' lang='lat' dir='ltr'><strong>in</strong></span> <span class='ocrx_word' id='word_1_863' title='bbox 2437 5277 2609 5331; x_wconf 91' lang='lat' dir='ltr'><strong>lucem</strong></span> <span class='ocrx_word' id='word_1_864' title='bbox 2641 5277 2966 5344; x_wconf 88' lang='lat' dir='ltr'><strong>emitterent,</strong></span> <span class='ocrx_word' id='word_1_865' title='bbox 2997 5277 3308 5331; x_wconf 83' lang='lat' dir='ltr'><strong>dicebantur</strong></span> <span class='ocrx_word' id='word_1_866' title='bbox 3335 5277 3467 5331; x_wconf 85' lang='lat' dir='ltr'><strong>nihil</strong></span> <span class='ocrx_word' id='word_1_867' title='bbox 3503 5277 3646 5333; x_wconf 88' lang='lat' dir='ltr'><strong>aliud</strong></span> <span class='ocrx_word' id='word_1_868' title='bbox 3678 5284 3774 5331; x_wconf 48' lang='lat' dir='ltr'><strong>ex:</strong></span> 
     </span>
    </p>
   </div>
   <div class='ocr_carea' id='block_1_117' title="bbox 2185 5367 3774 5438">
    <p class='ocr_par' dir='ltr' id='par_1_117' title="bbox 2185 5367 3774 5438">
     <span class='ocr_line' id='line_1_117' title="bbox 2185 5367 3774 5438; baseline -0.001 -15"><span class='ocrx_word' id='word_1_869' title='bbox 2185 5375 2446 5436; x_wconf 84' lang='lat' dir='ltr'><strong>spectare,</strong></span> <span class='ocrx_word' id='word_1_870' title='bbox 2470 5367 2570 5421; x_wconf 92' lang='lat' dir='ltr'><strong>nisi</strong></span> <span class='ocrx_word' id='word_1_871' title='bbox 2596 5369 3044 5438; x_wconf 83' lang='lat' dir='ltr'><strong>Opportunitatem</strong></span> <span class='ocrx_word' id='word_1_872' title='bbox 3068 5367 3317 5437; x_wconf 88' lang='lat' dir='ltr'><strong>aliquam,</strong></span> <span class='ocrx_word' id='word_1_873' title='bbox 3339 5367 3493 5437; x_wconf 89' lang='lat' dir='ltr'><strong>cujus</strong></span> <span class='ocrx_word' id='word_1_874' title='bbox 3514 5369 3774 5424; x_wconf 76' lang='lat' dir='ltr'><strong>beneﬁcio</strong></span> 
     </span>
    </p>
   </div>
   <div class='ocr_carea' id='block_1_118' title="bbox 2186 5461 3772 5532">
    <p class='ocr_par' dir='ltr' id='par_1_118' title="bbox 2186 5461 3772 5532">
     <span class='ocr_line' id='line_1_118' title="bbox 2186 5461 3772 5532; baseline 0 -18"><span class='ocrx_word' id='word_1_875' title='bbox 2186 5461 2236 5515; x_wconf 92' lang='lat' dir='ltr'><strong>id</strong></span> <span class='ocrx_word' id='word_1_876' title='bbox 2260 5462 2361 5516; x_wconf 89' lang='lat' dir='ltr'><strong>illis</strong></span> <span class='ocrx_word' id='word_1_877' title='bbox 2386 5462 2501 5516; x_wconf 89' lang='lat' dir='ltr'><strong>sine</strong></span> <span class='ocrx_word' id='word_1_878' title='bbox 2531 5469 2676 5514; x_wconf 90' lang='lat' dir='ltr'><strong>metu</strong></span> <span class='ocrx_word' id='word_1_879' title='bbox 2706 5461 2880 5530; x_wconf 85' lang='lat' dir='ltr'><strong>legum</strong></span> <span class='ocrx_word' id='word_1_880' title='bbox 2906 5461 3256 5532; x_wconf 88' lang='lat' dir='ltr'><strong>imperialium</strong></span> <span class='ocrx_word' id='word_1_881' title='bbox 3282 5461 3485 5517; x_wconf 87' lang='lat' dir='ltr'><strong>liceret.</strong></span> <span class='ocrx_word' id='word_1_882' title='bbox 3509 5462 3646 5528; x_wconf 82' lang='lat' dir='ltr'><strong>Quos</strong></span> <span class='ocrx_word' id='word_1_883' title='bbox 3671 5461 3772 5515; x_wconf 77' lang='lat' dir='ltr'><strong>ad-</strong></span> 
     </span>
    </p>
   </div>
   <div class='ocr_carea' id='block_1_119' title="bbox 2185 5553 3771 5624">
    <p class='ocr_par' dir='ltr' id='par_1_119' title="bbox 2185 5553 3771 5624">
     <span class='ocr_line' id='line_1_119' title="bbox 2185 5553 3771 5624; baseline 0.001 -19"><span class='ocrx_word' id='word_1_884' title='bbox 2185 5570 2384 5621; x_wconf 83' lang='lat' dir='ltr'><strong>moneo,</strong></span> <span class='ocrx_word' id='word_1_885' title='bbox 2419 5553 2587 5624; x_wconf 89' lang='lat' dir='ltr'><strong>inquit</strong></span> <span class='ocrx_word' id='word_1_886' title='bbox 2604 5553 2950 5624; x_wconf 82' lang='lat' dir='ltr'><strong>Augustinus,</strong></span> <span class='ocrx_word' id='word_1_887' title='bbox 2977 5569 3077 5606; x_wconf 82' lang='lat' dir='ltr'><strong>non</strong></span> <span class='ocrx_word' id='word_1_888' title='bbox 3104 5561 3275 5623; x_wconf 76' lang='lat' dir='ltr'><strong>aptent</strong></span> <span class='ocrx_word' id='word_1_889' title='bbox 3303 5555 3436 5623; x_wconf 86' lang='lat' dir='ltr'><strong>quod</strong></span> <span class='ocrx_word' id='word_1_890' title='bbox 3461 5555 3530 5607; x_wconf 79' lang='lat' dir='ltr'><strong>eis</strong></span> <span class='ocrx_word' id='word_1_891' title='bbox 3551 5570 3650 5607; x_wconf 78' lang='lat' dir='ltr'><strong>non</strong></span> <span class='ocrx_word' id='word_1_892' title='bbox 3677 5569 3771 5607; x_wconf 77' lang='lat' dir='ltr'><strong>ra:-</strong></span> 
     </span>
    </p>
   </div>
   <div class='ocr_carea' id='block_1_120' title="bbox 2188 5644 3772 5718">
    <p class='ocr_par' dir='ltr' id='par_1_120' title="bbox 2188 5644 3772 5718">
     <span class='ocr_line' id='line_1_120' title="bbox 2188 5644 3772 5718; baseline -0.003 -16"><span class='ocrx_word' id='word_1_893' title='bbox 2188 5649 2343 5718; x_wconf 83' lang='lat' dir='ltr'><strong>pedit.</strong></span> <span class='ocrx_word' id='word_1_894' title='bbox 2375 5645 2550 5701; x_wconf 80' lang='lat' dir='ltr'><strong>Facile</strong></span> <span class='ocrx_word' id='word_1_895' title='bbox 2585 5656 2656 5700; x_wconf 82' lang='lat' dir='ltr'><strong>est</strong></span> <span class='ocrx_word' id='word_1_896' title='bbox 2683 5646 2815 5699; x_wconf 82' lang='lat' dir='ltr'><strong>enim</strong></span> <span class='ocrx_word' id='word_1_897' title='bbox 2844 5644 3079 5714; x_wconf 82' lang='lat' dir='ltr'><strong>cuiquam</strong></span> <span class='ocrx_word' id='word_1_898' title='bbox 3105 5645 3264 5698; x_wconf 80' lang='lat' dir='ltr'><strong>videri</strong></span> <span class='ocrx_word' id='word_1_899' title='bbox 3304 5644 3639 5715; x_wconf 68' lang='lat' dir='ltr'><strong>respondisse,</strong></span> <span class='ocrx_word' id='word_1_900' title='bbox 3679 5647 3772 5713; x_wconf 76' lang='lat' dir='ltr'><strong>qui</strong></span> 
     </span>
    </p>
   </div>
   <div class='ocr_carea' id='block_1_121' title="bbox 2188 5737 3773 5811">
    <p class='ocr_par' dir='ltr' id='par_1_121' title="bbox 2188 5737 3773 5811">
     <span class='ocr_line' id='line_1_121' title="bbox 2188 5737 3773 5811; baseline -0.004 -16"><span class='ocrx_word' id='word_1_901' title='bbox 2188 5753 2348 5795; x_wconf 75' lang='lat' dir='ltr'><strong>tacere</strong></span> <span class='ocrx_word' id='word_1_902' title='bbox 2378 5740 2606 5792; x_wconf 75' lang='lat' dir='ltr'><strong>noluerit.</strong></span> <span class='ocrx_word' id='word_1_903' title='bbox 2641 5739 2732 5790; x_wconf 66' lang='lat' dir='ltr'><strong>Aut</strong></span> <span class='ocrx_word' id='word_1_904' title='bbox 2753 5738 2875 5811; x_wconf 80' lang='lat' dir='ltr'><strong>quid</strong></span> <span class='ocrx_word' id='word_1_905' title='bbox 2895 5737 3236 5808; x_wconf 75' lang='lat' dir='ltr'><strong>estloquacius</strong></span> <span class='ocrx_word' id='word_1_906' title='bbox 3253 5738 3472 5790; x_wconf 79' lang='lat' dir='ltr'><strong>vanitate</strong></span> <span class='ocrx_word' id='word_1_907' title='bbox 3495 5737 3650 5808; x_wconf 65' lang='grc' dir='ltr'>ἵᾳιιιε</span> <span class='ocrx_word' id='word_1_908' title='bbox 3669 5751 3773 5789; x_wconf 80' lang='lat' dir='ltr'><strong>non</strong></span> 
     </span>
    </p>
   </div>
  </div>
