  <div class='ocr_page' id='page_1' title='image "/cluster/home/n/w/nwhite01/storage/ocr_20150623/32/hvd.32044015706328/246.png"; bbox 0 0 4042 6360; ppageno 0'>
   <div class='ocr_carea' id='block_1_1' title="bbox 276 411 1863 504">
    <p class='ocr_par' dir='ltr' id='par_1_1' title="bbox 276 411 1863 504">
     <span class='ocr_line' id='line_1_1' title="bbox 276 411 1863 504; baseline -0.02 -12"><span class='ocrx_word' id='word_1_1' title='bbox 276 439 395 492; x_wconf 73' lang='lat' dir='ltr'><strong><em>ideo</em></strong></span> <span class='ocrx_word' id='word_1_2' title='bbox 419 440 577 504; x_wconf 88' lang='lat' dir='ltr'><strong><em>potest</em></strong></span> <span class='ocrx_word' id='word_1_3' title='bbox 601 428 737 498; x_wconf 87' lang='lat' dir='ltr'><strong><em>quod</em></strong></span> <span class='ocrx_word' id='word_1_4' title='bbox 759 423 1108 495; x_wconf 81' lang='lat' dir='ltr'><strong><em>veritas,quia,</em></strong></span> <span class='ocrx_word' id='word_1_5' title='bbox 1138 420 1181 476; x_wconf 87' lang='lat' dir='ltr'><strong><em>si</em></strong></span> <span class='ocrx_word' id='word_1_6' title='bbox 1208 415 1438 481; x_wconf 88' lang='lat' dir='ltr'><strong><em>uoluerit,</em></strong></span> <span class='ocrx_word' id='word_1_7' title='bbox 1463 413 1611 469; x_wconf 89' lang='lat' dir='ltr'><strong><em>etiam</em></strong></span> <span class='ocrx_word' id='word_1_8' title='bbox 1633 411 1746 480; x_wconf 91' lang='lat' dir='ltr'><strong><em>plus</em></strong></span> <span class='ocrx_word' id='word_1_9' title='bbox 1772 425 1863 479; x_wconf 83' lang='lat' dir='ltr'><strong><em>po-</em></strong></span> 
     </span>
    </p>
   </div>
   <div class='ocr_carea' id='block_1_2' title="bbox 274 500 1859 590">
    <p class='ocr_par' dir='ltr' id='par_1_2' title="bbox 274 500 1859 590">
     <span class='ocr_line' id='line_1_2' title="bbox 274 500 1859 590; baseline -0.02 -6"><span class='ocrx_word' id='word_1_10' title='bbox 274 539 374 585; x_wconf 82' lang='lat' dir='ltr'><strong><em>test</em></strong></span> <span class='ocrx_word' id='word_1_11' title='bbox 400 527 621 582; x_wconf 84' lang='lat' dir='ltr'><strong><em>clamare</em></strong></span> <span class='ocrx_word' id='word_1_12' title='bbox 647 537 798 590; x_wconf 82' lang='lat' dir='ltr'><strong><em>quant</em></strong></span> <span class='ocrx_word' id='word_1_13' title='bbox 833 518 1034 572; x_wconf 86' lang='lat' dir='ltr'><strong><em>ueritas.</em></strong></span> <span class='ocrx_word' id='word_1_14' title='bbox 1079 512 1183 582; x_wconf 83' lang='lat' dir='ltr'><strong><em>Sed</em></strong></span> <span class='ocrx_word' id='word_1_15' title='bbox 1208 507 1519 565; x_wconf 85' lang='lat' dir='ltr'><strong><em>considerent</em></strong></span> <span class='ocrx_word' id='word_1_16' title='bbox 1548 503 1714 557; x_wconf 81' lang='lat' dir='ltr'><strong><em>omnia</em></strong></span> <span class='ocrx_word' id='word_1_17' title='bbox 1740 500 1859 553; x_wconf 85' lang='lat' dir='ltr'><strong><em>dili-</em></strong></span> 
     </span>
    </p>
   </div>
   <div class='ocr_carea' id='block_1_3' title="bbox 273 593 1862 693">
    <p class='ocr_par' dir='ltr' id='par_1_3' title="bbox 273 593 1862 693">
     <span class='ocr_line' id='line_1_3' title="bbox 273 593 1862 693; baseline -0.021 -16"><span class='ocrx_word' id='word_1_18' title='bbox 273 632 448 693; x_wconf 77' lang='lat' dir='ltr'><strong><em>genter</em></strong></span> <span class='ocrx_word' id='word_1_19' title='bbox 480 635 495 671; x_wconf 89' lang='lat'><strong><em>:</em></strong></span> <span class='ocrx_word' id='word_1_20' title='bbox 534 629 578 672; x_wconf 90' lang='lat' dir='ltr'><strong><em>et</em></strong></span> <span class='ocrx_word' id='word_1_21' title='bbox 605 616 650 670; x_wconf 97' lang='lat' dir='ltr'><strong><em>si</em></strong></span> <span class='ocrx_word' id='word_1_22' title='bbox 671 615 799 683; x_wconf 84' lang='lat' dir='ltr'><strong><em>forte</em></strong></span> <span class='ocrx_word' id='word_1_23' title='bbox 831 611 937 666; x_wconf 87' lang='lat' dir='ltr'><strong><em>sine</em></strong></span> <span class='ocrx_word' id='word_1_24' title='bbox 967 606 1131 663; x_wconf 88' lang='lat' dir='ltr'><strong><em>studio</em></strong></span> <span class='ocrx_word' id='word_1_25' title='bbox 1167 603 1386 674; x_wconf 90' lang='lat' dir='ltr'><strong><em>partium</em></strong></span> <span class='ocrx_word' id='word_1_26' title='bbox 1419 599 1704 670; x_wconf 86' lang='lat' dir='ltr'><strong><em>judicantes</em></strong></span> <span class='ocrx_word' id='word_1_27' title='bbox 1741 593 1862 647; x_wconf 88' lang='lat' dir='ltr'><strong><em>talia</em></strong></span> 
     </span>
    </p>
   </div>
   <div class='ocr_carea' id='block_1_4' title="bbox 271 683 1862 779">
    <p class='ocr_par' dir='ltr' id='par_1_4' title="bbox 271 683 1862 779">
     <span class='ocr_line' id='line_1_4' title="bbox 271 683 1862 779; baseline -0.021 -11"><span class='ocrx_word' id='word_1_28' title='bbox 271 730 385 768; x_wconf 80' lang='lat' dir='ltr'><strong><em>esse</em></strong></span> <span class='ocrx_word' id='word_1_29' title='bbox 412 707 774 779; x_wconf 66' lang='lat' dir='ltr'><strong><em>perspe-perint,</em></strong></span> <span class='ocrx_word' id='word_1_30' title='bbox 801 717 915 770; x_wconf 71' lang='lat' dir='ltr'><strong><em>qua:</em></strong></span> <span class='ocrx_word' id='word_1_31' title='bbox 959 699 1119 768; x_wconf 86' lang='lat' dir='ltr'><strong><em>potius</em></strong></span> <span class='ocrx_word' id='word_1_32' title='bbox 1157 691 1426 764; x_wconf 73' lang='lat' dir='ltr'><strong><em>exagitari,</em></strong></span> <span class='ocrx_word' id='word_1_33' title='bbox 1453 704 1603 759; x_wconf 87' lang='lat' dir='ltr'><strong><em>quant</em></strong></span> <span class='ocrx_word' id='word_1_34' title='bbox 1652 683 1862 739; x_wconf 83' lang='lat' dir='ltr'><strong><em>convelli</em></strong></span> 
     </span>
    </p>
   </div>
   <div class='ocr_carea' id='block_1_5' title="bbox 275 773 1862 875">
    <p class='ocr_par' dir='ltr' id='par_1_5' title="bbox 275 773 1862 875">
     <span class='ocr_line' id='line_1_5' title="bbox 275 773 1862 875; baseline -0.021 -16"><span class='ocrx_word' id='word_1_35' title='bbox 275 805 468 875; x_wconf 81' lang='lat' dir='ltr'><strong><em>possint</em></strong></span> <span class='ocrx_word' id='word_1_36' title='bbox 495 773 792 871; x_wconf 81' lang='lat' dir='ltr'><strong><em>garrulitate</em></strong></span> <span class='ocrx_word' id='word_1_37' title='bbox 820 785 1250 862; x_wconf 84' lang='lat' dir='ltr'><strong><em>impudentissima</em></strong></span> <span class='ocrx_word' id='word_1_38' title='bbox 1288 790 1336 837; x_wconf 89' lang='lat' dir='ltr'><strong><em>et</em></strong></span> <span class='ocrx_word' id='word_1_39' title='bbox 1373 781 1515 852; x_wconf 90' lang='lat' dir='ltr'><strong><em>quasi</em></strong></span> <span class='ocrx_word' id='word_1_40' title='bbox 1541 776 1745 832; x_wconf 87' lang='lat' dir='ltr'><strong><em>satirica</em></strong></span> <span class='ocrx_word' id='word_1_41' title='bbox 1787 773 1862 826; x_wconf 81' lang='lat' dir='ltr'><strong><em>rel</em></strong></span> 
     </span>
    </p>
   </div>
   <div class='ocr_carea' id='block_1_6' title="bbox 273 870 1861 952">
    <p class='ocr_par' dir='ltr' id='par_1_6' title="bbox 273 870 1861 952">
     <span class='ocr_line' id='line_1_6' title="bbox 273 870 1861 952; baseline -0.02 -3"><span class='ocrx_word' id='word_1_42' title='bbox 273 895 481 948; x_wconf 77' lang='lat' dir='ltr'><strong><em>mimica</em></strong></span> <span class='ocrx_word' id='word_1_43' title='bbox 499 870 724 952; x_wconf 78' lang='lat' dir='ltr'><strong><em>levitate,</em></strong></span> <span class='ocrx_word' id='word_1_44' title='bbox 757 885 1015 940; x_wconf 83' lang='lat' dir='ltr'><strong><em>coltibeant</em></strong></span> <span class='ocrx_word' id='word_1_45' title='bbox 1042 894 1158 933; x_wconf 86' lang='lat' dir='ltr'><strong><em>suas</em></strong></span> <span class='ocrx_word' id='word_1_46' title='bbox 1195 882 1391 945; x_wconf 82' lang='lat' dir='ltr'><strong><em>nugas;</em></strong></span> <span class='ocrx_word' id='word_1_47' title='bbox 1414 881 1459 926; x_wconf 90' lang='lat' dir='ltr'><strong><em>et</em></strong></span> <span class='ocrx_word' id='word_1_48' title='bbox 1491 870 1655 940; x_wconf 77' lang='lat' dir='ltr'><strong><em>potius</em></strong></span> <span class='ocrx_word' id='word_1_49' title='bbox 1680 885 1710 920; x_wconf 93' lang='lat' dir='ltr'><strong><em>a</em></strong></span> <span class='ocrx_word' id='word_1_50' title='bbox 1738 882 1861 937; x_wconf 86' lang='lat' dir='ltr'><strong><em>pru-</em></strong></span> 
     </span>
    </p>
   </div>
   <div class='ocr_carea' id='block_1_7' title="bbox 273 956 1864 1047">
    <p class='ocr_par' dir='ltr' id='par_1_7' title="bbox 273 956 1864 1047">
     <span class='ocr_line' id='line_1_7' title="bbox 273 956 1864 1047; baseline -0.021 -6"><span class='ocrx_word' id='word_1_51' title='bbox 273 982 512 1041; x_wconf 78' lang='lat' dir='ltr'><strong><em>dentibus</em></strong></span> <span class='ocrx_word' id='word_1_52' title='bbox 531 979 808 1042; x_wconf 83' lang='lat' dir='ltr'><strong><em>emendari,</em></strong></span> <span class='ocrx_word' id='word_1_53' title='bbox 831 991 981 1047; x_wconf 88' lang='lat' dir='ltr'><strong><em>quam</em></strong></span> <span class='ocrx_word' id='word_1_54' title='bbox 1021 969 1222 1025; x_wconf 88' lang='lat' dir='ltr'><strong><em>laudari</em></strong></span> <span class='ocrx_word' id='word_1_55' title='bbox 1249 967 1310 1020; x_wconf 88' lang='lat' dir='ltr'><strong><em>ab</em></strong></span> <span class='ocrx_word' id='word_1_56' title='bbox 1340 956 1864 1036; x_wconf 80' lang='lat' dir='ltr'><strong><em>imprudentibus_eli-</em></strong></span> 
     </span>
    </p>
   </div>
   <div class='ocr_carea' id='block_1_8' title="bbox 273 1047 1864 1149">
    <p class='ocr_par' dir='ltr' id='par_1_8' title="bbox 273 1047 1864 1149">
     <span class='ocr_line' id='line_1_8' title="bbox 273 1047 1864 1149; baseline -0.021 -16"><span class='ocrx_word' id='word_1_57' title='bbox 273 1088 419 1149; x_wconf 70' lang='lat' dir='ltr'><strong><em>gent.</em></strong></span> <span class='ocrx_word' id='word_1_58' title='bbox 453 1074 594 1129; x_wconf 84' lang='lat' dir='ltr'><strong><em>Nam</em></strong></span> <span class='ocrx_word' id='word_1_59' title='bbox 630 1073 673 1126; x_wconf 90' lang='lat' dir='ltr'><strong><em>si</em></strong></span> <span class='ocrx_word' id='word_1_60' title='bbox 717 1086 817 1149; x_wconf 84' lang='lat' dir='ltr'><strong><em>non</em></strong></span> <span class='ocrx_word' id='word_1_61' title='bbox 858 1067 925 1119; x_wconf 91' lang='lat' dir='ltr'><strong><em>ad</em></strong></span> <span class='ocrx_word' id='word_1_62' title='bbox 953 1067 1227 1119; x_wconf 86' lang='lat' dir='ltr'><strong><em>libertatem</em></strong></span> <span class='ocrx_word' id='word_1_63' title='bbox 1269 1074 1382 1111; x_wconf 83' lang='lat' dir='ltr'><strong><em>vera</em></strong></span> <span class='ocrx_word' id='word_1_64' title='bbox 1414 1052 1630 1115; x_wconf 77' lang='lat' dir='ltr'><strong><em>dicendi,</em></strong></span> <span class='ocrx_word' id='word_1_65' title='bbox 1683 1050 1771 1104; x_wconf 85' lang='lat' dir='ltr'><strong><em>sed</em></strong></span> <span class='ocrx_word' id='word_1_66' title='bbox 1798 1047 1864 1100; x_wconf 92' lang='lat' dir='ltr'><strong><em>ad</em></strong></span> 
     </span>
    </p>
   </div>
   <div class='ocr_carea' id='block_1_9' title="bbox 274 1139 1865 1223">
    <p class='ocr_par' dir='ltr' id='par_1_9' title="bbox 274 1139 1865 1223">
     <span class='ocr_line' id='line_1_9' title="bbox 274 1139 1865 1223; baseline -0.02 0"><span class='ocrx_word' id='word_1_67' title='bbox 274 1139 532 1223; x_wconf 73' lang='lat' dir='ltr'><strong><em>licentiam</em></strong></span> <span class='ocrx_word' id='word_1_68' title='bbox 573 1145 906 1216; x_wconf 77' lang='lat' dir='ltr'><strong><em>maledicendi</em></strong></span> <span class='ocrx_word' id='word_1_69' title='bbox 948 1164 1146 1222; x_wconf 83' lang='lat' dir='ltr'><strong><em>tempus</em></strong></span> <span class='ocrx_word' id='word_1_70' title='bbox 1173 1153 1495 1219; x_wconf 71' lang='lat' dir='ltr'><strong><em>exspectant;</em></strong></span> <span class='ocrx_word' id='word_1_71' title='bbox 1535 1141 1663 1194; x_wconf 88' lang='lat' dir='ltr'><strong><em>absit</em></strong></span> <span class='ocrx_word' id='word_1_72' title='bbox 1706 1150 1758 1192; x_wconf 92' lang='lat' dir='ltr'><strong><em>ut</em></strong></span> <span class='ocrx_word' id='word_1_73' title='bbox 1797 1139 1865 1191; x_wconf 84' lang='lat' dir='ltr'><strong><em>eis</em></strong></span> 
     </span>
    </p>
   </div>
   <div class='ocr_carea' id='block_1_10' title="bbox 270 1229 1863 1326">
    <p class='ocr_par' dir='ltr' id='par_1_10' title="bbox 270 1229 1863 1326">
     <span class='ocr_line' id='line_1_10' title="bbox 270 1229 1863 1326; baseline -0.022 -11"><span class='ocrx_word' id='word_1_74' title='bbox 270 1260 491 1320; x_wconf 74' lang='lat' dir='ltr'><strong><em>eveniat,</em></strong></span> <span class='ocrx_word' id='word_1_75' title='bbox 524 1253 659 1326; x_wconf 88' lang='lat' dir='ltr'><strong><em>quod</em></strong></span> <span class='ocrx_word' id='word_1_76' title='bbox 695 1253 767 1306; x_wconf 88' lang='lat' dir='ltr'><strong><em>ait</em></strong></span> <span class='ocrx_word' id='word_1_77' title='bbox 800 1249 994 1304; x_wconf 87' lang='lat' dir='ltr'><strong><em>Tullius</em></strong></span> <span class='ocrx_word' id='word_1_78' title='bbox 1023 1244 1086 1298; x_wconf 87' lang='lat' dir='ltr'><strong><em>de</em></strong></span> <span class='ocrx_word' id='word_1_79' title='bbox 1135 1240 1356 1311; x_wconf 84' lang='lat' dir='ltr'><strong><em>quodam</em></strong></span> <span class='ocrx_word' id='word_1_80' title='bbox 1405 1235 1489 1307; x_wconf 85' lang='lat' dir='ltr'><strong><em>qui</em></strong></span> <span class='ocrx_word' id='word_1_81' title='bbox 1517 1230 1758 1304; x_wconf 85' lang='lat' dir='ltr'><strong><em>peccandi</em></strong></span> <span class='ocrx_word' id='word_1_82' title='bbox 1797 1229 1863 1281; x_wconf 87' lang='lat' dir='ltr'><strong><em>li-</em></strong></span> 
     </span>
    </p>
   </div>
   <div class='ocr_carea' id='block_1_11' title="bbox 272 1321 1870 1418">
    <p class='ocr_par' dir='ltr' id='par_1_11' title="bbox 272 1321 1870 1418">
     <span class='ocr_line' id='line_1_11' title="bbox 272 1321 1870 1418; baseline -0.021 -12"><span class='ocrx_word' id='word_1_83' title='bbox 272 1351 441 1406; x_wconf 81' lang='lat' dir='ltr'><strong><em>centia</em></strong></span> <span class='ocrx_word' id='word_1_84' title='bbox 465 1321 593 1418; x_wconf 68' lang='lat' dir='ltr'><strong><em>felix</em></strong></span> <span class='ocrx_word' id='word_1_85' title='bbox 622 1342 966 1414; x_wconf 77' lang='lat' dir='ltr'><strong><em>appellabatur</em></strong></span> <span class='ocrx_word' id='word_1_86' title='bbox 995 1340 1010 1392; x_wconf 75' lang='grc' dir='ltr'><strong><em>ἑ</em></strong></span> <span class='ocrx_word' id='word_1_87' title='bbox 1043 1334 1086 1390; x_wconf 92' lang='grc' dir='ltr'><em>Ο</em></span> <span class='ocrx_word' id='word_1_88' title='bbox 1113 1334 1365 1396; x_wconf 79' lang='lat' dir='ltr'><strong><em>miserum,</em></strong></span> <span class='ocrx_word' id='word_1_89' title='bbox 1397 1328 1476 1381; x_wconf 91' lang='lat' dir='ltr'><strong><em>cui</em></strong></span> <span class='ocrx_word' id='word_1_90' title='bbox 1512 1339 1714 1395; x_wconf 80' lang='lat' dir='ltr'><strong><em>peccare</em></strong></span> <span class='ocrx_word' id='word_1_91' title='bbox 1751 1321 1870 1374; x_wconf 81' lang='lat' dir='ltr'><strong><em>liee-</em></strong></span> 
     </span>
    </p>
   </div>
   <div class='ocr_carea' id='block_1_12' title="bbox 271 1414 1869 1508">
    <p class='ocr_par' dir='ltr' id='par_1_12' title="bbox 271 1414 1869 1508">
     <span class='ocr_line' id='line_1_12' title="bbox 271 1414 1869 1508; baseline -0.022 -9"><span class='ocrx_word' id='word_1_92' title='bbox 271 1445 399 1499; x_wconf 71' lang='lat' dir='ltr'><strong><em>bat!</em></strong></span> <span class='ocrx_word' id='word_1_93' title='bbox 425 1414 576 1498; x_wconf 85' lang='lat' dir='ltr'><strong><em>nde</em></strong></span> <span class='ocrx_word' id='word_1_94' title='bbox 593 1437 812 1508; x_wconf 74' lang='lat' dir='ltr'><strong><em>quisquis</em></strong></span> <span class='ocrx_word' id='word_1_95' title='bbox 838 1439 926 1496; x_wconf 88' lang='lat' dir='ltr'><strong><em>est,</em></strong></span> <span class='ocrx_word' id='word_1_96' title='bbox 951 1431 1036 1500; x_wconf 89' lang='lat' dir='ltr'><strong><em>qui</em></strong></span> <span class='ocrx_word' id='word_1_97' title='bbox 1079 1421 1408 1480; x_wconf 77' lang='lat' dir='ltr'><strong><em>maledicendi</em></strong></span> <span class='ocrx_word' id='word_1_98' title='bbox 1438 1418 1638 1473; x_wconf 87' lang='lat' dir='ltr'><strong><em>licentia</em></strong></span> <span class='ocrx_word' id='word_1_99' title='bbox 1677 1414 1869 1499; x_wconf 72' lang='lat' dir='ltr'><strong><em>felicem</em></strong></span> 
     </span>
    </p>
   </div>
   <div class='ocr_carea' id='block_1_13' title="bbox 271 1493 1871 1607">
    <p class='ocr_par' dir='ltr' id='par_1_13' title="bbox 271 1493 1871 1607">
     <span class='ocr_line' id='line_1_13' title="bbox 271 1493 1871 1607; baseline -0.025 -14"><span class='ocrx_word' id='word_1_100' title='bbox 271 1555 329 1595; x_wconf 80' lang='lat' dir='ltr'><strong><em>se</em></strong></span> <span class='ocrx_word' id='word_1_101' title='bbox 354 1546 525 1607; x_wconf 69' lang='lat' dir='ltr'><strong><em>putat,</em></strong></span> <span class='ocrx_word' id='word_1_102' title='bbox 567 1493 728 1584; x_wconf 65' lang='lat' dir='ltr'><strong><em>uiultd</em></strong></span> <span class='ocrx_word' id='word_1_103' title='bbox 754 1527 846 1580; x_wconf 87' lang='lat' dir='ltr'><strong><em>erit</em></strong></span> <span class='ocrx_word' id='word_1_104' title='bbox 895 1493 1115 1594; x_wconf 76' lang='lat' dir='ltr'><strong><em>felicior,</em></strong></span> <span class='ocrx_word' id='word_1_105' title='bbox 1144 1517 1186 1572; x_wconf 87' lang='lat' dir='ltr'><strong><em>si</em></strong></span> <span class='ocrx_word' id='word_1_106' title='bbox 1214 1516 1306 1568; x_wconf 86' lang='lat' dir='ltr'><strong><em>hoc</em></strong></span> <span class='ocrx_word' id='word_1_107' title='bbox 1342 1507 1422 1566; x_wconf 86' lang='lat' dir='ltr'><strong><em>illi</em></strong></span> <span class='ocrx_word' id='word_1_108' title='bbox 1449 1509 1652 1563; x_wconf 85' lang='lat' dir='ltr'><strong><em>outnino</em></strong></span> <span class='ocrx_word' id='word_1_109' title='bbox 1679 1511 1777 1558; x_wconf 84' lang='lat' dir='ltr'><strong><em>non</em></strong></span> <span class='ocrx_word' id='word_1_110' title='bbox 1808 1493 1871 1556; x_wconf 84' lang='lat' dir='ltr'><strong><em>li-</em></strong></span> 
     </span>
    </p>
   </div>
   <div class='ocr_carea' id='block_1_14' title="bbox 272 1594 1869 1691">
    <p class='ocr_par' dir='ltr' id='par_1_14' title="bbox 272 1594 1869 1691">
     <span class='ocr_line' id='line_1_14' title="bbox 272 1594 1869 1691; baseline -0.025 -7"><span class='ocrx_word' id='word_1_111' title='bbox 272 1594 386 1684; x_wconf 61' lang='grc' dir='ltr'><strong><em>ωλι</em></strong></span> <span class='ocrx_word' id='word_1_112' title='bbox 414 1641 572 1681; x_wconf 86' lang='lat' dir='ltr'><strong><em>:cum</em></strong></span> <span class='ocrx_word' id='word_1_113' title='bbox 599 1621 754 1691; x_wconf 89' lang='lat' dir='ltr'><strong><em>possit</em></strong></span> <span class='ocrx_word' id='word_1_114' title='bbox 790 1615 1016 1686; x_wconf 89' lang='lat' dir='ltr'><strong><em>deposita</em></strong></span> <span class='ocrx_word' id='word_1_115' title='bbox 1044 1608 1289 1664; x_wconf 87' lang='lat' dir='ltr'><strong><em>inanitate</em></strong></span> <span class='ocrx_word' id='word_1_116' title='bbox 1319 1600 1578 1673; x_wconf 73' lang='lat' dir='ltr'><strong><em>iactantiw</em></strong></span> <span class='ocrx_word' id='word_1_117' title='bbox 1605 1597 1753 1650; x_wconf 88' lang='lat' dir='ltr'><strong><em>etiam</em></strong></span> <span class='ocrx_word' id='word_1_118' title='bbox 1774 1594 1869 1646; x_wconf 86' lang='lat' dir='ltr'><strong><em>isto</em></strong></span> 
     </span>
    </p>
   </div>
   <div class='ocr_carea' id='block_1_15' title="bbox 275 1686 1868 1786">
    <p class='ocr_par' dir='ltr' id='par_1_15' title="bbox 275 1686 1868 1786">
     <span class='ocr_line' id='line_1_15' title="bbox 275 1686 1868 1786; baseline -0.024 -13"><span class='ocrx_word' id='word_1_119' title='bbox 275 1729 507 1786; x_wconf 85' lang='lat' dir='ltr'><strong><em>tempore</em></strong></span> <span class='ocrx_word' id='word_1_120' title='bbox 537 1686 776 1782; x_wconf 79' lang='lat' dir='ltr'><strong><em>tanquam</em></strong></span> <span class='ocrx_word' id='word_1_121' title='bbox 818 1705 984 1761; x_wconf 85' lang='lat' dir='ltr'><strong><em>studio</em></strong></span> <span class='ocrx_word' id='word_1_122' title='bbox 1015 1696 1330 1762; x_wconf 82' lang='lat' dir='ltr'><strong><em>consulendi,</em></strong></span> <span class='ocrx_word' id='word_1_123' title='bbox 1358 1690 1601 1765; x_wconf 87' lang='lat' dir='ltr'><strong><em>quidquid</em></strong></span> <span class='ocrx_word' id='word_1_124' title='bbox 1642 1686 1868 1750; x_wconf 78' lang='lat' dir='ltr'><strong><em>voluerit,</em></strong></span> 
     </span>
    </p>
   </div>
   <div class='ocr_carea' id='block_1_16' title="bbox 275 1777 1872 1869">
    <p class='ocr_par' dir='ltr' id='par_1_16' title="bbox 275 1777 1872 1869">
     <span class='ocr_line' id='line_1_16' title="bbox 275 1777 1872 1869; baseline -0.024 -3"><span class='ocrx_word' id='word_1_125' title='bbox 275 1777 667 1868; x_wconf 66' lang='lat' dir='ltr'><strong><em>contradicere;</em></strong></span> <span class='ocrx_word' id='word_1_126' title='bbox 711 1811 756 1856; x_wconf 89' lang='lat' dir='ltr'><strong><em>et</em></strong></span> <span class='ocrx_word' id='word_1_127' title='bbox 785 1807 1026 1869; x_wconf 90' lang='lat' dir='ltr'><strong><em>quantum</em></strong></span> <span class='ocrx_word' id='word_1_128' title='bbox 1056 1797 1282 1864; x_wconf 88' lang='lat' dir='ltr'><strong><em>possunt,</em></strong></span> <span class='ocrx_word' id='word_1_129' title='bbox 1309 1787 1370 1840; x_wconf 89' lang='lat' dir='ltr'><strong><em>ab</em></strong></span> <span class='ocrx_word' id='word_1_130' title='bbox 1408 1786 1479 1838; x_wconf 86' lang='lat' dir='ltr'><strong><em>eis</em></strong></span> <span class='ocrx_word' id='word_1_131' title='bbox 1507 1796 1628 1851; x_wconf 87' lang='lat' dir='ltr'><strong><em>quos</em></strong></span> <span class='ocrx_word' id='word_1_132' title='bbox 1657 1777 1872 1832; x_wconf 87' lang='lat' dir='ltr'><strong><em>consulit</em></strong></span> 
     </span>
    </p>
   </div>
   <div class='ocr_carea' id='block_1_17' title="bbox 275 1862 1874 1966">
    <p class='ocr_par' dir='ltr' id='par_1_17' title="bbox 275 1862 1874 1966">
     <span class='ocr_line' id='line_1_17' title="bbox 275 1862 1874 1966; baseline -0.024 -9"><span class='ocrx_word' id='word_1_133' title='bbox 275 1901 447 1955; x_wconf 80' lang='lat' dir='ltr'><strong><em>antica</em></strong></span> <span class='ocrx_word' id='word_1_134' title='bbox 471 1862 834 1966; x_wconf 77' lang='lat' dir='ltr'><strong><em>disputatione,</em></strong></span> <span class='ocrx_word' id='word_1_135' title='bbox 865 1862 1089 1948; x_wconf 81' lang='lat' dir='ltr'><strong><em>honeste,</em></strong></span> <span class='ocrx_word' id='word_1_136' title='bbox 1113 1879 1347 1953; x_wconf 82' lang='lat' dir='ltr'><strong><em>grauiter,</em></strong></span> <span class='ocrx_word' id='word_1_137' title='bbox 1372 1875 1539 1939; x_wconf 83' lang='lat' dir='ltr'><strong><em>libere,</em></strong></span> <span class='ocrx_word' id='word_1_138' title='bbox 1570 1862 1702 1941; x_wconf 90' lang='lat' dir='ltr'><strong><em>quod</em></strong></span> <span class='ocrx_word' id='word_1_139' title='bbox 1723 1883 1874 1936; x_wconf 85' lang='lat' dir='ltr'><strong><em>opor-</em></strong></span> 
     </span>
    </p>
   </div>
   <div class='ocr_carea' id='block_1_18' title="bbox 283 1957 1874 2056">
    <p class='ocr_par' dir='ltr' id='par_1_18' title="bbox 283 1957 1874 2056">
     <span class='ocr_line' id='line_1_18' title="bbox 283 1957 1874 2056; baseline -0.023 -9"><span class='ocrx_word' id='word_1_140' title='bbox 283 2003 354 2047; x_wconf 86' lang='lat' dir='ltr'><strong><em>tet</em></strong></span> <span class='ocrx_word' id='word_1_141' title='bbox 394 1957 576 2044; x_wconf 78' lang='lat' dir='ltr'><strong><em>audire</em></strong></span> <span class='ocrx_word' id='word_1_142' title='bbox 606 1984 708 2056; x_wconf 89' lang='lat' dir='ltr'><strong><em>(De</em></strong></span> <span class='ocrx_word' id='word_1_143' title='bbox 735 1981 882 2038; x_wconf 83' lang='lat' dir='ltr'><strong><em>Civit.</em></strong></span> <span class='ocrx_word' id='word_1_144' title='bbox 925 1976 1049 2039; x_wconf 88' lang='lat' dir='ltr'><strong><em>Dei,</em></strong></span> <span class='ocrx_word' id='word_1_145' title='bbox 1083 1973 1170 2028; x_wconf 89' lang='lat' dir='ltr'><strong><em>lib.</em></strong></span> <span class='ocrx_word' id='word_1_146' title='bbox 1203 1969 1254 2036; x_wconf 82' lang='lat'><strong><em>5,</em></strong></span> <span class='ocrx_word' id='word_1_147' title='bbox 1286 1985 1400 2038; x_wconf 89' lang='lat' dir='ltr'><strong><em>cap.</em></strong></span> <span class='ocrx_word' id='word_1_148' title='bbox 1436 1965 1527 2030; x_wconf 71' lang='lat'><strong><em>26,</em></strong></span> <span class='ocrx_word' id='word_1_149' title='bbox 1574 1980 1627 2016; x_wconf 82' lang='grc' dir='ltr'><strong><em>η.</em></strong></span> <span class='ocrx_word' id='word_1_150' title='bbox 1657 1957 1735 2032; x_wconf 71' lang='lat'><strong><em>2).</em></strong></span> <span class='ocrx_word' id='word_1_151' title='bbox 1760 1959 1874 2028; x_wconf 89' lang='lat' dir='ltr'><strong><em>Quo</em></strong></span> 
     </span>
    </p>
   </div>
   <div class='ocr_carea' id='block_1_19' title="bbox 282 2053 1876 2152">
    <p class='ocr_par' dir='ltr' id='par_1_19' title="bbox 282 2053 1876 2152">
     <span class='ocr_line' id='line_1_19' title="bbox 282 2053 1876 2152; baseline -0.023 -15"><span class='ocrx_word' id='word_1_152' title='bbox 282 2094 535 2152; x_wconf 87' lang='lat' dir='ltr'><strong><em>tempore</em></strong></span> <span class='ocrx_word' id='word_1_153' title='bbox 559 2075 772 2138; x_wconf 91' lang='lat' dir='ltr'><strong><em>Orosio,</em></strong></span> <span class='ocrx_word' id='word_1_154' title='bbox 802 2078 860 2126; x_wconf 90' lang='lat' dir='ltr'><strong><em>ut</em></strong></span> <span class='ocrx_word' id='word_1_155' title='bbox 889 2065 1164 2124; x_wconf 75' lang='lat' dir='ltr'><strong><em>historiam</em></strong></span> <span class='ocrx_word' id='word_1_156' title='bbox 1195 2074 1342 2116; x_wconf 89' lang='lat' dir='ltr'><strong><em>suam</em></strong></span> <span class='ocrx_word' id='word_1_157' title='bbox 1366 2053 1755 2116; x_wconf 69' lang='lat' dir='ltr'><strong><em>conscriberet,</em></strong></span> <span class='ocrx_word' id='word_1_158' title='bbox 1780 2065 1876 2104; x_wconf 83' lang='lat' dir='ltr'><strong><em>au-</em></strong></span> 
     </span>
    </p>
   </div>
   <div class='ocr_carea' id='block_1_20' title="bbox 283 2144 1876 2238">
    <p class='ocr_par' dir='ltr' id='par_1_20' title="bbox 283 2144 1876 2238">
     <span class='ocr_line' id='line_1_20' title="bbox 283 2144 1876 2238; baseline -0.026 -3"><span class='ocrx_word' id='word_1_159' title='bbox 283 2190 406 2235; x_wconf 88' lang='lat' dir='ltr'><strong><em>ctor</em></strong></span> <span class='ocrx_word' id='word_1_160' title='bbox 444 2176 564 2238; x_wconf 88' lang='lat' dir='ltr'><strong><em>fuit,</em></strong></span> <span class='ocrx_word' id='word_1_161' title='bbox 611 2169 859 2225; x_wconf 88' lang='lat' dir='ltr'><strong><em>nimirum</em></strong></span> <span class='ocrx_word' id='word_1_162' title='bbox 909 2175 1050 2216; x_wconf 88' lang='lat' dir='ltr'><strong><em>anno</em></strong></span> <span class='ocrx_word' id='word_1_163' title='bbox 1094 2169 1252 2226; x_wconf 82' lang='lat' dir='ltr'><strong><em>supra</em></strong></span> <span class='ocrx_word' id='word_1_164' title='bbox 1296 2144 1876 2223; x_wconf 77' lang='lat' dir='ltr'><strong><em>quadringentesimum</em></strong></span> 
     </span>
    </p>
   </div>
   <div class='ocr_carea' id='block_1_21' title="bbox 283 2233 1878 2323">
    <p class='ocr_par' dir='ltr' id='par_1_21' title="bbox 283 2233 1878 2323">
     <span class='ocr_line' id='line_1_21' title="bbox 283 2233 1878 2323; baseline -0.025 1"><span class='ocrx_word' id='word_1_165' title='bbox 283 2269 501 2323; x_wconf 83' lang='lat' dir='ltr'><strong><em>decimo</em></strong></span> <span class='ocrx_word' id='word_1_166' title='bbox 531 2271 682 2318; x_wconf 78' lang='lat' dir='ltr'><strong><em>sexto</em></strong></span> <span class='ocrx_word' id='word_1_167' title='bbox 705 2258 790 2313; x_wconf 89' lang='lat' dir='ltr'><strong><em>vel</em></strong></span> <span class='ocrx_word' id='word_1_168' title='bbox 821 2255 1027 2311; x_wconf 87' lang='lat' dir='ltr'><strong><em>decimo</em></strong></span> <span class='ocrx_word' id='word_1_169' title='bbox 1051 2247 1298 2318; x_wconf 83' lang='lat' dir='ltr'><strong><em>septimo,</em></strong></span> <span class='ocrx_word' id='word_1_170' title='bbox 1334 2244 1448 2314; x_wconf 81' lang='lat' dir='ltr'><strong><em>ipse</em></strong></span> <span class='ocrx_word' id='word_1_171' title='bbox 1485 2236 1698 2294; x_wconf 78' lang='lat' dir='ltr'><strong><em>maximi</em></strong></span> <span class='ocrx_word' id='word_1_172' title='bbox 1739 2233 1878 2287; x_wconf 86' lang='lat' dir='ltr'><strong><em>illius</em></strong></span> 
     </span>
    </p>
   </div>
   <div class='ocr_carea' id='block_1_22' title="bbox 284 2324 1879 2428">
    <p class='ocr_par' dir='ltr' id='par_1_22' title="bbox 284 2324 1879 2428">
     <span class='ocr_line' id='line_1_22' title="bbox 284 2324 1879 2428; baseline -0.025 -14"><span class='ocrx_word' id='word_1_173' title='bbox 284 2358 470 2428; x_wconf 85' lang='lat' dir='ltr'><strong><em>operis</em></strong></span> <span class='ocrx_word' id='word_1_174' title='bbox 496 2355 690 2408; x_wconf 86' lang='lat' dir='ltr'><strong><em>librum</em></strong></span> <span class='ocrx_word' id='word_1_175' title='bbox 715 2345 1056 2404; x_wconf 81' lang='lat' dir='ltr'><strong><em>uitdecimum</em></strong></span> <span class='ocrx_word' id='word_1_176' title='bbox 1074 2333 1564 2396; x_wconf 82' lang='lat' dir='ltr'><strong><em>commentabatur,</em></strong></span> <span class='ocrx_word' id='word_1_177' title='bbox 1597 2325 1753 2382; x_wconf 90' lang='lat' dir='ltr'><strong><em>editis</em></strong></span> <span class='ocrx_word' id='word_1_178' title='bbox 1770 2324 1879 2390; x_wconf 89' lang='lat' dir='ltr'><strong><em>jam</em></strong></span> 
     </span>
    </p>
   </div>
   <div class='ocr_carea' id='block_1_23' title="bbox 288 2416 1880 2517">
    <p class='ocr_par' dir='ltr' id='par_1_23' title="bbox 288 2416 1880 2517">
     <span class='ocr_line' id='line_1_23' title="bbox 288 2416 1880 2517; baseline -0.024 -10"><span class='ocrx_word' id='word_1_179' title='bbox 288 2416 485 2506; x_wconf 64' lang='lat' dir='ltr'><strong><em>decem</em></strong></span> <span class='ocrx_word' id='word_1_180' title='bbox 509 2443 719 2517; x_wconf 82' lang='lat' dir='ltr'><strong><em>primis,</em></strong></span> <span class='ocrx_word' id='word_1_181' title='bbox 747 2447 959 2512; x_wconf 85' lang='lat' dir='ltr'><strong><em>quorum</em></strong></span> <span class='ocrx_word' id='word_1_182' title='bbox 982 2434 1195 2490; x_wconf 83' lang='lat' dir='ltr'><strong><em>orientes</em></strong></span> <span class='ocrx_word' id='word_1_183' title='bbox 1222 2426 1377 2492; x_wconf 82' lang='lat' dir='ltr'><strong><em>radii,</em></strong></span> <span class='ocrx_word' id='word_1_184' title='bbox 1416 2424 1474 2478; x_wconf 80' lang='lat' dir='ltr'><strong><em>ut</em></strong></span> <span class='ocrx_word' id='word_1_185' title='bbox 1493 2420 1726 2492; x_wconf 85' lang='lat' dir='ltr'><strong><em>ejusdem</em></strong></span> <span class='ocrx_word' id='word_1_186' title='bbox 1745 2416 1880 2472; x_wconf 85' lang='lat' dir='ltr'><strong><em>Oro-</em></strong></span> 
     </span>
    </p>
   </div>
   <div class='ocr_carea' id='block_1_24' title="bbox 287 2508 1882 2600">
    <p class='ocr_par' dir='ltr' id='par_1_24' title="bbox 287 2508 1882 2600">
     <span class='ocr_line' id='line_1_24' title="bbox 287 2508 1882 2600; baseline -0.025 -4"><span class='ocrx_word' id='word_1_187' title='bbox 287 2541 358 2596; x_wconf 86' lang='lat' dir='ltr'><strong><em>sii</em></strong></span> <span class='ocrx_word' id='word_1_188' title='bbox 386 2537 554 2593; x_wconf 85' lang='lat' dir='ltr'><strong><em>verba</em></strong></span> <span class='ocrx_word' id='word_1_189' title='bbox 580 2534 667 2589; x_wconf 88' lang='lat' dir='ltr'><strong><em>hic</em></strong></span> <span class='ocrx_word' id='word_1_190' title='bbox 701 2534 1174 2600; x_wconf 83' lang='lat' dir='ltr'><strong><em>repraesentemus,</em></strong></span> <span class='ocrx_word' id='word_1_191' title='bbox 1209 2533 1328 2572; x_wconf 77' lang='lat' dir='ltr'><strong><em>mox</em></strong></span> <span class='ocrx_word' id='word_1_192' title='bbox 1365 2524 1417 2569; x_wconf 93' lang='lat' dir='ltr'><strong><em>ut</em></strong></span> <span class='ocrx_word' id='word_1_193' title='bbox 1459 2512 1521 2566; x_wconf 91' lang='lat' dir='ltr'><strong><em>de</em></strong></span> <span class='ocrx_word' id='word_1_194' title='bbox 1559 2508 1760 2582; x_wconf 84' lang='lat' dir='ltr'><strong><em>specula</em></strong></span> <span class='ocrx_word' id='word_1_195' title='bbox 1799 2520 1882 2559; x_wconf 57' lang='lat' dir='ltr'><strong><em>ee;</em></strong></span> 
     </span>
    </p>
   </div>
   <div class='ocr_carea' id='block_1_25' title="bbox 285 2595 1884 2685">
    <p class='ocr_par' dir='ltr' id='par_1_25' title="bbox 285 2595 1884 2685">
     <span class='ocr_line' id='line_1_25' title="bbox 285 2595 1884 2685; baseline -0.026 2"><span class='ocrx_word' id='word_1_196' title='bbox 285 2628 590 2685; x_wconf 75' lang='lat' dir='ltr'><strong><em>clesiasticte</em></strong></span> <span class='ocrx_word' id='word_1_197' title='bbox 617 2595 858 2678; x_wconf 76' lang='lat' dir='ltr'><strong><em>claritatis</em></strong></span> <span class='ocrx_word' id='word_1_198' title='bbox 885 2616 1002 2672; x_wconf 90' lang='lat' dir='ltr'><strong><em>elati</em></strong></span> <span class='ocrx_word' id='word_1_199' title='bbox 1029 2620 1166 2678; x_wconf 89' lang='lat' dir='ltr'><strong><em>sunt,</em></strong></span> <span class='ocrx_word' id='word_1_200' title='bbox 1185 2618 1286 2664; x_wconf 90' lang='lat' dir='ltr'><strong><em>toto</em></strong></span> <span class='ocrx_word' id='word_1_201' title='bbox 1312 2607 1429 2660; x_wconf 87' lang='lat' dir='ltr'><strong><em>orbe</em></strong></span> <span class='ocrx_word' id='word_1_202' title='bbox 1451 2603 1695 2674; x_wconf 79' lang='lat' dir='ltr'><strong><em>fulserunt</em></strong></span> <span class='ocrx_word' id='word_1_203' title='bbox 1728 2595 1884 2668; x_wconf 85' lang='lat' dir='ltr'><strong><em>(Oro-</em></strong></span> 
     </span>
    </p>
   </div>
   <div class='ocr_carea' id='block_1_26' title="bbox 285 2689 1886 2788">
    <p class='ocr_par' dir='ltr' id='par_1_26' title="bbox 285 2689 1886 2788">
     <span class='ocr_line' id='line_1_26' title="bbox 285 2689 1886 2788; baseline -0.024 -10"><span class='ocrx_word' id='word_1_204' title='bbox 285 2725 436 2788; x_wconf 83' lang='lat' dir='ltr'><strong><em>sius,</em></strong></span> <span class='ocrx_word' id='word_1_205' title='bbox 488 2704 732 2773; x_wconf 73' lang='lat' dir='ltr'><strong><em>Historia:</em></strong></span> <span class='ocrx_word' id='word_1_206' title='bbox 779 2701 1118 2783; x_wconf 80' lang='lat' dir='ltr'><strong><em>prazfatione).</em></strong></span> <span class='ocrx_word' id='word_1_207' title='bbox 1165 2697 1348 2768; x_wconf 89' lang='lat' dir='ltr'><strong><em>Quarti</em></strong></span> <span class='ocrx_word' id='word_1_208' title='bbox 1382 2691 1605 2758; x_wconf 89' lang='lat' dir='ltr'><strong><em>decimi,-</em></strong></span> <span class='ocrx_word' id='word_1_209' title='bbox 1649 2689 1886 2742; x_wconf 83' lang='lat' dir='ltr'><strong><em>scribens</em></strong></span> 
     </span>
    </p>
   </div>
   <div class='ocr_carea' id='block_1_27' title="bbox 291 2778 1890 2871">
    <p class='ocr_par' dir='ltr' id='par_1_27' title="bbox 291 2778 1890 2871">
     <span class='ocr_line' id='line_1_27' title="bbox 291 2778 1890 2871; baseline -0.026 -2"><span class='ocrx_word' id='word_1_210' title='bbox 291 2778 486 2871; x_wconf 66' lang='lat' dir='ltr'><strong><em>contra</em></strong></span> <span class='ocrx_word' id='word_1_211' title='bbox 510 2778 893 2864; x_wconf 12' lang='lat' dir='ltr'><strong><em>Adversariumr</em></strong></span> <span class='ocrx_word' id='word_1_212' title='bbox 917 2797 1073 2868; x_wconf 86' lang='lat' dir='ltr'><strong><em>Legis</em></strong></span> <span class='ocrx_word' id='word_1_213' title='bbox 1092 2802 1146 2850; x_wconf 87' lang='lat' dir='ltr'><strong><em>et</em></strong></span> <span class='ocrx_word' id='word_1_214' title='bbox 1163 2790 1545 2860; x_wconf 78' lang='lat' dir='ltr'><strong><em>Prophetarum</em></strong></span> <span class='ocrx_word' id='word_1_215' title='bbox 1568 2795 1708 2836; x_wconf 89' lang='lat' dir='ltr'><strong><em>anno</em></strong></span> <span class='ocrx_word' id='word_1_216' title='bbox 1737 2778 1890 2833; x_wconf 86' lang='lat' dir='ltr'><strong><em>circi-</em></strong></span> 
     </span>
    </p>
   </div>
   <div class='ocr_carea' id='block_1_28' title="bbox 294 2868 1891 2972">
    <p class='ocr_par' dir='ltr' id='par_1_28' title="bbox 294 2868 1891 2972">
     <span class='ocr_line' id='line_1_28' title="bbox 294 2868 1891 2972; baseline -0.026 -11"><span class='ocrx_word' id='word_1_217' title='bbox 294 2868 380 2960; x_wconf 67' lang='lat' dir='ltr'><strong><em>ter</em></strong></span> <span class='ocrx_word' id='word_1_218' title='bbox 416 2893 946 2972; x_wconf 82' lang='lat' dir='ltr'><strong><em>quadringentesimo</em></strong></span> <span class='ocrx_word' id='word_1_219' title='bbox 991 2896 1046 2943; x_wconf 86' lang='lat' dir='ltr'><strong><em>et</em></strong></span> <span class='ocrx_word' id='word_1_220' title='bbox 1092 2883 1368 2955; x_wconf 84' lang='lat' dir='ltr'><strong><em>vigesimo,</em></strong></span> <span class='ocrx_word' id='word_1_221' title='bbox 1396 2873 1656 2941; x_wconf 85' lang='lat' dir='ltr'><strong><em>meminit.</em></strong></span> <span class='ocrx_word' id='word_1_222' title='bbox 1709 2868 1891 2923; x_wconf 82' lang='lat' dir='ltr'><strong><em>Tradit</em></strong></span> 
     </span>
    </p>
   </div>
   <div class='ocr_carea' id='block_1_29' title="bbox 295 2960 1888 3062">
    <p class='ocr_par' dir='ltr' id='par_1_29' title="bbox 295 2960 1888 3062">
     <span class='ocr_line' id='line_1_29' title="bbox 295 2960 1888 3062; baseline -0.028 -8"><span class='ocrx_word' id='word_1_223' title='bbox 295 2960 464 3054; x_wconf 73' lang='lat' dir='ltr'><strong><em>etiam</em></strong></span> <span class='ocrx_word' id='word_1_224' title='bbox 488 2990 814 3062; x_wconf 71' lang='lat' dir='ltr'><strong><em>Augustinus</em></strong></span> <span class='ocrx_word' id='word_1_225' title='bbox 837 2984 904 3039; x_wconf 86' lang='lat' dir='ltr'><strong><em>ad</em></strong></span> <span class='ocrx_word' id='word_1_226' title='bbox 936 2981 1137 3038; x_wconf 78' lang='lat' dir='ltr'><strong><em>calcem</em></strong></span> <span class='ocrx_word' id='word_1_227' title='bbox 1172 2972 1366 3030; x_wconf 78' lang='lat' dir='ltr'><strong><em>decimi</em></strong></span> <span class='ocrx_word' id='word_1_228' title='bbox 1409 2965 1578 3024; x_wconf 78' lang='lat' dir='ltr'><strong><em>octavi</em></strong></span> <span class='ocrx_word' id='word_1_229' title='bbox 1622 2961 1760 3026; x_wconf 87' lang='lat' dir='ltr'><strong><em>libri,</em></strong></span> <span class='ocrx_word' id='word_1_230' title='bbox 1780 2960 1888 3029; x_wconf 87' lang='lat' dir='ltr'><strong><em>jam</em></strong></span> 
     </span>
    </p>
   </div>
   <div class='ocr_carea' id='block_1_30' title="bbox 246 3047 1891 3150">
    <p class='ocr_par' dir='ltr' id='par_1_30' title="bbox 246 3047 1891 3150">
     <span class='ocr_line' id='line_1_30' title="bbox 246 3047 1891 3150; baseline -0.029 -2"><span class='ocrx_word' id='word_1_231' title='bbox 246 3148 248 3150; x_wconf 71' lang='grc'>,</span> <span class='ocrx_word' id='word_1_232' title='bbox 293 3078 804 3145; x_wconf 75' lang='lat' dir='ltr'><strong><em>annosa&#39;l‘heodori</em></strong></span> <span class='ocrx_word' id='word_1_233' title='bbox 827 3071 1127 3135; x_wconf 84' lang='lat' dir='ltr'><strong><em>consulatu,</em></strong></span> <span class='ocrx_word' id='word_1_234' title='bbox 1160 3066 1250 3135; x_wconf 89' lang='lat' dir='ltr'><strong><em>qui</em></strong></span> <span class='ocrx_word' id='word_1_235' title='bbox 1277 3064 1329 3117; x_wconf 92' lang='lat' dir='ltr'><strong><em>in</em></strong></span> <span class='ocrx_word' id='word_1_236' title='bbox 1355 3073 1550 3114; x_wconf 91' lang='lat' dir='ltr'><strong><em>annum</em></strong></span> <span class='ocrx_word' id='word_1_237' title='bbox 1578 3047 1891 3108; x_wconf 85' lang='lat' dir='ltr'><strong><em>trecentesi-</em></strong></span> 
     </span>
    </p>
   </div>
   <div class='ocr_carea' id='block_1_31' title="bbox 295 3144 1888 3242">
    <p class='ocr_par' dir='ltr' id='par_1_31' title="bbox 295 3144 1888 3242">
     <span class='ocr_line' id='line_1_31' title="bbox 295 3144 1888 3242; baseline -0.03 -5"><span class='ocrx_word' id='word_1_238' title='bbox 295 3193 448 3236; x_wconf 85' lang='lat' dir='ltr'><strong><em>mum</em></strong></span> <span class='ocrx_word' id='word_1_239' title='bbox 478 3170 882 3242; x_wconf 77' lang='lat' dir='ltr'><strong><em>nonagesimum</em></strong></span> <span class='ocrx_word' id='word_1_240' title='bbox 907 3176 1104 3217; x_wconf 90' lang='lat' dir='ltr'><strong><em>nonum</em></strong></span> <span class='ocrx_word' id='word_1_241' title='bbox 1132 3155 1334 3219; x_wconf 89' lang='lat' dir='ltr'><strong><em>incidit,</em></strong></span> <span class='ocrx_word' id='word_1_242' title='bbox 1362 3148 1531 3205; x_wconf 81' lang='lat' dir='ltr'><strong><em>ferme</em></strong></span> <span class='ocrx_word' id='word_1_243' title='bbox 1559 3144 1767 3213; x_wconf 74' lang='lat' dir='ltr'><strong><em>triginta</em></strong></span> <span class='ocrx_word' id='word_1_244' title='bbox 1791 3152 1888 3192; x_wconf 57' lang='lat' dir='ltr'><strong><em>nu-</em></strong></span> 
     </span>
    </p>
   </div>
   <div class='ocr_carea' id='block_1_32' title="bbox 297 3229 1890 3333">
    <p class='ocr_par' dir='ltr' id='par_1_32' title="bbox 297 3229 1890 3333">
     <span class='ocr_line' id='line_1_32' title="bbox 297 3229 1890 3333; baseline -0.029 -6"><span class='ocrx_word' id='word_1_245' title='bbox 297 3267 533 3333; x_wconf 87' lang='lat' dir='ltr'><strong><em>merari;</em></strong></span> <span class='ocrx_word' id='word_1_246' title='bbox 579 3251 689 3333; x_wconf 89' lang='lat' dir='ltr'><strong><em>quo</em></strong></span> <span class='ocrx_word' id='word_1_247' title='bbox 727 3275 785 3315; x_wconf 90' lang='lat' dir='ltr'><strong><em>se</em></strong></span> <span class='ocrx_word' id='word_1_248' title='bbox 827 3256 926 3311; x_wconf 87' lang='lat' dir='ltr'><strong><em>sub</em></strong></span> <span class='ocrx_word' id='word_1_249' title='bbox 963 3266 1159 3307; x_wconf 83' lang='lat' dir='ltr'><strong><em>annum</em></strong></span> <span class='ocrx_word' id='word_1_250' title='bbox 1189 3241 1385 3301; x_wconf 80' lang='lat' dir='ltr'><strong><em>Christi</em></strong></span> <span class='ocrx_word' id='word_1_251' title='bbox 1429 3229 1890 3310; x_wconf 78' lang='lat' dir='ltr'><strong><em>quadringentesi-</em></strong></span> 
     </span>
    </p>
   </div>
   <div class='ocr_carea' id='block_1_33' title="bbox 298 3337 1526 3431">
    <p class='ocr_par' dir='ltr' id='par_1_33' title="bbox 298 3337 1526 3431">
     <span class='ocr_line' id='line_1_33' title="bbox 298 3337 1526 3431; baseline -0.027 -10"><span class='ocrx_word' id='word_1_252' title='bbox 298 3372 453 3421; x_wconf 76' lang='lat' dir='ltr'><strong><em>mum</em></strong></span> <span class='ocrx_word' id='word_1_253' title='bbox 479 3359 793 3431; x_wconf 78' lang='lat' dir='ltr'><strong><em>vigesimum</em></strong></span> <span class='ocrx_word' id='word_1_254' title='bbox 818 3360 1025 3408; x_wconf 78' lang='lat' dir='ltr'><strong><em>sextum</em></strong></span> <span class='ocrx_word' id='word_1_255' title='bbox 1049 3345 1279 3401; x_wconf 82' lang='lat' dir='ltr'><strong><em>scribere</em></strong></span> <span class='ocrx_word' id='word_1_256' title='bbox 1307 3337 1526 3394; x_wconf 87' lang='lat' dir='ltr'><strong><em>indicat.</em></strong></span> 
     </span>
    </p>
   </div>
   <div class='ocr_carea' id='block_1_34' title="bbox 943 3435 1274 3496">
    <p class='ocr_par' dir='ltr' id='par_1_34' title="bbox 943 3435 1274 3496">
     <span class='ocr_line' id='line_1_34' title="bbox 943 3435 1274 3496; baseline -0.03 -1"><span class='ocrx_word' id='word_1_257' title='bbox 943 3437 1167 3496; x_wconf 62' lang='lat' dir='ltr'><strong><em>CAPUT</em></strong></span> <span class='ocrx_word' id='word_1_258' title='bbox 1208 3435 1274 3487; x_wconf 71' lang='grc' dir='ltr'><strong>γ.</strong></span> 
     </span>
    </p>
   </div>
   <div class='ocr_carea' id='block_1_35' title="bbox 303 3515 1896 3606">
    <p class='ocr_par' dir='ltr' id='par_1_35' title="bbox 303 3515 1896 3606">
     <span class='ocr_line' id='line_1_35' title="bbox 303 3515 1896 3606; baseline -0.028 0"><span class='ocrx_word' id='word_1_259' title='bbox 303 3545 339 3606; x_wconf 74' lang='grc'><strong>1</strong></span> <span class='ocrx_word' id='word_1_260' title='bbox 375 3546 608 3601; x_wconf 75' lang='lat' dir='ltr'><strong><em>Marinus</em></strong></span> <span class='ocrx_word' id='word_1_261' title='bbox 644 3530 1227 3595; x_wconf 84' lang='lat' dir='ltr'><strong><em>Heraclianidebellator</em></strong></span> <span class='ocrx_word' id='word_1_262' title='bbox 1249 3533 1444 3595; x_wconf 88' lang='lat' dir='ltr'><strong><em>partam</em></strong></span> <span class='ocrx_word' id='word_1_263' title='bbox 1475 3515 1896 3573; x_wconf 70' lang='lat' dir='ltr'><strong><em>existimatioiiem</em></strong></span> 
     </span>
    </p>
   </div>
   <div class='ocr_carea' id='block_1_36' title="bbox 381 3608 1893 3692">
    <p class='ocr_par' dir='ltr' id='par_1_36' title="bbox 381 3608 1893 3692">
     <span class='ocr_line' id='line_1_36' title="bbox 381 3608 1893 3692; baseline -0.026 0"><span class='ocrx_word' id='word_1_264' title='bbox 381 3637 568 3692; x_wconf 81' lang='lat' dir='ltr'><strong><em>amittit</em></strong></span> <span class='ocrx_word' id='word_1_265' title='bbox 595 3632 731 3687; x_wconf 84' lang='lat' dir='ltr'><strong><em>ccede</em></strong></span> <span class='ocrx_word' id='word_1_266' title='bbox 764 3622 1075 3682; x_wconf 78' lang='lat' dir='ltr'><strong><em>Marcellini.</em></strong></span> <span class='ocrx_word' id='word_1_267' title='bbox 1106 3619 1142 3672; x_wconf 62' lang='grc' dir='ltr'>Ξ</span> <span class='ocrx_word' id='word_1_268' title='bbox 1170 3617 1320 3670; x_wconf 84' lang='lat' dir='ltr'><strong><em>llunc</em></strong></span> <span class='ocrx_word' id='word_1_269' title='bbox 1349 3611 1576 3668; x_wconf 88' lang='lat' dir='ltr'><strong><em>eumdem</em></strong></span> <span class='ocrx_word' id='word_1_270' title='bbox 1603 3608 1744 3660; x_wconf 86' lang='lat' dir='ltr'><strong><em>illum</em></strong></span> <span class='ocrx_word' id='word_1_271' title='bbox 1772 3615 1893 3665; x_wconf 84' lang='lat' dir='ltr'><strong><em>esse,</em></strong></span> 
     </span>
    </p>
   </div>
   <div class='ocr_carea' id='block_1_37' title="bbox 383 3705 1892 3800">
    <p class='ocr_par' dir='ltr' id='par_1_37' title="bbox 383 3705 1892 3800">
     <span class='ocr_line' id='line_1_37' title="bbox 383 3705 1892 3800; baseline -0.028 -14"><span class='ocrx_word' id='word_1_272' title='bbox 383 3732 449 3784; x_wconf 85' lang='lat' dir='ltr'><strong><em>de</em></strong></span> <span class='ocrx_word' id='word_1_273' title='bbox 484 3729 632 3800; x_wconf 83' lang='lat' dir='ltr'><strong><em>cujus</em></strong></span> <span class='ocrx_word' id='word_1_274' title='bbox 672 3738 793 3778; x_wconf 85' lang='lat' dir='ltr'><strong><em>nece</em></strong></span> <span class='ocrx_word' id='word_1_275' title='bbox 831 3720 884 3773; x_wconf 90' lang='lat' dir='ltr'><strong><em>in</em></strong></span> <span class='ocrx_word' id='word_1_276' title='bbox 915 3713 1123 3788; x_wconf 88' lang='lat' dir='ltr'><strong><em>epistola</em></strong></span> <span class='ocrx_word' id='word_1_277' title='bbox 1166 3709 1233 3763; x_wconf 91' lang='lat' dir='ltr'><strong><em>ad</em></strong></span> <span class='ocrx_word' id='word_1_278' title='bbox 1282 3705 1603 3761; x_wconf 68' lang='lat' dir='ltr'><strong><em>Caicilianum</em></strong></span> <span class='ocrx_word' id='word_1_279' title='bbox 1639 3706 1892 3751; x_wconf 81' lang='lat' dir='ltr'><strong><em>narratur.</em></strong></span> 
     </span>
    </p>
   </div>
   <div class='ocr_carea' id='block_1_38' title="bbox 386 3785 1900 3879">
    <p class='ocr_par' dir='ltr' id='par_1_38' title="bbox 386 3785 1900 3879">
     <span class='ocr_line' id='line_1_38' title="bbox 386 3785 1900 3879; baseline -0.028 -1"><span class='ocrx_word' id='word_1_280' title='bbox 386 3823 422 3879; x_wconf 74' lang='grc' dir='ltr'>ὅ</span> <span class='ocrx_word' id='word_1_281' title='bbox 451 3785 790 3874; x_wconf 63' lang='lat' dir='ltr'><strong><em>Marcellinus</em></strong></span> <span class='ocrx_word' id='word_1_282' title='bbox 815 3827 929 3866; x_wconf 86' lang='lat' dir='ltr'><strong><em>cum</em></strong></span> <span class='ocrx_word' id='word_1_283' title='bbox 943 3785 1042 3864; x_wconf 75' lang='lat' dir='ltr'><strong><em>suo</em></strong></span> <span class='ocrx_word' id='word_1_284' title='bbox 1062 3810 1217 3876; x_wconf 89' lang='lat' dir='ltr'><strong><em>fratre</em></strong></span> <span class='ocrx_word' id='word_1_285' title='bbox 1233 3802 1285 3854; x_wconf 91' lang='lat' dir='ltr'><strong><em>in</em></strong></span> <span class='ocrx_word' id='word_1_286' title='bbox 1301 3795 1529 3852; x_wconf 86' lang='lat' dir='ltr'><strong><em>custodia</em></strong></span> <span class='ocrx_word' id='word_1_287' title='bbox 1553 3791 1760 3845; x_wconf 86' lang='lat' dir='ltr'><strong><em>habetur</em></strong></span> <span class='ocrx_word' id='word_1_288' title='bbox 1788 3785 1835 3839; x_wconf 85' lang='grc' dir='ltr'><em>Μ</em></span> <span class='ocrx_word' id='word_1_289' title='bbox 1843 3802 1900 3836; x_wconf 91' lang='lat' dir='ltr'><strong><em>a-</em></strong></span> 
     </span>
    </p>
   </div>
   <div class='ocr_carea' id='block_1_39' title="bbox 387 3873 1899 3982">
    <p class='ocr_par' dir='ltr' id='par_1_39' title="bbox 387 3873 1899 3982">
     <span class='ocr_line' id='line_1_39' title="bbox 387 3873 1899 3982; baseline -0.027 -13"><span class='ocrx_word' id='word_1_290' title='bbox 387 3914 490 3968; x_wconf 88' lang='lat' dir='ltr'><strong><em>rini</em></strong></span> <span class='ocrx_word' id='word_1_291' title='bbox 505 3914 678 3982; x_wconf 87' lang='lat' dir='ltr'><strong><em>jussu.</em></strong></span> <span class='ocrx_word' id='word_1_292' title='bbox 705 3908 739 3961; x_wconf 77' lang='grc'><strong>4</strong></span> <span class='ocrx_word' id='word_1_293' title='bbox 782 3903 879 3957; x_wconf 88' lang='lat' dir='ltr'><strong><em>Hic</em></strong></span> <span class='ocrx_word' id='word_1_294' title='bbox 913 3910 965 3954; x_wconf 91' lang='lat' dir='ltr'><strong><em>ut</em></strong></span> <span class='ocrx_word' id='word_1_295' title='bbox 999 3873 1240 3953; x_wconf 82' lang='lat' dir='ltr'><strong><em>Ecclesite</em></strong></span> <span class='ocrx_word' id='word_1_296' title='bbox 1271 3893 1514 3960; x_wconf 81' lang='lat' dir='ltr'><strong><em>imponat,</em></strong></span> <span class='ocrx_word' id='word_1_297' title='bbox 1545 3879 1808 3936; x_wconf 88' lang='lat' dir='ltr'><strong><em>mittendos</em></strong></span> <span class='ocrx_word' id='word_1_298' title='bbox 1832 3873 1899 3929; x_wconf 89' lang='lat' dir='ltr'><strong><em>ad</em></strong></span> 
     </span>
    </p>
   </div>
   <div class='ocr_carea' id='block_1_40' title="bbox 387 3968 1895 4073">
    <p class='ocr_par' dir='ltr' id='par_1_40' title="bbox 387 3968 1895 4073">
     <span class='ocr_line' id='line_1_40' title="bbox 387 3968 1895 4073; baseline -0.026 -14"><span class='ocrx_word' id='word_1_299' title='bbox 387 3968 755 4073; x_wconf 68' lang='lat' dir='ltr'><strong><em>Imperatorem</em></strong></span> <span class='ocrx_word' id='word_1_300' title='bbox 793 3993 879 4065; x_wconf 87' lang='lat' dir='ltr'><strong><em>qui</em></strong></span> <span class='ocrx_word' id='word_1_301' title='bbox 935 3991 1006 4045; x_wconf 89' lang='lat' dir='ltr'><strong><em>eis</em></strong></span> <span class='ocrx_word' id='word_1_302' title='bbox 1048 3986 1243 4040; x_wconf 84' lang='lat' dir='ltr'><strong><em>veniam</em></strong></span> <span class='ocrx_word' id='word_1_303' title='bbox 1287 3978 1554 4050; x_wconf 89' lang='lat' dir='ltr'><strong><em>postulent,</em></strong></span> <span class='ocrx_word' id='word_1_304' title='bbox 1614 3968 1895 4042; x_wconf 68' lang='lat' dir='ltr'><strong><em>persuadet.</em></strong></span> 
     </span>
    </p>
   </div>
   <div class='ocr_carea' id='block_1_41' title="bbox 388 4063 1896 4155">
    <p class='ocr_par' dir='ltr' id='par_1_41' title="bbox 388 4063 1896 4155">
     <span class='ocr_line' id='line_1_41' title="bbox 388 4063 1896 4155; baseline -0.026 -4"><span class='ocrx_word' id='word_1_305' title='bbox 388 4099 423 4153; x_wconf 84' lang='lat'><strong>5</strong></span> <span class='ocrx_word' id='word_1_306' title='bbox 449 4063 736 4149; x_wconf 57' lang='lat' dir='ltr'><strong><em>bamnatur</em></strong></span> <span class='ocrx_word' id='word_1_307' title='bbox 751 4063 864 4140; x_wconf 80' lang='lat' dir='ltr'><strong><em>cum</em></strong></span> <span class='ocrx_word' id='word_1_308' title='bbox 890 4087 1044 4155; x_wconf 82' lang='lat' dir='ltr'><strong><em>fratre</em></strong></span> <span class='ocrx_word' id='word_1_309' title='bbox 1067 4073 1408 4134; x_wconf 80' lang='lat' dir='ltr'><strong><em>Marcellinus,</em></strong></span> <span class='ocrx_word' id='word_1_310' title='bbox 1437 4078 1480 4121; x_wconf 90' lang='lat' dir='ltr'><strong><em>et</em></strong></span> <span class='ocrx_word' id='word_1_311' title='bbox 1507 4064 1674 4138; x_wconf 87' lang='lat' dir='ltr'><strong><em>gladio</em></strong></span> <span class='ocrx_word' id='word_1_312' title='bbox 1702 4063 1896 4133; x_wconf 82' lang='lat' dir='ltr'><strong><em>feritur.</em></strong></span> 
     </span>
    </p>
   </div>
   <div class='ocr_carea' id='block_1_42' title="bbox 394 4154 1900 4247">
    <p class='ocr_par' dir='ltr' id='par_1_42' title="bbox 394 4154 1900 4247">
     <span class='ocr_line' id='line_1_42' title="bbox 394 4154 1900 4247; baseline -0.025 -3"><span class='ocrx_word' id='word_1_313' title='bbox 394 4189 429 4244; x_wconf 83' lang='lat'><strong>6</strong></span> <span class='ocrx_word' id='word_1_314' title='bbox 477 4186 712 4240; x_wconf 76' lang='lat' dir='ltr'><strong><em>Marinus</em></strong></span> <span class='ocrx_word' id='word_1_315' title='bbox 745 4154 1077 4247; x_wconf 77' lang='lat' dir='ltr'><strong><em>Imperatoris</em></strong></span> <span class='ocrx_word' id='word_1_316' title='bbox 1115 4167 1280 4241; x_wconf 88' lang='lat' dir='ltr'><strong><em>gratia</em></strong></span> <span class='ocrx_word' id='word_1_317' title='bbox 1309 4161 1492 4218; x_wconf 73' lang='lat' dir='ltr'><strong><em>excidit</em></strong></span> <span class='ocrx_word' id='word_1_318' title='bbox 1524 4175 1541 4212; x_wconf 91' lang='lat'><strong><em>:</em></strong></span> <span class='ocrx_word' id='word_1_319' title='bbox 1573 4154 1900 4212; x_wconf 86' lang='lat' dir='ltr'><strong><em>Marcellinus</em></strong></span> 
     </span>
    </p>
   </div>
   <div class='ocr_carea' id='block_1_43' title="bbox 393 4243 1901 4351">
    <p class='ocr_par' dir='ltr' id='par_1_43' title="bbox 393 4243 1901 4351">
     <span class='ocr_line' id='line_1_43' title="bbox 393 4243 1901 4351; baseline -0.026 -17"><span class='ocrx_word' id='word_1_320' title='bbox 393 4275 656 4351; x_wconf 83' lang='lat' dir='ltr'><strong><em>probitatis</em></strong></span> <span class='ocrx_word' id='word_1_321' title='bbox 675 4281 721 4326; x_wconf 88' lang='lat' dir='ltr'><strong><em>et</em></strong></span> <span class='ocrx_word' id='word_1_322' title='bbox 749 4243 1047 4323; x_wconf 70' lang='lat' dir='ltr'><strong><em>innocentia:</em></strong></span> <span class='ocrx_word' id='word_1_323' title='bbox 1072 4265 1209 4333; x_wconf 89' lang='lat' dir='ltr'><strong><em>fama</em></strong></span> <span class='ocrx_word' id='word_1_324' title='bbox 1238 4252 1563 4323; x_wconf 86' lang='lat' dir='ltr'><strong><em>martyriique</em></strong></span> <span class='ocrx_word' id='word_1_325' title='bbox 1588 4249 1758 4301; x_wconf 90' lang='lat' dir='ltr'><strong><em>laurea</em></strong></span> <span class='ocrx_word' id='word_1_326' title='bbox 1786 4243 1901 4298; x_wconf 89' lang='lat' dir='ltr'><strong><em>insi-</em></strong></span> 
     </span>
    </p>
   </div>
   <div class='ocr_carea' id='block_1_44' title="bbox 393 4337 1896 4442">
    <p class='ocr_par' dir='ltr' id='par_1_44' title="bbox 393 4337 1896 4442">
     <span class='ocr_line' id='line_1_44' title="bbox 393 4337 1896 4442; baseline -0.027 -16"><span class='ocrx_word' id='word_1_327' title='bbox 393 4337 526 4442; x_wconf 51' lang='lat' dir='ltr'><strong><em>&#39;gnis.</em></strong></span> <span class='ocrx_word' id='word_1_328' title='bbox 555 4371 586 4423; x_wconf 85' lang='lat'><strong>7</strong></span> <span class='ocrx_word' id='word_1_329' title='bbox 622 4362 922 4422; x_wconf 84' lang='lat' dir='ltr'><strong><em>Clanculum</em></strong></span> <span class='ocrx_word' id='word_1_330' title='bbox 965 4352 1270 4422; x_wconf 84' lang='lat' dir='ltr'><strong><em>Carthagine</em></strong></span> <span class='ocrx_word' id='word_1_331' title='bbox 1311 4343 1518 4400; x_wconf 83' lang='lat' dir='ltr'><strong><em>discedit</em></strong></span> <span class='ocrx_word' id='word_1_332' title='bbox 1569 4337 1896 4410; x_wconf 86' lang='lat' dir='ltr'><strong><em>Augustinus,</em></strong></span> 
     </span>
    </p>
   </div>
   <div class='ocr_carea' id='block_1_45' title="bbox 391 4443 1335 4521">
    <p class='ocr_par' dir='ltr' id='par_1_45' title="bbox 391 4443 1335 4521">
     <span class='ocr_line' id='line_1_45' title="bbox 391 4443 1335 4521; baseline -0.029 -2"><span class='ocrx_word' id='word_1_333' title='bbox 391 4458 682 4520; x_wconf 68' lang='lat' dir='ltr'><strong><em>Marcellini</em></strong></span> <span class='ocrx_word' id='word_1_334' title='bbox 710 4469 877 4510; x_wconf 87' lang='lat' dir='ltr'><strong><em>necem</em></strong></span> <span class='ocrx_word' id='word_1_335' title='bbox 905 4448 1119 4521; x_wconf 84' lang='lat' dir='ltr'><strong><em>graviter</em></strong></span> <span class='ocrx_word' id='word_1_336' title='bbox 1143 4443 1335 4497; x_wconf 81' lang='lat' dir='ltr'><strong><em>dolens.</em></strong></span> 
     </span>
    </p>
   </div>
   <div class='ocr_carea' id='block_1_46' title="bbox 393 4518 1901 4613">
    <p class='ocr_par' dir='ltr' id='par_1_46' title="bbox 393 4518 1901 4613">
     <span class='ocr_line' id='line_1_46' title="bbox 393 4518 1901 4613; baseline -0.028 0"><span class='ocrx_word' id='word_1_337' title='bbox 393 4518 448 4613; x_wconf 49' lang='grc' dir='ltr'><strong><em>ί.</em></strong></span> <span class='ocrx_word' id='word_1_338' title='bbox 473 4549 725 4610; x_wconf 84' lang='lat' dir='ltr'><strong><em>Ponenda</em></strong></span> <span class='ocrx_word' id='word_1_339' title='bbox 740 4555 823 4603; x_wconf 87' lang='lat' dir='ltr'><strong><em>est</em></strong></span> <span class='ocrx_word' id='word_1_340' title='bbox 848 4518 950 4598; x_wconf 77' lang='lat' dir='ltr'><strong><em>hoc</em></strong></span> <span class='ocrx_word' id='word_1_341' title='bbox 973 4554 1113 4595; x_wconf 88' lang='lat' dir='ltr'><strong><em>anno</em></strong></span> <span class='ocrx_word' id='word_1_342' title='bbox 1141 4529 1438 4590; x_wconf 90' lang='lat' dir='ltr'><strong><em>lleracliani</em></strong></span> <span class='ocrx_word' id='word_1_343' title='bbox 1461 4518 1683 4583; x_wconf 84' lang='lat' dir='ltr'><strong><em>rebellio</em></strong></span> <span class='ocrx_word' id='word_1_344' title='bbox 1710 4520 1901 4577; x_wconf 71' lang='lat' dir='ltr'><strong><em>Africze</em></strong></span> 
     </span>
    </p>
   </div>
   <div class='ocr_carea' id='block_1_47' title="bbox 325 4616 1902 4711">
    <p class='ocr_par' dir='ltr' id='par_1_47' title="bbox 325 4616 1902 4711">
     <span class='ocr_line' id='line_1_47' title="bbox 325 4616 1902 4711; baseline -0.029 -5"><span class='ocrx_word' id='word_1_345' title='bbox 325 4647 561 4710; x_wconf 85' lang='lat' dir='ltr'><strong><em>comitis,</em></strong></span> <span class='ocrx_word' id='word_1_346' title='bbox 606 4642 697 4711; x_wconf 86' lang='lat' dir='ltr'><strong><em>qui</em></strong></span> <span class='ocrx_word' id='word_1_347' title='bbox 740 4639 963 4693; x_wconf 81' lang='lat' dir='ltr'><strong><em>Romam</em></strong></span> <span class='ocrx_word' id='word_1_348' title='bbox 1003 4633 1360 4699; x_wconf 80' lang='lat' dir='ltr'><strong><em>oppugnatum</em></strong></span> <span class='ocrx_word' id='word_1_349' title='bbox 1400 4619 1560 4682; x_wconf 83' lang='lat' dir='ltr'><strong><em>venit,</em></strong></span> <span class='ocrx_word' id='word_1_350' title='bbox 1591 4616 1758 4670; x_wconf 83' lang='lat' dir='ltr'><strong><em>classe</em></strong></span> <span class='ocrx_word' id='word_1_351' title='bbox 1788 4626 1902 4664; x_wconf 88' lang='lat' dir='ltr'><strong><em>am-</em></strong></span> 
     </span>
    </p>
   </div>
   <div class='ocr_carea' id='block_1_48' title="bbox 322 4708 1901 4812">
    <p class='ocr_par' dir='ltr' id='par_1_48' title="bbox 322 4708 1901 4812">
     <span class='ocr_line' id='line_1_48' title="bbox 322 4708 1901 4812; baseline -0.025 -16"><span class='ocrx_word' id='word_1_352' title='bbox 322 4743 468 4812; x_wconf 83' lang='lat' dir='ltr'><strong><em>plius</em></strong></span> <span class='ocrx_word' id='word_1_353' title='bbox 514 4708 728 4792; x_wconf 78' lang='lat' dir='ltr'><strong><em>navium</em></strong></span> <span class='ocrx_word' id='word_1_354' title='bbox 780 4727 947 4784; x_wconf 85' lang='lat' dir='ltr'><strong><em>tribus</em></strong></span> <span class='ocrx_word' id='word_1_355' title='bbox 984 4721 1216 4780; x_wconf 83' lang='lat' dir='ltr'><strong><em>millibus</em></strong></span> <span class='ocrx_word' id='word_1_356' title='bbox 1255 4719 1531 4772; x_wconf 84' lang='lat' dir='ltr'><strong><em>instructa.</em></strong></span> <span class='ocrx_word' id='word_1_357' title='bbox 1563 4709 1772 4772; x_wconf 55' lang='lat' dir='ltr'><strong><em>Verum</em></strong></span> <span class='ocrx_word' id='word_1_358' title='bbox 1805 4708 1846 4759; x_wconf 88' lang='lat' dir='ltr'><strong><em>is</em></strong></span> <span class='ocrx_word' id='word_1_359' title='bbox 1872 4720 1901 4758; x_wconf 87' lang='lat' dir='ltr'><strong><em>a</em></strong></span> 
     </span>
    </p>
   </div>
   <div class='ocr_carea' id='block_1_49' title="bbox 320 4799 1902 4888">
    <p class='ocr_par' dir='ltr' id='par_1_49' title="bbox 320 4799 1902 4888">
     <span class='ocr_line' id='line_1_49' title="bbox 320 4799 1902 4888; baseline -0.024 1"><span class='ocrx_word' id='word_1_360' title='bbox 320 4799 530 4888; x_wconf 59' lang='lat' dir='ltr'><strong><em>iturine</em></strong></span> <span class='ocrx_word' id='word_1_361' title='bbox 555 4825 748 4882; x_wconf 87' lang='lat' dir='ltr'><strong><em>comite</em></strong></span> <span class='ocrx_word' id='word_1_362' title='bbox 772 4820 921 4876; x_wconf 89' lang='lat' dir='ltr'><strong><em>fusus</em></strong></span> <span class='ocrx_word' id='word_1_363' title='bbox 946 4816 1260 4886; x_wconf 76' lang='lat' dir='ltr'><strong><em>fugatusque</em></strong></span> <span class='ocrx_word' id='word_1_364' title='bbox 1289 4810 1344 4863; x_wconf 89' lang='lat' dir='ltr'><strong><em>in</em></strong></span> <span class='ocrx_word' id='word_1_365' title='bbox 1373 4807 1539 4872; x_wconf 80' lang='lat' dir='ltr'><strong><em>Italia,</em></strong></span> <span class='ocrx_word' id='word_1_366' title='bbox 1568 4799 1902 4874; x_wconf 85' lang='lat' dir='ltr'><strong><em>postmodum</em></strong></span> 
     </span>
    </p>
   </div>
   <div class='ocr_carea' id='block_1_50' title="bbox 321 4898 1904 4992">
    <p class='ocr_par' dir='ltr' id='par_1_50' title="bbox 321 4898 1904 4992">
     <span class='ocr_line' id='line_1_50' title="bbox 321 4898 1904 4992; baseline -0.024 -11"><span class='ocrx_word' id='word_1_367' title='bbox 321 4921 664 4992; x_wconf 74' lang='lat' dir='ltr'><strong><em>Carthagine,-</em></strong></span> <span class='ocrx_word' id='word_1_368' title='bbox 691 4931 795 4987; x_wconf 89' lang='lat' dir='ltr'><strong><em>quo</em></strong></span> <span class='ocrx_word' id='word_1_369' title='bbox 815 4927 873 4968; x_wconf 89' lang='lat' dir='ltr'><strong><em>se</em></strong></span> <span class='ocrx_word' id='word_1_370' title='bbox 896 4925 964 4967; x_wconf 73' lang='lat' dir='ltr'><strong><em>ex</em></strong></span> <span class='ocrx_word' id='word_1_371' title='bbox 1007 4909 1124 4978; x_wconf 80' lang='lat' dir='ltr'><strong><em>fuga</em></strong></span> <span class='ocrx_word' id='word_1_372' title='bbox 1163 4908 1458 4972; x_wconf 86' lang='lat' dir='ltr'><strong><em>receperat,</em></strong></span> <span class='ocrx_word' id='word_1_373' title='bbox 1497 4898 1608 4968; x_wconf 90' lang='lat' dir='ltr'><strong><em>jam</em></strong></span> <span class='ocrx_word' id='word_1_374' title='bbox 1645 4902 1768 4948; x_wconf 87' lang='lat' dir='ltr'><strong><em>ante</em></strong></span> <span class='ocrx_word' id='word_1_375' title='bbox 1799 4901 1904 4946; x_wconf 83' lang='lat' dir='ltr'><strong><em>ter-</em></strong></span> 
     </span>
    </p>
   </div>
   <div class='ocr_carea' id='block_1_51' title="bbox 323 4987 1903 5077">
    <p class='ocr_par' dir='ltr' id='par_1_51' title="bbox 323 4987 1903 5077">
     <span class='ocr_line' id='line_1_51' title="bbox 323 4987 1903 5077; baseline -0.023 -5"><span class='ocrx_word' id='word_1_376' title='bbox 323 5017 462 5071; x_wconf 85' lang='lat' dir='ltr'><strong><em>tium</em></strong></span> <span class='ocrx_word' id='word_1_377' title='bbox 489 4987 658 5068; x_wconf 74' lang='lat' dir='ltr'><strong><em>nonas</em></strong></span> <span class='ocrx_word' id='word_1_378' title='bbox 678 5004 908 5077; x_wconf 77' lang='lat' dir='ltr'><strong><em>augusti,</em></strong></span> <span class='ocrx_word' id='word_1_379' title='bbox 929 5010 987 5056; x_wconf 92' lang='lat' dir='ltr'><strong><em>ut</em></strong></span> <span class='ocrx_word' id='word_1_380' title='bbox 1014 4997 1230 5070; x_wconf 84' lang='lat' dir='ltr'><strong><em>quidem</em></strong></span> <span class='ocrx_word' id='word_1_381' title='bbox 1256 4993 1481 5048; x_wconf 83' lang='lat' dir='ltr'><strong><em>suadere</em></strong></span> <span class='ocrx_word' id='word_1_382' title='bbox 1511 4987 1749 5043; x_wconf 75' lang='lat' dir='ltr'><strong><em>videntur</em></strong></span> <span class='ocrx_word' id='word_1_383' title='bbox 1772 4999 1903 5038; x_wconf 80' lang='lat' dir='ltr'><strong><em>con-</em></strong></span> 
     </span>
    </p>
   </div>
   <div class='ocr_carea' id='block_1_52' title="bbox 319 5075 1906 5177">
    <p class='ocr_par' dir='ltr' id='par_1_52' title="bbox 319 5075 1906 5177">
     <span class='ocr_line' id='line_1_52' title="bbox 319 5075 1906 5177; baseline -0.023 -14"><span class='ocrx_word' id='word_1_384' title='bbox 319 5107 587 5177; x_wconf 70' lang='lat' dir='ltr'><strong><em>jecturat,</em></strong></span> <span class='ocrx_word' id='word_1_385' title='bbox 637 5075 880 5156; x_wconf 77' lang='lat' dir='ltr'><strong><em>extremo</em></strong></span> <span class='ocrx_word' id='word_1_386' title='bbox 930 5087 1189 5160; x_wconf 89' lang='lat' dir='ltr'><strong><em>supplicio</em></strong></span> <span class='ocrx_word' id='word_1_387' title='bbox 1240 5084 1458 5140; x_wconf 78' lang='lat' dir='ltr'><strong><em>allectus</em></strong></span> <span class='ocrx_word' id='word_1_388' title='bbox 1510 5088 1611 5136; x_wconf 88' lang='lat' dir='ltr'><strong><em>est.-</em></strong></span> <span class='ocrx_word' id='word_1_389' title='bbox 1679 5075 1906 5145; x_wconf 87' lang='lat' dir='ltr'><strong><em>Trajecit</em></strong></span> 
     </span>
    </p>
   </div>
   <div class='ocr_carea' id='block_1_53' title="bbox 325 5165 1905 5265">
    <p class='ocr_par' dir='ltr' id='par_1_53' title="bbox 325 5165 1905 5265">
     <span class='ocr_line' id='line_1_53' title="bbox 325 5165 1905 5265; baseline -0.023 -11"><span class='ocrx_word' id='word_1_390' title='bbox 325 5195 529 5254; x_wconf 83' lang='lat' dir='ltr'><strong><em>deinde</em></strong></span> <span class='ocrx_word' id='word_1_391' title='bbox 563 5187 795 5265; x_wconf 61' lang='lat' dir='ltr'><strong><em>Earinus</em></strong></span> <span class='ocrx_word' id='word_1_392' title='bbox 843 5188 898 5242; x_wconf 89' lang='lat' dir='ltr'><strong><em>in</em></strong></span> <span class='ocrx_word' id='word_1_393' title='bbox 935 5182 1186 5247; x_wconf 81' lang='lat' dir='ltr'><strong><em>Africam,</em></strong></span> <span class='ocrx_word' id='word_1_394' title='bbox 1211 5177 1301 5233; x_wconf 89' lang='lat' dir='ltr'><strong><em>ubi</em></strong></span> <span class='ocrx_word' id='word_1_395' title='bbox 1325 5175 1443 5246; x_wconf 83' lang='lat' dir='ltr'><strong><em>ejus</em></strong></span> <span class='ocrx_word' id='word_1_396' title='bbox 1469 5171 1697 5227; x_wconf 81' lang='lat' dir='ltr'><strong><em>maxima</em></strong></span> <span class='ocrx_word' id='word_1_397' title='bbox 1725 5165 1905 5238; x_wconf 86' lang='lat' dir='ltr'><strong><em>procul</em></strong></span> 
     </span>
    </p>
   </div>
   <div class='ocr_carea' id='block_1_54' title="bbox 327 5258 1906 5345">
    <p class='ocr_par' dir='ltr' id='par_1_54' title="bbox 327 5258 1906 5345">
     <span class='ocr_line' id='line_1_54' title="bbox 327 5258 1906 5345; baseline -0.022 0"><span class='ocrx_word' id='word_1_398' title='bbox 327 5287 496 5345; x_wconf 87' lang='lat' dir='ltr'><strong><em>dubio</em></strong></span> <span class='ocrx_word' id='word_1_399' title='bbox 525 5258 651 5340; x_wconf 75' lang='lat' dir='ltr'><strong><em>cura</em></strong></span> <span class='ocrx_word' id='word_1_400' title='bbox 678 5282 732 5336; x_wconf 89' lang='lat' dir='ltr'><strong><em>in</em></strong></span> <span class='ocrx_word' id='word_1_401' title='bbox 758 5293 826 5335; x_wconf 88' lang='lat' dir='ltr'><strong><em>eo</em></strong></span> <span class='ocrx_word' id='word_1_402' title='bbox 844 5282 1050 5333; x_wconf 83' lang='lat' dir='ltr'><strong><em>versata</em></strong></span> <span class='ocrx_word' id='word_1_403' title='bbox 1070 5279 1172 5338; x_wconf 90' lang='lat' dir='ltr'><strong><em>est,</em></strong></span> <span class='ocrx_word' id='word_1_404' title='bbox 1197 5277 1254 5324; x_wconf 87' lang='lat' dir='ltr'><strong><em>ut</em></strong></span> <span class='ocrx_word' id='word_1_405' title='bbox 1273 5265 1491 5324; x_wconf 86' lang='lat' dir='ltr'><strong><em>Honorii</em></strong></span> <span class='ocrx_word' id='word_1_406' title='bbox 1518 5261 1827 5332; x_wconf 85' lang='lat' dir='ltr'><strong><em>rescriptum</em></strong></span> <span class='ocrx_word' id='word_1_407' title='bbox 1852 5258 1906 5312; x_wconf 88' lang='lat' dir='ltr'><strong><em>in</em></strong></span> 
     </span>
    </p>
   </div>
   <div class='ocr_carea' id='block_1_55' title="bbox 327 5351 1908 5436">
    <p class='ocr_par' dir='ltr' id='par_1_55' title="bbox 327 5351 1908 5436">
     <span class='ocr_line' id='line_1_55' title="bbox 327 5351 1908 5436; baseline -0.02 1"><span class='ocrx_word' id='word_1_408' title='bbox 327 5377 708 5436; x_wconf 79' lang='lat' dir='ltr'><strong><em>Heraclianum</em></strong></span> <span class='ocrx_word' id='word_1_409' title='bbox 752 5379 810 5428; x_wconf 86' lang='lat' dir='ltr'><strong><em>et.</em></strong></span> <span class='ocrx_word' id='word_1_410' title='bbox 847 5379 1036 5424; x_wconf 88' lang='lat' dir='ltr'><strong><em>omnes</em></strong></span> <span class='ocrx_word' id='word_1_411' title='bbox 1077 5358 1453 5434; x_wconf 87' lang='lat' dir='ltr'><strong><em>perduellionis</em></strong></span> <span class='ocrx_word' id='word_1_412' title='bbox 1506 5355 1623 5425; x_wconf 89' lang='lat' dir='ltr'><strong><em>ejus</em></strong></span> <span class='ocrx_word' id='word_1_413' title='bbox 1665 5351 1908 5408; x_wconf 86' lang='lat' dir='ltr'><strong><em>conscios</em></strong></span> 
     </span>
    </p>
   </div>
   <div class='ocr_carea' id='block_1_56' title="bbox 330 5436 1908 5536">
    <p class='ocr_par' dir='ltr' id='par_1_56' title="bbox 330 5436 1908 5536">
     <span class='ocr_line' id='line_1_56' title="bbox 330 5436 1908 5536; baseline -0.02 -6"><span class='ocrx_word' id='word_1_414' title='bbox 330 5471 499 5532; x_wconf 85' lang='lat' dir='ltr'><strong><em>tertio</em></strong></span> <span class='ocrx_word' id='word_1_415' title='bbox 544 5483 716 5526; x_wconf 81' lang='lat' dir='ltr'><strong><em>nonas</em></strong></span> <span class='ocrx_word' id='word_1_416' title='bbox 765 5464 886 5536; x_wconf 87' lang='lat' dir='ltr'><strong><em>julii</em></strong></span> <span class='ocrx_word' id='word_1_417' title='bbox 923 5440 1309 5532; x_wconf 82' lang='lat' dir='ltr'><strong><em>promulgatum</em></strong></span> <span class='ocrx_word' id='word_1_418' title='bbox 1341 5451 1563 5526; x_wconf 85' lang='lat' dir='ltr'><strong><em>(Codice</em></strong></span> <span class='ocrx_word' id='word_1_419' title='bbox 1599 5436 1818 5512; x_wconf 84' lang='lat' dir='ltr'><strong><em>Theod.,</em></strong></span> <span class='ocrx_word' id='word_1_420' title='bbox 1847 5445 1908 5500; x_wconf 86' lang='lat' dir='ltr'><strong><em>de</em></strong></span> 
     </span>
    </p>
   </div>
   <div class='ocr_carea' id='block_1_57' title="bbox 336 5536 1907 5632">
    <p class='ocr_par' dir='ltr' id='par_1_57' title="bbox 336 5536 1907 5632">
     <span class='ocr_line' id='line_1_57' title="bbox 336 5536 1907 5632; baseline -0.02 -11"><span class='ocrx_word' id='word_1_421' title='bbox 336 5561 517 5625; x_wconf 63' lang='grc' dir='ltr'><strong><em>Ρη..</em></strong></span> <span class='ocrx_word' id='word_1_422' title='bbox 547 5561 653 5632; x_wconf 84' lang='lat' dir='ltr'><strong><em>lege</em></strong></span> <span class='ocrx_word' id='word_1_423' title='bbox 674 5557 766 5631; x_wconf 72' lang='lat'><strong><em>2|)</em></strong></span> <span class='ocrx_word' id='word_1_424' title='bbox 795 5555 861 5610; x_wconf 88' lang='lat' dir='ltr'><strong><em>ad</em></strong></span> <span class='ocrx_word' id='word_1_425' title='bbox 881 5553 1125 5609; x_wconf 82' lang='lat' dir='ltr'><strong><em>eﬂ&#39;ectum</em></strong></span> <span class='ocrx_word' id='word_1_426' title='bbox 1141 5547 1486 5603; x_wconf 86' lang='lat' dir='ltr'><strong><em>adduceretur</em></strong></span> <span class='ocrx_word' id='word_1_427' title='bbox 1510 5540 1776 5611; x_wconf 85' lang='lat' dir='ltr'><strong><em>(Orosius,</em></strong></span> <span class='ocrx_word' id='word_1_428' title='bbox 1807 5536 1907 5592; x_wconf 82' lang='lat' dir='ltr'><strong><em>Ili-</em></strong></span> 
     </span>
    </p>
   </div>
   <div class='ocr_carea' id='block_1_58' title="bbox 337 5628 1910 5718">
    <p class='ocr_par' dir='ltr' id='par_1_58' title="bbox 337 5628 1910 5718">
     <span class='ocr_line' id='line_1_58' title="bbox 337 5628 1910 5718; baseline -0.02 -8"><span class='ocrx_word' id='word_1_429' title='bbox 337 5653 513 5710; x_wconf 70' lang='lat' dir='ltr'><strong><em>storia:</em></strong></span> <span class='ocrx_word' id='word_1_430' title='bbox 535 5628 624 5706; x_wconf 63' lang='lat' dir='ltr'><strong><em>liti.</em></strong></span> <span class='ocrx_word' id='word_1_431' title='bbox 653 5651 706 5716; x_wconf 87' lang='lat'><strong><em>7,</em></strong></span> <span class='ocrx_word' id='word_1_432' title='bbox 735 5628 848 5718; x_wconf 82' lang='lat' dir='ltr'><strong><em>cap.</em></strong></span> <span class='ocrx_word' id='word_1_433' title='bbox 879 5643 1002 5714; x_wconf 67' lang='grc'><strong><em>42).</em></strong></span> <span class='ocrx_word' id='word_1_434' title='bbox 1030 5642 1100 5698; x_wconf 86' lang='lat' dir='ltr'><strong><em>At</em></strong></span> <span class='ocrx_word' id='word_1_435' title='bbox 1126 5652 1318 5695; x_wconf 84' lang='lat' dir='ltr'><strong><em>nomen</em></strong></span> <span class='ocrx_word' id='word_1_436' title='bbox 1360 5647 1514 5689; x_wconf 89' lang='lat' dir='ltr'><strong><em>suum</em></strong></span> <span class='ocrx_word' id='word_1_437' title='bbox 1542 5641 1754 5685; x_wconf 60' lang='lat' dir='ltr'><strong><em>sternit:</em></strong></span> <span class='ocrx_word' id='word_1_438' title='bbox 1782 5628 1910 5688; x_wconf 85' lang='lat' dir='ltr'><strong><em>infa-</em></strong></span> 
     </span>
    </p>
   </div>
   <div class='ocr_carea' id='block_1_59' title="bbox 344 5721 1904 5803">
    <p class='ocr_par' dir='ltr' id='par_1_59' title="bbox 344 5721 1904 5803">
     <span class='ocr_line' id='line_1_59' title="bbox 344 5721 1904 5803; baseline -0.02 -1"><span class='ocrx_word' id='word_1_439' title='bbox 344 5746 472 5802; x_wconf 67' lang='lat' dir='ltr'><strong><em>mia:</em></strong></span> <span class='ocrx_word' id='word_1_440' title='bbox 494 5750 621 5800; x_wconf 76' lang='lat' dir='ltr'><strong><em>nota</em></strong></span> <span class='ocrx_word' id='word_1_441' title='bbox 637 5742 740 5800; x_wconf 81' lang='lat' dir='ltr'><strong><em>hoc</em></strong></span> <span class='ocrx_word' id='word_1_442' title='bbox 761 5739 850 5795; x_wconf 86' lang='lat' dir='ltr'><strong><em>ille</em></strong></span> <span class='ocrx_word' id='word_1_443' title='bbox 874 5733 1066 5801; x_wconf 70' lang='lat' dir='ltr'><strong><em>aﬁecit,</em></strong></span> <span class='ocrx_word' id='word_1_444' title='bbox 1085 5731 1224 5803; x_wconf 89' lang='lat' dir='ltr'><strong><em>quod</em></strong></span> <span class='ocrx_word' id='word_1_445' title='bbox 1241 5726 1598 5786; x_wconf 76' lang='lat' dir='ltr'><strong><em>Marcellinum</em></strong></span> <span class='ocrx_word' id='word_1_446' title='bbox 1618 5721 1904 5786; x_wconf 79' lang='lat' dir='ltr'><strong><em>tribunum,</em></strong></span> 
     </span>
    </p>
   </div>
   <div class='ocr_carea' id='block_1_60' title="bbox 1606 292 2202 354">
    <p class='ocr_par' dir='ltr' id='par_1_60' title="bbox 1606 292 2202 354">
     <span class='ocr_line' id='line_1_60' title="bbox 1606 292 2202 354; baseline -0.007 -2"><span class='ocrx_word' id='word_1_447' title='bbox 1606 294 1808 354; x_wconf 78' lang='lat' dir='ltr'><strong><em>LIBER</em></strong></span> <span class='ocrx_word' id='word_1_448' title='bbox 1847 292 2202 350; x_wconf 76' lang='lat' dir='ltr'><strong><em>SEPTIMUS.</em></strong></span> 
     </span>
    </p>
   </div>
   <div class='ocr_carea' id='block_1_61' title="bbox 3436 295 3543 354">
    <p class='ocr_par' dir='ltr' id='par_1_61' title="bbox 3436 295 3543 354">
     <span class='ocr_line' id='line_1_61' title="bbox 3436 295 3543 354; baseline -0.009 0"><span class='ocrx_word' id='word_1_449' title='bbox 3436 295 3543 354; x_wconf 64' lang='lat'><strong><em>46!</em></strong></span> 
     </span>
    </p>
   </div>
   <div class='ocr_carea' id='block_1_62' title="bbox 1963 408 3539 482">
    <p class='ocr_par' dir='ltr' id='par_1_62' title="bbox 1963 408 3539 482">
     <span class='ocr_line' id='line_1_62' title="bbox 1963 408 3539 482; baseline 0.006 -20"><span class='ocrx_word' id='word_1_450' title='bbox 1963 408 2116 478; x_wconf 85' lang='lat' dir='ltr'><strong><em>cujus</em></strong></span> <span class='ocrx_word' id='word_1_451' title='bbox 2144 418 2220 464; x_wconf 90' lang='lat' dir='ltr'><strong><em>tot</em></strong></span> <span class='ocrx_word' id='word_1_452' title='bbox 2244 425 2305 465; x_wconf 89' lang='lat' dir='ltr'><strong><em>ac</em></strong></span> <span class='ocrx_word' id='word_1_453' title='bbox 2334 418 2474 466; x_wconf 87' lang='lat' dir='ltr'><strong><em>tanta</em></strong></span> <span class='ocrx_word' id='word_1_454' title='bbox 2501 420 2652 468; x_wconf 86' lang='lat' dir='ltr'><strong><em>erant.</em></strong></span> <span class='ocrx_word' id='word_1_455' title='bbox 2681 411 2732 466; x_wconf 91' lang='lat' dir='ltr'><strong><em>in</em></strong></span> <span class='ocrx_word' id='word_1_456' title='bbox 2773 411 3063 468; x_wconf 76' lang='lat' dir='ltr'><strong><em>Ecclesium</em></strong></span> <span class='ocrx_word' id='word_1_457' title='bbox 3089 415 3296 482; x_wconf 88' lang='lat' dir='ltr'><strong><em>merita,</em></strong></span> <span class='ocrx_word' id='word_1_458' title='bbox 3327 414 3396 472; x_wconf 88' lang='lat' dir='ltr'><strong><em>de</em></strong></span> <span class='ocrx_word' id='word_1_459' title='bbox 3420 431 3539 472; x_wconf 89' lang='lat' dir='ltr'><strong><em>me-</em></strong></span> 
     </span>
    </p>
   </div>
   <div class='ocr_carea' id='block_1_63' title="bbox 1964 498 3540 577">
    <p class='ocr_par' dir='ltr' id='par_1_63' title="bbox 1964 498 3540 577">
     <span class='ocr_line' id='line_1_63' title="bbox 1964 498 3540 577; baseline 0.005 -23"><span class='ocrx_word' id='word_1_460' title='bbox 1964 498 2054 554; x_wconf 91' lang='lat' dir='ltr'><strong><em>dio</em></strong></span> <span class='ocrx_word' id='word_1_461' title='bbox 2082 501 2308 557; x_wconf 88' lang='lat' dir='ltr'><strong><em>sustulit.</em></strong></span> <span class='ocrx_word' id='word_1_462' title='bbox 2339 501 2633 558; x_wconf 83' lang='lat' dir='ltr'><strong><em>Fatendum</em></strong></span> <span class='ocrx_word' id='word_1_463' title='bbox 2660 503 2873 575; x_wconf 87' lang='lat' dir='ltr'><strong><em>quidem</em></strong></span> <span class='ocrx_word' id='word_1_464' title='bbox 2899 513 2998 570; x_wconf 88' lang='lat' dir='ltr'><strong><em>est,</em></strong></span> <span class='ocrx_word' id='word_1_465' title='bbox 3023 504 3400 577; x_wconf 83' lang='lat' dir='ltr'><strong><em>Hieronymum</em></strong></span> <span class='ocrx_word' id='word_1_466' title='bbox 3433 517 3540 562; x_wconf 89' lang='lat' dir='ltr'><strong><em>tra-</em></strong></span> 
     </span>
    </p>
   </div>
   <div class='ocr_carea' id='block_1_64' title="bbox 1963 591 3540 670">
    <p class='ocr_par' dir='ltr' id='par_1_64' title="bbox 1963 591 3540 670">
     <span class='ocr_line' id='line_1_64' title="bbox 1963 591 3540 670; baseline 0.004 -24"><span class='ocrx_word' id='word_1_467' title='bbox 1963 591 2114 660; x_wconf 88' lang='lat' dir='ltr'><strong><em>dere,</em></strong></span> <span class='ocrx_word' id='word_1_468' title='bbox 2146 594 2292 647; x_wconf 90' lang='lat' dir='ltr'><strong><em>illum</em></strong></span> <span class='ocrx_word' id='word_1_469' title='bbox 2337 593 2498 650; x_wconf 89' lang='lat' dir='ltr'><strong><em>fuisse</em></strong></span> <span class='ocrx_word' id='word_1_470' title='bbox 2523 596 2588 650; x_wconf 87' lang='lat' dir='ltr'><strong><em>ab</em></strong></span> <span class='ocrx_word' id='word_1_471' title='bbox 2615 595 2878 651; x_wconf 65' lang='lat' dir='ltr'><strong><em>haereticis</em></strong></span> <span class='ocrx_word' id='word_1_472' title='bbox 2904 595 3235 653; x_wconf 84' lang='lat' dir='ltr'><strong><em>interfectum</em></strong></span> <span class='ocrx_word' id='word_1_473' title='bbox 3266 596 3284 669; x_wconf 97' lang='lat'><strong><em>(</em></strong></span> <span class='ocrx_word' id='word_1_474' title='bbox 3303 595 3540 670; x_wconf 71' lang='lat' dir='ltr'><strong><em>Hierom,</em></strong></span> 
     </span>
    </p>
   </div>
   <div class='ocr_carea' id='block_1_65' title="bbox 1965 684 3545 759">
    <p class='ocr_par' dir='ltr' id='par_1_65' title="bbox 1965 684 3545 759">
     <span class='ocr_line' id='line_1_65' title="bbox 1965 684 3545 759; baseline 0.007 -23"><span class='ocrx_word' id='word_1_475' title='bbox 1965 694 2140 738; x_wconf 86' lang='lat' dir='ltr'><strong><em>contra</em></strong></span> <span class='ocrx_word' id='word_1_476' title='bbox 2161 684 2363 757; x_wconf 85' lang='lat' dir='ltr'><strong><em>Pelag.,</em></strong></span> <span class='ocrx_word' id='word_1_477' title='bbox 2393 687 2594 759; x_wconf 86' lang='lat' dir='ltr'><strong><em>dialogo</em></strong></span> <span class='ocrx_word' id='word_1_478' title='bbox 2625 688 2694 758; x_wconf 75' lang='grc' dir='ltr'><strong><em>ὅ)</em></strong></span> <span class='ocrx_word' id='word_1_479' title='bbox 2733 707 2744 742; x_wconf 92' lang='lat'>:</span> <span class='ocrx_word' id='word_1_480' title='bbox 2769 688 2862 744; x_wconf 87' lang='lat' dir='ltr'><strong><em>sed</em></strong></span> <span class='ocrx_word' id='word_1_481' title='bbox 2887 705 3007 744; x_wconf 87' lang='lat' dir='ltr'><strong><em>cum</em></strong></span> <span class='ocrx_word' id='word_1_482' title='bbox 3033 689 3145 759; x_wconf 86' lang='lat' dir='ltr'><strong><em>ejus</em></strong></span> <span class='ocrx_word' id='word_1_483' title='bbox 3166 691 3282 745; x_wconf 87' lang='lat' dir='ltr'><strong><em>neci</em></strong></span> <span class='ocrx_word' id='word_1_484' title='bbox 3309 691 3545 746; x_wconf 87' lang='lat' dir='ltr'><strong><em>societa-</em></strong></span> 
     </span>
    </p>
   </div>
   <div class='ocr_carea' id='block_1_66' title="bbox 1967 771 3542 850">
    <p class='ocr_par' dir='ltr' id='par_1_66' title="bbox 1967 771 3542 850">
     <span class='ocr_line' id='line_1_66' title="bbox 1967 771 3542 850; baseline 0.008 -22"><span class='ocrx_word' id='word_1_485' title='bbox 1967 783 2071 829; x_wconf 89' lang='lat' dir='ltr'><strong><em>tem</em></strong></span> <span class='ocrx_word' id='word_1_486' title='bbox 2113 771 2486 833; x_wconf 73' lang='lat' dir='ltr'><strong><em>lleraclianicre</em></strong></span> <span class='ocrx_word' id='word_1_487' title='bbox 2515 780 2843 850; x_wconf 80' lang='lat' dir='ltr'><strong><em>tyrannidis,</em></strong></span> <span class='ocrx_word' id='word_1_488' title='bbox 2886 782 3126 850; x_wconf 82' lang='lat' dir='ltr'><strong><em>quamvis</em></strong></span> <span class='ocrx_word' id='word_1_489' title='bbox 3152 790 3299 837; x_wconf 81' lang='lat' dir='ltr'><strong><em>extra</em></strong></span> <span class='ocrx_word' id='word_1_490' title='bbox 3344 798 3542 840; x_wconf 78' lang='lat' dir='ltr'><strong><em>noxam</em></strong></span> 
     </span>
    </p>
   </div>
   <div class='ocr_carea' id='block_1_67' title="bbox 1967 863 3543 942">
    <p class='ocr_par' dir='ltr' id='par_1_67' title="bbox 1967 863 3543 942">
     <span class='ocr_line' id='line_1_67' title="bbox 1967 863 3543 942; baseline 0.006 -24"><span class='ocrx_word' id='word_1_491' title='bbox 1967 875 2128 929; x_wconf 85' lang='lat' dir='ltr'><strong><em>esset,</em></strong></span> <span class='ocrx_word' id='word_1_492' title='bbox 2161 867 2429 923; x_wconf 78' lang='lat' dir='ltr'><strong><em>obtentum</em></strong></span> <span class='ocrx_word' id='word_1_493' title='bbox 2455 870 2665 939; x_wconf 88' lang='lat' dir='ltr'><strong><em>adjicit;</em></strong></span> <span class='ocrx_word' id='word_1_494' title='bbox 2695 885 2798 924; x_wconf 92' lang='lat' dir='ltr'><strong><em>non</em></strong></span> <span class='ocrx_word' id='word_1_495' title='bbox 2824 863 3066 942; x_wconf 85' lang='lat' dir='ltr'><strong><em>ambigue</em></strong></span> <span class='ocrx_word' id='word_1_496' title='bbox 3087 871 3364 940; x_wconf 79' lang='lat' dir='ltr'><strong><em>significat,</em></strong></span> <span class='ocrx_word' id='word_1_497' title='bbox 3396 888 3543 927; x_wconf 88' lang='lat' dir='ltr'><strong><em>mor-</em></strong></span> 
     </span>
    </p>
   </div>
   <div class='ocr_carea' id='block_1_68' title="bbox 1971 947 3543 1057">
    <p class='ocr_par' dir='ltr' id='par_1_68' title="bbox 1971 947 3543 1057">
     <span class='ocr_line' id='line_1_68' title="bbox 1971 947 3543 1057; baseline 0.008 -49"><span class='ocrx_word' id='word_1_498' title='bbox 1971 957 2174 1057; x_wconf 40' lang='lat' dir='ltr'><strong><em>tem-illi</em></strong></span> <span class='ocrx_word' id='word_1_499' title='bbox 2217 973 2337 1057; x_wconf 37' lang='lat' dir='ltr'><strong><em>non.</em></strong></span> <span class='ocrx_word' id='word_1_500' title='bbox 2361 960 2600 1015; x_wconf 87' lang='lat' dir='ltr'><strong><em>intulisse</em></strong></span> <span class='ocrx_word' id='word_1_501' title='bbox 2625 947 2943 1028; x_wconf 79' lang='lat' dir='ltr'><strong><em>Donatistas,</em></strong></span> <span class='ocrx_word' id='word_1_502' title='bbox 2988 962 3087 1016; x_wconf 87' lang='lat' dir='ltr'><strong><em>nisi</em></strong></span> <span class='ocrx_word' id='word_1_503' title='bbox 3118 961 3332 1017; x_wconf 88' lang='lat' dir='ltr'><strong><em>illorum</em></strong></span> <span class='ocrx_word' id='word_1_504' title='bbox 3357 977 3543 1033; x_wconf 86' lang='lat' dir='ltr'><strong><em>opera,</em></strong></span> 
     </span>
    </p>
   </div>
   <div class='ocr_carea' id='block_1_69' title="bbox 1967 1047 3544 1147">
    <p class='ocr_par' dir='ltr' id='par_1_69' title="bbox 1967 1047 3544 1147">
     <span class='ocr_line' id='line_1_69' title="bbox 1967 1047 3544 1147; baseline 0.006 -48"><span class='ocrx_word' id='word_1_505' title='bbox 2085 1047 2546 1147; x_wconf 47' lang='lat' dir='ltr'><strong><em>leges-judiciaque</em></strong></span> <span class='ocrx_word' id='word_1_506' title='bbox 2567 1050 3023 1107; x_wconf 82' lang='lat' dir='ltr'><strong><em>administrabant.</em></strong></span> <span class='ocrx_word' id='word_1_507' title='bbox 3045 1053 3110 1107; x_wconf 89' lang='lat' dir='ltr'><strong><em>Et</em></strong></span> <span class='ocrx_word' id='word_1_508' title='bbox 3149 1061 3294 1108; x_wconf 82' lang='lat' dir='ltr'><strong><em>certe</em></strong></span> <span class='ocrx_word' id='word_1_509' title='bbox 3323 1053 3544 1110; x_wconf 89' lang='lat' dir='ltr'><strong><em>Orosius</em></strong></span> 
     </span>
    </p>
   </div>
   <div class='ocr_carea' id='block_1_70' title="bbox 1970 1132 3544 1214">
    <p class='ocr_par' dir='ltr' id='par_1_70' title="bbox 1970 1132 3544 1214">
     <span class='ocr_line' id='line_1_70' title="bbox 1970 1132 3544 1214; baseline 0.008 -26"><span class='ocrx_word' id='word_1_510' title='bbox 1970 1134 2114 1191; x_wconf 90' lang='lat' dir='ltr'><strong><em>illum</em></strong></span> <span class='ocrx_word' id='word_1_511' title='bbox 2157 1153 2186 1192; x_wconf 90' lang='lat' dir='ltr'><strong><em>a</em></strong></span> <span class='ocrx_word' id='word_1_512' title='bbox 2230 1138 2432 1194; x_wconf 83' lang='lat' dir='ltr'><strong><em>Marino</em></strong></span> <span class='ocrx_word' id='word_1_513' title='bbox 2458 1142 2651 1198; x_wconf 90' lang='lat' dir='ltr'><strong><em>comite</em></strong></span> <span class='ocrx_word' id='word_1_514' title='bbox 2685 1158 2778 1198; x_wconf 91' lang='lat' dir='ltr'><strong><em>seu</em></strong></span> <span class='ocrx_word' id='word_1_515' title='bbox 2804 1144 3006 1214; x_wconf 89' lang='lat' dir='ltr'><strong><em>privata</em></strong></span> <span class='ocrx_word' id='word_1_516' title='bbox 3037 1132 3324 1200; x_wconf 85' lang='lat' dir='ltr'><strong><em>invidentia</em></strong></span> <span class='ocrx_word' id='word_1_517' title='bbox 3351 1147 3544 1201; x_wconf 89' lang='lat' dir='ltr'><strong><em>stimu-</em></strong></span> 
     </span>
    </p>
   </div>
   <div class='ocr_carea' id='block_1_71' title="bbox 1971 1229 3545 1307">
    <p class='ocr_par' dir='ltr' id='par_1_71' title="bbox 1971 1229 3545 1307">
     <span class='ocr_line' id='line_1_71' title="bbox 1971 1229 3545 1307; baseline 0.007 -26"><span class='ocrx_word' id='word_1_518' title='bbox 1971 1229 2098 1294; x_wconf 87' lang='lat' dir='ltr'><strong><em>lato,</em></strong></span> <span class='ocrx_word' id='word_1_519' title='bbox 2127 1244 2224 1284; x_wconf 86' lang='lat' dir='ltr'><strong><em>seu</em></strong></span> <span class='ocrx_word' id='word_1_520' title='bbox 2264 1231 2498 1299; x_wconf 86' lang='lat' dir='ltr'><strong><em>pecuniis</em></strong></span> <span class='ocrx_word' id='word_1_521' title='bbox 2531 1233 2923 1290; x_wconf 86' lang='lat' dir='ltr'><strong><em>Donatistarum</em></strong></span> <span class='ocrx_word' id='word_1_522' title='bbox 2944 1275 2958 1301; x_wconf 90' lang='lat'><strong><em>,</em></strong></span> <span class='ocrx_word' id='word_1_523' title='bbox 2989 1243 3050 1289; x_wconf 87' lang='lat' dir='ltr'><strong><em>ut</em></strong></span> <span class='ocrx_word' id='word_1_524' title='bbox 3078 1235 3285 1291; x_wconf 89' lang='lat' dir='ltr'><strong><em>creditu</em></strong></span> <span class='ocrx_word' id='word_1_525' title='bbox 3326 1236 3545 1307; x_wconf 88' lang='lat' dir='ltr'><strong><em>quidem</em></strong></span> 
     </span>
    </p>
   </div>
   <div class='ocr_carea' id='block_1_72' title="bbox 1971 1323 3546 1396">
    <p class='ocr_par' dir='ltr' id='par_1_72' title="bbox 1971 1323 3546 1396">
     <span class='ocr_line' id='line_1_72' title="bbox 1971 1323 3546 1396; baseline 0.007 -22"><span class='ocrx_word' id='word_1_526' title='bbox 1971 1323 2202 1391; x_wconf 78' lang='lat' dir='ltr'><strong><em>preclch</em></strong></span> <span class='ocrx_word' id='word_1_527' title='bbox 2231 1332 2330 1389; x_wconf 86' lang='lat' dir='ltr'><strong><em>est,</em></strong></span> <span class='ocrx_word' id='word_1_528' title='bbox 2364 1328 2611 1394; x_wconf 89' lang='lat' dir='ltr'><strong><em>corrupto</em></strong></span> <span class='ocrx_word' id='word_1_529' title='bbox 2653 1327 2894 1396; x_wconf 89' lang='lat' dir='ltr'><strong><em>punitum</em></strong></span> <span class='ocrx_word' id='word_1_530' title='bbox 2924 1326 3134 1396; x_wconf 86' lang='lat' dir='ltr'><strong><em>capitali</em></strong></span> <span class='ocrx_word' id='word_1_531' title='bbox 3163 1327 3426 1384; x_wconf 85' lang='lat' dir='ltr'><strong><em>sententia</em></strong></span> <span class='ocrx_word' id='word_1_532' title='bbox 3451 1344 3546 1386; x_wconf 87' lang='lat' dir='ltr'><strong><em>as-</em></strong></span> 
     </span>
    </p>
   </div>
   <div class='ocr_carea' id='block_1_73' title="bbox 1971 1406 3106 1489">
    <p class='ocr_par' dir='ltr' id='par_1_73' title="bbox 1971 1406 3106 1489">
     <span class='ocr_line' id='line_1_73' title="bbox 1971 1406 3106 1489; baseline 0.003 -22"><span class='ocrx_word' id='word_1_533' title='bbox 1971 1415 2097 1468; x_wconf 89' lang='lat' dir='ltr'><strong><em>serit</em></strong></span> <span class='ocrx_word' id='word_1_534' title='bbox 2117 1414 2134 1483; x_wconf 92' lang='lat'><strong><em>(</em></strong></span> <span class='ocrx_word' id='word_1_535' title='bbox 2153 1414 2378 1481; x_wconf 84' lang='lat' dir='ltr'><strong><em>Orosius,</em></strong></span> <span class='ocrx_word' id='word_1_536' title='bbox 2407 1415 2643 1482; x_wconf 73' lang='lat' dir='ltr'><strong><em>Historia:</em></strong></span> <span class='ocrx_word' id='word_1_537' title='bbox 2663 1417 2748 1471; x_wconf 87' lang='lat' dir='ltr'><strong><em>lib.</em></strong></span> <span class='ocrx_word' id='word_1_538' title='bbox 2775 1409 2827 1484; x_wconf 81' lang='lat'><strong><em>7,</em></strong></span> <span class='ocrx_word' id='word_1_539' title='bbox 2852 1434 2967 1489; x_wconf 83' lang='lat' dir='ltr'><strong><em>cap.</em></strong></span> <span class='ocrx_word' id='word_1_540' title='bbox 2983 1406 3106 1489; x_wconf 59' lang='lat'><strong><em>49.).</em></strong></span> 
     </span>
    </p>
   </div>
   <div class='ocr_carea' id='block_1_74' title="bbox 2041 1503 3546 1579">
    <p class='ocr_par' dir='ltr' id='par_1_74' title="bbox 2041 1503 3546 1579">
     <span class='ocr_line' id='line_1_74' title="bbox 2041 1503 3546 1579; baseline 0.006 -22"><span class='ocrx_word' id='word_1_541' title='bbox 2041 1503 2094 1557; x_wconf 76' lang='grc'><strong><em>2.</em></strong></span> <span class='ocrx_word' id='word_1_542' title='bbox 2124 1504 2304 1571; x_wconf 83' lang='lat' dir='ltr'><strong><em>Multa,</em></strong></span> <span class='ocrx_word' id='word_1_543' title='bbox 2332 1523 2446 1575; x_wconf 75' lang='lat' dir='ltr'><strong><em>quae</em></strong></span> <span class='ocrx_word' id='word_1_544' title='bbox 2472 1507 2535 1560; x_wconf 88' lang='lat' dir='ltr'><strong><em>ad</em></strong></span> <span class='ocrx_word' id='word_1_545' title='bbox 2563 1507 2679 1576; x_wconf 88' lang='lat' dir='ltr'><strong><em>ejus</em></strong></span> <span class='ocrx_word' id='word_1_546' title='bbox 2720 1517 2947 1562; x_wconf 90' lang='lat' dir='ltr'><strong><em>mortem</em></strong></span> <span class='ocrx_word' id='word_1_547' title='bbox 2976 1507 3264 1578; x_wconf 82' lang='lat' dir='ltr'><strong><em>pertinent,</em></strong></span> <span class='ocrx_word' id='word_1_548' title='bbox 3303 1510 3546 1579; x_wconf 72' lang='lat' dir='ltr'><strong><em>reperire</em></strong></span> 
     </span>
    </p>
   </div>
   <div class='ocr_carea' id='block_1_75' title="bbox 1973 1595 3545 1693">
    <p class='ocr_par' dir='ltr' id='par_1_75' title="bbox 1973 1595 3545 1693">
     <span class='ocr_line' id='line_1_75' title="bbox 1973 1595 3545 1693; baseline 0.005 -46"><span class='ocrx_word' id='word_1_549' title='bbox 2083 1596 2136 1648; x_wconf 91' lang='lat' dir='ltr'><strong><em>in</em></strong></span> <span class='ocrx_word' id='word_1_550' title='bbox 2163 1595 2435 1665; x_wconf 80' lang='lat' dir='ltr'><strong><em>Augustini</em></strong></span> <span class='ocrx_word' id='word_1_551' title='bbox 2455 1596 2529 1693; x_wconf 75' lang='lat' dir='ltr'><strong><em>ad</em></strong></span> <span class='ocrx_word' id='word_1_552' title='bbox 2554 1597 2889 1693; x_wconf 63' lang='lat' dir='ltr'><strong><em>Caecilianum</em></strong></span> <span class='ocrx_word' id='word_1_553' title='bbox 2918 1599 3138 1669; x_wconf 89' lang='lat' dir='ltr'><strong><em>epistola</em></strong></span> <span class='ocrx_word' id='word_1_554' title='bbox 3161 1599 3350 1671; x_wconf 88' lang='lat' dir='ltr'><strong><em>(Epist.</em></strong></span> <span class='ocrx_word' id='word_1_555' title='bbox 3385 1600 3545 1670; x_wconf 69' lang='lat' dir='ltr'><strong><em>liii);</em></strong></span> 
     </span>
    </p>
   </div>
   <div class='ocr_carea' id='block_1_76' title="bbox 1975 1683 3544 1772">
    <p class='ocr_par' dir='ltr' id='par_1_76' title="bbox 1975 1683 3544 1772">
     <span class='ocr_line' id='line_1_76' title="bbox 1975 1683 3544 1772; baseline 0.004 -36"><span class='ocrx_word' id='word_1_556' title='bbox 1975 1683 2060 1738; x_wconf 89' lang='lat' dir='ltr'><strong><em>ubi</em></strong></span> <span class='ocrx_word' id='word_1_557' title='bbox 2105 1695 2280 1772; x_wconf 83' lang='lat' dir='ltr'><strong><em>tamen</em></strong></span> <span class='ocrx_word' id='word_1_558' title='bbox 2327 1687 2634 1740; x_wconf 89' lang='lat' dir='ltr'><strong><em>nominatim</em></strong></span> <span class='ocrx_word' id='word_1_559' title='bbox 2680 1688 2906 1758; x_wconf 78' lang='lat' dir='ltr'><strong><em>exprimi</em></strong></span> <span class='ocrx_word' id='word_1_560' title='bbox 2955 1690 3221 1744; x_wconf 88' lang='lat' dir='ltr'><strong><em>neminem</em></strong></span> <span class='ocrx_word' id='word_1_561' title='bbox 3265 1689 3544 1754; x_wconf 83' lang='lat' dir='ltr'><strong><em>invenias;</em></strong></span> 
     </span>
    </p>
   </div>
   <div class='ocr_carea' id='block_1_77' title="bbox 1977 1769 3544 1851">
    <p class='ocr_par' dir='ltr' id='par_1_77' title="bbox 1977 1769 3544 1851">
     <span class='ocr_line' id='line_1_77' title="bbox 1977 1769 3544 1851; baseline 0.005 -24"><span class='ocrx_word' id='word_1_562' title='bbox 1977 1773 2069 1828; x_wconf 90' lang='lat' dir='ltr'><strong><em>sed</em></strong></span> <span class='ocrx_word' id='word_1_563' title='bbox 2100 1774 2166 1830; x_wconf 91' lang='lat' dir='ltr'><strong><em>de</em></strong></span> <span class='ocrx_word' id='word_1_564' title='bbox 2213 1769 2467 1831; x_wconf 74' lang='lat' dir='ltr'><strong><em>fratribus</em></strong></span> <span class='ocrx_word' id='word_1_565' title='bbox 2507 1777 2733 1843; x_wconf 85' lang='lat' dir='ltr'><strong><em>duobus,</em></strong></span> <span class='ocrx_word' id='word_1_566' title='bbox 2779 1795 3003 1849; x_wconf 89' lang='lat' dir='ltr'><strong><em>quorum</em></strong></span> <span class='ocrx_word' id='word_1_567' title='bbox 3048 1781 3400 1836; x_wconf 85' lang='lat' dir='ltr'><strong><em>innocentiam</em></strong></span> <span class='ocrx_word' id='word_1_568' title='bbox 3445 1795 3544 1851; x_wconf 90' lang='lat' dir='ltr'><strong><em>pro</em></strong></span> 
     </span>
    </p>
   </div>
   <div class='ocr_carea' id='block_1_78' title="bbox 1987 1867 3546 1970">
    <p class='ocr_par' dir='ltr' id='par_1_78' title="bbox 1987 1867 3546 1970">
     <span class='ocr_line' id='line_1_78' title="bbox 1987 1867 3546 1970; baseline 0.003 -50"><span class='ocrx_word' id='word_1_569' title='bbox 1987 1867 2406 1970; x_wconf 74' lang='lat' dir='ltr'><strong><em>compertissima</em></strong></span> <span class='ocrx_word' id='word_1_570' title='bbox 2436 1878 2646 1938; x_wconf 87' lang='lat' dir='ltr'><strong><em>semper</em></strong></span> <span class='ocrx_word' id='word_1_571' title='bbox 2667 1867 2852 1933; x_wconf 83' lang='lat' dir='ltr'><strong><em>habet,</em></strong></span> <span class='ocrx_word' id='word_1_572' title='bbox 2879 1867 3200 1940; x_wconf 81' lang='lat' dir='ltr'><strong><em>Carthagine</em></strong></span> <span class='ocrx_word' id='word_1_573' title='bbox 3220 1871 3394 1940; x_wconf 77' lang='lat' dir='ltr'><strong><em>gladio</em></strong></span> <span class='ocrx_word' id='word_1_574' title='bbox 3419 1873 3546 1940; x_wconf 86' lang='lat' dir='ltr'><strong><em>per-</em></strong></span> 
     </span>
    </p>
   </div>
   <div class='ocr_carea' id='block_1_79' title="bbox 1976 1959 3554 2060">
    <p class='ocr_par' dir='ltr' id='par_1_79' title="bbox 1976 1959 3554 2060">
     <span class='ocr_line' id='line_1_79' title="bbox 1976 1959 3554 2060; baseline 0.003 -47"><span class='ocrx_word' id='word_1_575' title='bbox 1976 1959 2168 2060; x_wconf 64' lang='lat' dir='ltr'><strong><em>cassis,</em></strong></span> <span class='ocrx_word' id='word_1_576' title='bbox 2200 1960 2498 2060; x_wconf 80' lang='lat' dir='ltr'><strong><em>conscripta</em></strong></span> <span class='ocrx_word' id='word_1_577' title='bbox 2520 1968 2620 2015; x_wconf 90' lang='lat' dir='ltr'><strong><em>est.</em></strong></span> <span class='ocrx_word' id='word_1_578' title='bbox 2651 1959 2848 2015; x_wconf 83' lang='lat' dir='ltr'><strong><em>Horum</em></strong></span> <span class='ocrx_word' id='word_1_579' title='bbox 2874 1962 3099 2017; x_wconf 89' lang='lat' dir='ltr'><strong><em>alterum</em></strong></span> <span class='ocrx_word' id='word_1_580' title='bbox 3131 1962 3371 2016; x_wconf 83' lang='lat' dir='ltr'><strong><em>laudibus</em></strong></span> <span class='ocrx_word' id='word_1_581' title='bbox 3396 1961 3554 2032; x_wconf 88' lang='lat' dir='ltr'><strong><em>plane</em></strong></span> 
     </span>
    </p>
   </div>
   <div class='ocr_carea' id='block_1_80' title="bbox 1977 2049 3556 2121">
    <p class='ocr_par' dir='ltr' id='par_1_80' title="bbox 1977 2049 3556 2121">
     <span class='ocr_line' id='line_1_80' title="bbox 1977 2049 3556 2121; baseline 0.003 -17"><span class='ocrx_word' id='word_1_582' title='bbox 1977 2049 2329 2121; x_wconf 76' lang='lat' dir='ltr'><strong><em>singularibus</em></strong></span> <span class='ocrx_word' id='word_1_583' title='bbox 2355 2051 2585 2106; x_wconf 89' lang='lat' dir='ltr'><strong><em>celebrat</em></strong></span> <span class='ocrx_word' id='word_1_584' title='bbox 2622 2060 2836 2106; x_wconf 90' lang='lat' dir='ltr'><strong><em>sanctus</em></strong></span> <span class='ocrx_word' id='word_1_585' title='bbox 2863 2053 3076 2119; x_wconf 88' lang='lat' dir='ltr'><strong><em>Doctor,</em></strong></span> <span class='ocrx_word' id='word_1_586' title='bbox 3118 2053 3288 2107; x_wconf 88' lang='lat' dir='ltr'><strong><em>virum</em></strong></span> <span class='ocrx_word' id='word_1_587' title='bbox 3316 2052 3436 2108; x_wconf 91' lang='lat' dir='ltr'><strong><em>stilo</em></strong></span> <span class='ocrx_word' id='word_1_588' title='bbox 3458 2051 3556 2108; x_wconf 87' lang='lat' dir='ltr'><strong><em>de-</em></strong></span> 
     </span>
    </p>
   </div>
   <div class='ocr_carea' id='block_1_81' title="bbox 1980 2140 3557 2212">
    <p class='ocr_par' dir='ltr' id='par_1_81' title="bbox 1980 2140 3557 2212">
     <span class='ocr_line' id='line_1_81' title="bbox 1980 2140 3557 2212; baseline 0.004 -20"><span class='ocrx_word' id='word_1_589' title='bbox 1980 2141 2200 2210; x_wconf 81' lang='lat' dir='ltr'><strong><em>pingens</em></strong></span> <span class='ocrx_word' id='word_1_590' title='bbox 2240 2140 2384 2194; x_wconf 91' lang='lat' dir='ltr'><strong><em>omni</em></strong></span> <span class='ocrx_word' id='word_1_591' title='bbox 2408 2141 2656 2195; x_wconf 86' lang='lat' dir='ltr'><strong><em>virtutun</em></strong></span> <span class='ocrx_word' id='word_1_592' title='bbox 2688 2157 2882 2212; x_wconf 83' lang='lat' dir='ltr'><strong><em>genere</em></strong></span> <span class='ocrx_word' id='word_1_593' title='bbox 2911 2141 3216 2198; x_wconf 88' lang='lat' dir='ltr'><strong><em>decoratum</em></strong></span> <span class='ocrx_word' id='word_1_594' title='bbox 3240 2185 3254 2210; x_wconf 95' lang='lat'><strong><em>,</em></strong></span> <span class='ocrx_word' id='word_1_595' title='bbox 3308 2159 3371 2198; x_wconf 89' lang='lat' dir='ltr'><strong><em>ac</em></strong></span> <span class='ocrx_word' id='word_1_596' title='bbox 3411 2144 3557 2199; x_wconf 84' lang='lat' dir='ltr'><strong><em>cele-</em></strong></span> 
     </span>
    </p>
   </div>
   <div class='ocr_carea' id='block_1_82' title="bbox 1981 2229 3558 2302">
    <p class='ocr_par' dir='ltr' id='par_1_82' title="bbox 1981 2229 3558 2302">
     <span class='ocr_line' id='line_1_82' title="bbox 1981 2229 3558 2302; baseline 0.003 -18"><span class='ocrx_word' id='word_1_597' title='bbox 1981 2229 2128 2285; x_wconf 89' lang='lat' dir='ltr'><strong><em>brem</em></strong></span> <span class='ocrx_word' id='word_1_598' title='bbox 2157 2231 2377 2286; x_wconf 88' lang='lat' dir='ltr'><strong><em>multum</em></strong></span> <span class='ocrx_word' id='word_1_599' title='bbox 2405 2231 2566 2286; x_wconf 90' lang='lat' dir='ltr'><strong><em>corde</em></strong></span> <span class='ocrx_word' id='word_1_600' title='bbox 2587 2233 2794 2302; x_wconf 77' lang='lat' dir='ltr'><strong><em>vitaque</em></strong></span> <span class='ocrx_word' id='word_1_601' title='bbox 2816 2231 3122 2288; x_wconf 62' lang='lat' dir='ltr'><strong><em>christiana;</em></strong></span> <span class='ocrx_word' id='word_1_602' title='bbox 3142 2233 3293 2288; x_wconf 90' lang='lat' dir='ltr'><strong><em>Illum</em></strong></span> <span class='ocrx_word' id='word_1_603' title='bbox 3317 2235 3368 2287; x_wconf 91' lang='lat' dir='ltr'><strong><em>in</em></strong></span> <span class='ocrx_word' id='word_1_604' title='bbox 3397 2249 3558 2290; x_wconf 84' lang='lat' dir='ltr'><strong><em>causa</em></strong></span> 
     </span>
    </p>
   </div>
   <div class='ocr_carea' id='block_1_83' title="bbox 1983 2322 3560 2394">
    <p class='ocr_par' dir='ltr' id='par_1_83' title="bbox 1983 2322 3560 2394">
     <span class='ocr_line' id='line_1_83' title="bbox 1983 2322 3560 2394; baseline 0.001 -17"><span class='ocrx_word' id='word_1_605' title='bbox 1983 2322 2232 2377; x_wconf 75' lang='lat' dir='ltr'><strong><em>Ecclesia:</em></strong></span> <span class='ocrx_word' id='word_1_606' title='bbox 2269 2322 2478 2378; x_wconf 84' lang='lat' dir='ltr'><strong><em>venisse</em></strong></span> <span class='ocrx_word' id='word_1_607' title='bbox 2506 2323 2556 2376; x_wconf 91' lang='lat' dir='ltr'><strong><em>in</em></strong></span> <span class='ocrx_word' id='word_1_608' title='bbox 2587 2322 2838 2390; x_wconf 75' lang='lat' dir='ltr'><strong><em>Africam;</em></strong></span> <span class='ocrx_word' id='word_1_609' title='bbox 2881 2323 3017 2379; x_wconf 89' lang='lat' dir='ltr'><strong><em>etin</em></strong></span> <span class='ocrx_word' id='word_1_610' title='bbox 3057 2338 3122 2379; x_wconf 90' lang='lat' dir='ltr'><strong><em>eo</em></strong></span> <span class='ocrx_word' id='word_1_611' title='bbox 3165 2323 3419 2379; x_wconf 70' lang='lat' dir='ltr'><strong><em>Ecclesia:</em></strong></span> <span class='ocrx_word' id='word_1_612' title='bbox 3458 2323 3560 2394; x_wconf 88' lang='lat' dir='ltr'><strong><em>ipsi</em></strong></span> 
     </span>
    </p>
   </div>
   <div class='ocr_carea' id='block_1_84' title="bbox 1983 2412 3562 2485">
    <p class='ocr_par' dir='ltr' id='par_1_84' title="bbox 1983 2412 3562 2485">
     <span class='ocr_line' id='line_1_84' title="bbox 1983 2412 3562 2485; baseline 0.003 -17"><span class='ocrx_word' id='word_1_613' title='bbox 1983 2413 2216 2468; x_wconf 75' lang='lat' dir='ltr'><strong><em>maxime</em></strong></span> <span class='ocrx_word' id='word_1_614' title='bbox 2260 2412 2450 2468; x_wconf 75' lang='lat' dir='ltr'><strong><em>factam</em></strong></span> <span class='ocrx_word' id='word_1_615' title='bbox 2504 2414 2930 2485; x_wconf 85' lang='lat' dir='ltr'><strong><em>persec&#39;utionem</em></strong></span> <span class='ocrx_word' id='word_1_616' title='bbox 2988 2425 3278 2470; x_wconf 78' lang='lat' dir='ltr'><strong><em>asseverat.</em></strong></span> <span class='ocrx_word' id='word_1_617' title='bbox 3320 2415 3562 2472; x_wconf 84' lang='lat' dir='ltr'><strong><em>Gratuita</em></strong></span> 
     </span>
    </p>
   </div>
   <div class='ocr_carea' id='block_1_85' title="bbox 1985 2503 3560 2575">
    <p class='ocr_par' dir='ltr' id='par_1_85' title="bbox 1985 2503 3560 2575">
     <span class='ocr_line' id='line_1_85' title="bbox 1985 2503 3560 2575; baseline 0.002 -18"><span class='ocrx_word' id='word_1_618' title='bbox 1985 2503 2318 2568; x_wconf 84' lang='lat' dir='ltr'><strong><em>crudelitate,</em></strong></span> <span class='ocrx_word' id='word_1_619' title='bbox 2341 2503 2486 2558; x_wconf 85' lang='lat' dir='ltr'><strong><em>nulla</em></strong></span> <span class='ocrx_word' id='word_1_620' title='bbox 2504 2503 2819 2559; x_wconf 85' lang='lat' dir='ltr'><strong><em>necessitate</em></strong></span> <span class='ocrx_word' id='word_1_621' title='bbox 2847 2504 3120 2575; x_wconf 86' lang='lat' dir='ltr'><strong><em>(quamvis</em></strong></span> <span class='ocrx_word' id='word_1_622' title='bbox 3141 2512 3194 2560; x_wconf 86' lang='lat' dir='ltr'><strong><em>et</em></strong></span> <span class='ocrx_word' id='word_1_623' title='bbox 3219 2505 3337 2559; x_wconf 76' lang='lat' dir='ltr'><strong><em>alia:</em></strong></span> <span class='ocrx_word' id='word_1_624' title='bbox 3361 2520 3560 2573; x_wconf 64' lang='lat' dir='ltr'><strong><em>causae,</em></strong></span> 
     </span>
    </p>
   </div>
   <div class='ocr_carea' id='block_1_86' title="bbox 1987 2593 3563 2676">
    <p class='ocr_par' dir='ltr' id='par_1_86' title="bbox 1987 2593 3563 2676">
     <span class='ocr_line' id='line_1_86' title="bbox 1987 2593 3563 2676; baseline 0.001 -29"><span class='ocrx_word' id='word_1_625' title='bbox 1987 2608 2119 2665; x_wconf 90' lang='lat' dir='ltr'><strong><em>quas</em></strong></span> <span class='ocrx_word' id='word_1_626' title='bbox 2159 2594 2414 2663; x_wconf 82' lang='lat' dir='ltr'><strong><em>suSpicari</em></strong></span> <span class='ocrx_word' id='word_1_627' title='bbox 2443 2593 2650 2676; x_wconf 85' lang='lat' dir='ltr'><strong><em>licebat,</em></strong></span> <span class='ocrx_word' id='word_1_628' title='bbox 2693 2609 2791 2675; x_wconf 87' lang='lat' dir='ltr'><strong><em>nec</em></strong></span> <span class='ocrx_word' id='word_1_629' title='bbox 2815 2605 2948 2664; x_wconf 89' lang='lat' dir='ltr'><strong><em>opus</em></strong></span> <span class='ocrx_word' id='word_1_630' title='bbox 2977 2601 3091 2649; x_wconf 89' lang='lat' dir='ltr'><strong><em>erat</em></strong></span> <span class='ocrx_word' id='word_1_631' title='bbox 3113 2596 3446 2650; x_wconf 86' lang='lat' dir='ltr'><strong><em>committere</em></strong></span> <span class='ocrx_word' id='word_1_632' title='bbox 3474 2595 3563 2649; x_wconf 89' lang='lat' dir='ltr'><strong><em>lit-</em></strong></span> 
     </span>
    </p>
   </div>
   <div class='ocr_carea' id='block_1_87' title="bbox 1994 2673 3566 2755">
    <p class='ocr_par' dir='ltr' id='par_1_87' title="bbox 1994 2673 3566 2755">
     <span class='ocr_line' id='line_1_87' title="bbox 1994 2673 3566 2755; baseline 0.002 -15"><span class='ocrx_word' id='word_1_633' title='bbox 1994 2687 2143 2751; x_wconf 90' lang='lat' dir='ltr'><strong><em>teris,</em></strong></span> <span class='ocrx_word' id='word_1_634' title='bbox 2174 2684 2395 2740; x_wconf 84' lang='lat' dir='ltr'><strong><em>forsitan</em></strong></span> <span class='ocrx_word' id='word_1_635' title='bbox 2420 2673 2666 2755; x_wconf 84' lang='lat' dir='ltr'><strong><em>fuisscnt)</em></strong></span> <span class='ocrx_word' id='word_1_636' title='bbox 2680 2673 2937 2739; x_wconf 80' lang='lat' dir='ltr'><strong><em>Marinum</em></strong></span> <span class='ocrx_word' id='word_1_637' title='bbox 2957 2687 3205 2741; x_wconf 86' lang='lat' dir='ltr'><strong><em>atrociter</em></strong></span> <span class='ocrx_word' id='word_1_638' title='bbox 3223 2686 3566 2743; x_wconf 85' lang='lat' dir='ltr'><strong><em>contristasse</em></strong></span> 
     </span>
    </p>
   </div>
   <div class='ocr_carea' id='block_1_88' title="bbox 1991 2773 3564 2846">
    <p class='ocr_par' dir='ltr' id='par_1_88' title="bbox 1991 2773 3564 2846">
     <span class='ocr_line' id='line_1_88' title="bbox 1991 2773 3564 2846; baseline -0.003 -16"><span class='ocrx_word' id='word_1_639' title='bbox 1991 2775 2305 2840; x_wconf 79' lang='lat' dir='ltr'><strong><em>Ecclesium,</em></strong></span> <span class='ocrx_word' id='word_1_640' title='bbox 2345 2776 2526 2830; x_wconf 88' lang='lat' dir='ltr'><strong><em>scribit</em></strong></span> <span class='ocrx_word' id='word_1_641' title='bbox 2563 2793 2575 2828; x_wconf 90' lang='lat'><strong>:</strong></span> <span class='ocrx_word' id='word_1_642' title='bbox 2603 2775 2777 2846; x_wconf 90' lang='lat' dir='ltr'><strong><em>impiis</em></strong></span> <span class='ocrx_word' id='word_1_643' title='bbox 2805 2784 2982 2830; x_wconf 86' lang='lat' dir='ltr'><strong><em>autem</em></strong></span> <span class='ocrx_word' id='word_1_644' title='bbox 3009 2775 3111 2830; x_wconf 91' lang='lat' dir='ltr'><strong><em>isto</em></strong></span> <span class='ocrx_word' id='word_1_645' title='bbox 3156 2773 3415 2844; x_wconf 90' lang='lat' dir='ltr'><strong><em>supplicio</em></strong></span> <span class='ocrx_word' id='word_1_646' title='bbox 3450 2773 3564 2843; x_wconf 88' lang='lat' dir='ltr'><strong><em>pla-</em></strong></span> 
     </span>
    </p>
   </div>
   <div class='ocr_carea' id='block_1_89' title="bbox 1991 2861 3570 2936">
    <p class='ocr_par' dir='ltr' id='par_1_89' title="bbox 1991 2861 3570 2936">
     <span class='ocr_line' id='line_1_89' title="bbox 1991 2861 3570 2936; baseline 0 -14"><span class='ocrx_word' id='word_1_647' title='bbox 1991 2883 2114 2923; x_wconf 85' lang='lat' dir='ltr'><strong><em>cere</em></strong></span> <span class='ocrx_word' id='word_1_648' title='bbox 2140 2877 2383 2921; x_wconf 89' lang='lat' dir='ltr'><strong><em>conatum</em></strong></span> <span class='ocrx_word' id='word_1_649' title='bbox 2410 2883 2528 2922; x_wconf 89' lang='lat' dir='ltr'><strong><em>esse</em></strong></span> <span class='ocrx_word' id='word_1_650' title='bbox 2557 2867 2702 2921; x_wconf 91' lang='lat' dir='ltr'><strong><em>illum</em></strong></span> <span class='ocrx_word' id='word_1_651' title='bbox 2725 2909 2738 2932; x_wconf 93' lang='lat'><strong><em>,</em></strong></span> <span class='ocrx_word' id='word_1_652' title='bbox 2773 2867 2855 2922; x_wconf 87' lang='lat' dir='ltr'><strong><em>vel</em></strong></span> <span class='ocrx_word' id='word_1_653' title='bbox 2885 2866 3145 2936; x_wconf 88' lang='lat' dir='ltr'><strong><em>placuisse</em></strong></span> <span class='ocrx_word' id='word_1_654' title='bbox 3173 2866 3426 2920; x_wconf 72' lang='lat' dir='ltr'><strong><em>lzL-tatum.</em></strong></span> <span class='ocrx_word' id='word_1_655' title='bbox 3452 2861 3570 2922; x_wconf 69' lang='lat' dir='ltr'><strong><em>Cre-</em></strong></span> 
     </span>
    </p>
   </div>
   <div class='ocr_carea' id='block_1_90' title="bbox 1993 2954 3574 3013">
    <p class='ocr_par' dir='ltr' id='par_1_90' title="bbox 1993 2954 3574 3013">
     <span class='ocr_line' id='line_1_90' title="bbox 1993 2954 3574 3013; baseline -0.003 0"><span class='ocrx_word' id='word_1_656' title='bbox 1993 2957 2076 3013; x_wconf 91' lang='lat' dir='ltr'><strong><em>dis</em></strong></span> <span class='ocrx_word' id='word_1_657' title='bbox 2103 2958 2235 3011; x_wconf 82' lang='lat' dir='ltr'><strong><em>adeo</em></strong></span> <span class='ocrx_word' id='word_1_658' title='bbox 2261 2957 2476 3012; x_wconf 78' lang='lat' dir='ltr'><strong><em>nefariae</em></strong></span> <span class='ocrx_word' id='word_1_659' title='bbox 2507 2965 2690 3012; x_wconf 89' lang='lat' dir='ltr'><strong><em>auctor</em></strong></span> <span class='ocrx_word' id='word_1_660' title='bbox 2719 2957 2860 3011; x_wconf 88' lang='lat' dir='ltr'><strong><em>illam</em></strong></span> <span class='ocrx_word' id='word_1_661' title='bbox 2905 2957 2956 3010; x_wconf 93' lang='lat' dir='ltr'><strong><em>in</em></strong></span> <span class='ocrx_word' id='word_1_662' title='bbox 2988 2956 3359 3011; x_wconf 89' lang='lat' dir='ltr'><strong><em>necessitatem</em></strong></span> <span class='ocrx_word' id='word_1_663' title='bbox 3389 2963 3442 3010; x_wconf 90' lang='lat' dir='ltr'><strong><em>et</em></strong></span> <span class='ocrx_word' id='word_1_664' title='bbox 3468 2954 3574 3009; x_wconf 88' lang='lat' dir='ltr'><strong><em>lm-</em></strong></span> 
     </span>
    </p>
   </div>
   <div class='ocr_carea' id='block_1_91' title="bbox 1997 3041 3568 3122">
    <p class='ocr_par' dir='ltr' id='par_1_91' title="bbox 1997 3041 3568 3122">
     <span class='ocr_line' id='line_1_91' title="bbox 1997 3041 3568 3122; baseline -0.004 -15"><span class='ocrx_word' id='word_1_665' title='bbox 1997 3053 2255 3122; x_wconf 82' lang='lat' dir='ltr'><strong><em>pcratoris</em></strong></span> <span class='ocrx_word' id='word_1_666' title='bbox 2298 3055 2619 3120; x_wconf 66' lang='lat' dir='ltr'><strong><em>praeceptam</em></strong></span> <span class='ocrx_word' id='word_1_667' title='bbox 2652 3048 2940 3104; x_wconf 78' lang='lat' dir='ltr'><strong><em>transferre</em></strong></span> <span class='ocrx_word' id='word_1_668' title='bbox 2968 3041 3324 3114; x_wconf 88' lang='lat' dir='ltr'><strong><em>moliebatur;</em></strong></span> <span class='ocrx_word' id='word_1_669' title='bbox 3354 3045 3568 3102; x_wconf 85' lang='lat' dir='ltr'><strong><em>tametsi</em></strong></span> 
     </span>
    </p>
   </div>
   <div class='ocr_carea' id='block_1_92' title="bbox 1997 3138 3574 3212">
    <p class='ocr_par' dir='ltr' id='par_1_92' title="bbox 1997 3138 3574 3212">
     <span class='ocr_line' id='line_1_92' title="bbox 1997 3138 3574 3212; baseline -0.003 -16"><span class='ocrx_word' id='word_1_670' title='bbox 1997 3142 2286 3212; x_wconf 85' lang='lat' dir='ltr'><strong><em>impcrialis</em></strong></span> <span class='ocrx_word' id='word_1_671' title='bbox 2329 3141 2625 3196; x_wconf 89' lang='lat' dir='ltr'><strong><em>Comitatus</em></strong></span> <span class='ocrx_word' id='word_1_672' title='bbox 2655 3148 2762 3193; x_wconf 88' lang='lat' dir='ltr'><strong><em>tam</em></strong></span> <span class='ocrx_word' id='word_1_673' title='bbox 2801 3147 3092 3208; x_wconf 87' lang='lat' dir='ltr'><strong><em>spectatam</em></strong></span> <span class='ocrx_word' id='word_1_674' title='bbox 3134 3138 3574 3208; x_wconf 78' lang='lat' dir='ltr'><strong><em>exploratumque</em></strong></span> 
     </span>
    </p>
   </div>
   <div class='ocr_carea' id='block_1_93' title="bbox 1997 3225 3573 3301">
    <p class='ocr_par' dir='ltr' id='par_1_93' title="bbox 1997 3225 3573 3301">
     <span class='ocr_line' id='line_1_93' title="bbox 1997 3225 3573 3301; baseline -0.003 -13"><span class='ocrx_word' id='word_1_675' title='bbox 1997 3233 2504 3301; x_wconf 88' lang='lat' dir='ltr'><strong><em>baberetutriusque</em></strong></span> <span class='ocrx_word' id='word_1_676' title='bbox 2534 3231 2753 3284; x_wconf 89' lang='lat' dir='ltr'><strong><em>fratrum</em></strong></span> <span class='ocrx_word' id='word_1_677' title='bbox 2781 3229 3160 3296; x_wconf 85' lang='lat' dir='ltr'><strong><em>innocentiam,</em></strong></span> <span class='ocrx_word' id='word_1_678' title='bbox 3190 3236 3366 3283; x_wconf 87' lang='lat' dir='ltr'><strong><em>utnec</em></strong></span> <span class='ocrx_word' id='word_1_679' title='bbox 3396 3225 3573 3283; x_wconf 83' lang='lat' dir='ltr'><strong><em>indul-</em></strong></span> 
     </span>
    </p>
   </div>
   <div class='ocr_carea' id='block_1_94' title="bbox 1994 3319 3576 3410">
    <p class='ocr_par' dir='ltr' id='par_1_94' title="bbox 1994 3319 3576 3410">
     <span class='ocr_line' id='line_1_94' title="bbox 1994 3319 3576 3410; baseline -0.003 -31"><span class='ocrx_word' id='word_1_680' title='bbox 1994 3327 2169 3410; x_wconf 79' lang='lat' dir='ltr'><strong><em>gentia</em></strong></span> <span class='ocrx_word' id='word_1_681' title='bbox 2211 3326 2313 3379; x_wconf 90' lang='lat' dir='ltr'><strong><em>illis</em></strong></span> <span class='ocrx_word' id='word_1_682' title='bbox 2346 3323 2516 3378; x_wconf 88' lang='lat' dir='ltr'><strong><em>danda</em></strong></span> <span class='ocrx_word' id='word_1_683' title='bbox 2568 3323 2680 3376; x_wconf 84' lang='lat' dir='ltr'><strong><em>visa</em></strong></span> <span class='ocrx_word' id='word_1_684' title='bbox 2717 3321 2802 3388; x_wconf 90' lang='lat' dir='ltr'><strong><em>sit,</em></strong></span> <span class='ocrx_word' id='word_1_685' title='bbox 2845 3336 2914 3374; x_wconf 89' lang='lat' dir='ltr'><strong><em>ne</em></strong></span> <span class='ocrx_word' id='word_1_686' title='bbox 2956 3335 3058 3390; x_wconf 89' lang='lat' dir='ltr'><strong><em>qua</em></strong></span> <span class='ocrx_word' id='word_1_687' title='bbox 3108 3319 3340 3389; x_wconf 83' lang='lat' dir='ltr'><strong><em>suspicio</em></strong></span> <span class='ocrx_word' id='word_1_688' title='bbox 3391 3333 3576 3374; x_wconf 88' lang='lat' dir='ltr'><strong><em>eorum</em></strong></span> 
     </span>
    </p>
   </div>
   <div class='ocr_carea' id='block_1_95' title="bbox 1998 3411 3574 3472">
    <p class='ocr_par' dir='ltr' id='par_1_95' title="bbox 1998 3411 3574 3472">
     <span class='ocr_line' id='line_1_95' title="bbox 1998 3411 3574 3472; baseline -0.003 -1"><span class='ocrx_word' id='word_1_689' title='bbox 1998 3417 2150 3472; x_wconf 59' lang='lat' dir='ltr'><strong><em>lania:</em></strong></span> <span class='ocrx_word' id='word_1_690' title='bbox 2178 3432 2242 3472; x_wconf 79' lang='lat' dir='ltr'><strong><em>ex</em></strong></span> <span class='ocrx_word' id='word_1_691' title='bbox 2272 3432 2336 3471; x_wconf 89' lang='lat' dir='ltr'><strong><em>eo</em></strong></span> <span class='ocrx_word' id='word_1_692' title='bbox 2365 3416 2610 3470; x_wconf 73' lang='lat' dir='ltr'><strong><em>iniererct.</em></strong></span> <span class='ocrx_word' id='word_1_693' title='bbox 2637 3415 2703 3468; x_wconf 88' lang='lat' dir='ltr'><strong><em>Et</em></strong></span> <span class='ocrx_word' id='word_1_694' title='bbox 2726 3429 2910 3468; x_wconf 83' lang='lat' dir='ltr'><strong><em>revera</em></strong></span> <span class='ocrx_word' id='word_1_695' title='bbox 2932 3413 3217 3467; x_wconf 83' lang='lat' dir='ltr'><strong><em>Marcellini</em></strong></span> <span class='ocrx_word' id='word_1_696' title='bbox 3250 3417 3435 3466; x_wconf 86' lang='lat' dir='ltr'><strong><em>necem</em></strong></span> <span class='ocrx_word' id='word_1_697' title='bbox 3468 3411 3574 3466; x_wconf 89' lang='lat' dir='ltr'><strong><em>im-</em></strong></span> 
     </span>
    </p>
   </div>
   <div class='ocr_carea' id='block_1_96' title="bbox 1997 3501 3650 3581">
    <p class='ocr_par' dir='ltr' id='par_1_96' title="bbox 1997 3501 3650 3581">
     <span class='ocr_line' id='line_1_96' title="bbox 1997 3501 3650 3581; baseline -0.006 -18"><span class='ocrx_word' id='word_1_698' title='bbox 1997 3509 2272 3581; x_wconf 76' lang='lat' dir='ltr'><strong><em>probatam</em></strong></span> <span class='ocrx_word' id='word_1_699' title='bbox 2298 3507 2364 3562; x_wconf 89' lang='lat' dir='ltr'><strong><em>ab</em></strong></span> <span class='ocrx_word' id='word_1_700' title='bbox 2387 3507 2518 3560; x_wconf 80' lang='lat' dir='ltr'><strong><em>Aula</em></strong></span> <span class='ocrx_word' id='word_1_701' title='bbox 2543 3505 2723 3568; x_wconf 84' lang='lat' dir='ltr'><strong><em>fuisse,</em></strong></span> <span class='ocrx_word' id='word_1_702' title='bbox 2741 3501 2906 3557; x_wconf 84' lang='lat' dir='ltr'><strong><em>visuri</em></strong></span> <span class='ocrx_word' id='word_1_703' title='bbox 2933 3515 3134 3556; x_wconf 88' lang='lat' dir='ltr'><strong><em>sumus.</em></strong></span> <span class='ocrx_word' id='word_1_704' title='bbox 3162 3501 3324 3554; x_wconf 85' lang='lat' dir='ltr'><strong><em>Erant</em></strong></span> <span class='ocrx_word' id='word_1_705' title='bbox 3349 3515 3410 3559; x_wconf 83' lang='lat' dir='ltr'><strong><em>ea</em></strong></span> <span class='ocrx_word' id='word_1_706' title='bbox 3432 3509 3572 3554; x_wconf 87' lang='lat' dir='ltr'><strong><em>tem-</em></strong></span> <span class='ocrx_word' id='word_1_707' title='bbox 3638 3539 3650 3578; x_wconf 49' lang='grc' dir='ltr'><strong><em>η</em></strong></span> 
     </span>
    </p>
   </div>
   <div class='ocr_carea' id='block_1_97' title="bbox 2003 3558 3657 3671">
    <p class='ocr_par' dir='ltr' id='par_1_97' title="bbox 2003 3558 3657 3671">
     <span class='ocr_line' id='line_1_97' title="bbox 2003 3558 2723 3581; baseline -0.007 -8"><span class='ocrx_word' id='word_1_708' title='bbox 2003 3558 2183 3581; x_wconf 56' lang='grc' dir='ltr'><strong><em>,μη--</em></strong></span> <span class='ocrx_word' id='word_1_709' title='bbox 2302 3558 2356 3562; x_wconf 53' lang='grc' dir='ltr'><strong><em>η</em></strong></span> <span class='ocrx_word' id='word_1_710' title='bbox 2684 3558 2723 3568; x_wconf 38' lang='grc' dir='ltr'><strong><em>κ,</em></strong></span> 
     </span>
     <span class='ocr_line' id='line_1_98' title="bbox 2003 3558 3657 3671; baseline -0.004 -20"><span class='ocrx_word' id='word_1_711' title='bbox 2003 3617 2126 3671; x_wconf 74' lang='lat' dir='ltr'><strong><em>pora</em></strong></span> <span class='ocrx_word' id='word_1_712' title='bbox 2158 3598 2434 3653; x_wconf 79' lang='lat' dir='ltr'><strong><em>calumniae</em></strong></span> <span class='ocrx_word' id='word_1_713' title='bbox 2466 3597 2658 3650; x_wconf 90' lang='lat' dir='ltr'><strong><em>mirum</em></strong></span> <span class='ocrx_word' id='word_1_714' title='bbox 2700 3581 2754 3649; x_wconf 82' lang='lat' dir='ltr'><strong><em>in</em></strong></span> <span class='ocrx_word' id='word_1_715' title='bbox 2785 3594 2999 3648; x_wconf 89' lang='lat' dir='ltr'><strong><em>modum</em></strong></span> <span class='ocrx_word' id='word_1_716' title='bbox 3039 3591 3289 3659; x_wconf 80' lang='lat' dir='ltr'><strong><em>obnoxia,</em></strong></span> <span class='ocrx_word' id='word_1_717' title='bbox 3339 3591 3576 3647; x_wconf 89' lang='lat' dir='ltr'><strong><em>utetiam</em></strong></span> <span class='ocrx_word' id='word_1_718' title='bbox 3645 3558 3657 3578; x_wconf 63' lang='grc'><strong>’</strong></span> 
     </span>
    </p>
   </div>
   <div class='ocr_carea' id='block_1_98' title="bbox 2000 3685 3575 3757">
    <p class='ocr_par' dir='ltr' id='par_1_98' title="bbox 2000 3685 3575 3757">
     <span class='ocr_line' id='line_1_99' title="bbox 2000 3685 3575 3757; baseline -0.006 -9"><span class='ocrx_word' id='word_1_719' title='bbox 2000 3695 2156 3749; x_wconf 73' lang='lat' dir='ltr'><strong><em>tiniae</em></strong></span> <span class='ocrx_word' id='word_1_720' title='bbox 2207 3701 2338 3746; x_wconf 88' lang='lat' dir='ltr'><strong><em>teste</em></strong></span> <span class='ocrx_word' id='word_1_721' title='bbox 2384 3689 2621 3743; x_wconf 90' lang='lat' dir='ltr'><strong><em>adhibito</em></strong></span> <span class='ocrx_word' id='word_1_722' title='bbox 2668 3689 2881 3757; x_wconf 87' lang='lat' dir='ltr'><strong><em>impune</em></strong></span> <span class='ocrx_word' id='word_1_723' title='bbox 2931 3686 2981 3740; x_wconf 91' lang='lat' dir='ltr'><strong><em>in</em></strong></span> <span class='ocrx_word' id='word_1_724' title='bbox 3033 3685 3341 3756; x_wconf 87' lang='lat' dir='ltr'><strong><em>quemlibet,</em></strong></span> <span class='ocrx_word' id='word_1_725' title='bbox 3391 3691 3575 3754; x_wconf 80' lang='lat' dir='ltr'><strong><em>utpote</em></strong></span> 
     </span>
    </p>
   </div>
   <div class='ocr_carea' id='block_1_99' title="bbox 2001 3776 3577 3856">
    <p class='ocr_par' dir='ltr' id='par_1_99' title="bbox 2001 3776 3577 3856">
     <span class='ocr_line' id='line_1_100' title="bbox 2001 3776 3577 3856; baseline -0.006 -17"><span class='ocrx_word' id='word_1_726' title='bbox 2001 3802 2158 3856; x_wconf 87' lang='lat' dir='ltr'><strong><em>quem</em></strong></span> <span class='ocrx_word' id='word_1_727' title='bbox 2187 3784 2422 3839; x_wconf 85' lang='lat' dir='ltr'><strong><em>criminis</em></strong></span> <span class='ocrx_word' id='word_1_728' title='bbox 2449 3799 2513 3838; x_wconf 82' lang='lat' dir='ltr'><strong><em>ex</em></strong></span> <span class='ocrx_word' id='word_1_729' title='bbox 2549 3795 2670 3836; x_wconf 88' lang='lat' dir='ltr'><strong><em>sese</em></strong></span> <span class='ocrx_word' id='word_1_730' title='bbox 2705 3777 2948 3835; x_wconf 81' lang='lat' dir='ltr'><strong><em>invidiosi</em></strong></span> <span class='ocrx_word' id='word_1_731' title='bbox 2980 3777 3303 3832; x_wconf 79' lang='lat' dir='ltr'><strong><em>credibiliter</em></strong></span> <span class='ocrx_word' id='word_1_732' title='bbox 3348 3776 3577 3830; x_wconf 87' lang='lat' dir='ltr'><strong><em>insimu-</em></strong></span> 
     </span>
    </p>
   </div>
   <div class='ocr_carea' id='block_1_100' title="bbox 2003 3865 3576 3938">
    <p class='ocr_par' dir='ltr' id='par_1_100' title="bbox 2003 3865 3576 3938">
     <span class='ocr_line' id='line_1_101' title="bbox 2003 3865 3576 3938; baseline -0.007 -6"><span class='ocrx_word' id='word_1_733' title='bbox 2003 3880 2112 3932; x_wconf 89' lang='lat' dir='ltr'><strong><em>lare</em></strong></span> <span class='ocrx_word' id='word_1_734' title='bbox 2141 3877 2290 3930; x_wconf 83' lang='lat' dir='ltr'><strong><em>facile</em></strong></span> <span class='ocrx_word' id='word_1_735' title='bbox 2309 3881 2469 3936; x_wconf 87' lang='lat' dir='ltr'><strong><em>esset,</em></strong></span> <span class='ocrx_word' id='word_1_736' title='bbox 2494 3882 2733 3928; x_wconf 79' lang='lat' dir='ltr'><strong><em>extremo</em></strong></span> <span class='ocrx_word' id='word_1_737' title='bbox 2758 3870 3267 3924; x_wconf 87' lang='lat' dir='ltr'><strong><em>animadverteretur</em></strong></span> <span class='ocrx_word' id='word_1_738' title='bbox 3293 3865 3576 3938; x_wconf 89' lang='lat' dir='ltr'><strong><em>supplicio.</em></strong></span> 
     </span>
    </p>
   </div>
   <div class='ocr_carea' id='block_1_101' title="bbox 2003 3957 3579 4037">
    <p class='ocr_par' dir='ltr' id='par_1_101' title="bbox 2003 3957 3579 4037">
     <span class='ocr_line' id='line_1_102' title="bbox 2003 3957 3579 4037; baseline -0.009 -13"><span class='ocrx_word' id='word_1_739' title='bbox 2003 3967 2155 4037; x_wconf 83' lang='lat' dir='ltr'><strong><em>Quod</em></strong></span> <span class='ocrx_word' id='word_1_740' title='bbox 2183 3982 2313 4021; x_wconf 88' lang='lat' dir='ltr'><strong><em>sane</em></strong></span> <span class='ocrx_word' id='word_1_741' title='bbox 2340 3966 2514 4034; x_wconf 90' lang='lat' dir='ltr'><strong><em>aptius</em></strong></span> <span class='ocrx_word' id='word_1_742' title='bbox 2541 3965 2592 4018; x_wconf 92' lang='lat' dir='ltr'><strong><em>in</em></strong></span> <span class='ocrx_word' id='word_1_743' title='bbox 2625 3962 2826 4016; x_wconf 89' lang='lat' dir='ltr'><strong><em>nullum</em></strong></span> <span class='ocrx_word' id='word_1_744' title='bbox 2871 3959 3036 4022; x_wconf 80' lang='lat' dir='ltr'><strong><em>aliud,</em></strong></span> <span class='ocrx_word' id='word_1_745' title='bbox 3067 3974 3225 4029; x_wconf 88' lang='lat' dir='ltr'><strong><em>quam</em></strong></span> <span class='ocrx_word' id='word_1_746' title='bbox 3248 3957 3299 4012; x_wconf 89' lang='lat' dir='ltr'><strong><em>in</em></strong></span> <span class='ocrx_word' id='word_1_747' title='bbox 3327 3957 3579 4027; x_wconf 80' lang='lat' dir='ltr'><strong><em>perduel-</em></strong></span> 
     </span>
    </p>
   </div>
   <div class='ocr_carea' id='block_1_102' title="bbox 2005 4036 3580 4122">
    <p class='ocr_par' dir='ltr' id='par_1_102' title="bbox 2005 4036 3580 4122">
     <span class='ocr_line' id='line_1_103' title="bbox 2005 4036 3580 4122; baseline -0.008 -7"><span class='ocrx_word' id='word_1_748' title='bbox 2005 4061 2161 4115; x_wconf 75' lang='lat' dir='ltr'><strong><em>lioais</em></strong></span> <span class='ocrx_word' id='word_1_749' title='bbox 2207 4059 2432 4120; x_wconf 88' lang='lat' dir='ltr'><strong><em>crimen,</em></strong></span> <span class='ocrx_word' id='word_1_750' title='bbox 2471 4055 2700 4110; x_wconf 81' lang='lat' dir='ltr'><strong><em>maxime</em></strong></span> <span class='ocrx_word' id='word_1_751' title='bbox 2743 4060 2863 4122; x_wconf 90' lang='lat' dir='ltr'><strong><em>post</em></strong></span> <span class='ocrx_word' id='word_1_752' title='bbox 2909 4060 3140 4116; x_wconf 82' lang='lat' dir='ltr'><strong><em>tantam,</em></strong></span> <span class='ocrx_word' id='word_1_753' title='bbox 3189 4036 3380 4120; x_wconf 88' lang='lat' dir='ltr'><strong><em>quanta</em></strong></span> <span class='ocrx_word' id='word_1_754' title='bbox 3412 4049 3580 4103; x_wconf 80' lang='lat' dir='ltr'><strong><em>Hera-</em></strong></span> 
     </span>
    </p>
   </div>
   <div class='ocr_carea' id='block_1_103' title="bbox 2003 4140 3579 4214">
    <p class='ocr_par' dir='ltr' id='par_1_103' title="bbox 2003 4140 3579 4214">
     <span class='ocr_line' id='line_1_104' title="bbox 2003 4140 3579 4214; baseline -0.01 -6"><span class='ocrx_word' id='word_1_755' title='bbox 2003 4153 2156 4209; x_wconf 82' lang='lat' dir='ltr'><strong><em>cliani</em></strong></span> <span class='ocrx_word' id='word_1_756' title='bbox 2203 4151 2316 4214; x_wconf 89' lang='lat' dir='ltr'><strong><em>fuit,</em></strong></span> <span class='ocrx_word' id='word_1_757' title='bbox 2359 4147 2755 4212; x_wconf 81' lang='lat' dir='ltr'><strong><em>defectionem,</em></strong></span> <span class='ocrx_word' id='word_1_758' title='bbox 2805 4143 2997 4198; x_wconf 87' lang='lat' dir='ltr'><strong><em>cadere</em></strong></span> <span class='ocrx_word' id='word_1_759' title='bbox 3029 4150 3207 4212; x_wconf 88' lang='lat' dir='ltr'><strong><em>queat.</em></strong></span> <span class='ocrx_word' id='word_1_760' title='bbox 3249 4141 3376 4207; x_wconf 77' lang='lat' dir='ltr'><strong><em>Qua:</em></strong></span> <span class='ocrx_word' id='word_1_761' title='bbox 3419 4140 3579 4194; x_wconf 87' lang='lat' dir='ltr'><strong><em>etiam</em></strong></span> 
     </span>
    </p>
   </div>
   <div class='ocr_carea' id='block_1_104' title="bbox 2003 4237 3580 4318">
    <p class='ocr_par' dir='ltr' id='par_1_104' title="bbox 2003 4237 3580 4318">
     <span class='ocr_line' id='line_1_105' title="bbox 2003 4237 3580 4318; baseline -0.01 -17"><span class='ocrx_word' id='word_1_762' title='bbox 2003 4260 2190 4318; x_wconf 83' lang='lat' dir='ltr'><strong><em>magna</em></strong></span> <span class='ocrx_word' id='word_1_763' title='bbox 2223 4253 2347 4298; x_wconf 90' lang='lat' dir='ltr'><strong><em>tunc</em></strong></span> <span class='ocrx_word' id='word_1_764' title='bbox 2371 4248 2487 4297; x_wconf 86' lang='lat' dir='ltr'><strong><em>erat</em></strong></span> <span class='ocrx_word' id='word_1_765' title='bbox 2515 4240 2676 4303; x_wconf 91' lang='lat' dir='ltr'><strong><em>illius,-</em></strong></span> <span class='ocrx_word' id='word_1_766' title='bbox 2706 4253 2735 4291; x_wconf 88' lang='lat' dir='ltr'><strong><em>a</em></strong></span> <span class='ocrx_word' id='word_1_767' title='bbox 2760 4253 2866 4307; x_wconf 90' lang='lat' dir='ltr'><strong><em>quo</em></strong></span> <span class='ocrx_word' id='word_1_768' title='bbox 2891 4237 3168 4291; x_wconf 86' lang='lat' dir='ltr'><strong><em>damnatus</em></strong></span> <span class='ocrx_word' id='word_1_769' title='bbox 3190 4243 3288 4294; x_wconf 87' lang='lat' dir='ltr'><strong><em>est.</em></strong></span> <span class='ocrx_word' id='word_1_770' title='bbox 3321 4240 3580 4302; x_wconf 85' lang='lat' dir='ltr'><strong><em>potestas,</em></strong></span> 
     </span>
    </p>
   </div>
   <div class='ocr_carea' id='block_1_105' title="bbox 2004 4323 3580 4404">
    <p class='ocr_par' dir='ltr' id='par_1_105' title="bbox 2004 4323 3580 4404">
     <span class='ocr_line' id='line_1_106' title="bbox 2004 4323 3580 4404; baseline -0.01 -10"><span class='ocrx_word' id='word_1_771' title='bbox 2004 4346 2067 4394; x_wconf 85' lang='lat' dir='ltr'><strong><em>ca</em></strong></span> <span class='ocrx_word' id='word_1_772' title='bbox 2092 4340 2226 4392; x_wconf 88' lang='lat' dir='ltr'><strong><em>intra</em></strong></span> <span class='ocrx_word' id='word_1_773' title='bbox 2258 4334 2483 4404; x_wconf 87' lang='lat' dir='ltr'><strong><em>spatium</em></strong></span> <span class='ocrx_word' id='word_1_774' title='bbox 2514 4329 2767 4399; x_wconf 87' lang='lat' dir='ltr'><strong><em>temporis</em></strong></span> <span class='ocrx_word' id='word_1_775' title='bbox 2801 4345 2904 4382; x_wconf 87' lang='lat' dir='ltr'><strong><em>non</em></strong></span> <span class='ocrx_word' id='word_1_776' title='bbox 2946 4327 3017 4382; x_wconf 88' lang='lat' dir='ltr'><strong><em>ita</em></strong></span> <span class='ocrx_word' id='word_1_777' title='bbox 3053 4327 3270 4397; x_wconf 81' lang='lat' dir='ltr'><strong><em>longum</em></strong></span> <span class='ocrx_word' id='word_1_778' title='bbox 3300 4323 3438 4379; x_wconf 89' lang='lat' dir='ltr'><strong><em>haud</em></strong></span> <span class='ocrx_word' id='word_1_779' title='bbox 3465 4341 3580 4378; x_wconf 81' lang='lat' dir='ltr'><strong><em>me-</em></strong></span> 
     </span>
    </p>
   </div>
   <div class='ocr_carea' id='block_1_106' title="bbox 2003 4413 3584 4487">
    <p class='ocr_par' dir='ltr' id='par_1_106' title="bbox 2003 4413 3584 4487">
     <span class='ocr_line' id='line_1_107' title="bbox 2003 4413 3584 4487; baseline -0.01 -4"><span class='ocrx_word' id='word_1_780' title='bbox 2003 4429 2254 4484; x_wconf 86' lang='lat' dir='ltr'><strong><em>diocritcr</em></strong></span> <span class='ocrx_word' id='word_1_781' title='bbox 2285 4423 2558 4478; x_wconf 82' lang='lat' dir='ltr'><strong><em>imminuta</em></strong></span> <span class='ocrx_word' id='word_1_782' title='bbox 2587 4421 2699 4475; x_wconf 89' lang='lat' dir='ltr'><strong><em>fuit.</em></strong></span> <span class='ocrx_word' id='word_1_783' title='bbox 2725 4419 2792 4472; x_wconf 86' lang='lat' dir='ltr'><strong><em>Et</em></strong></span> <span class='ocrx_word' id='word_1_784' title='bbox 2813 4433 3000 4487; x_wconf 89' lang='lat' dir='ltr'><strong><em>reapse</em></strong></span> <span class='ocrx_word' id='word_1_785' title='bbox 3025 4417 3200 4472; x_wconf 88' lang='lat' dir='ltr'><strong><em>statim</em></strong></span> <span class='ocrx_word' id='word_1_786' title='bbox 3232 4431 3261 4469; x_wconf 91' lang='lat' dir='ltr'><strong><em>a</em></strong></span> <span class='ocrx_word' id='word_1_787' title='bbox 3287 4430 3417 4471; x_wconf 83' lang='lat' dir='ltr'><strong><em>nece</em></strong></span> <span class='ocrx_word' id='word_1_788' title='bbox 3444 4413 3584 4469; x_wconf 79' lang='lat' dir='ltr'><strong><em>Mar-</em></strong></span> 
     </span>
    </p>
   </div>
   <div class='ocr_carea' id='block_1_107' title="bbox 2005 4503 3584 4575">
    <p class='ocr_par' dir='ltr' id='par_1_107' title="bbox 2005 4503 3584 4575">
     <span class='ocr_line' id='line_1_108' title="bbox 2005 4503 3584 4575; baseline -0.01 -1"><span class='ocrx_word' id='word_1_789' title='bbox 2005 4518 2179 4575; x_wconf 87' lang='lat' dir='ltr'><strong><em>ccllini</em></strong></span> <span class='ocrx_word' id='word_1_790' title='bbox 2208 4504 2437 4570; x_wconf 84' lang='lat' dir='ltr'><strong><em>Marinus</em></strong></span> <span class='ocrx_word' id='word_1_791' title='bbox 2465 4528 2528 4566; x_wconf 79' lang='lat' dir='ltr'><strong><em>ex</em></strong></span> <span class='ocrx_word' id='word_1_792' title='bbox 2560 4511 2734 4565; x_wconf 83' lang='lat' dir='ltr'><strong><em>Africa</em></strong></span> <span class='ocrx_word' id='word_1_793' title='bbox 2763 4517 3062 4574; x_wconf 89' lang='lat' dir='ltr'><strong><em>revocatus,-</em></strong></span> <span class='ocrx_word' id='word_1_794' title='bbox 3109 4508 3226 4562; x_wconf 91' lang='lat' dir='ltr'><strong><em>loco</em></strong></span> <span class='ocrx_word' id='word_1_795' title='bbox 3270 4521 3367 4561; x_wconf 85' lang='lat' dir='ltr'><strong><em>suo</em></strong></span> <span class='ocrx_word' id='word_1_796' title='bbox 3403 4521 3466 4560; x_wconf 92' lang='lat' dir='ltr'><strong><em>ac</em></strong></span> <span class='ocrx_word' id='word_1_797' title='bbox 3505 4503 3584 4558; x_wconf 85' lang='lat' dir='ltr'><strong><em>fa-</em></strong></span> 
     </span>
    </p>
   </div>
   <div class='ocr_carea' id='block_1_108' title="bbox 2005 4597 3579 4672">
    <p class='ocr_par' dir='ltr' id='par_1_108' title="bbox 2005 4597 3579 4672">
     <span class='ocr_line' id='line_1_109' title="bbox 2005 4597 3579 4672; baseline -0.011 -5"><span class='ocrx_word' id='word_1_798' title='bbox 2005 4626 2131 4666; x_wconf 86' lang='lat' dir='ltr'><strong><em>vore</em></strong></span> <span class='ocrx_word' id='word_1_799' title='bbox 2159 4607 2372 4670; x_wconf 84' lang='lat' dir='ltr'><strong><em>excidit.</em></strong></span> <span class='ocrx_word' id='word_1_800' title='bbox 2403 4605 2606 4672; x_wconf 82' lang='lat' dir='ltr'><strong><em>Quibus</em></strong></span> <span class='ocrx_word' id='word_1_801' title='bbox 2625 4601 2892 4664; x_wconf 88' lang='lat' dir='ltr'><strong><em>omnibus,</em></strong></span> <span class='ocrx_word' id='word_1_802' title='bbox 2927 4607 2984 4654; x_wconf 88' lang='lat' dir='ltr'><strong><em>ut</em></strong></span> <span class='ocrx_word' id='word_1_803' title='bbox 3009 4599 3370 4654; x_wconf 86' lang='lat' dir='ltr'><strong><em>Marcellinum</em></strong></span> <span class='ocrx_word' id='word_1_804' title='bbox 3403 4597 3579 4666; x_wconf 84' lang='lat' dir='ltr'><strong><em>ipsum</em></strong></span> 
     </span>
    </p>
   </div>
   <div class='ocr_carea' id='block_1_109' title="bbox 2005 4687 3584 4770">
    <p class='ocr_par' dir='ltr' id='par_1_109' title="bbox 2005 4687 3584 4770">
     <span class='ocr_line' id='line_1_110' title="bbox 2005 4687 3584 4770; baseline -0.011 -12"><span class='ocrx_word' id='word_1_805' title='bbox 2005 4717 2068 4758; x_wconf 87' lang='lat' dir='ltr'><strong><em>ea</em></strong></span> <span class='ocrx_word' id='word_1_806' title='bbox 2115 4698 2336 4770; x_wconf 82' lang='lat' dir='ltr'><strong><em>epistola</em></strong></span> <span class='ocrx_word' id='word_1_807' title='bbox 2373 4693 2635 4763; x_wconf 83' lang='lat' dir='ltr'><strong><em>designari</em></strong></span> <span class='ocrx_word' id='word_1_808' title='bbox 2677 4691 2832 4745; x_wconf 89' lang='lat' dir='ltr'><strong><em>nobis</em></strong></span> <span class='ocrx_word' id='word_1_809' title='bbox 2881 4689 3316 4761; x_wconf 84' lang='lat' dir='ltr'><strong><em>persuadeamus,</em></strong></span> <span class='ocrx_word' id='word_1_810' title='bbox 3360 4687 3584 4742; x_wconf 84' lang='lat' dir='ltr'><strong><em>adduci-</em></strong></span> 
     </span>
    </p>
   </div>
   <div class='ocr_carea' id='block_1_110' title="bbox 2006 4777 3579 4880">
    <p class='ocr_par' dir='ltr' id='par_1_110' title="bbox 2006 4777 3579 4880">
     <span class='ocr_line' id='line_1_111' title="bbox 2006 4777 3579 4880; baseline -0.011 -30"><span class='ocrx_word' id='word_1_811' title='bbox 2006 4810 2143 4880; x_wconf 48' lang='lat' dir='ltr'><strong><em>ntu&#39;r.</em></strong></span> <span class='ocrx_word' id='word_1_812' title='bbox 2174 4791 2330 4846; x_wconf 79' lang='lat' dir='ltr'><strong><em>Certe“</em></strong></span> <span class='ocrx_word' id='word_1_813' title='bbox 2351 4787 2502 4852; x_wconf 88' lang='lat' dir='ltr'><strong><em>nihil,</em></strong></span> <span class='ocrx_word' id='word_1_814' title='bbox 2535 4784 2677 4856; x_wconf 88' lang='lat' dir='ltr'><strong><em>quod</em></strong></span> <span class='ocrx_word' id='word_1_815' title='bbox 2707 4783 2830 4837; x_wconf 91' lang='lat' dir='ltr'><strong><em>huic</em></strong></span> <span class='ocrx_word' id='word_1_816' title='bbox 2856 4791 3051 4837; x_wconf 73' lang='lat' dir='ltr'><strong><em>nostra:</em></strong></span> <span class='ocrx_word' id='word_1_817' title='bbox 3072 4780 3305 4850; x_wconf 85' lang='lat' dir='ltr'><strong><em>opinioni</em></strong></span> <span class='ocrx_word' id='word_1_818' title='bbox 3342 4777 3579 4847; x_wconf 77' lang='lat' dir='ltr'><strong><em>refrage-</em></strong></span> 
     </span>
    </p>
   </div>
   <div class='ocr_carea' id='block_1_111' title="bbox 2008 4861 3581 4954">
    <p class='ocr_par' dir='ltr' id='par_1_111' title="bbox 2008 4861 3581 4954">
     <span class='ocr_line' id='line_1_112' title="bbox 2008 4861 3581 4954; baseline -0.011 -11"><span class='ocrx_word' id='word_1_819' title='bbox 2008 4863 2114 4954; x_wconf 50' lang='lat' dir='ltr'><strong><em>tur&#39;,</em></strong></span> <span class='ocrx_word' id='word_1_820' title='bbox 2142 4885 2413 4947; x_wconf 86' lang='lat' dir='ltr'><strong><em>videmus;</em></strong></span> <span class='ocrx_word' id='word_1_821' title='bbox 2447 4879 2602 4950; x_wconf 88' lang='lat' dir='ltr'><strong><em>idque</em></strong></span> <span class='ocrx_word' id='word_1_822' title='bbox 2637 4878 2828 4933; x_wconf 86' lang='lat' dir='ltr'><strong><em>merito</em></strong></span> <span class='ocrx_word' id='word_1_823' title='bbox 2863 4881 3141 4946; x_wconf 82' lang='lat' dir='ltr'><strong><em>possumus</em></strong></span> <span class='ocrx_word' id='word_1_824' title='bbox 3167 4861 3453 4934; x_wconf 84' lang='lat' dir='ltr'><strong><em>affirmare,</em></strong></span> <span class='ocrx_word' id='word_1_825' title='bbox 3494 4872 3581 4925; x_wconf 89' lang='lat' dir='ltr'><strong><em>cui</em></strong></span> 
     </span>
    </p>
   </div>
   <div class='ocr_carea' id='block_1_112' title="bbox 2007 4959 3582 5035">
    <p class='ocr_par' dir='ltr' id='par_1_112' title="bbox 2007 4959 3582 5035">
     <span class='ocr_line' id='line_1_113' title="bbox 2007 4959 3582 5035; baseline -0.013 0"><span class='ocrx_word' id='word_1_826' title='bbox 2007 4980 2198 5035; x_wconf 87' lang='lat' dir='ltr'><strong><em>melius</em></strong></span> <span class='ocrx_word' id='word_1_827' title='bbox 2216 4990 2302 5029; x_wconf 89' lang='lat' dir='ltr'><strong><em>res</em></strong></span> <span class='ocrx_word' id='word_1_828' title='bbox 2325 4975 2388 5027; x_wconf 89' lang='lat' dir='ltr'><strong><em>iis</em></strong></span> <span class='ocrx_word' id='word_1_829' title='bbox 2411 4971 2601 5026; x_wconf 88' lang='lat' dir='ltr'><strong><em>litteris</em></strong></span> <span class='ocrx_word' id='word_1_830' title='bbox 2623 4969 2800 5024; x_wconf 81' lang='lat' dir='ltr'><strong><em>relatae</em></strong></span> <span class='ocrx_word' id='word_1_831' title='bbox 2818 4965 3153 5029; x_wconf 78' lang='lat' dir='ltr'><strong><em>canveniant,</em></strong></span> <span class='ocrx_word' id='word_1_832' title='bbox 3176 4959 3402 5032; x_wconf 86' lang='lat' dir='ltr'><strong><em>reperiri</em></strong></span> <span class='ocrx_word' id='word_1_833' title='bbox 3426 4974 3582 5030; x_wconf 86' lang='lat' dir='ltr'><strong><em>posse</em></strong></span> 
     </span>
    </p>
   </div>
   <div class='ocr_carea' id='block_1_113' title="bbox 2009 5046 3584 5130">
    <p class='ocr_par' dir='ltr' id='par_1_113' title="bbox 2009 5046 3584 5130">
     <span class='ocr_line' id='line_1_114' title="bbox 2009 5046 3584 5130; baseline -0.014 -5"><span class='ocrx_word' id='word_1_834' title='bbox 2009 5068 2295 5124; x_wconf 88' lang='lat' dir='ltr'><strong><em>neminem.</em></strong></span> <span class='ocrx_word' id='word_1_835' title='bbox 2321 5064 2545 5118; x_wconf 88' lang='lat' dir='ltr'><strong><em>Dubium</em></strong></span> <span class='ocrx_word' id='word_1_836' title='bbox 2586 5060 2820 5130; x_wconf 84' lang='lat' dir='ltr'><strong><em>profecto</em></strong></span> <span class='ocrx_word' id='word_1_837' title='bbox 2849 5046 3051 5111; x_wconf 82' lang='lat' dir='ltr'><strong><em>nullum</em></strong></span> <span class='ocrx_word' id='word_1_838' title='bbox 3083 5057 3182 5119; x_wconf 87' lang='lat' dir='ltr'><strong><em>est,</em></strong></span> <span class='ocrx_word' id='word_1_839' title='bbox 3213 5051 3338 5122; x_wconf 87' lang='lat' dir='ltr'><strong><em>quin</em></strong></span> <span class='ocrx_word' id='word_1_840' title='bbox 3373 5060 3584 5121; x_wconf 82' lang='lat' dir='ltr'><strong><em>tempo—</em></strong></span> 
     </span>
    </p>
   </div>
   <div class='ocr_carea' id='block_1_114' title="bbox 2008 5142 3588 5222">
    <p class='ocr_par' dir='ltr' id='par_1_114' title="bbox 2008 5142 3588 5222">
     <span class='ocr_line' id='line_1_115' title="bbox 2008 5142 3588 5222; baseline -0.013 -7"><span class='ocrx_word' id='word_1_841' title='bbox 2008 5160 2154 5216; x_wconf 87' lang='lat' dir='ltr'><strong><em>ribus</em></strong></span> <span class='ocrx_word' id='word_1_842' title='bbox 2197 5155 2488 5212; x_wconf 88' lang='lat' dir='ltr'><strong><em>lnnoccn‘tii</em></strong></span> <span class='ocrx_word' id='word_1_843' title='bbox 2534 5164 2704 5222; x_wconf 80' lang='lat' dir='ltr'><strong><em>papae,</em></strong></span> <span class='ocrx_word' id='word_1_844' title='bbox 2753 5150 2838 5218; x_wconf 89' lang='lat' dir='ltr'><strong><em>qui</em></strong></span> <span class='ocrx_word' id='word_1_845' title='bbox 2882 5147 3041 5200; x_wconf 90' lang='lat' dir='ltr'><strong><em>vitam</em></strong></span> <span class='ocrx_word' id='word_1_846' title='bbox 3086 5142 3153 5198; x_wconf 86' lang='lat' dir='ltr'><strong><em>ad</em></strong></span> <span class='ocrx_word' id='word_1_847' title='bbox 3191 5156 3387 5196; x_wconf 84' lang='lat' dir='ltr'><strong><em>annum</em></strong></span> <span class='ocrx_word' id='word_1_848' title='bbox 3420 5155 3588 5211; x_wconf 85' lang='lat' dir='ltr'><strong><em>usque</em></strong></span> 
     </span>
    </p>
   </div>
   <div class='ocr_carea' id='block_1_115' title="bbox 2011 5231 3581 5324">
    <p class='ocr_par' dir='ltr' id='par_1_115' title="bbox 2011 5231 3581 5324">
     <span class='ocr_line' id='line_1_116' title="bbox 2011 5231 3581 5324; baseline -0.015 -17"><span class='ocrx_word' id='word_1_849' title='bbox 2011 5246 2590 5324; x_wconf 81' lang='lat' dir='ltr'><strong><em>quadringentesimum</em></strong></span> <span class='ocrx_word' id='word_1_850' title='bbox 2640 5240 2904 5296; x_wconf 88' lang='lat' dir='ltr'><strong><em>decimum</em></strong></span> <span class='ocrx_word' id='word_1_851' title='bbox 2965 5235 3249 5305; x_wconf 85' lang='lat' dir='ltr'><strong><em>septimum</em></strong></span> <span class='ocrx_word' id='word_1_852' title='bbox 3310 5231 3581 5304; x_wconf 88' lang='lat' dir='ltr'><strong><em>produxit,</em></strong></span> 
     </span>
    </p>
   </div>
   <div class='ocr_carea' id='block_1_116' title="bbox 2013 5323 3588 5416">
    <p class='ocr_par' dir='ltr' id='par_1_116' title="bbox 2013 5323 3588 5416">
     <span class='ocr_line' id='line_1_117' title="bbox 2013 5323 3588 5416; baseline -0.017 -14"><span class='ocrx_word' id='word_1_853' title='bbox 2013 5323 2224 5416; x_wconf 75' lang='lat' dir='ltr'><strong><em>scripta:</em></strong></span> <span class='ocrx_word' id='word_1_854' title='bbox 2251 5335 2466 5396; x_wconf 77' lang='lat' dir='ltr'><strong><em>fuerint.</em></strong></span> <span class='ocrx_word' id='word_1_855' title='bbox 2491 5337 2623 5391; x_wconf 91' lang='lat' dir='ltr'><strong><em>Sunt</em></strong></span> <span class='ocrx_word' id='word_1_856' title='bbox 2648 5342 2823 5388; x_wconf 88' lang='lat' dir='ltr'><strong><em>autem</em></strong></span> <span class='ocrx_word' id='word_1_857' title='bbox 2852 5328 3133 5385; x_wconf 78' lang='lat' dir='ltr'><strong><em>Caeciliano</em></strong></span> <span class='ocrx_word' id='word_1_858' title='bbox 3155 5325 3441 5396; x_wconf 71' lang='lat' dir='ltr'><strong><em>inscriptm,</em></strong></span> <span class='ocrx_word' id='word_1_859' title='bbox 3471 5323 3588 5378; x_wconf 91' lang='lat' dir='ltr'><strong><em>viro</em></strong></span> 
     </span>
    </p>
   </div>
   <div class='ocr_carea' id='block_1_117' title="bbox 2011 5414 3590 5510">
    <p class='ocr_par' dir='ltr' id='par_1_117' title="bbox 2011 5414 3590 5510">
     <span class='ocr_line' id='line_1_118' title="bbox 2011 5414 3590 5510; baseline -0.018 -15"><span class='ocrx_word' id='word_1_860' title='bbox 2011 5414 2274 5510; x_wconf 71' lang='lat' dir='ltr'><strong><em>provecta:</em></strong></span> <span class='ocrx_word' id='word_1_861' title='bbox 2289 5433 2398 5504; x_wconf 87' lang='lat' dir='ltr'><strong><em>jam</em></strong></span> <span class='ocrx_word' id='word_1_862' title='bbox 2427 5438 2535 5484; x_wconf 88' lang='lat' dir='ltr'><strong><em>tum</em></strong></span> <span class='ocrx_word' id='word_1_863' title='bbox 2557 5426 2724 5482; x_wconf 61' lang='lat' dir='ltr'><strong><em>intutis</em></strong></span> <span class='ocrx_word' id='word_1_864' title='bbox 2736 5431 2789 5478; x_wconf 91' lang='lat' dir='ltr'><strong><em>et</em></strong></span> <span class='ocrx_word' id='word_1_865' title='bbox 2810 5435 2998 5492; x_wconf 77' lang='lat' dir='ltr'><strong><em>magna</em></strong></span> <span class='ocrx_word' id='word_1_866' title='bbox 3018 5417 3294 5490; x_wconf 90' lang='lat' dir='ltr'><strong><em>probitatis</em></strong></span> <span class='ocrx_word' id='word_1_867' title='bbox 3315 5414 3590 5470; x_wconf 77' lang='lat' dir='ltr'><strong><em>existima-</em></strong></span> 
     </span>
    </p>
   </div>
   <div class='ocr_carea' id='block_1_118' title="bbox 2014 5505 3591 5609">
    <p class='ocr_par' dir='ltr' id='par_1_118' title="bbox 2014 5505 3591 5609">
     <span class='ocr_line' id='line_1_119' title="bbox 2014 5505 3591 5609; baseline -0.019 -22"><span class='ocrx_word' id='word_1_868' title='bbox 2014 5505 2177 5609; x_wconf 63' lang='lat' dir='ltr'><strong><em>tione,</em></strong></span> <span class='ocrx_word' id='word_1_869' title='bbox 2201 5539 2385 5581; x_wconf 86' lang='lat' dir='ltr'><strong><em>verum</em></strong></span> <span class='ocrx_word' id='word_1_870' title='bbox 2412 5520 2586 5576; x_wconf 83' lang='lat' dir='ltr'><strong><em>adhuc</em></strong></span> <span class='ocrx_word' id='word_1_871' title='bbox 2627 5514 3026 5571; x_wconf 85' lang='lat' dir='ltr'><strong><em>catechumeno.</em></strong></span> <span class='ocrx_word' id='word_1_872' title='bbox 3083 5510 3211 5566; x_wconf 87' lang='lat' dir='ltr'><strong><em>Erat</em></strong></span> <span class='ocrx_word' id='word_1_873' title='bbox 3236 5510 3281 5563; x_wconf 91' lang='lat' dir='ltr'><strong><em>is</em></strong></span> <span class='ocrx_word' id='word_1_874' title='bbox 3334 5505 3591 5576; x_wconf 85' lang='lat' dir='ltr'><strong><em>reipubli-</em></strong></span> 
     </span>
    </p>
   </div>
   <div class='ocr_carea' id='block_1_119' title="bbox 2014 5598 3590 5696">
    <p class='ocr_par' dir='ltr' id='par_1_119' title="bbox 2014 5598 3590 5696">
     <span class='ocr_line' id='line_1_120' title="bbox 2014 5598 3590 5696; baseline -0.016 -19"><span class='ocrx_word' id='word_1_875' title='bbox 2014 5600 2091 5696; x_wconf 73' lang='lat' dir='ltr'><strong><em>cat</em></strong></span> <span class='ocrx_word' id='word_1_876' title='bbox 2117 5612 2562 5675; x_wconf 84' lang='lat' dir='ltr'><strong><em>administrationi</em></strong></span> <span class='ocrx_word' id='word_1_877' title='bbox 2603 5609 2919 5688; x_wconf 83' lang='lat' dir='ltr'><strong><em>implicatus,</em></strong></span> <span class='ocrx_word' id='word_1_878' title='bbox 2959 5606 3244 5676; x_wconf 85' lang='lat' dir='ltr'><strong><em>multisque</em></strong></span> <span class='ocrx_word' id='word_1_879' title='bbox 3307 5598 3590 5670; x_wconf 82' lang='lat' dir='ltr'><strong><em>impeditus</em></strong></span> 
     </span>
    </p>
   </div>
   <div class='ocr_carea' id='block_1_120' title="bbox 2015 5690 3594 5792">
    <p class='ocr_par' dir='ltr' id='par_1_120' title="bbox 2015 5690 3594 5792">
     <span class='ocr_line' id='line_1_121' title="bbox 2015 5690 3594 5792; baseline -0.019 -20"><span class='ocrx_word' id='word_1_880' title='bbox 2015 5693 2384 5771; x_wconf 79' lang='lat' dir='ltr'><strong><em>communibus</em></strong></span> <span class='ocrx_word' id='word_1_881' title='bbox 2418 5705 2561 5792; x_wconf 80' lang='lat' dir='ltr'><strong><em>curis</em></strong></span> <span class='ocrx_word' id='word_1_882' title='bbox 2595 5717 2678 5758; x_wconf 82' lang='lat' dir='ltr'><strong><em>ac&#39;</em></strong></span> <span class='ocrx_word' id='word_1_883' title='bbox 2708 5701 2930 5773; x_wconf 69' lang='lat' dir='ltr'><strong><em>negotiis</em></strong></span> <span class='ocrx_word' id='word_1_884' title='bbox 2959 5702 2979 5770; x_wconf 93' lang='lat'><strong><em>(</em></strong></span> <span class='ocrx_word' id='word_1_885' title='bbox 3007 5696 3142 5752; x_wconf 80' lang='lat' dir='ltr'><strong><em>Ibid.</em></strong></span> <span class='ocrx_word' id='word_1_886' title='bbox 3163 5695 3203 5766; x_wconf 82' lang='lat'><strong><em>),</em></strong></span> <span class='ocrx_word' id='word_1_887' title='bbox 3259 5690 3594 5763; x_wconf 63' lang='lat' dir='ltr'><strong><em>Quapropter</em></strong></span> 
     </span>
    </p>
   </div>
  </div>
