4042 6360
449 339 555 399 865

461 471 560 514 nos
583 455 796 528 quidem
827 451 956 507 nihil
998 449 1260 515 videmus,
1294 441 1575 516 quominus
1614 436 1858 494 eumdem
1884 433 2029 528 illum

465 521 946 619 esse'persuasum
992 541 1315 611 habeamus,
1343 534 1434 605 qui
1476 528 1722 603 praetorio
1767 525 1865 581 sub
1905 521 2029 577 anni

452 638 962 715 quadringentesimi
999 634 1126 691 noni
1169 631 1375 688 initium
1404 625 1685 699 praefectus
1713 620 1810 715 fuit
1826 628 2032 715 ;__atque

453 709 617 789 etiam
644 709 768 787 eum
797 731 991 800 ipsum,
1018 724 1084 779 ad
1112 736 1269 795 quem
1290 719 1357 775 de
1385 713 1697 774 coercendis
1724 711 1777 766 in
1830 709 2032 777 Hippo-

453 823 611 880 nensi
641 830 814 877 tractu
844 816 1128 875 Donatistis
1157 812 1369 869 circiter
1395 822 1593 863 annum
1615 801 2029 875 quadringente-

450 919 649 973 simum
696 916 937 986 quintum
985 909 1263 982 epistolam
1290 904 1436 961 dedit
1461 898 1787 971 Augustinus
1825 892 2029 968 (Epist.

453 1008 560 1080 86)
586 1026 600 1063 :
625 1008 770 1062 illum
800 1005 943 1061 enim
970 1003 1063 1059 Vir
1099 1007 1312 1056 sanctus
1339 1003 1575 1051 veterem
1611 990 1839 1046 amicum
1879 990 2034 1041 vocat

448 1098 651 1171 (Epist.
684 1100 815 1165 151,
842 1115 895 1152 η.
928 1096 1006 1167 1).

522 1166 575 1245 3.
610 1190 737 1243 Post
780 1184 1075 1242 lleracliani
1129 1179 1335 1236 cladem
1375 1174 1598 1243 contigit
1630 1181 1685 1225 ut
1721 1166 2032 1225 Caecilianus

389 1320 393 1325 .
448 1278 505 1333 in
553 1278 729 1333 Africa
768 1292 889 1333 cum
938 1274 1141 1329 Marino
1179 1270 1373 1325 comite
1420 1281 1523 1321 una
1551 1271 1712 1328 esset,
1743 1261 1896 1329 longa
1931 1256 2031 1312 sibi

449 1368 804 1425 familiaritate
826 1410 841 1434 ,
865 1376 921 1421 ut
941 1365 1208 1429 ferebant,
1237 1360 1540 1430 conjuncta.
1568 1355 1701 1410 Cum
1737 1362 1913 1406 autem
1936 1348 2033 1401 ali-

456 1463 672 1534 quando
692 1462 757 1517 ad
786 1476 905 1516 eum
935 1459 1168 1513 venisset
1193 1453 1507 1510 Caecilianus
1536 1491 1551 1516 ,
1584 1445 1947 1502 Marcellinum
1973 1455 2035 1495 ac

452 1553 672 1609 fratrem
695 1552 811 1621 ejus
853 1550 1045 1604 Comes
1073 1544 1350 1602 accersivit
1392 1559 1405 1595 :
1453 1540 1643 1611 quibus
1684 1535 1917 1591 dimissis
1950 1548 2035 1588 re-

452 1645 669 1710 mansit,
715 1652 775 1697 ut
818 1641 1105 1705 ferebatur,
1146 1636 1477 1698 Caecilianus,
1522 1639 1575 1686 et
1616 1636 1879 1684 secretum
1913 1640 2031 1680 cum

456 1737 548 1793 illo
576 1736 901 1805 colloquium
935 1732 1149 1798 habuit;
1175 1729 1435 1797 simulque
1459 1724 1603 1779 missi
1627 1763 1643 1790 ,
1674 1721 1763 1791 qui
1786 1718 2035 1774 fratribus

455 1842 673 1883 manum
709 1826 1097 1896 injicerent,.et
1127 1830 1409 1889 utrumque
1456 1818 1510 1871 in
1541 1822 1733 1869 tetrum
1763 1824 2033 1865 carcerem

450 1933 517 1975 ac
575 1917 971 1974 tenebricosum
1021 1912 1383 1968 detruderent.
1450 1900 1803 1962 Nihiloseeins
1856 1909 2035 1954 tamen

451 2000 614 2065 isthic
641 2006 822 2062 laetitia
853 2004 1189 2060 Marcellinus
1211 1997 1648 2072 perfundebatur,
1683 2006 1888 2047 necnon
1916 2005 2033 2043 ma-

452 2099 561 2167 jori
593 2097 891 2169 potiebatur
918 2094 1167 2149 felicitate
1188 2134 1202 2158 ,
1232 2103 1389 2160 quam
1414 2089 1640 2157 ipsemet
1665 2083 1915 2146 Marinus,
1958 2087 2037 2134 ut-

455 2196 580 2258 pote
623 2186 712 2257 qui
749 2199 847 2240 nec
887 2183 1138 2253 dignitate
1174 2197 1271 2234 nec
1308 2177 1539 2248 potentia
1568 2172 1780 2242 assequi
1806 2177 2032 2241 poterat,

452 2280 736 2351 quominus
761 2276 953 2331 furoris
975 2274 1169 2344 proprii
1197 2269 1423 2326 stimulis
1450 2268 1702 2321 miserum
1728 2265 1780 2318 in
1814 2262 2031 2317 modum

456 2371 831 2426 lancinaretur.
863 2365 1101 2433 Quodam
1142 2364 1227 2418 die
1257 2362 1419 2416 frater
1445 2359 1581 2428 ejus,
1614 2371 1734 2412 cum
1758 2356 1866 2425 jam
1896 2353 2039 2422 pari-

460 2458 546 2516 ter
574 2461 626 2516 in
669 2459 907 2515 custodia
939 2464 1269 2519 tenerentur,
1311 2453 1384 2506 ait
1413 2451 1487 2505 illi
1522 2467 1535 2504 :
1580 2447 1641 2503 Si
1669 2463 1760 2518 ego
1798 2446 1903 2499 liazc
1946 2460 2038 2515 pro

454 2554 642 2608 meritis
677 2553 843 2624 patior
864 2558 1181 2622 peccatorum
1204 2561 1463 2610 meorum;
1486 2552 1559 2607 tu,
1590 2542 1736 2611 cujus
1764 2539 1915 2592 vitam
1943 2553 2036 2589 no-

453 2648 616 2701 vimus
639 2655 740 2698 tam
778 2653 962 2705 attente
987 2642 1324 2711 ferventerque
1351 2636 1697 2698 christianum,
1726 2631 1902 2700 quibus
1927 2646 2039 2681 ma-

456 2738 521 2792 tis
562 2736 749 2790 meritis
792 2734 859 2787 ad
897 2734 993 2787 ista
1043 2731 1310 2802 perductus
1353 2728 1439 2780 es?
1478 2725 1655 2778 Atille
1685 2739 1702 2777 :
1729 2721 2037 2779 Parvumne,

458 2828 638 2899 inquit,
668 2827 792 2880 milii
820 2826 1075 2880 existimas
1110 2820 1328 2893 conferri
1370 2819 1608 2872 divinitus
1636 2815 1932 2883 beneficium
1951 2854 1964 2875 ,
1997 2813 2041 2865 si

466 2931 631 2975 tamen
654 2921 748 2974 hoc
773 2917 1111 2973 testimonium
1140 2922 1279 2968 tuum
1311 2913 1370 2966 de
1392 2912 1492 2964 vita
1528 2926 1635 2963 mea
1667 2924 1837 2961 verum
1868 2914 1960 2969 est,
1990 2912 2043 2957 ut

461 3015 556 3068 hoc
584 3012 718 3084 quod
745 3010 930 3081 patior,
962 3008 1158 3062 etiamsi
1181 3023 1337 3075 usque
1374 3004 1441 3056 ad
1468 3001 1761 3069 e/fusionem
1785 2999 2044 3069 sanguinis

463 3102 651 3174 patiar,
700 3101 768 3154 ibi
814 3109 1015 3171 peccata
1040 3114 1149 3151 mea
1181 3098 1453 3166 puniantur
1475 3134 1489 3159 ,
1532 3108 1622 3146 nec
1662 3091 1785 3144 milii
1811 3092 1877 3142 ad
1904 3090 2043 3159 {utu-

463 3208 580 3246 rum
602 3191 855 3263 judicium
874 3188 1220 3243 reserventur?
1241 3185 1340 3239 llic
1357 3186 1487 3255 forte
1510 3183 1710 3253 aliquis,
1734 3180 1913 3236 subdit
1934 3181 2045 3233 Au-

474 3284 738 3354 gustinus,
791 3281 963 3336 credat
998 3297 1112 3334 eum
1148 3280 1303 3350 fuisse
1330 3278 1425 3331 sibi
1466 3276 1719 3330 consciunt
1764 3275 2046 3344 aliquorum

469 3375 777 3428 occultorum
814 3371 1146 3442 impudicitia
1192 3380 1527 3440 peccatorum.
1569 3366 1749 3420 Dicam
1775 3382 1891 3436 ergo
1927 3366 2052 3436 quid

469 3479 550 3517 me
596 3450 845 3516 Dominus
873 3461 1010 3514 Deus
1032 3502 1046 3527 ,
1083 3460 1150 3513 ad
1178 3475 1414 3530 magnam
1440 3474 1603 3511 meum
1635 3456 2045 3523 consolationem,

466 3569 533 3609 ea:
558 3553 666 3621 eius
694 3569 781 3607 ore
808 3551 1002 3617 audire,
1025 3560 1074 3605 et
1115 3551 1265 3621 plane
1288 3549 1416 3603 scire
1448 3547 1678 3601 voluerit.
1715 3546 1840 3601 Cum
1867 3546 1929 3601 de
1957 3548 2051 3600 hoc

469 3644 604 3714 ipso,
636 3652 693 3697 ut
715 3654 831 3697 sunt
854 3642 1096 3707 humana,
1116 3639 1363 3694 sollicitus
1394 3638 1531 3691 solus
1555 3654 1669 3691 cum
1697 3637 1803 3691 solo
1829 3653 2047 3708 agerem,

468 3735 576 3808 jam
620 3735 673 3788 in
712 3733 887 3788 cadent
917 3732 1143 3785 custodia
1177 3730 1465 3793 constituto,
1502 3744 1561 3781 ne
1587 3729 1708 3796 quid
1731 3737 1854 3780 esset
1875 3768 1889 3791 ,
1919 3727 2054 3781 unde

479 3841 674 3895 majore
711 3834 755 3877 et
791 3822 1063 3893 insigniore
1092 3820 1381 3893 paenitentia
1408 3818 1573 3872 Deum
1600 3817 1693 3873 sibi
1724 3819 1926 3888 placare
1966 3818 2054 3871 de-

484 3917 616 3970 beret
643 3932 661 3981 ;
701 3914 806 3981 ille,
838 3922 893 3966 ut
933 3920 1037 3966 erat
1066 3911 1380 3966 verecundiae
1410 3909 1706 3980 singularis,
1731 3925 1842 3961 cum
1865 3909 2048 3978 ipsam,

474 4011 585 4063 licet
617 4007 822 4079 falsam,
847 4021 1009 4059 meant
1045 4003 1380 4074 suspicionem
1405 4000 1732 4065 erubesceret,
1765 4000 1852 4053 sed
1880 3999 2056 4053 admo-

482 4099 721 4152 nitionem
748 4095 1030 4167 gratissime
1053 4095 1317 4165 acciperet,
1349 4091 1570 4146 modeste
1597 4091 1909 4162 graviterque
1932 4092 2054 4144 sub-

472 4190 661 4251 ridens,
687 4199 729 4242 et
751 4197 958 4257 utraque
984 4202 1134 4239 manu
1162 4202 1323 4239 nteant
1353 4185 1609 4237 dexteram
1635 4182 2016 4252 apprehendens
2039 4198 2057 4237 :

474 4278 672 4344 Testor,
717 4278 911 4348 inquit,
969 4285 1284 4330 sacramenta
1332 4290 1445 4346 qua:
1484 4290 1573 4344 per
1617 4275 1747 4327 hanc
1784 4272 2059 4341 afferentur

482 4388 710 4437 manum,
757 4386 836 4424 me
866 4369 1063 4422 nullum
1091 4385 1195 4422 esse
1221 4376 1482 4437 expertum
1510 4365 1861 4432 concubitum,
1879 4375 2059 4436 prazter

473 4470 702 4521 uxorem,
734 4470 823 4508 nec
848 4462 981 4519 ante,
1006 4468 1096 4505 nec
1115 4460 1284 4521 postea
1315 4449 1506 4523 (Ibid.,
1526 4467 1582 4503 n.
1612 4446 1699 4521 9).

545 4549 600 4601 4.
647 4546 822 4615 Atque
876 4544 994 4599 hare
1039 4544 1272 4613 agebant
1298 4542 1657 4612 Carthagine;
1703 4558 1803 4612 qua
1834 4542 1885 4597 in
1927 4542 2058 4597 urbe

475 4637 663 4707 procul
686 4636 846 4690 dubio
873 4636 1057 4690 beatus
1086 4635 1407 4705 Augustinus
1428 4635 1537 4705 jam
1570 4642 1691 4689 ante
1716 4635 2056 4688 versabatur:

477 4744 652 4800 neque
678 4728 817 4784 enim
862 4726 1148 4781 verisimile
1172 4735 1291 4790 est,
1334 4742 1433 4795 per
1485 4736 1693 4796 tempus
1720 4726 1794 4780 illi
1826 4725 2057 4780 futurum

475 4820 639 4878 fuisse
686 4820 909 4874 liberum
948 4819 1075 4872 illuc
1119 4833 1183 4873 ex
1227 4817 1498 4887 proposito
1546 4832 1665 4871 sese
1707 4816 1972 4871 conferre.
2013 4816 2060 4873 ls

473 4927 635 4982 porro
680 4910 809 4965 nihil
851 4909 1064 4979 reliquit
1101 4908 1413 4962 intentatum
1435 4947 1451 4973 ,
1480 4916 1538 4962 ut
1565 4907 1799 4961 Marinus
1825 4924 1891 4963 ne
1919 4908 2059 4963 Mar:-

475 5004 653 5057 cellini
697 5017 830 5059 nece
877 5018 973 5057 cor
1022 5001 1278 5056 Ecclesia:
1326 5000 1511 5055 dolore
1550 5000 1894 5070 percelleret,
1927 4994 2061 5057 neve

475 5107 623 5147 suam
659 5094 823 5163 ipsius
855 5092 1087 5148 animam
1132 5099 1279 5145 tanto
1320 5090 1522 5145 Scelere
1559 5091 1863 5161 perimeret.
1922 5091 2059 5159 Quin

476 5178 790 5239 Caecilianus
820 5185 933 5254 ipse
957 5225 973 5251 ,
1019 5197 1178 5253 quem
1205 5180 1473 5235 nonnullae
1503 5181 1737 5236 rationes
1763 5182 2061 5252 suSpicione

480 5287 778 5345 procurata:
800 5276 955 5345 hujus
974 5275 1293 5331 detentionis
1313 5275 1625 5341 onerabant,
1662 5274 1912 5330 Ecclesiae
1942 5290 2063 5345 prec

483 5363 632 5420 cibus
660 5380 784 5420 suas
804 5365 1098 5434 conjunxit,
1125 5381 1353 5436 cumque
1379 5364 1635 5420 Marinum
1664 5381 1805 5434 smpe
1823 5368 2059 5422 monuis-

481 5465 587 5521 set,
626 5470 767 5525 saepe
812 5455 1123 5526 suppliciter
1166 5466 1390 5531 orasset,
1431 5472 1579 5527 spem
1606 5458 1823 5512 laetioris
1851 5472 2062 5517 succes-

482 5560 575 5601 sus
598 5545 911 5601 ostendebat
938 5562 1044 5601 non
1071 5548 1335 5618 exiguam.
1368 5549 1645 5618 Episcopis
1668 5549 1892 5603 subinde
1914 5553 2060 5603 atlir-

487 5638 687 5705 maliat,
712 5653 925 5695 omnem
954 5653 1011 5693 se
1035 5654 1259 5708 operam
1280 5648 1436 5709 atque
1464 5641 1774 5715 industriam
1806 5641 1860 5695 in
1888 5641 1938 5695 id
1966 5644 2061 5697 ne-

478 5731 617 5806 gotii
645 5729 919 5800 conferre;
950 5746 979 5787 a
1000 5730 1190 5805 quibus
1233 5730 1391 5785 etiam
1424 5730 1553 5787 illud
1583 5734 1801 5790 omnino
1828 5732 1892 5787 ad
1917 5748 2061 5790 amo-

1535 323 1693 381 VlTA
1731 322 1787 378 S.
1830 311 2191 374 AUGUSTINI
2230 308 2546 366 EPISCOPI.

3610 303 3713 361 4M

2138 426 2367 482 liendam
2396 424 2489 479 abs
2514 437 2570 477 se
2598 422 2846 477 invidiam
2877 421 3233 478 necessarium
3264 434 3404 487 esse,
3430 418 3711 474 eonvlneec

2136 519 2309 573 batur.
2340 515 2501 570 Multa
2531 514 2888 585 praeclaraque
2938 512 3280 584 promittebat
3319 511 3588 575 Marinus;
3619 510 3712 564 sed
3740 554 3743 555 ν

2122 626 2201 667 eo
2234 618 2458 674 tantum,
2478 615 2536 662 ut
2560 607 2734 662 fucum
2758 606 2958 662 faceret
2986 605 3329 671 antistitibus,
3350 619 3453 660 neu
3478 604 3715 675 captivos

2135 717 2167 758 e
2216 700 2439 756 vinculis
2481 700 2794 754 eximerent.
2840 699 2954 753 lloc
2994 699 3189 769 quippe
3224 698 3337 752 fieri
3362 700 3435 752 nl)
3466 698 3527 751 iis
3558 717 3715 771 posse

2136 792 2480 853 credebatur,
2513 792 2624 846 sive
2670 789 3056 845 intercessione
3094 798 3253 859 atque
3278 789 3578 847 interventu
3614 795 3715 849 Ec-

2137 886 2317 941 clesiae
2347 884 2488 954 apud
2533 884 2911 954 Imperatorem
2936 922 2950 947 ,
2982 881 3095 937 sive
3127 882 3286 937 etiam
3318 882 3554 937 adhibita
3583 899 3718 938 non-

2138 976 2281 1030 nulla
2330 975 2619 1041 violentia,
2667 972 2809 1044 quod
2856 972 3103 1027 videntur
3144 987 3207 1027 ea
3251 974 3417 1027 sancti
3465 974 3716 1029 Praesulis

2106 1066 2298 1122 'verba
2371 1065 2701 1135 signiﬁcare,
2764 1064 3118 1119 Ecclesiastica
3172 1081 3350 1118 manus
3402 1076 3565 1135 posset
3633 1084 3721 1122 eos

2138 1160 2329 1229 eripere
2368 1158 2563 1232 (Ibid.,
2611 1176 2665 1211 n.
2702 1158 2792 1230 5).
2841 1160 3011 1227 Atque
3046 1172 3164 1211 eam
3207 1157 3275 1211 ob
3311 1172 3447 1224 rem,
3506 1168 3562 1213 ut
3601 1160 3721 1229 epi-

2137 1265 2417 1320 smporum
2461 1266 2599 1304 unus
2646 1249 2712 1303 ad
2754 1249 3133 1318 imperatorem
3160 1289 3173 1313 ,
3225 1248 3444 1303 fratrum
3499 1259 3718 1304 acturus

2138 1359 2370 1409 causam,
2420 1342 2716 1397 mitteretur
2738 1383 2753 1407 ,
2785 1357 2890 1395 non
2920 1340 3189 1395 consensit
3228 1340 3407 1407 modo,
3435 1340 3530 1396 sed
3552 1342 3718 1396 etiam

2137 1433 2307 1503 petiit,
2335 1433 2647 1502 promittens
2678 1431 2900 1497 interea,
2928 1429 3097 1484 donec
3124 1430 3289 1484 factus
3316 1438 3458 1485 esset
3483 1431 3705 1495 certior,

2138 1524 2264 1595 quid
2292 1526 2484 1579 missus
2509 1524 2791 1594 episcopus
2831 1522 3184 1592 impetrasset,
3216 1523 3333 1593 ejus
3361 1539 3420 1579 se
3457 1525 3728 1594 cognitio-

2138 1630 2263 1670 nem
2286 1615 2676 1684 ampliaturum.
2705 1614 3010 1667 Destinatus
3035 1628 3224 1667 revera
3255 1613 3352 1667 fuit
3379 1612 3445 1667 ad
3472 1613 3711 1668 Comita-

2139 1718 2249 1762 tum
2290 1722 2409 1761 cum
2450 1706 2673 1761 diacono
2700 1704 2914 1775 quidam
2940 1704 3249 1773 episcopus;
3282 1704 3432 1774 isque
3463 1704 3714 1760 fratribus

2137 1813 2246 1852 non
2273 1798 2480 1852 veniam
2511 1796 2722 1866 quidem
2752 1794 2997 1860 obtinuit,
3029 1809 3094 1848 ne
3116 1793 3359 1848 videlicet
3385 1808 3567 1848 eorum
3594 1795 3713 1849 exi-

2138 1890 2370 1943 stimatio
2403 1888 2487 1943 vel
2530 1888 2676 1942 tenui
2708 1886 3010 1956 suspicione
3049 1885 3347 1952 laederetur,
3378 1900 3562 1939 verum
3602 1884 3722 1939 Ma-

2138 1981 2255 2035 rino
2283 1980 2460 2035 comiti
2488 1984 2764 2049 imperata,
2796 1986 2854 2032 ut
2873 1977 3263 2047 quamprimum
3291 1991 3384 2030 eos
3403 1977 3719 2041 dimitteret,

2140 2085 2310 2140 neque
2336 2070 2441 2124 ulla
2471 2085 2624 2140 poma
2652 2069 2731 2123 vel
2764 2068 2961 2137 injuria
2988 2067 3239 2122 afficeret.
3270 2066 3374 2121 Sed
3393 2081 3722 2139 .reSponsum

2140 2161 2478 2230 imperatoris
2501 2161 2767 2231 praevertit
2790 2158 3002 2215 Comes.

2210 2253 2263 2307 5.
2304 2251 2496 2307 Tertio
2520 2252 2606 2308 die
2633 2261 2755 2307 ante
2783 2252 3009 2307 natalem
3038 2252 3284 2323 martyris
3320 2251 3589 2323 Cypriani,
3614 2253 3727 2311 hoc

2141 2352 2224 2398 est
2244 2385 2258 2403 .
2283 2344 2450 2412 pridie
2473 2344 2589 2399 idus
2614 2344 2933 2414 septembris
2959 2384 2974 2410 ,
3006 2344 3183 2399 invisit
3209 2344 3521 2400 Caecilianus
3548 2346 3735 2417 Augu-

2142 2434 2360 2501 stinum,
2389 2434 2543 2504 eique
2581 2449 2749 2504 spem,
2776 2450 2933 2504 quam
2965 2450 3193 2504 unquam
3232 2444 3409 2502 antea,
3449 2436 3728 2491 meliorem

2142 2523 2328 2578 dedit:
2368 2524 2591 2578 Romam
2636 2526 2779 2578 enim
2822 2524 3179 2593 profecturum
3215 2540 3335 2579 sese
3380 2526 3727 2595 pr0pediem,

2142 2627 2463 2684 sperareque
2490 2614 2623 2669 adeo
2651 2614 2773 2682 sibi,
2799 2614 3105 2685 priusquam
3136 2615 3452 2681 discederet,
3479 2617 3608 2675 illud
3634 2617 3735 2671 be—

2143 2708 2317 2765 neficii
2362 2709 2624 2764 Comitem
2674 2723 2794 2763 esse
2832 2723 3231 2763 concessurum.
3279 2709 3442 2763 Beato
3487 2710 3733 2766 Antistiti

2145 2810 2420 2872 persancte
2445 2801 2729 2856 aflirmavit
2752 2842 2767 2869 ,
2797 2816 2855 2856 se
2889 2802 3092 2855 Marino
3120 2816 3249 2855 cum
3276 2800 3343 2854 ad
3381 2801 3526 2855 illum
3556 2802 3741 2857 venis-

2145 2901 2247 2958 set,
2281 2901 2467 2961 aperte
2493 2892 2815 2958 declarasse,
2849 2890 3261 2945 familiaritatem
3287 2891 3451 2959 illam,
3478 2907 3585 2962 qua
3610 2907 3742 2948 sese

2149 2992 2256 3037 tam
2288 2983 2657 3053 frequentibus
2704 2982 2982 3052 colloquiis
3033 2982 3381 3051 dignabatur,
3428 2981 3475 3036 si
3518 2981 3739 3052 quidem

2150 3077 2313 3131 hosce
2340 3075 2528 3131 fratres
2558 3074 2903 3129 damnaturus
2932 3082 3109 3140 esset,
3132 3073 3232 3127 sibi
3263 3088 3367 3129 non
3398 3063 3606 3140 honori,
3633 3073 3736 3128 sed

2151 3170 2345 3224 damno
2370 3168 2607 3222 futuram
2638 3168 2793 3237 longe
2821 3166 3051 3221 maximo
3075 3182 3088 3218 :
3119 3165 3318 3221 etenim
3344 3180 3461 3219 cum
3483 3166 3738 3221 obscura:

2152 3273 2333 3319 essent
2360 3262 2581 3329 nemini,
2612 3276 2731 3332 quae
2758 3260 2858 3315 sibi
2887 3274 3007 3314 cum
3029 3259 3133 3314 illis
3153 3258 3566 3325 intercedebant,
3597 3258 3741 3314 alie-

2153 3357 2382 3411 nationis
2402 3370 2577 3409 causm
2602 3395 2617 3419 ,
2648 3368 2837 3408 omnes
2881 3352 3031 3407 facile
3057 3351 3349 3407 credituros
3368 3393 3383 3418 ,
3413 3366 3472 3405 se
3512 3365 3613 3407 nec
3652 3353 3746 3406 in—

2152 3446 2395 3502 consulto
2422 3459 2521 3498 nec
2546 3443 2891 3499 dissentiente
2918 3451 3128 3510 captum
3157 3442 3431 3511 utriusque
3455 3441 3521 3496 de
3560 3441 3744 3496 medio

2153 3535 2373 3589 tollendi
2404 3532 2703 3589 consilium.
2737 3531 2973 3601 Denique
3007 3546 3169 3585 manu
3199 3531 3265 3585 ad
3294 3532 3462 3586 altare
3491 3542 3742 3602 porreeta

2156 3624 2435 3694 dejeravit,
2459 3638 2583 3677 vere
2613 3638 2671 3678 se
2697 3622 2899 3676 Marino
2921 3621 3119 3676 dixisse
3139 3637 3200 3676 ea
3221 3621 3418 3686 omnia,
3437 3622 3627 3691 quibus
3650 3622 3745 3677 ille

2156 3717 2290 3772 adeo
2329 3726 2604 3787 permotus
2634 3715 2734 3770 sibi
2766 3715 2913 3769 visus
2942 3714 3043 3778 sit,
3077 3723 3135 3768 ut
3174 3714 3394 3767 minime
3434 3713 3745 3783 dubitaret,

2157 3810 2283 3879 quin
2315 3809 2594 3863 amborum
2624 3808 2777 3862 venia
2819 3824 2914 3877 pro
2953 3807 3142 3860 viatico
3166 3847 3180 3870 ,
3214 3806 3266 3860 id
3311 3814 3394 3861 est
3415 3847 3429 3870 ,
3459 3821 3746 3861 munerum

2158 3902 2367 3955 illorum
2401 3902 2539 3967 loco,
2569 3899 2762 3969 quibus
2786 3898 2973 3952 donari
3000 3897 3243 3951 solebant
3269 3896 3425 3951 amici
3452 3896 3741 3954 disceden-

2160 4001 2260 4059 tes,
2291 3993 2393 4048 sibi
2421 3992 2489 4046 ab
2514 4007 2580 4047 eo
2616 3990 3026 4046 concederetur.
3052 3990 3257 4055 Quibus
3295 3990 3516 4055 auditis,
3546 3989 3747 4044 fatetur

2160 4087 2485 4157 Augustinus
2511 4084 2611 4140 sibi
2638 4093 2742 4139 tam
2776 4092 2922 4139 certo
2951 4096 3262 4153 persuasum
3290 4082 3467 4149 fuisse,
3496 4081 3743 4137 Caecilia-

2163 4197 2287 4235 num
2312 4178 2600 4234 liberandis
2622 4180 2684 4233 iis
2708 4177 2947 4233 sedulam
2977 4190 3196 4245 operam
3219 4191 3281 4230 ac
3307 4176 3566 4230 sinceram
3603 4191 3746 4244 prae-

2162 4280 2306 4327 stare
2333 4313 2347 4336 ,
2381 4278 2439 4324 ut
2481 4286 2597 4325 eam
2629 4270 2933 4338 opinionem
2972 4268 3131 4323 etiam
3172 4268 3285 4321 viso
3332 4274 3436 4321 tam
3471 4266 3751 4322 contrario

2164 4362 2306 4416 exitu
2336 4376 2438 4414 non
2470 4360 2696 4415 exuerit.
2724 4360 3007 4413 Enimvero
3031 4399 3045 4424 ,
3075 4373 3193 4411 cum
3221 4357 3475 4427 postridie
3501 4358 3616 4427 ejus
3641 4357 3753 4413 diei

2163 4453 2455 4523 accepisset
2480 4494 2493 4515 ,
2521 4462 2800 4519 utrumque
2826 4464 3040 4504 carcere
3064 4448 3311 4503 eductum
3336 4490 3351 4516 ,
3383 4447 3449 4502 ad
3484 4448 3751 4504 Comitem

2165 4544 2441 4598 sententia:
2473 4540 2872 4611 pronuntianda:
2901 4555 3059 4595 causa
3101 4539 3410 4609 perductum
3433 4554 3583 4604 esse;
3623 4553 3753 4606 per-

2165 4635 2343 4689 culsus
2394 4633 2607 4703 quidem
2655 4631 2752 4686 fuit
2796 4648 2901 4685 non
2949 4630 3290 4685 mediocriter
3326 4648 3339 4684 :
3381 4639 3755 4686 verumtamen

2164 4725 2229 4778 iis
2260 4766 2274 4790 ,
2302 4738 2421 4793 quae
2460 4721 2701 4777 audierat
2725 4738 2789 4777 ex
2819 4722 3100 4777 Caeciliano
3120 4764 3134 4787 ,
3167 4720 3542 4789 conﬁrmatus,
3573 4720 3753 4790 deque

2167 4830 2351 4869 eorum
2397 4813 2710 4868 liberatione
2738 4822 2943 4867 tantum
2972 4828 3076 4865 non
3105 4822 3282 4867 certus
3304 4851 3319 4877 ,
3351 4810 3608 4866 Comitem
3637 4812 3756 4866 exi-

2166 4905 2403 4960 stimavit
2428 4906 2682 4976 Cypriani
2724 4906 2975 4975 martyris
2999 4905 3331 4975 pervigilium
3361 4919 3427 4959 eo
3462 4904 3749 4974 delegisse,
3800 4976 3805 4979 ν

2118 5054 2125 5061 ,
2162 5002 2224 5051 'ut
2254 4996 2411 5051 fidem
2433 5011 2583 5051 suam
2612 4996 2899 5051 Caeciliano
2928 4996 3198 5061 liberaret,
3227 5004 3384 5065 atque
3409 4995 3479 5048 ita
3505 4994 3754 5049 fidelibus

2166 5089 2270 5142 hoc
2320 5088 2591 5157 inopinato
2637 5096 2834 5142 eventu
2887 5086 3194 5141 exhilaratis
3250 5086 3318 5140 ad
3362 5086 3536 5140 locum
3580 5086 3755 5140 sancti

2165 5178 2409 5249 Martyris
2434 5177 2765 5245 ascenderet,
2792 5176 3045 5246 parcendi
3085 5176 3405 5247 benignitate
3424 5218 3439 5245 ,
3461 5192 3616 5247 quam
3656 5190 3757 5230 oc-

2166 5271 2378 5327 cidendi
2418 5279 2683 5340 potestate
2713 5270 3014 5325 sublimior.
3064 5268 3169 5324 Sed
3213 5268 3418 5323 Marino
3458 5268 3613 5338 longe
3650 5267 3757 5321 alia

2166 5375 2320 5439 mens
2344 5368 2493 5425 erat;
2524 5358 2749 5415 necdum
2776 5360 2918 5413 enim
2951 5358 3173 5413 licuerat
3210 5356 3525 5427 Augustino,
3551 5372 3671 5426 quae
3699 5356 3756 5410 in

2168 5468 2231 5509 ea
2250 5453 2553 5524 quaestione
2582 5460 2915 5523 gererentur,
2947 5450 3207 5506 sciscitari
3227 5492 3242 5517 ,
3273 5465 3392 5505 cum
3416 5464 3543 5505 ecce
3572 5450 3643 5504 illi
3671 5449 3757 5504 af-

2158 5546 2337 5602 fertur
2361 5545 2430 5601 de
2460 5545 2681 5599 fratrum
2710 5544 2975 5613 supplicio
3009 5543 3176 5598 tristis
3205 5544 3442 5598 nuntius.
3481 5542 3757 5612 Siquidem

2156 5625 2288 5693 cum
2320 5637 2450 5693 nihil
2480 5651 2632 5706 aeque
2660 5646 2933 5691 vereretur
2957 5635 3150 5690 Comes
3171 5674 3186 5702 ,
3216 5649 3379 5705 quam
3405 5649 3476 5689 ne
3499 5632 3759 5688 Ecclesiae

2164 5731 2471 5787 interventu
2518 5742 2628 5784 suae
2674 5725 2972 5785 crudelitati
3016 5727 3384 5798 eriperentur,
3436 5734 3757 5798 utrumque,
