4042 6360
305 346 418 402 ωδ

302 475 434 514 cum
481 455 532 511 id
577 455 799 510 minime
843 451 1265 524 eXSpectabatur,
1312 447 1618 513 damnavit,
1666 457 1882 518 atquee

304 546 533 617 vestigio
578 544 815 599 truncari
840 543 1021 614 jussit.
1046 542 1183 609 Quin
1208 540 1373 596 etiam
1395 552 1500 608 quo
1528 537 1696 607 magis
1721 553 1882 608 nego-

304 642 440 695 tium
466 646 851 702 maturaretur,
877 637 1052 691 locum
1090 633 1265 688 eidem
1291 631 1580 701 assignavit
1610 630 1753 700 prius
1779 646 1885 684 non

303 732 579 786 hominum
608 728 901 800 suppliciis,
923 726 1018 783 sed
1039 724 1185 780 urbis
1206 731 1519 780 ornamento
1543 722 1882 777 destinatum.

305 820 917 877 Etenimdamnatorum
946 817 1202 887 sanguine
1231 828 1497 884 nunquam
1525 822 1682 867 antea
1716 810 1887 866 fuerat

304 914 635 978 funestatus,
664 910 765 966 nisi
793 909 933 979 quod
960 909 1143 978 paucis
1171 916 1295 961 ante
1320 906 1507 960 diebus
1536 919 1655 959 reos
1685 905 1887 973 aliquot

304 1002 593 1071 capitalem
629 1001 699 1055 ibi
730 1015 941 1069 poenam
970 999 1114 1053 luere
1141 998 1411 1061 voluerat;
1459 994 1615 1064 idque
1639 994 1705 1049 de
1735 994 1887 1047 induo

303 1093 435 1147 stris
461 1086 661 1145 factum
698 1090 767 1144 ab
794 1089 890 1144 illo
919 1086 1382 1158 persuasissimum
1408 1084 1524 1149 fuit,
1557 1093 1615 1138 ut
1643 1099 1711 1139 ne
1739 1083 1885 1139 vide-

306 1186 433 1239 licet
475 1196 732 1252 percusso
770 1181 964 1237 ibidem
1008 1179 1350 1241 Marcellino,
1394 1177 1471 1233 rei
1523 1176 1886 1246 indignitatem

306 1274 701 1342 honoremque
742 1272 844 1326 loci
888 1280 1104 1341 augeret
1144 1270 1447 1325 insolentia.
1487 1268 1601 1323 Non
1654 1269 1794 1325 enim
1837 1269 1887 1324 ei

306 1375 525 1438 poterat
543 1380 665 1420 esse
681 1364 985 1428 obscurum,
1007 1378 1166 1433 quam
1188 1362 1424 1416 luctuosa
1445 1360 1695 1415 Ecclesia“:
1718 1360 1887 1417 futura

306 1468 453 1512 esset
495 1473 575 1512 ea
603 1456 905 1521 damnatio;
935 1471 1052 1526 qna-
1078 1463 1273 1509 saneta:
1315 1453 1388 1507 illi
1423 1453 1576 1506 matri
1601 1455 1887 1507 cruciatum

305 1548 511 1603 interre
535 1563 642 1603 non
664 1548 892 1610 veritus,
921 1562 988 1602 eo
1016 1546 1241 1616 graviori
1284 1545 1485 1600 scelere
1519 1561 1577 1600 se
1603 1546 1885 1615 obligavit,

304 1636 450 1707 quod
507 1637 681 1706 ipsum
721 1638 861 1692 inter
882 1637 997 1707 ejus
1040 1637 1175 1691 tilios
1216 1636 1472 1691 retulerat
1495 1637 1698 1705 accepti
1734 1636 1800 1691 ab
1827 1652 1888 1691 ea

307 1730 569 1799 Baptismi
600 1730 939 1785 beneficium.
987 1730 1194 1796 Frater,
1224 1731 1373 1798 cujus
1400 1730 1487 1784 ille
1512 1730 1791 1784 consilium
1836 1731 1887 1785 in

306 1829 457 1875 tanto
488 1821 701 1875 scelere
724 1829 937 1876 secutus
961 1830 1044 1875 est
1068 1861 1082 1885 ,
1112 1808 1377 1890 quondam
1405 1820 1457 1873 in
1490 1820 1678 1889 capitis
1705 1820 1891 1875 discri-

310 1913 459 1966 mine
480 1913 805 1967 constitutus
833 1912 1117 1980 confugere
1144 1912 1210 1969 ad
1232 1912 1483 1969 Ecclesiae
1506 1926 1660 1982 opem
1678 1923 1890 1967 coactus

304 2004 480 2059 fuerat
506 2023 519 2059 :
550 2005 661 2058 imo
681 2020 809 2059 vero
830 2005 1057 2060 Marinus
1080 2005 1211 2074 ipse,
1236 2020 1356 2075 cum
1381 2004 1664 2073 aliquando
1686 2005 1888 2072 patroni

306 2097 629 2152 incurrisset
656 2097 911 2151 offensam
944 2097 961 2159 (
986 2096 1030 2151 is
1056 2097 1197 2151 enim
1244 2095 1508 2161 insperata
1548 2094 1794 2149 felicitate
1822 2096 1889 2150 ad

307 2196 513 2243 tantam
538 2188 829 2257 potentiam
861 2187 1145 2241 devenerat
1168 2188 1220 2256 ).,
1255 2185 1513 2241 Ecclesia:
1539 2185 1888 2254 patrocinium

306 2278 551 2333 beneficii
585 2280 702 2335 loco
726 2279 1126 2348 imploravcrat,
1156 2278 1295 2347 quod
1322 2278 1397 2331 illi
1421 2292 1749 2347 nequaquam
1776 2278 1890 2334 fue-

303 2380 383 2425 rat
409 2371 757 2440 denegatum.

370 2464 441 2519 6.,
471 2463 752 2518 Nitebatur
785 2463 998 2532 quidem
1039 2470 1306 2532 praecepto
1336 2461 1707 2532 Imperatoris,
1747 2460 1889 2530 quod

300 2553 397 2608 sibi
452 2569 553 2623 per
583 2553 787 2607 litteras
813 2554 1161 2622 significatum
1191 2552 1506 2622 praulicabat
1525 2594 1539 2617 ,
1566 2552 1887 2622 obsequendi

303 2644 685 2699 necessitatem
715 2643 1005 2698 obtendere
1034 2660 1047 2697 :
1079 2642 1172 2698 sed
1199 2642 1340 2713 quod
1383 2643 1585 2713 legatus
1612 2643 1889 2712 cpiscopus

301 2737 366 2790 ab
394 2737 735 2805 Imperatore
766 2735 1070 2790 mandatum
1109 2735 1264 2804 plane
1292 2734 1613 2789 contrarium
1639 2733 1885 2801 obtinuit,

301 2826 353 2880 id
397 2841 535 2880 vero
586 2825 946 2895 planissimum
988 2824 1111 2879 fecit
1164 2824 1384 2879 Comitis
1422 2823 1777 2879 mendacium.
1823 2823 1889 2877 Et

302 2928 450 2971 certe
482 2916 742 2970 continuo
781 2925 1057 2971 revocatus
1082 2930 1148 2971 ex
1178 2914 1353 2970 Africa
1371 2956 1384 2979 ,
1411 2924 1466 2970 et
1496 2930 1717 2969 munere
1744 2915 1888 2969 omni

302 3022 360 3063 ac
403 3008 669 3078 dignitate
695 3008 951 3078 spoliatus
970 3049 984 3073 ,
1019 3007 1357 3067 conscientia:
1383 3007 1610 3076 propria:
1631 3047 1645 3070 ,
1684 3015 1885 3065 uteam

303 3101 632 3170 pmnitentize
662 3114 771 3155 sum
798 3101 883 3155 vel
910 3115 1081 3169 pinnae
1110 3108 1298 3155 testem
1324 3098 1568 3164 haberet,
1603 3099 1887 3167 permissus

303 3201 380 3245 est
412 3190 687 3263 (Orosius,
716 3190 959 3245 Historia:
985 3191 1072 3245 lib.
1103 3193 1155 3255 7,
1187 3208 1302 3261 cap.
1329 3191 1398 3246 42
1416 3190 1454 3261 )ι
1482 3190 1633 3256 Quod
1660 3190 1726 3244 ad
1748 3191 1885 3245 Illar-

302 3283 599 3345 cellinum,
626 3280 673 3336 is
710 3281 924 3351 quidem
968 3281 1075 3335 vita
1113 3282 1306 3345 cessit,
1335 3296 1449 3334 non-
1476 3281 1727 3335 virtutum
1762 3295 1885 3335 sua-

302 3385 415 3425 rum
440 3370 1082 3441 modo,,susceptorumve
1102 3370 1456 3439 proEcclesia
1484 3370 1721 3425 laborum
1748 3385 1889 3426 mer-

303 3462 485 3516 cedem
512 3477 580 3517 ae
609 3461 855 3528 fructum,
874 3462 968 3517 sed
993 3463 1151 3517 etiam
1172 3461 1415 3517 meritam
1440 3461 1608 3517 effuso
1633 3462 1888 3532 sanguine

306 3553 553 3623 martyris
580 3552 815 3607 lauream
842 3562 1186 3624 recepturus;
1210 3568 1316 3624 quo
1337 3569 1461 3609 eum
1490 3554 1704 3608 nomine
1725 3553 1889 3609 donat

304 3644 542 3700 Ecclesia
564 3646 616 3700 in
644 3646 885 3701 Romano
912 3646 1315 3717 Martyrologio:
1346 3647 1432 3702 ubi
1452 3662 1546 3701 cur
1564 3655 1750 3702 octavo
1770 3646 1887 3702 idus

302 3735 497 3802 apriles
521 3736 825 3791 celebretur
852 3736 967 3805 ejus
995 3737 1274 3802 memoria,
1299 3751 1513 3791 causam
1541 3737 1627 3792 vel
1654 3737 1886 3793 auctori-

306 3836 465 3881 tatem
495 3827 699 3881 nullam
720 3828 963 3882 afferunt.
992 3828 1277 3883 Enimvero
1298 3828 1443 3882 illum
1468 3830 1641 3885 idibus
1660 3839 1890 3899 septem-

306 3917 409 3974 bris
449 3918 624 3989 pridie
658 3919 905 3975 videlicet
930 3922 1047 3989 ejus
1071 3920 1209 3984 diei,
1242 3921 1331 3989 qui
1366 3920 1613 3990 Cypriani
1645 3922 1888 3989 passione

306 4010 558 4065 solemnis
585 4019 719 4076 erat,
742 4025 1050 4079 percussum
1078 4010 1323 4066 vidimus.
1351 4010 1502 4077 Quod
1525 4019 1582 4065 ut
1605 4011 1885 4075 constabit,

294 4101 523 4159 dubium
571 4102 775 4157 nullum
821 4103 954 4167 erit,
995 4104 1120 4173 quin
1164 4103 1282 4172 ejus
1333 4104 1604 4172 percussio
1654 4104 1889 4158 evenerit

306 4192 555 4260 praesenti
580 4207 755 4257 anno;
781 4207 902 4247 cum
942 4202 995 4248 et
1021 4191 1375 4251 defectionem
1398 4193 1782 4251 lIeracIianisit
1802 4209 1889 4248 se-

306 4296 422 4340 cuta
449 4326 462 4348 ,
490 4295 548 4341 et
572 4286 919 4341 antecesserit
954 4286 1125 4355 legem
1168 4293 1293 4354 post
1324 4285 1527 4343 obitum
1572 4284 1691 4352 ejus
1735 4285 1890 4340 tertio

307 4375 559 4430 kalendas
619 4376 932 4444 septembris
981 4376 1105 4428 anni
1155 4373 1890 4445 quadringentesimi,decimi

307 4468 477 4536 quarti
506 4467 687 4523 datam
708 4468 774 4522 ab
798 4467 1051 4533 Honorio,
1080 4482 1182 4536 qua
1210 4467 1256 4521 is
1280 4476 1427 4536 gesta
1453 4463 1780 4530 Collationis,
1807 4465 1889 4519 cui

311 4557 648 4613 Marcellinus
678 4558 992 4627 praefuerat,
1022 4558 1223 4617 habere
1251 4557 1362 4613 vult
1392 4566 1698 4626 perpetuam
1723 4554 1889 4609 firmi-

312 4658 467 4703 tatem
512 4648 530 4719 (
556 4647 740 4703 Codice
772 4648 1008 4716 Theod.,~
1027 4649 1089 4702 de
1117 4647 1411 4715 ereticis,
1442 4646 1548 4719 lege
1577 4646 1701 4719 55).
1733 4646 1892 4702 lsthic

311 4737 604 4808 Imperator
624 4781 641 4806 ,
671 4749 728 4794 ut
756 4738 1198 4794 existimationem
1229 4737 1369 4793 illius
1388 4778 1403 4802 ,
1429 4746 1729 4809 Quanquam
1771 4752 1892 4807 per-

311 4828 594 4884 duellionis
637 4830 814 4898 specie
854 4828 1137 4894 trucidati,
1172 4839 1366 4882 sartam
1412 4836 1601 4883 tectam
1653 4828 1791 4883 velle
1833 4843 1892 4882 se

308 4921 779 4991 ostendat,~ipsum
807 4921 1107 4992 spectabilis
1134 4921 1406 4976 memoria:
1430 4924 1600 4974 virum
1622 4919 1851 4990 appellat
1875 4937 1887 4974 :

311 5013 638 5082 Augustinus
655 5028 782 5067 vero
801 5012 1045 5067 eumdem
1064 5028 1168 5067 non
1198 5012 1454 5081 religiosae
1470 5019 1673 5073 tantum
1694 5011 1882 5083 (Epist.

311 5102 411 5157 l66
433 5119 533 5167 ,_n.
563 5104 627 5166 7;
656 5102 820 5172 Epist.
851 5103 972 5166 169,
1006 5120 1057 5156 η.
1090 5101 1217 5174 15),
1249 5102 1343 5157 sed
1371 5104 1529 5157 etiam
1558 5112 1752 5156 sanctae
1780 5117 1889 5157 me—

309 5193 493 5247 moriae
534 5192 685 5247 titulo
716 5192 956 5247 nobilitat
983 5193 1092 5265 (De
1122 5192 1324 5246 Natura
1353 5205 1400 5248 et
1430 5194 1634 5261 Gratia,
1665 5211 1717 5247 η.
1747 5193 1887 5264 25);

311 5282 463 5351 cujus
490 5282 648 5336 amici
692 5282 792 5337 sibi
830 5282 1126 5338 charissimi
1155 5282 1347 5353 (Epist.
1392 5283 1513 5347 190,
1545 5300 1597 5337 n.
1630 5283 1722 5352 20)
1757 5282 1889 5337 etin

311 5370 507 5426 Christi
533 5372 790 5428 charitate
823 5372 1107 5442 gratissimi
1139 5372 1348 5443 (Epist.
1378 5374 1479 5427 166
1498 5415 1512 5437 ,
1542 5390 1595 5427 η.
1628 5372 1693 5443 6)
1722 5373 1889 5426 inter-

313 5462 446 5515 itum
474 5460 761 5531 deplorans
786 5478 798 5513 :
831 5462 955 5526 Qua:
980 5462 1078 5527 illi,
1106 5463 1198 5527 ait,
1232 5462 1451 5533 probitas
1474 5465 1526 5515 in
1553 5463 1770 5516 moribus
1791 5504 1805 5527 ,
1836 5462 1889 5515 in

313 5554 533 5607 amicitia
561 5554 707 5622 ﬁdes,
734 5554 788 5607 in
806 5554 1035 5608 doctrina
1064 5554 1306 5620 studium,
1338 5556 1389 5607 in
1414 5554 1653 5625 religione
1679 5555 1887 5611 sinceri-

316 5653 390 5697 tas
410 5686 425 5706 ,
452 5648 505 5698 in
533 5645 770 5715 conjugio
811 5645 1050 5715 pudicitia
1068 5687 1081 5709 ,
1112 5646 1164 5699 in
1181 5646 1379 5717 judicio
1406 5646 1747 5711 continentia;
1773 5662 1889 5716 erga

316 5733 537 5790 inimicos
564 5735 831 5807 patientia,
865 5753 985 5808 erga
1010 5736 1193 5792 amicos
1222 5735 1512 5806 affabilitas,
1543 5753 1659 5809 erga
1688 5744 1885 5792 sanctos

1648 334 1850 390 LIBER
1886 334 2238 391 SEPTIMUS.

3463 344 3571 403 ωε

1963 446 2268 514 ,ἠαηιὶιὶιαῃ
2296 462 2414 518 erga
2441 462 2608 504 omnes
2632 447 2882 516 charitas;
2910 416 3237 521 inbeneﬁciis
3264 460 3561 526 prtestnndis

1992 538 2228 607 facilitas,
2257 538 2307 591 in
2330 539 2550 609 petendis
2580 540 2762 610 pudor,
2786 540 2838 593 in
2858 549 2989 595 recte
3014 541 3162 610 [actis
3188 560 3349 612 amor,
3372 547 3425 601 in
3454 565 3572 618 pec-

1989 630 2114 682 catis
2134 629 2312 684 dolor!
2334 630 2587 697 Quantum
2611 634 2762 689 decus
2787 635 3077 701 honestatis,
3099 639 3185 711 qui
3200 641 3440 710 splendor
3457 659 3572 712 gra-

1986 720 2093 785 tiae,
2118 736 2229 791 qua:
2247 738 2367 775 cura
2388 724 2609 793 pietatis!
2640 723 2765 790 Qua!
2783 726 2835 779 in
2857 727 3187 784 subveniendo
3206 731 3564 799 misericordia,

1990 810 2045 863 in
2071 811 2372 880 ignoscendo
2397 817 2750 883 benevolentia,
2778 818 2830 872 in
2845 820 3039 874 orando
3060 820 3290 889 ﬁducia!
3317 824 3464 888 Quod
3484 841 3569 879 sa-

1992 902 2197 956 lubriter
2215 904 2534 976 sciebat,cqua
2554 908 2796 963 modestia
2821 908 3112 980 loquebatur
3130 914 3151 965 l
3171 914 3307 983 quod
3328 916 3570 971 inutiliter

1992 994 2255 1059 nesciebat,
2273 1013 2370 1065 qua
2389 997 2645 1068 diligentia
2668 1002 3019 1056 scrutabatur!
3048 1002 3275 1068 Quantus
3297 1005 3349 1058 in
3375 1022 3433 1060 eo
3449 1024 3571 1062 con-

1994 1092 2208 1154 temptus
2231 1102 2407 1139 rerum,
2425 1090 2783 1157 praesentium!
2806 1102 2993 1160 quanta
3021 1108 3135 1163 spes
3151 1134 3167 1157 ,
3195 1104 3242 1147 et
3266 1093 3570 1151 desiderium

1993 1173 2234 1227 bonorum
2266 1180 2603 1232 aeternorum!
2644 1178 2726 1233 Ne
2762 1182 2945 1235 relictis
2983 1183 3211 1236 omnibus
3247 1185 3572 1241 swcularibus

1993 1265 2270 1320 actionibus
2303 1268 2573 1337 susciperet
2599 1268 2854 1340 cingulum
2892 1272 3084 1325 militia:
3109 1274 3427 1342 christianos,
3463 1276 3572 1330 vin-

1994 1356 2162 1407 culum
2190 1358 2523 1426 prtepediebat
2548 1360 2796 1419 uxorium.
2818 1378 2913 1430 quo
2929 1363 3041 1432 jam
3061 1363 3327 1418 innodatus
3352 1378 3572 1437 coeperat

1994 1447 2339 1515 concupiscere
2381 1448 2625 1516 meliora,
2672 1458 2870 1519 quando
2909 1453 3023 1522 jam
3073 1470 3172 1508 non
3216 1455 3393 1511 licebat
3446 1457 3567 1521 illa,

1994 1537 2217 1604 quamvis
2244 1538 2502 1606 inferiora,
2535 1540 2864 1611 disrumpere.
2896 1542 3033 1608 Quid
3057 1562 3174 1613 ergo
3196 1548 3311 1600 huic
3335 1549 3386 1601 in
3412 1559 3571 1605 morte

1994 1625 2175 1679 accidit
2196 1628 2335 1691 mali,
2363 1645 2422 1681 ac
2442 1646 2538 1683 non
2565 1632 2730 1700 potius
2761 1631 3032 1701 plurimum
3057 1634 3191 1702 boni,
3211 1653 3323 1689 cum
3346 1638 3451 1692 hwc
3473 1640 3570 1693 ha-

1996 1716 2111 1770 bens
2136 1718 2267 1771 dona
2292 1722 2359 1772 ad
2385 1718 2669 1786 Christum,
2708 1725 2816 1777 sine
2845 1742 2941 1793 quo
2977 1726 3190 1781 inaniter
3217 1729 3477 1800 habentur,
3510 1749 3575 1787 ea:

1996 1806 2092 1860 hac
2119 1810 2219 1862 vita
2242 1812 2503 1881 migrarit?
2528 1812 2718 1884 (Epist.
2752 1816 2872 1881 151,
2904 1833 2989 1870 nn.
3022 1818 3075 1883 8,
3106 1820 3218 1889 10.)

2066 1900 2117 1952 7.
2159 1900 2286 1955 Post
2329 1901 2471 1955 illam
2518 1903 2701 1957 Marini
2740 1907 2948 1982 comitis
2974 1916 3078 1961 tam
3109 1910 3320 1978 impiam
3360 1922 3573 1984 tamque

1994 1988 2263 2043 crudelem
2295 1991 2589 2060 perﬁdiam,
2624 2009 2728 2047 non
2754 1996 2923 2063 potuit
2948 1997 3046 2051 abs
3070 2014 3127 2053 se
3154 1999 3434 2068 impetrare
3460 2004 3572 2059 Au-

1994 2076 2254 2144 gustinus,
2289 2088 2345 2132 ut
2372 2079 2691 2151 Carthagine
2725 2082 2923 2138 diutius
2965 2096 3280 2142 moraretur.
3312 2090 3573 2157 Quocirca

1991 2171 2245 2238 po~tridie
2273 2170 2385 2240 ejus
2407 2172 2572 2240 ipsius
2601 2172 2705 2229 diei
2729 2189 2786 2229 se
2816 2175 2961 2230 dedit
2982 2177 3157 2233 itineri
3181 2196 3194 2230 :
3222 2181 3422 2251 sicque,
3450 2198 3572 2239 cum

1993 2259 2137 2313 illum
2167 2260 2359 2331 alloqui
2386 2260 2695 2317 Caecilianus
2730 2265 3016 2334 voluisset,
3047 2268 3091 2321 is
3126 2268 3194 2323 de
3222 2280 3486 2327 maturato
3509 2274 3576 2328 il-

1992 2346 2094 2401 lius
2137 2350 2374 2405 discessu
2415 2352 2613 2406 certior
2658 2352 2829 2409 factus
2857 2364 2959 2411 est.
3008 2356 3209 2414 Idcirco
3232 2368 3407 2415 autem
3453 2378 3575 2421 sese

1992 2439 2287 2495 clanculum
2318 2457 2383 2496 ex
2407 2444 2537 2499 urbe
2565 2444 2847 2514 subripuit,
2880 2453 2938 2502 ut
2957 2463 3023 2505 ne
3051 2448 3389 2507 distineretur
3408 2456 3576 2524 gemi-

1992 2532 2153 2596 tibus,
2186 2532 2433 2605 lacrymis
2452 2575 2467 2601 ,
2498 2535 2923 2608 clamoribusque
2951 2539 3302 2609 plurimorum
3333 2558 3364 2599 e
3392 2545 3576 2600 claris-

1992 2621 2140 2675 simis
2167 2623 2389 2689 civibus,
2419 2625 2530 2694 qui,
2560 2634 2617 2679 ut
2644 2624 2866 2682 Comitis
2894 2627 3131 2685 furorem
3159 2639 3316 2702 atque
3339 2632 3573 2704 gladium

1991 2711 2337 2780 declinarent,
2362 2715 2414 2768 in
2434 2716 2673 2771 ecclesia:
2696 2718 2899 2789 asylum
2920 2720 3284 2791 confugerant.
3315 2724 3412 2780 llic
3430 2726 3574 2780 enim

1992 2817 2293 2874 quanquam
2326 2806 2534 2860 illorum
2563 2807 2667 2861 vita
2706 2809 2923 2864 minime
2951 2811 3364 2881 periclitabatur,
3398 2822 3575 2871 tamen

1994 2893 2132 2950 haud
2164 2897 2326 2953 dubie
2352 2898 2499 2953 illum
2525 2909 2678 2954 erant
2703 2903 3028 2956 obsecraturi
3053 2945 3067 2970 ,
3092 2912 3150 2957 ut
3180 2920 3273 2973 pro
3298 2921 3358 2960 se
3380 2905 3577 2963 Comiti

1992 2987 2330 3057 supplicaret;
2351 2988 2489 3057 quod
2502 3005 2632 3044 sane
2647 2990 2825 3045 decori
2840 3008 3170 3063 nequaquam
3194 2993 3399 3050 sinebat
3414 2996 3571 3053 ratio.

1990 3076 2120 3131 Nam
2140 3077 2184 3131 si
2202 3077 2458 3133 adversus
2469 3079 2727 3135 Comitem
2744 3080 2835 3135 Vir
2854 3091 3067 3138 sanctus
3083 3099 3148 3138 eo
3169 3085 3452 3140 verborum
3477 3095 3577 3142 ter-

1992 3182 2114 3221 rore
2132 3183 2256 3222 usus
2274 3167 2293 3220 f
2295 3169 2476 3235 uisset,
2494 3169 2631 3248 quod
2659 3186 2879 3226 necesse
2894 3172 2959 3227 ad
2978 3173 3361 3241 procurandum
3382 3176 3575 3233 animus

1990 3260 2211 3314 Salutem
2237 3262 2532 3327 videbatur,
2557 3262 2609 3317 id
2639 3263 2728 3317 ille
2754 3279 3022 3334 nunquam
3048 3264 3171 3323 boni
3199 3267 3575 3325 consuluisset.

1991 3352 2166 3418 Quare
2219 3360 2417 3407 tantam
2469 3353 2835 3424 indignitatem
2887 3370 2996 3413 non
3049 3355 3260 3423 ferens,
3295 3357 3572 3414 abscessit.

1992 3444 2231 3499 Dolebam
2261 3449 2495 3519 graviter,
2528 3449 2697 3517 inquit
2722 3463 2942 3517 magnus
2971 3449 3170 3503 Prmsul
3189 3490 3204 3511 ,
3231 3450 3385 3504 vicem
3424 3468 3575 3506 vene.

1990 3524 2161 3590 rabilis
2188 3539 2471 3608 coepiscOpi
2510 3539 2606 3593 mei
2639 3546 2791 3592 tanta:
2829 3539 3035 3592 rectoris
3072 3538 3340 3604 Ecclesiaz,
3373 3542 3441 3594 ad
3481 3557 3576 3595 cu-

1990 3629 2072 3695 ius
2098 3631 2342 3699 pertinere
2365 3630 2863 3699 di‘cebaturvoﬂicium
2885 3671 2899 3696 ,
2924 3640 3036 3699 post
3056 3629 3274 3684 hominis
3309 3640 3410 3683 tam
3433 3632 3577 3701 nefa-

1991 3721 2118 3773 riam
2146 3722 2401 3792 fallaciam
2425 3721 2593 3774 adhuc
2623 3739 2676 3776 se
2701 3720 2920 3789 praebere
2948 3720 3224 3788 humilem,
3254 3739 3353 3793 quo
3383 3725 3573 3778 caeteris

1992 3821 2283 3881 parceretur
2310 3827 2331 3865 :
2357 3811 2423 3866 iis
2448 3812 2721 3875 videlicet,
2751 3815 2839 3882 qui
2883 3827 2940 3867 se
2975 3821 3289 3880 receperant
3322 3813 3374 3866 in
3398 3814 3574 3869 eccle-

1991 3903 2162 3965 siam;
2193 3901 2292 3954 nisi
2327 3901 2462 3955 forte
2494 3902 2732 3956 nonnulli
2771 3901 2930 3955 etiam
2959 3902 3009 3955 in
3038 3902 3274 3956 custodia
3314 3902 3575 3958 haberen-

1993 4001 2097 4046 tur;
2124 3991 2332 4057 Fateor,
2357 3991 2523 4059 addit,
2558 4009 2670 4044 cum
2706 4000 2900 4045 tantum
2942 3991 3132 4045 malum
3176 3991 3317 4047 nullo
3360 3994 3575 4063 pectoris

1991 4082 2168 4137 robore
2194 4083 2461 4153 potuissem
2488 4083 2716 4148 tolerare,
2749 4083 2951 4137 discessi
2980 4081 3166 4154 (Ibid.,
3196 4099 3248 4137 η.
3278 4082 3370 4153 5).
3393 4083 3575 4150 Quan-

1994 4190 2151 4245 quam
2173 4176 2302 4229 alias
2326 4176 2505 4236 etiam,
2537 4184 2732 4244 praeter
2755 4176 3042 4229 Marcellini
3070 4191 3278 4242 necem,
3307 4176 3578 4231 discessus
3633 4213 3636 4215 λ

1995 4267 2073 4319 sui
2102 4281 2288 4319 causas
2321 4265 2513 4331 affert;
2546 4266 2810 4336 (quarum)
2842 4284 2943 4320 una
2971 4276 3078 4334 est,
3112 4267 3299 4337 inquit,
3339 4268 3576 4338 quoniam

1997 4359 2215 4412 laborem
2235 4400 2249 4423 ,
2280 4376 2424 4427 quem
2450 4360 2501 4414 in
2530 4361 2621 4413 illa
2646 4359 2764 4412 urbe
2787 4360 2978 4430 perpeti
3006 4376 3200 4413 necesse
3219 4370 3292 4414 est
3310 4400 3326 4426 ,
3354 4369 3401 4415 et
3428 4378 3575 4433 quem

1995 4448 2039 4501 si
2067 4463 2314 4516 exponere
2358 4450 2542 4515 velim,
2583 4448 2727 4501 aliud
2762 4458 2951 4501 tantum
2997 4447 3300 4517 loquendum
3328 4457 3429 4515 est,
3461 4451 3578 4520 jam

1996 4538 2239 4590 sustinere
2275 4554 2373 4591 non
2405 4555 2641 4607 possunt,
2684 4539 2820 4608 quod
2856 4537 3138 4605 inﬁrmitati
3177 4554 3300 4592 mea:
3332 4541 3574 4610 proprias,

1996 4644 2106 4699 qutc
2134 4639 2252 4682 nota
2274 4640 2343 4683 est
2368 4630 2595 4684 omnibus
2623 4630 2706 4700 qui
2734 4630 3036 4700 familiarius
3065 4646 3144 4684 me
3176 4639 3456 4696 noverunt,
3488 4648 3579 4685 ac-

1999 4725 2142 4779 cessit
2170 4725 2318 4778 etiam
2344 4732 2584 4787 senectus,
2614 4737 2725 4792 qua:
2750 4722 2942 4793 generis
2977 4723 3183 4776 humani
3206 4733 3277 4776 est
3297 4723 3577 4777 communis

1997 4817 2283 4885 inﬁrmitas.
2332 4817 2501 4869 Altera
2541 4831 2694 4867 causa
2720 4824 2825 4879 est,
2861 4815 2995 4885 quod
3022 4815 3205 4879 statui,
3240 4814 3285 4867 si
3324 4812 3575 4869 Dominus

1998 4910 2132 4973 velit,
2164 4917 2406 4979 quantum
2434 4906 2557 4959 mihi
2583 4922 2644 4959 ex
2667 4906 2769 4959 illis
2794 4904 3220 4972 occupationibus,
3250 4919 3375 4971 quas
3400 4903 3580 4957 Eccle-

2000 5000 2107 5059 siw,
2131 5000 2213 5051 cui
2239 4998 2442 5068 proprio
2468 5012 2670 5050 munere
2693 4996 2871 5056 servio,
2899 4995 3165 5048 necessitas
3189 4993 3404 5063 ﬂagitat,
3424 4993 3580 5047 datur

2003 5092 2238 5160 temporis
2257 5132 2271 5155 ,
2303 5091 2355 5143 id
2386 5099 2543 5143 totum
2584 5088 2874 5158 impendere
2902 5087 3060 5140 labori
3084 5085 3364 5139 studiorum
3394 5085 3463 5141 ad
3496 5100 3580 5139 ec-

2002 5181 2302 5236 clesiasticas
2340 5179 2572 5233 scientias
2609 5176 2994 5247 pertinentium;
3026 5174 3108 5228 ubi
3148 5191 3228 5227 me
3264 5175 3501 5241 arbitror,
3529 5175 3575 5229 si

2002 5278 2102 5332 Dei
2131 5276 2483 5331 misericordia:
2507 5275 2700 5345 placet,
2723 5274 2872 5326 etiam
2896 5270 3106 5341 posteris
3131 5270 3323 5340 aliquid
3342 5274 3579 5342 profutu-

1999 5387 2113 5423 rum
2145 5368 2328 5440 (lbid.,
2355 5384 2409 5421 η.
2430 5366 2543 5438 15).
2567 5366 2698 5419 Tum
2722 5362 3060 5417 Caecilianum
3086 5361 3211 5416 olim
3235 5365 3580 5418 catechume-

1999 5478 2158 5530 num,
2186 5464 2275 5533 qui
2302 5479 2331 5517 a
2357 5472 2539 5517 sancto
2576 5461 2802 5515 Doctore
2842 5475 3026 5514 verum
3053 5458 3259 5516 discere
3284 5460 3577 5530 quaerebat,

1999 5555 2229 5624 graviter
2247 5552 2515 5615 admonet,
2546 5565 2610 5605 ne
2634 5567 2691 5604 se
2717 5564 2813 5619 per
2842 5550 3165 5620 Baptismum
3193 5550 3479 5621 adjungere
3505 5548 3574 5604 Il-

1998 5643 2203 5698 delibus
2244 5642 2441 5696 diutius
2486 5642 2835 5710 procrastinet
2874 5654 2939 5695 ea
2982 5655 3117 5695 vana
3155 5640 3393 5706 ratione,
3425 5640 3575 5711 quasi

2001 5734 2186 5792 ﬁdeles
2220 5748 2325 5790 non
2368 5733 2571 5804 possint
2602 5732 2981 5803 rempublicam
3026 5740 3170 5788 recte
3208 5730 3582 5791 adminism
