4042 6360
517 325 622 391 48⁸1

517 447 710 519 (Epist.
731 449 853 516 151,
877 467 929 506 n.
957 451 1077 526 ll).
1101 449 1358 508 Eumdem
1384 449 1541 508 etiam
1568 464 1691 521 erga
1711 447 1966 504 Marinum
1988 461 2092 518 qua

511 543 720 600 ratione
737 557 796 600 se
814 553 984 615 gerat,
1000 545 1192 602 docere
1212 546 1357 616 prius
1381 559 1485 600 non
1507 543 1704 610 omisit.
1730 540 1882 596 Hune
1909 541 1951 595 si
1977 539 2095 596 diti-

509 634 590 706 gis
608 674 626 706 ,
656 637 760 704 ait,
786 637 1064 707 detestare;
1101 638 1146 692 si
1186 653 1287 691 non
1306 637 1380 690 vis
1403 645 1458 689 ut
1482 635 1536 689 in
1557 644 1798 693 teter-num
1830 632 2089 701 puniatur,

513 725 745 783 altam.
775 727 866 784 Sic
886 729 1240 784 existimationi
1264 737 1392 792 tuas,
1431 727 1502 780 sic
1526 734 1596 797 est
1617 725 1728 789 vitea
1749 724 1888 780 illius
1913 738 2094 784 consu-

513 817 715 874 lendum
745 817 938 890 (Ibid.,
966 835 1021 874 n.
1050 820 1107 874 ll
1129 817 1173 892 ).
1203 818 1328 873 Haec
1354 822 1529 873 autem
1575 814 1798 885 epistola
1852 813 1956 868 dici
1985 827 2092 876 non

513 906 740 970 absurde
760 918 932 978 potest
955 918 1179 965 exeunte
1205 909 1304 964 hoc
1325 923 1465 963 anno
1494 907 1708 978 scripta.

1144 1021 1370 1088 caper
1407 1020 1494 1092 vt.

513 1110 539 1169 ι
581 1111 863 1178 Demetrias
894 1101 1027 1170 Urbe
1052 1132 1082 1168 a
1109 1114 1284 1170 Gothis
1320 1123 1467 1185 capta
1504 1113 1557 1168 in
1584 1112 1810 1186 Africam
1849 1128 1948 1165 una
1976 1127 2090 1166 cunt

578 1215 738 1259 matre
786 1215 831 1260 et
874 1206 987 1260 avia
1033 1206 1344 1260 transmittit.
1407 1205 1443 1259 2
1490 1203 1714 1259 Probam
1753 1201 2088 1258 Demetriadis

577 1297 741 1353 aviam
768 1314 858 1368 per
882 1297 1069 1352 litteras
1094 1296 1324 1364 instituit,
1357 1296 1500 1367 eique
1524 1295 1586 1350 de
1611 1294 1802 1350 orando
1822 1292 1930 1348 Deo
1951 1309 2086 1365 pra:-

577 1397 721 1457 cepta
762 1388 913 1441 tradit
958 1388 1286 1460 Augustinus.
1337 1388 1372 1444 '5
1410 1386 1582 1458 Hujus
1621 1402 1776 1440 suasu
1805 1383 2087 1456 Demetrias

574 1478 868 1550 virginalem
907 1480 1292 1548 sanctimoniam
1337 1479 1674 1550 amplectitur.
1718 1477 1753 1531 4
1777 1476 2086 1546 Augustinus

574 1569 638 1628 de
672 1569 915 1631 relatione
953 1570 1288 1634 Demetriadis
1329 1587 1443 1624 cum
1481 1578 1586 1623 tota
1617 1567 1846 1623 Ecclesia
1879 1567 2080 1638 gaudet.

572 1660 606 1722 5
635 1659 837 1715 Librunt
860 1661 922 1714 de
942 1660 1086 1716 Bono
1114 1661 1370 1727 viduitatis
1395 1658 1619 1731 Juliante
1642 1660 1749 1730 ejus
1778 1657 1928 1718 matri
1954 1658 2082 1716 scri-

495 1766 498 1767 '
569 1751 659 1806 bit.
694 1752 726 1812 6
755 1750 1089 1807 Demetriadis
1117 1753 1323 1825 virginis
1351 1752 1668 1808 instituenda:
1696 1752 1895 1806 obtentu
1921 1748 2083 1807 Pela-

568 1843 684 1916 gius
713 1844 974 1912 epistolam
1005 1844 1106 1898 edit
1134 1845 1337 1900 Itceresis
1365 1861 1472 1899 suae
1498 1861 1682 1900 veneno
1707 1842 1974 1912 sulfusam.
2067 1889 2073 1896 .

570 1935 625 1988 1.
668 1934 780 1988 Etsi
809 1949 969 2005 grave
1005 1934 1288 2000 admodum
1326 1943 1440 2015 erat
1470 1935 1695 2004 vulnus‘,
1735 1934 1875 2004 quod
1900 1934 2081 2004 Augu-

496 2024 622 2080 stini
651 2025 829 2079 animo
871 2024 1134 2082 inflixerat
1170 2027 1529 2098 indignissima
1554 2027 1841 2082 Marcellini
1871 2025 2078 2092 caedes;

497 2115 653 2185 dolor
681 2125 854 2172 tamen
885 2116 999 2188 ejus
1037 2119 1259 2173 multum
1300 2119 1505 2174 remisit
1529 2119 1644 2175 viso
1671 2118 1860 2189 insigni
1889 2118 2082 2175 divinae

495 2207 678 2276 gratim
705 2222 900 2280 opere,
929 2208 1076 2280 cujus
1106 2218 1160 2277 et
1198 2210 1310 2280 ipse
1349 2211 1403 2280 in
1433 2210 1617 2266 eadem
1649 2211 1738 2284 illa
1769 2211 2078 2287 peregrina-

496 2299 640 2358 tione
667 2298 1100 2371 Carthaginensi,
1133 2301 1184 2355 in
1223 2316 1324 2372 qua
1364 2302 1578 2374 sanguis
1612 2302 1769 2362 amici
1814 2318 1949 2373 pene
1978 2303 2080 2371 sub

494 2389 610 2460 ejus
636 2391 802 2457 oculis
839 2391 985 2447 fusus
1025 2389 1225 2458 fuerat,
1269 2395 1510 2450 minister
1551 2395 1794 2450 exstitit:
1828 2395 1872 2449 si
1902 2403 2080 2450 tamen

491 2493 692 2549 ponere
718 2480 818 2535 hoc
844 2496 984 2546 anno
1011 2482 1217 2554 placeat
1243 2484 1592 2539 memorabile
1620 2483 1748 2539 illud
1774 2485 1955 2555 gratia:
1980 2485 2081 2539 IIII-

491 2569 752 2638 raeulum,
783 2586 888 2641 quo
910 2572 1226 2642 Demetrias,
1252 2574 1402 2644 virgo
1428 2575 1480 2629 in
1508 2575 1638 2644 orbe
1664 2576 1904 2634 Romano
1928 2577 2080 2640 nobi-

489 2656 639 2720 litate
679 2675 744 2720 ac
786 2660 982 2726 divitiis
1025 2643 1228 2732 prima,
1272 2643 1524 2733 iniquam
1565 2680 1724 2720 unam
1760 2665 2074 2735 Proborum,

492 2749 853 2826 Olibriorum,
904 2758 1065 2824 atque
1113 2753 1418 2810 Aniciorum
1465 2755 1681 2826 sanguis
1729 2756 2076 2828 conﬂuxerat,

425 2911 428 2914 Α
491 2839 734 2908 nuntium
772 2841 931 2898 rebus
966 2843 1243 2910 omnibus,
1277 2859 1399 2900 cum
1421 2844 1638 2916 jamjam
1668 2857 1894 2918 nuptura
1923 2859 2078 2920 puta-

490 2931 668 3000 batur,
701 2933 930 3000 remisit,
967 2944 1022 2988 ut
1046 2935 1315 3005 Christum
1345 2936 1526 2994 Jesum
1555 2939 1656 3002 sibi
1691 2955 1946 3010 sponsum
1981 2941 2078 2996 ba-

490 3021 675 3097 beret;
706 3033 863 3094 atque
899 3035 954 3080 ut
988 3025 1065 3082 sic
1108 3042 1226 3082 eam
1267 3037 1512 3098 gentem,
1560 3031 1612 3085 in
1650 3046 1753 3102 qua
1792 3031 2079 3098 familiares

493 3125 646 3177 erant
674 3116 980 3180 consulatus
1003 3131 1066 3172 ac
1091 3119 1335 3188 maxima:
1363 3135 1587 3190 quaeque
1618 3120 1829 3192 Imperii
1855 3123 2079 3193 dignita-

491 3214 596 3272 tes,
617 3204 932 3277 virginitatis
955 3207 1114 3274 etiam
1130 3206 1334 3266 honore
1352 3223 1414 3265 ac
1435 3210 1590 3267 laude
1609 3220 1844 3284 augeret.
1868 3212 2079 3270 Patrem

491 3295 580 3350 illa
623 3295 868 3360 Anicium
907 3296 1386 3369 Hermogenianum
1430 3299 1722 3367 Olibrium,
1769 3303 2080 3373 parentibus

488 3383 653 3454 Sexto
678 3384 932 3442 Petronio
959 3386 1131 3444 Probo
1159 3397 1214 3444 et
1250 3388 1420 3445 Proba
1458 3390 1648 3447 Anicia
1681 3392 1922 3449 Faltonia
1951 3409 2078 3464 pro-

489 3488 708 3555 gnatum
729 3521 743 3547 ,
768 3488 992 3536 matrem
1013 3497 1139 3538 vero
1159 3482 1422 3538 Julianam
1442 3483 1648 3540 habuit.
1670 3485 1878 3556 Agebat
1897 3487 2080 3544 Deme-

489 3572 619 3633 trias
639 3571 820 3644 Romae
839 3587 944 3628 una
965 3588 1084 3630 cum
1105 3576 1221 3630 avia
1237 3575 1428 3652 Proba,
1446 3575 1722 3647 etJuliana
1744 3588 1932 3646 matre,
1955 3595 2078 3641 cum

489 3662 630 3722 Urbs
658 3679 688 3718 a
718 3663 905 3736 Gothis
942 3680 1084 3732 anno
1121 3665 1643 3736 quadringentesimo
1683 3669 1889 3748 decimo
1927 3682 2078 3742 capta

489 3762 572 3810 est
604 3771 616 3808 :
649 3755 913 3826 simulque
953 3755 1056 3810 illa:
1095 3756 1264 3811 Roma
1300 3773 1528 3828 egressa:
1568 3769 1727 3827 sunt,
1766 3762 1977 3832 quando
2015 3778 2078 3819 ea

490 3843 658 3914 ferme
673 3845 845 3917 adhuc
873 3845 1119 3913 incendio
1135 3845 1368 3903 fumabat
1386 3848 1647 3922 (Πίθωνι,
1663 3849 1831 3920 Epist.
1847 3853 1922 3924 8).
1942 3854 2075 3909 Tum

489 3949 652 4004 porro
679 3934 871 4002 Proba,
899 3935 1066 3992 verita
1093 3951 1160 3991 ne
1185 3938 1272 4016 qui
1300 3948 1420 4008 post
1443 3949 1702 4013 vastatam
1731 3941 1930 3996 Italiam
1956 3957 2077 4016 pro-

491 4021 661 4080 fectus
688 4025 876 4089 fuerat,
905 4027 1098 4082 iterum
1120 4029 1171 4083 in
1197 4013 1393 4086 Urbem
1418 4031 1615 4089 rediret
1635 4033 1896 4102 Alaricus,
1925 4013 2075 4092 suam

489 4129 815 4186 suorumque
859 4119 1096 4173 omnium
1118 4159 1134 4186 ,
1176 4120 1228 4174 in
1265 4123 1457 4192 quibus
1487 4121 1696 4178 Juliana
1732 4139 1852 4179 cum
1883 4127 2076 4183 Deme-

490 4205 660 4266 triade
689 4207 792 4262 tilia
819 4218 966 4278 erat,
1007 4211 1168 4266 vitam
1210 4226 1272 4266 ac
1299 4213 1523 4268 salutem
1553 4213 1758 4285 cymbae
1787 4218 2072 4287 commisit.

489 4296 653 4365 Felici
673 4299 885 4370 quidem
908 4317 1154 4357 successu
1177 4305 1415 4372 pervenit
1436 4305 1490 4359 in
1510 4304 1740 4360 Africam
1767 4324 1781 4360 :
1805 4307 1898 4382 sed
1921 4309 2078 4374 isthic

488 4387 541 4456 in
573 4387 943 4465 Heraclianum
974 4393 1221 4448 comitem
1243 4435 1257 4462 ,
1289 4395 1377 4465 qui
1411 4409 1525 4450 rem
1553 4396 1894 4465 Imperatoris
1919 4415 2076 4470 agere

487 4478 775 4545 simulans,
807 4490 971 4543 totam
1002 4483 1146 4539 illam
1176 4484 1502 4554 provinciam
1540 4488 1735 4545 misere
1772 4489 2071 4559 divexabat,

486 4570 689 4630 incidit.
716 4572 890 4652 Quare
911 4589 1031 4628 cum
1053 4584 1250 4631 sancta:
1272 4586 1526 4637 matrona:
1550 4582 1913 4636 conservanda
1933 4592 2075 4640 esset

485 4677 691 4730 earum,
724 4653 856 4734 quas
882 4664 1020 4720 haud
1047 4666 1237 4736 exiguo
1264 4683 1486 4730 numero
1515 4685 1693 4733 secum
1723 4673 1967 4740 habebat,
1999 4676 2072 4730 fe-

483 4755 748 4816 minarum
779 4756 1030 4826 pudicitia
1051 4797 1066 4822 ,
1108 4758 1250 4821 illam
1278 4759 1398 4816 data
1429 4776 1586 4831 opum
1616 4779 1832 4822 suarum
1865 4775 2012 4836 parte
2041 4783 2071 4823 a

484 4853 710 4915 tyranno
751 4846 902 4917 quasi
944 4848 1205 4903 redimere
1235 4861 1416 4905 coacta
1447 4861 1529 4906 est
1557 4870 1569 4907 :
1597 4854 1735 4922 quod
1765 4864 1939 4910 tamen
1969 4858 2070 4912 mi-

483 4937 626 4992 nime
653 4939 877 5003 obstitit,
911 4941 1197 5010 quominus
1225 4941 1486 5013 ditissima
1517 4944 1688 4999 adhuc
1711 4957 2032 5010 remaneret.

553 5029 607 5094 2.
649 5030 783 5092 Cum
811 5040 985 5086 autem
1014 5031 1066 5090 in
1097 5031 1340 5086 universa
1373 5033 1550 5088 Africa
1578 5035 1753 5089 nullus
1780 5044 1922 5094 esset
1957 5039 2068 5092 Au-

483 5123 693 5190 gustino
723 5123 1006 5191 illustrior,
1049 5124 1101 5178 in
1132 5125 1246 5193 ejus
1275 5126 1631 5195 cognitionem
1660 5142 1717 5188 se
1743 5128 1854 5189 suis
1880 5129 2071 5185 litteris

483 5210 749 5279 insinuare
771 5213 941 5269 Proba
965 5224 1017 5270 et
1036 5215 1243 5271 Juliana
1271 5231 1374 5270 non
1400 5217 1696 5277 omiserunt
1726 5217 1918 5289 (Epist.
1944 5221 2066 5288 188,

483 5315 534 5351 n.
563 5300 634 5369 l).
667 5301 732 5356 Et
757 5303 890 5361 forte
917 5321 982 5376 ce
1007 5309 1328 5384 commercio
1351 5315 1472 5363 nata
1500 5317 1581 5362 est
1604 5309 1846 5376 epistola,
1879 5326 1942 5366 ex
1966 5327 2069 5382 qua

453 5389 736 5448 ‘discimus
757 5394 1003 5464 Probam,
1037 5408 1091 5452 ut
1117 5399 1184 5455 de
1211 5401 1511 5470 valetudine
1539 5401 1653 5472 ejus
1673 5404 1868 5458 certior
1894 5405 2065 5471 ﬁeret,

481 5481 684 5538 litteras
711 5485 774 5538 ad
804 5501 924 5540 eum
949 5487 1188 5557 dedisse,
1223 5493 1276 5547 in
1304 5493 1492 5563 quibus
1523 5493 1635 5551 hmo
1662 5495 1871 5558 dicebat
1890 5538 1904 5562 ,
1935 5497 2070 5567 quod

480 5572 532 5627 in
555 5591 766 5644 corpore
788 5579 1099 5648 corruptibili
1127 5584 1294 5635 anima
1320 5586 1606 5651 constituta,
1637 5595 1830 5641 terrena
1850 5589 2068 5658 quadam

480 5666 773 5734 contagione
798 5669 1192 5740 constringitur;
1220 5683 1264 5725 et
1289 5675 1377 5725 tali
1398 5691 1546 5727 onere
1563 5683 1782 5746 quodam
1809 5677 1954 5731 modo
1974 5678 2065 5746 de-

481 5772 652 5826 pressa
675 5770 928 5832 curuatur,
957 5771 1013 5831 ut
1035 5763 1085 5828 in
1107 5764 1206 5827 iure
1231 5763 1406 5822 multa.
1433 5784 1584 5834 quant
1605 5764 1656 5824 in
1673 5785 1865 5823 suntme
1887 5786 2062 5840 unum,

1599 327 1756 384 VITA
1794 327 1852 384 S.
1891 323 2252 384 AUGUSTINI
2294 320 2616 384 EPISCOPI.

3677 333 3778 394 £68

2203 445 2403 520 facilius
2421 446 2740 524 concupiscat
2763 455 2820 516 et
2829 446 3008 520 cogitet
3029 445 3219 533 (Epist.
3248 448 3388 520 l3l).
3419 447 3707 521 Respondit
3722 455 3776 511 ei

2198 542 2522 613 Augustinus
2548 541 2738 598 merito
2760 539 2961 612 ipsam,
2995 555 3152 612 quam
3182 541 3446 613 impotens
3473 543 3542 599 sit
3571 552 3773 618 natura,

2199 649 2462 706 quamque
2489 641 2599 689 tota
2628 634 2680 689 in
2710 641 2919 689 terrena
2943 633 3306 704 propendeat,
3333 649 3651 706 agnoscere;
3681 639 3776 695 sed

2197 725 2486 791 Christum,
2513 734 2572 795 ut
2596 725 2737 793 illam
2758 725 3004 796 erigeret,
3033 725 3098 782 ad
3120 740 3217 782 nos
3237 725 3576 784 descendisse
3600 745 3614 783 :
3637 731 3773 801 quod

2199 831 2325 873 vero
2345 832 2407 873 ea
2428 825 2717 888 praesentes
2737 817 3066 873 calamitates
3085 817 3345 873 bonorum
3366 818 3662 876 futurorum
3683 836 3778 891 spe

2197 908 2499 966 tolerabiles
2526 909 2701 976 ducat,
2732 918 2876 974 recte
2906 908 3102 966 facere.
3139 909 3416 980 Simulque
3443 911 3643 967 eisdem
3673 913 3778 969 illis

2194 1000 2582 1063 calamitatibus
2621 1009 2778 1070 atque
2806 1001 3107 1057 infortuniis
3141 1017 3251 1057 non
3287 1001 3562 1057 minimam
3598 1004 3776 1066 atl‘erri

2133 1081 2138 1084 ’
2195 1090 2470 1145 utilitatem
2491 1091 2666 1147 docet.
2690 1091 2706 1144 l
2711 1092 2790 1162 psi
2812 1091 3002 1147 futurae
3021 1092 3141 1146 vitae
3165 1093 3378 1162 praemia
3397 1094 3779 1163 praesentisque

2192 1182 2377 1237 solatia
2407 1198 2438 1237 a
2462 1183 2572 1240 Deo
2594 1192 2876 1254 precatur;
2904 1198 3066 1255 seque
3094 1184 3160 1238 ad
3188 1193 3480 1239 extremum
3504 1199 3778 1240 commen-

2191 1271 2282 1328 dat
2308 1273 2563 1328 dilectioni
2596 1275 2908 1347 orationique
2937 1275 3162 1328 omnium
3189 1285 3438 1339 vestrum,
3481 1275 3684 1346 inquit,
3721 1276 3779 1331 in

2189 1379 2402 1433 quorum
2436 1365 2670 1438 cordibus
2709 1382 2798 1437 per
2839 1365 2992 1434 ﬁdem
3027 1365 3219 1419 Itabitat
3254 1365 3500 1425 Christus.
3545 1364 3680 1420 Cum
3721 1365 3776 1428 id

2189 1455 2362 1511 astatis
2381 1465 2520 1510 esset
2537 1457 2728 1524 Proba,
2761 1465 2819 1511 ut
2842 1455 2941 1511 sibi
2971 1471 3067 1526 pro
3087 1471 3145 1514 se
3169 1456 3343 1511 minus
3371 1455 3666 1511 timendum
3690 1459 3777 1511 Vi?

2189 1544 2438 1612 deretur;
2470 1555 2594 1603 tunc
2619 1562 2777 1618 porro
2796 1547 2861 1602 ad
2887 1562 3004 1603 eam
3025 1548 3256 1602 maxime
3281 1547 3598 1617 pertinebat,
3623 1563 3777 1605 oran-

2187 1635 2257 1694 do
2281 1644 2590 1696 concertare
2615 1653 2712 1708 pro
2737 1639 2846 1693 suis
2875 1637 2974 1712 (De
2994 1637 3137 1693 Bono
3157 1639 3357 1718 uiduit.,
3378 1655 3431 1692 η.
3450 1637 3565 1710 29).
3597 1637 3780 1706 Quare

2187 1728 2380 1798 merito
2407 1736 2646 1797 sanctum
2676 1729 2981 1802 Antistitem
3010 1729 3192 1799 petiit,
3231 1737 3289 1792 ut
3325 1728 3392 1787 de
3429 1729 3632 1792 orando
3663 1730 3778 1786 Deo

2186 1817 2288 1872 sibi
2314 1818 2511 1888 aliquid
2552 1819 2842 1884 scriberet,
2873 1834 2982 1892 quo
3008 1833 3202 1889 nempe
3238 1829 3293 1874 et
3329 1819 3455 1890 quid
3485 1835 3514 1874 a
3545 1820 3691 1888 Deo,
3723 1829 3776 1875 et

2185 1922 2284 1977 qua
2308 1909 2513 1964 ratione
2530 1910 2850 1978 poscendum
2875 1910 2963 1977 sit,
2985 1909 3299 1967 edoceretnr
3319 1905 3506 1980 (Epist.
3533 1911 3657 1976 150,
3681 1928 3771 1965 nn.

2186 1999 2239 2064 I,
2265 1998 2344 2071 9).
2374 1998 2994 2073 Promisit.Augustinus,
3023 2016 3083 2057 se
3110 2010 3216 2056 tam
3243 2001 3418 2072 dignze
3443 2002 3598 2057 vidua
3623 2002 3774 2058 Chl'i?

2185 2088 2354 2143 stiana
2384 2090 2624 2160 petitioni
2655 2091 2911 2146 facturum
2941 2091 3073 2147 satis
3099 2109 3114 2145 :
3142 2101 3195 2147 et
3212 2105 3332 2148 cum
3354 2093 3580 2163 primum
3601 2093 3650 2148 ei
3677 2108 3776 2165 per

2184 2181 2350 2236 otium
2380 2182 2557 2248 licuit,
2598 2182 2758 2238 fidem
2787 2199 2936 2240 suam
2968 2183 3173 2239 studuit
3201 2176 3460 2262 liberare,
3488 2193 3642 2256 atque
3672 2178 3772 2240 Iiac

2185 2272 2252 2329 de
2275 2288 2335 2329 re
2361 2274 2701 2345 prolixiorem
2728 2276 3007 2346 epistolam
3028 2317 3042 2342 ,
3073 2277 3223 2348 cujus
3252 2277 3304 2332 in
3329 2277 3465 2332 libro
3493 2278 3556 2332 de
3582 2277 3774 2351 Vidui—

2185 2371 2292 2418 tate
2316 2363 2429 2435 ipse
2451 2365 2715 2431 meminit,
2735 2365 2800 2420 ad
2823 2365 2967 2420 illam
2987 2366 3270 2422 destinavit
3292 2367 3392 2439 (De
3407 2368 3548 2422 Bono
3565 2368 3774 2440 viduit.,

2183 2469 2237 2508 n.
2259 2454 2374 2525 29).
2407 2453 2520 2522 Qua
2545 2455 2762 2534 quidem
2795 2457 3020 2527 epistola
3047 2457 3273 2513 Probam
3311 2474 3414 2513 non
3445 2460 3619 2514 minus
3647 2476 3775 2531 gra-

2183 2545 2336 2620 viter,
2365 2560 2524 2620 quam
2552 2547 2824 2619 modeste,
2862 2547 2929 2602 ad
2955 2548 3356 2618 amplexandam
3379 2549 3528 2619 juxta
3569 2565 3776 2619 prmce-

2182 2645 2330 2707 ptum
2368 2638 2732 2709 evangelicum
2771 2640 3028 2710 majorem
3060 2639 3437 2710 perfectionem
3464 2641 3777 2697 cohortatus

2183 2736 2298 2795 est;
2325 2744 2424 2784 nec
2447 2729 2642 2785 frustra
2671 2748 2684 2784 :
2713 2745 2835 2790 nam
2861 2747 2980 2794 cum
3009 2731 3122 2804 ipsa
3151 2745 3247 2801 per
3270 2745 3328 2787 se
3354 2739 3559 2786 tantam
3581 2732 3649 2787 ad
3679 2733 3777 2788 be-

2183 2820 2454 2890 nignitatis
2483 2820 2655 2876 officia
2685 2823 3100 2892 propensionem
3130 2821 3386 2888 haberet;
3429 2837 3568 2878 novo
3593 2832 3777 2880 tamen

2182 2911 2456 2968 charitatis
2483 2913 2676 2968 ardore
2702 2920 2946 2983 correpta
2970 2911 3069 2967 fuit
3105 2927 3173 2968 ex
3199 2911 3570 2969 adhortatione
3593 2914 3780 2985 Augu-

2182 3003 2307 3077 stini
2339 3019 2353 3055 :
2389 3003 2546 3074 idque
2577 3011 2702 3064 tunc
2729 3003 2970 3075 contigit,
3000 3004 3142 3076 quod
3169 3005 3354 3073 scribit
3384 3005 3775 3075 Hieronymus:

2187 3091 2432 3162 Habitus,
2471 3095 2525 3155 id
2559 3103 2633 3162 est
2672 3110 2704 3161 a
2740 3095 3018 3166 majoribus
3047 3106 3279 3172 acceptas
3299 3137 3313 3162 ,
3345 3096 3554 3159 vendere
3589 3096 3778 3152 dicitur

2183 3188 2538 3256 possessiones,
2569 3197 2619 3244 et
2650 3189 2815 3260 facere
2841 3187 2936 3242 sibi
2958 3188 3145 3254 amicos
3174 3188 3237 3257 de
3260 3189 3433 3258 iniquo
3460 3204 3776 3256 mammona,

2181 3278 2269 3347 qui
2312 3293 2366 3331 se
2404 3279 2650 3350 recipiant
2690 3279 2742 3333 in
2789 3288 2982 3334 aeterna
3024 3280 3346 3335 tabernacula
3379 3295 3398 3334 :
3429 3289 3485 3334 ut
3520 3281 3781 3335 erubescat

2183 3373 2345 3423 omnis
2378 3370 2696 3425 ecclesiastici
2725 3371 2994 3425 ministerii
3031 3372 3254 3442 gradus,
3301 3380 3346 3425 et
3383 3386 3528 3426 cassa
3567 3373 3778 3426 nomina

2175 3463 2580 3539 monachorum,
2619 3479 2780 3518 emere
2804 3464 3029 3534 praedia,
3063 3471 3204 3535 tanta
3243 3463 3500 3519 nobilitate
3533 3465 3780 3520 vendente

2183 3551 2446 3624 (Hieron,
2476 3552 2646 3624 Epist.
2667 3554 2745 3625 8).
2773 3555 3096 3625 Augustinus
3121 3554 3174 3608 in
3197 3554 3296 3610 hac
3320 3556 3385 3610 ad
3407 3556 3633 3611 Probam
3663 3557 3782 3628 epi-

2183 3643 2317 3698 stola
2342 3643 2567 3699 Julianae
2595 3659 2761 3700 nurus
2789 3645 2904 3715 ejus
2929 3645 3256 3700 mentionem
3283 3645 3405 3700 facit
3439 3645 3627 3719 (Epist.
3646 3648 3774 3714 1'50,

2182 3750 2236 3786 n.
2265 3734 2354 3804 '50)
2375 3775 2389 3799 ,
2419 3734 2512 3790 sed
2542 3735 2752 3790 interim
2780 3735 3134 3791 Demetriadis
3169 3736 3325 3805 plane
3365 3737 3559 3792 oblitus
3588 3755 3602 3792 :
3631 3739 3778 3810 quod

2181 3823 2394 3891 quidem
2423 3832 2733 3894 argumento
2761 3832 2878 3891 est,
2921 3826 3147 3895 scriptas
3190 3827 3350 3891 hasce
3384 3827 3589 3883 litteras
3625 3830 3785 3901 prius

2181 3912 2363 3979 fuisse,
2391 3929 2550 3984 quam
2587 3929 2646 3970 se
2680 3915 2875 3970 nobilis
2915 3915 3006 3970 illa
3023 3917 3182 3986 .virgo
3206 3916 3418 3990 Christo
3446 3917 3774 3974 devovisset.

2182 4001 2250 4069 Et
2274 4019 2458 4066 revera
2496 4005 2734 4074 ejusdem
2766 4006 2835 4062 ad
2859 4006 3086 4062 Probam
3118 4007 3361 4076 epistola:
3388 4008 3500 4078 jam
3531 4010 3776 4066 meminit

2182 4096 2236 4150 in
2259 4096 2391 4152 libro
2406 4096 2472 4151 de
2489 4097 2772 4166 Viduitate,
2803 4114 2960 4169 quem
2978 4113 3084 4155 non
3101 4100 3267 4154 multo
3285 4109 3403 4168 post
3423 4101 3776 4157 Demetriadis

2180 4189 2637 4251 consecrationem
2665 4190 2864 4246 editum
2905 4205 3024 4247 esse
3063 4192 3222 4246 verba
3269 4193 3353 4246 illa
3375 4235 3390 4260 ,
3439 4195 3586 4248 modo
3622 4196 3774 4266 coepit

2181 4276 2284 4350 (De
2312 4277 2452 4333 Bono
2477 4279 2679 4354 viduit.,_
2711 4295 2765 4333 η.
2786 4279 2879 4352 24)
2900 4320 2915 4345 ,
2946 4289 3130 4350 aperte
3157 4281 3446 4337 declarant.

2251 4400 2304 4454 5.
2343 4399 2809 4457 Consecrationem
2837 4401 3190 4458 Demetriadis
3224 4402 3334 4472 jam
3375 4402 3441 4459 ab
3465 4419 3606 4460 anno
3634 4422 3772 4477 qua-

2179 4488 2595 4560 dringentesimo
2616 4491 2895 4547 undecimo
2917 4491 3109 4550 factam
3126 4493 3261 4549 velle
3285 4493 3539 4550 Baronius
3559 4495 3773 4552 videtur

2179 4581 2396 4653 (Baron.
2417 4624 2432 4648 ,
2465 4583 2533 4637 ad
2567 4600 2756 4638 annum
2792 4585 2931 4650 M3,
2964 4603 3016 4640 η.
3048 4586 3136 4656 15)
3169 4604 3181 4640 :
3210 4595 3264 4642 et
3291 4602 3420 4644 sane
3449 4587 3520 4642 ita
3546 4603 3771 4645 necesse

2177 4674 2312 4739 erit,
2341 4675 2420 4740 si,
2453 4691 2571 4730 eum
2597 4676 2825 4746 primum
2857 4692 2975 4732 eam
3003 4677 3132 4733 vidit
3157 4678 3513 4753 Augustinus,
3538 4679 3638 4735 hoc
3668 4681 3768 4751 ipsi

2176 4765 2505 4835 propositum
2535 4767 2673 4823 Dcus
2702 4768 2881 4838 injecit
2912 4787 2924 4824 :
2959 4770 3052 4825 sed
3075 4787 3190 4826 rem
3212 4787 3276 4826 eo
3298 4772 3455 4827 modo
3479 4774 3767 4844 contigisse

2176 4855 2584 4928 haudquaquam
2630 4869 2810 4914 narrat
2851 4868 3064 4932 sanctus
3108 4862 3362 4925 Antistes.
3405 4863 3693 4921 Enimvero
3723 4868 3767 4922 si

2174 4947 2530 5020 Hieronymus
2558 4950 2880 5007 Demetriadi
2914 4968 3054 5009 anno
3083 4963 3282 5018 tantum
3304 4996 3318 5022 ,
3358 4965 3416 5012 ut
3454 4960 3567 5028 ipse
3596 4959 3765 5014 Baro-

2175 5038 2294 5093 nius
2315 5039 2493 5105 tradit,
2517 5040 3037 5112 quadringentesimo
3058 5044 3264 5102 decimo
3286 5048 3462 5115 tertio,
3483 5050 3570 5106 vel
3591 5052 3767 5120 potius

2173 5127 2380 5185 decimo
2404 5141 2594 5202 quarto
2622 5133 2866 5204 scripsit;
2896 5151 2991 5190 cur
3020 5136 3064 5190 is
3092 5136 3348 5193 dicendus
3380 5139 3477 5208 sit,
3514 5149 3572 5196 ut
3610 5141 3678 5197 de
3707 5158 3766 5198 re

2174 5222 2356 5276 statim
2385 5223 2452 5277 ab
2479 5224 2628 5281 initio
2659 5243 2755 5297 per
2781 5235 2947 5282 totum
2983 5236 3238 5285 terrarum
3270 5230 3453 5286 orbem
3480 5245 3764 5304 pervagata

2174 5313 2452 5381 scriberet,
2484 5313 2616 5376 duos
2641 5317 2724 5372 vel
2753 5325 2858 5377 tres
2883 5333 3048 5385 annos
3072 5330 3428 5390 exspectasse,
3453 5323 3584 5382 nihil
3611 5324 3763 5379 nobis

2173 5403 2422 5458 occurrit.
2452 5405 2798 5482 Augustinus,
2828 5417 2886 5463 ut
2904 5408 3014 5479 jam
3039 5424 3070 5464 a
3096 5411 3250 5466 nobis
3275 5411 3500 5480 dictum,
3533 5414 3761 5470 Probam

2173 5509 2241 5548 ac
2263 5495 2523 5551 Julianam
2557 5500 2783 5568 primum
2829 5517 2894 5557 ex
2939 5502 3170 5572 ipsarum
3217 5505 3408 5562 litteris
3443 5517 3762 5579 cognoverat

2176 5584 2364 5658 (Epist.
2389 5589 2508 5663 188,
2529 5607 2582 5644 η.
2600 5592 2657 5664 1)
2681 5609 2693 5645 :
2719 5593 2834 5662 illas
2852 5603 3031 5663 postea
3050 5611 3286 5666 praesens
3302 5612 3592 5669 praesentes
3610 5601 3757 5668 vidit,

2169 5677 2277 5748 jam
2303 5679 2423 5736 inde
2444 5683 2512 5736 ab
2533 5699 2671 5736 anno
2692 5684 3209 5755 quadringentesimo
3231 5690 3532 5758 undecimo,
3556 5701 3607 5748 et
3629 5708 3759 5765 quo.

2176 5773 2273 5828 ties
2303 5773 2636 5842 postmodum
2667 5774 3036 5847 Carthaginem
3065 5781 3236 5849 venit,
3278 5782 3584 5839 salutarium
3614 5799 3755 5856 prce-
