4042 6360
290 340 391 396 489

288 454 587 525 ceptionum
610 493 625 517 ,
654 463 788 520 quas
816 463 845 500 a
877 446 985 499 Deo
1023 441 1308 503 didicerat,
1356 435 1559 491 semina
1604 435 1655 493 in
1691 447 1874 487 earum

292 556 502 621 pectora
539 557 794 613 spargere
835 555 961 603 non,
984 535 1185 590 destitit
1212 550 1225 586 :
1257 532 1360 585 illae
1398 544 1526 584 vero
1552 527 1736 582 eadem
1768 540 1872 580 non

292 617 538 707 tanquam
570 631 801 694 hominis
828 627 1121 698 cujuspiam
1142 666 1157 691 ,
1190 636 1406 686 verum,
1439 619 1490 674 id
1524 617 1664 688 quod
1702 624 1872 681 emunt,

292 738 541 798 tanquam
568 725 843 795 ipsiusmet
868 720 961 774 Dei
984 717 1143 772 verba
1165 727 1443 783 excepere.
1467 709 1875 769 Eslwrtatioues

292 820 450 884 illius,
482 815 778 885 opitulante
806 812 905 866 Dei
924 810 1110 881 gratia,
1143 806 1345 862 fructus
1372 805 1425 861 in
1447 818 1509 858 ea
1534 802 1694 857 domo
1718 813 1877 870 prpe-

291 924 409 965 rere
452 908 616 976 longe
658 904 936 968 maximos.
987 899 1196 955 Etenim
1235 895 1377 951 haud
1416 894 1485 947 ita
1527 892 1692 946 multo
1736 898 1873 959 post,

291 1014 446 1071 quam
466 996 793 1066 Carthagine
818 994 905 1049 ille
925 992 1262 1055 discesserat,
1290 987 1582 1042 Demetrias
1605 983 1878 1054 praeceptis

292 1070 391 1147 sibi
424 1090 495 1145 ab
533 1091 625 1143 illo
654 1070 791 1143 datis
820 1094 966 1141 recte
1003 1099 1071 1140 ac
1101 1083 1325 1137 feliciter
1353 1094 1442 1133 usa
1476 1076 1879 1132 sanctimoniam

292 1180 605 1252 virginalem
631 1177 871 1249 professa
896 1186 1010 1240 est;
1044 1184 1360 1242 terrenoque
1387 1170 1575 1224 marito
1593 1209 1607 1233 ,
1634 1167 1716 1222 cui
1740 1166 1878 1235 jam-

288 1274 397 1344 jam
425 1270 864 1335 erattradenda,
908 1276 1086 1323 castos
1130 1265 1310 1334 Sponsi
1349 1263 1581 1318 caelestis
1608 1259 1880 1329 amplexus

291 1362 619 1431 anteposuit.
648 1361 893 1419 Testatur
921 1356 1299 1426 Augustinus”
1327 1369 1388 1408 ea
1435 1352 1484 1406 in
1529 1367 1585 1407 re
1628 1366 1686 1405 se
1724 1360 1881 1420 atque

293 1455 542 1525 Alypium
565 1452 765 1523 junctis
787 1450 963 1520 operis
984 1448 1285 1510 laborasse;
1314 1445 1407 1499 sed
1434 1444 1573 1497 nulla
1598 1451 1754 1511 parte
1772 1444 1882 1497 laus

294 1547 409 1615 ejus
436 1554 531 1599 aut
570 1557 780 1603 merces
818 1540 1091 1601 minuitur,
1122 1536 1261 1606 quod
1286 1551 1402 1590 eam
1433 1550 1552 1588 cum
1580 1534 1749 1587 amico
1777 1541 1884 1589 tam

295 1636 532 1690 unanimi
552 1644 767 1702 tamque
790 1631 975 1685 intimo
996 1627 1238 1685 habuerit
1253 1639 1610 1684 communem.
1634 1624 1758 1676 Erat
1774 1622 1883 1692 jam

295 1727 595 1782 Demetrias
620 1725 673 1779 in
701 1724 977 1794 procinctu
1015 1728 1071 1775 ut
1112 1719 1370 1784 nuberet,
1411 1732 1533 1770 cum
1570 1715 1885 1786 virginitatis

294 1828 474 1874 votum
507 1817 849 1887 nuncupavit.
896 1815 970 1874 De
1014 1814 1119 1867 hoc
1157 1826 1318 1881 porro
1359 1809 1703 1864 nobilissimae
1745 1807 1885 1861 illius

296 1911 518 1980 virginis
541 1908 682 1963 facto
698 1906 983 1976 singularia
1002 1904 1185 1967 multa,
1203 1916 1372 1970 caque
1394 1900 1747 1969 pulcherrima
1767 1913 1887 1966 pro-

296 2003 371 2056 dit
392 2002 751 2070 Hieronymus
780 1996 1039 2066 (Hieron.,
1062 1993 1230 2061 Epist.
1249 1994 1305 2063 8)
1332 2011 1344 2046 :
1369 2007 1488 2061 quae
1512 1990 1722 2062 quidem
1742 2003 1887 2042 acce-

300 2100 448 2161 perat
466 2105 495 2143 a
518 2089 718 2144 sanctis
738 2085 1053 2157 quibusdam
1077 2099 1141 2139 ac
1160 2083 1422 2137 nobilibus
1442 2078 1886 2147 feminis,,quibus

298 2199 367 2239 ex
385 2181 574 2237 Galliis
595 2180 664 2235 ob
687 2179 906 2232 hostiles
930 2174 1364 2245 depopulationes
1389 2169 1645 2226 excedere
1669 2166 1882 2231 coactis.

298 2284 351 2330 et
380 2289 474 2344 per
499 2272 732 2329 Africam
751 2280 856 2339 ,_ut
873 2267 1197 2337 Jerosolyma
1226 2272 1484 2334 peterent,
1518 2263 1616 2316 iter
1646 2260 1885 2319 facienti-

299 2367 397 2420 bus
418 2408 432 2427 ,
466 2365 540 2419 ibi
567 2361 957 2419 Demetriadem
990 2360 1177 2419 videre,
1196 2358 1507 2427 contigerat.
1542 2352 1889 2410 Demetriadis

298 2458 456 2527 igitur
484 2456 647 2525 capiti
689 2455 992 2516 ﬂammeum
1038 2450 1137 2521 (sic
1175 2459 1328 2503 vocat
1366 2454 1583 2502 sanctus
1606 2445 1889 2515 Presbyter

299 2547 623 2619 virginitatis
642 2542 869 2616 insigne)
892 2552 1012 2613 post
1032 2543 1329 2596 invocatum
1351 2539 1441 2593 Dei
1464 2551 1656 2595 nomen
1678 2535 1888 2605 publice

300 2641 553 2709 imposuit
583 2639 816 2708 pontifex
850 2637 917 2709 (is
947 2635 1043 2689 fuit
1076 2634 1321 2688 Aurelius
1359 2632 1637 2701 episcopus
1665 2628 1886 2684 Cartha-

296 2733 559 2804 ginensis)
581 2774 598 2798 ,
643 2739 715 2794 et,
738 2738 936 2786 castam
969 2728 1111 2783 illam
1141 2726 1401 2795 virginem
1426 2723 1640 2780 Christo
1666 2722 1889 2777 Domino

296 2823 636 2879 consecravit
665 2819 877 2892 (Νῆα),

368 2916 423 2968 4.
463 2913 810 2990 Nequaquam
839 2909 1017 2965 Proba
1050 2923 1117 2963 ac
1143 2907 1351 2963 Juliana
1388 2905 1733 2971 commisere,
1763 2905 1887 2974 quin

300 3001 655 3062 Demetriadis
684 2999 1009 3069 propositum
1037 3013 1132 3067 per
1158 2997 1362 3051 litteras
1383 2994 1673 3063 Angusﬁno
1693 2993 1891 3061 signiﬁ-
1934 3001 1943 3013 ‘

298 3103 483 3149 carent
516 3092 713 3161 (Epist.
732 3090 894 3160 150),
918 3089 1072 3158 eique
1089 3086 1325 3141 muneris
1344 3084 1541 3153 aliquid
1562 3087 1611 3137 in
1636 3083 1888 3137 solemni-

301 3184 441 3248 tatis,
466 3199 571 3252 qua
595 3181 767 3248 velata
788 3180 874 3233 illa
897 3177 1086 3242 fuerat,
1112 3175 1473 3231 testimonium
1505 3175 1790 3236 mitterent,
1812 3172 1891 3233 in-

298 3291 427 3345 gens
449 3272 580 3327 illud
606 3271 697 3329 Dei
719 3269 1054 3335 beneﬁcium,
1074 3266 1506 3324 exhortationum
1526 3264 1642 3333 ejus
1663 3264 1887 3318 fructum

300 3380 414 3420 esse
456 3363 772 3434 proﬁtentes
810 3359 999 3431 (Epist.
1026 3360 1144 3425 145,
1174 3359 1325 3428 η.1).
1367 3356 1663 3410 Autevertit
1701 3369 1884 3409 earum

300 3456 522 3527 cpistola
554 3453 883 3510 celeritatem
910 3451 1100 3516 famae;
1131 3458 1420 3519 sanctoque
1449 3447 1743 3516 Augustino
1780 3456 1886 3503 tam

300 3548 451 3602 lactus
479 3547 697 3600 nuntius
722 3554 847 3599 ante
874 3558 1118 3599 securam
1148 3542 1323 3596 attulit
1348 3541 1703 3609 voluptatem,
1731 3555 1886 3609 quam

300 3643 368 3699 de
397 3642 624 3698 veritate
652 3641 797 3695 illius
832 3637 1076 3693 dubitare
1103 3635 1456 3705 contigisset:
1488 3634 1627 3704 quod
1656 3633 1889 3703 profecto

301 3732 540 3787 futurum
565 3738 702 3796 erat,
730 3730 776 3784 si
801 3742 915 3783 rem
941 3735 1145 3787 tantum
1168 3725 1395 3795 vulgatis
1418 3723 1717 3777 rumoribus
1741 3736 1892 3777 acce-

304 3825 490 3894 pisset.
508 3824 718 3890 Quanta
734 3818 1108 3875 autemlaetitia
1126 3825 1367 3871 sanctum
1384 3814 1685 3869 Antistitem
1706 3812 1891 3881 ingens

302 3915 429 3970 illud
451 3914 638 3984 gratiae
666 3910 977 3966 miraculum
998 3905 1467 3978 perfuderit,,seire
1487 3902 1737 3974 cupienti,
1762 3902 1891 3958 satis

304 4010 463 4063 fuerit
491 4006 795 4077 epistolam,
827 4018 983 4075 quam
1011 4017 1076 4059 ea
1101 4001 1169 4057 de
1196 4016 1255 4057 re
1282 4000 1348 4055 ad
1372 4000 1597 4055 Probam
1622 4006 1777 4068 atque
1800 3997 1907 4053 Ju—.

305 4102 502 4155 lianam
530 4099 745 4154 circiter
773 4096 979 4151 initium
1005 4093 1128 4149 anni
1157 4090 1662 4163 quadringentesimi
1699 4089 1892 4149 decimi

303 4193 480 4261 quarti
497 4189 730 4260 scripsit,
749 4187 1023 4258 perlegere
1044 4185 1233 4257 (Epist.
1248 4182 1399 4254 150).
1412 4182 1755 4251 Quocumque
1772 4182 1893 4237 Pro.

306 4284 391 4339 hae
416 4298 614 4339 nomen
640 4286 954 4353 pervenerat
972 4319 988 4345 ,
1034 4279 1135 4333 hoc
1156 4286 1234 4333 est
1257 4276 1575 4345 inregiones
1596 4276 1890 4341 universas,

305 4374 658 4445 virginitatis,
702 4386 859 4442 quam
900 4370 1136 4440 professa
1177 4367 1469 4422 Demetrias
1506 4366 1709 4431 fuerat,
1757 4364 1893 4418 fama

308 4469 511 4539 perlata
541 4477 626 4524 est
655 4465 863 4539 (Ibid.).
891 4464 1095 4519 Cunctae
1121 4479 1207 4533 per
1234 4462 1457 4532 Africam
1480 4459 1737 4527 Ecclesiae,
1768 4460 1895 4514 llic-

308 4560 519 4630 ronymi
551 4557 713 4612 verba
740 4564 893 4620 sunt,
924 4554 1141 4624 quodam
1170 4553 1477 4607 exsultavere
1501 4550 1722 4621 tripudio
1752 4565 1770 4604 :
1794 4566 1897 4605 non

310 4650 477 4705 solum
501 4650 571 4703 ad
598 4648 764 4715 urbes,
795 4646 1004 4717 oppida,
1035 4645 1335 4714 viculosque,
1361 4643 1449 4698 sed
1472 4643 1539 4696 ad
1566 4644 1676 4713 ipsa
1704 4658 1899 4713 quoque

312 4742 558 4812 magalia,
586 4740 791 4795 celebris
816 4739 954 4809 fama
983 4739 1272 4809 penetravit.
1306 4736 1494 4797 Omnes
1521 4737 1649 4790 inter
1674 4735 1896 4804 Africam

312 4832 623 4901 Italiamque
648 4830 831 4885 insula:
856 4834 949 4884 hoc
978 4844 1179 4882 rumore
1211 4826 1470 4896 completa:
1497 4836 1645 4889 sunt,
1687 4835 1733 4878 et
1765 4826 1899 4895 inof-

312 4923 457 4993 fenso
504 4920 871 4991 pede‘longius
913 4918 1101 4991 gaudia
1146 4933 1427 4971 cucurrere.
1476 4916 1618 4970 Idem
1660 4918 1900 4984 proxime

311 5023 439 5069 ante
472 5031 485 5070 :
518 5012 677 5078 Quasi
718 5029 780 5067 ea:
819 5012 991 5066 radice
1028 5010 1278 5082 fecunda,
1321 5008 1520 5079 inquit,
1552 5008 1724 5063 mulae
1751 5008 1902 5061 sintut

312 5106 536 5177 uirgines
568 5105 910 5176 pullularunt,
947 5102 1325 5173 exemplumque
1353 5110 1581 5172 patrona:
1607 5110 1653 5153 et
1687 5101 1904 5159 dominre

317 5196 463 5265 (qua:
489 5204 609 5250 vota
653 5204 805 5250 erant
831 5193 1111 5263 Augustini
1140 5189 1349 5264 [Ibid.])
1379 5200 1548 5247 secuta
1572 5199 1644 5245 est
1669 5191 1902 5244 clientum

317 5286 467 5339 turba
490 5294 638 5355 atque
659 5285 965 5356 famularum
992 5282 1255 5355 (Ilieron.,
1288 5282 1454 5347 Epist.
1479 5283 1559 5351 8).
1596 5282 1767 5348 Quare
1798 5295 1906 5335 non

320 5377 591 5432 immerito
642 5374 966 5446 Augustinus
1015 5373 1237 5429 Juliana:
1277 5373 1491 5427 domum
1535 5387 1640 5427 non
1688 5386 1904 5441 parvam

320 5465 521 5524 Christi
551 5468 831 5524 ecclesiam
859 5481 979 5523 esse
1016 5466 1143 5521 dicit
1187 5464 1375 5535 (Epist.
1399 5464 1501 5519 188
1522 5505 1535 5529 ,
1562 5482 1615 5518 η.
1639 5462 1693 5534 5)
1713 5506 1727 5528 ,
1766 5464 1908 5533 ejus-

318 5574 427 5630 que
458 5560 710 5613 familiam
735 5558 857 5612 alibi
883 5557 1227 5613 domesticam
1253 5556 1528 5611 ecclesiam
1557 5554 1783 5623 appellat
1809 5552 1908 5625 (De

327 5646 469 5703 Bono
495 5649 700 5713 viduit.,
732 5665 784 5701 rt.
808 5648 920 5719 ‘29).

258 5748 261 5755 ‘
392 5739 456 5799 5.
493 5739 683 5796 Paucis
715 5747 835 5810 post
860 5738 1082 5807 diebus,
1116 5752 1273 5808 quam
1304 5735 1596 5794 Demetrias
1634 5734 1908 5792 sanctioris

1628 319 1827 375 LIBER
1862 316 2215 373 SEPTIMUS.

3447 320 3557 375 ΠΟ

1983 434 2101 487 vitae
2130 432 2419 488 institutum
2458 444 2596 490 esset
2622 434 2877 505 prolessa,
2914 436 2979 489 ad
3012 445 3231 491 matrem
3258 435 3369 506 ejus
3393 434 3559 493 Julia-

1980 538 2101 579 nam
2128 524 2319 577 librum
2349 539 2440 578 seu
2472 525 2744 595 epistolam
2774 525 2843 580 de
2869 526 3014 580 Dorio
3044 526 3309 582 viduitatis
3347 527 3560 598 scripsit

1982 616 2323 685 Augustinus.
2364 615 2416 669 ld
2459 632 2579 671 eum
2608 617 2815 671 Juliann
2855 632 3033 671 coram
3070 626 3376 689 rogaverat,
3403 633 3557 674 cum-

1980 724 2085 776 que
2137 707 2182 761 is
2232 716 2427 761 sanctae
2479 707 2689 763 feminae
2748 708 3007 778 refragari
3059 724 3122 764 ac
3174 725 3397 765 renuere
3451 724 3557 765 non

1983 799 2251 865 valuisset,
2281 798 2394 853 haec
2418 814 2538 853 eum
2570 814 2665 868 per
2703 799 2903 853 litteras
2932 814 3073 868 saepe
3096 800 3289 870 saepius
3315 800 3560 869 promissi

1982 890 2344 946 admonuerat.
2390 891 2551 961 Igitur
2586 894 2786 962 aliquot
2815 893 2974 947 horas
3002 894 3171 963 ipsum
3192 935 3212 957 ,
3234 892 3424 964 quibus
3449 892 3561 948 dis-

1984 982 2333 1051 tringebatur,
2359 984 2792 1053 occupationibus
2834 985 3076 1038 sull‘urari
3123 986 3388 1054 oportuit,
3418 986 3562 1041 illius

1985 1081 2043 1126 ut
2065 1073 2317 1127 voluntati
2346 1074 2689 1129 satisfaceret.
2721 1074 2853 1129 Illud
2880 1085 3054 1129 autem
3084 1075 3257 1131 hocin
3280 1091 3441 1146 opere
3461 1076 3564 1132 sibi

1985 1163 2277 1233 preposuit,
2307 1164 2553 1218 nimirum
2579 1174 2633 1220 et
2657 1165 2849 1220 docere
2883 1181 2977 1219 sua
3004 1165 3176 1220 oﬁicia
3202 1166 3387 1221 viduas
3417 1166 3562 1222 chri-

1984 1253 2202 1318 stianas,
2224 1260 2279 1309 et
2306 1269 2396 1309 eas
2424 1254 2491 1308 ad
2520 1253 2736 1321 bonum,
2760 1254 2900 1326 quod
2923 1255 3018 1310 abs
3040 1271 3099 1311 se
3121 1256 3417 1310 faciendum
3444 1270 3564 1312 esse

1987 1343 2263 1409 noverint,
2293 1344 2533 1400 animose
2575 1354 2732 1414 atque
2761 1344 3008 1399 alacriter
3036 1344 3426 1415 suscipiendum
3467 1345 3564 1399 ad-

1987 1436 2206 1497 hortari.
2232 1439 2545 1513 Quanquam
2570 1440 2711 1494 enim
2740 1439 2807 1494 ad
2836 1439 3094 1494 Julianam
3124 1439 3316 1503 solam,
3346 1454 3450 1494 non
3482 1447 3565 1495 ta-

1987 1544 2109 1586 men
2138 1530 2235 1584 soli
2264 1529 2630 1597 Julianae,aut
2653 1546 2770 1600 quae
2809 1530 2860 1584 in
2889 1530 3005 1599 ejus
3033 1539 3146 1585 erat
3182 1530 3562 1596 contubernio,

1988 1623 2162 1678 socrui
2190 1624 2376 1679 Probae
2399 1622 2654 1678 Faltouiae
2682 1622 2969 1688 scribebat;
3002 1624 3093 1677 sed
3122 1633 3175 1677 et
3200 1624 3369 1678 viduis
3394 1623 3568 1677 omni~

1986 1713 2123 1779 bus,
2167 1730 2286 1784 quae
2340 1713 2478 1769 hanc
2523 1714 2636 1784 ejus
2678 1714 3093 1769 lucubrationum
3135 1723 3287 1769 erant
3347 1714 3565 1769 lecturae

1988 1806 2174 1877 (Ibid,
2206 1824 2259 1861 η.
2290 1808 2366 1876 1).
2401 1807 2474 1861 lbi
2516 1806 2653 1862 inter
2681 1816 2872 1862 caetera
2912 1807 2962 1861 id
3008 1807 3336 1874 potissimum
3375 1806 3565 1861 suadet

1987 1898 2228 1959 .lulianae,
2261 1898 2688 1953 adversariorum
2724 1896 2908 1966 gratia:
2941 1895 3134 1951 Christi
3164 1896 3455 1966 perniciosa
3481 1894 3565 1950 fu-

1987 2004 2112 2060 gere
2135 1989 2393 2058 colloquia
2426 1988 2613 2059 (lbid.,
2634 2006 2686 2042 η.
2709 1987 2824 2059 21).

2062 2081 2114 2135 6.
2155 2080 2289 2134 Tum
2318 2095 2443 2135 vero
2471 2096 2589 2134 cum
2622 2080 2941 2133 illustriores
2970 2077 3227 2133 Ecclesiae
3252 2077 3349 2131 viri
3382 2076 3568 2132 Deme-

1990 2171 2209 2226 triadem
2231 2213 2251 2237 ,
2287 2171 2354 2225 ab
2395 2171 2510 2225 avia
2546 2180 2600 2225 et
2636 2185 2663 2223 a
2703 2181 2871 2224 matre
2900 2170 3014 2239 ejus
3053 2168 3250 2238 rogati,
3291 2170 3569 2240 praeceptis

1990 2266 2275 2319 informare
2316 2278 2379 2317 ac
2421 2263 2471 2317 in
2518 2272 2702 2318 sancto
2741 2262 3012 2331 proposito
3040 2261 3356 2316 conﬁrmare
3385 2260 3569 2315 stude-

1990 2367 2140 2421 rent;
2168 2356 2410 2425 Pclagius
2439 2369 2647 2423 quoque
2673 2353 2773 2407 sibi
2799 2353 2987 2407 deesse
3023 2352 3211 2417 noluit,
3244 2350 3368 2421 quin
3409 2351 3570 2406 haece

1991 2446 2299 2517 colligendae
2329 2445 2480 2499 famae
2516 2444 2778 2514 simulque
2820 2443 3056 2499 tradendi
3087 2444 3167 2498 sui
3193 2443 3389 2498 erroris
3410 2457 3568 2497 occa-

1992 2540 2141 2595 sione
2174 2548 2430 2593 uteretur.
2474 2536 2764 2606 Epistulam
2801 2550 2927 2605 ergo
2959 2548 3012 2590 et
3052 2536 3166 2605 ipse
3203 2535 3392 2590 nobilis
3428 2534 3572 2591 illius

1994 2633 2213 2703 virginis
2238 2631 2575 2686 instituenda:
2599 2644 2759 2685 causa
2789 2644 2904 2684 eam
2930 2628 3161 2696 scripsit,
3182 2643 3299 2697 quae
3325 2626 3375 2681 in
3405 2627 3573 2697 Augu-

1991 2724 2338 2778 stinianarum
2382 2721 2694 2792 appendice,
2727 2720 3004 2788 incipiens,
3026 2704 3319 2772 Sisummo
3349 2716 3570 2786 ingenio,

1995 2814 2318 2883 conspicitur
2348 2811 2628 2882 (Append.,
2657 2809 2825 2881 Epist.
2854 2810 2966 2879 l7).
3000 2807 3141 2861 Inter
3170 2820 3231 2861 ea
3270 2813 3531 2875 praecepta
3552 2844 3569 2871 ,

1991 2904 2185 2973 quibus
2216 2902 2602 2958 Demetriadem
2631 2901 2839 2956 instruit
2866 2898 3129 2968 Pelagius,
3156 2896 3206 2951 id
3227 2911 3343 2950 eam
3369 2904 3569 2959 monet,

1993 3004 2049 3051 ut
2078 2995 2177 3049 sibi
2203 2995 2255 3048 in
2279 2993 2450 3058 Urbe,
2476 3007 2596 3061 quae
2634 3006 2739 3045 vox
2776 2990 2998 3064 Romam
3026 2986 3241 3057 proprie
3277 2984 3535 3055 signiﬁcat
3553 3025 3570 3050 ,

1992 3085 2333 3143 solitudinem
2351 3083 2587 3140 instituat
2611 3081 2801 3154 (Ibid.,
2819 3097 2934 3151 cap.
2952 3079 3065 3149 25).
3093 3079 3160 3133 Ει
3180 3086 3342 3140 certe,
3367 3077 3574 3146 quomi-

1993 3192 2092 3232 nus
2119 3192 2183 3231 eo
2212 3175 2382 3231 Proba
2414 3174 2521 3244 jam
2559 3180 2667 3226 tmn
2702 3186 2913 3225 reversa
2947 3169 3120 3232 fuerit,
3150 3168 3281 3222 nihil
3309 3166 3572 3237 prohibet.

1992 3268 2244 3324 Videmus
2270 3266 2458 3322 saltem
2475 3265 2542 3319 ab
2565 3263 2886 3333 Hieronymo
2908 3257 3315 3322 Demetriadem,
3338 3267 3395 3311 ut
3416 3255 3576 3312 tidem

1992 3358 2284 3415 Innocentii
2325 3364 2595 3426 sequatur,
2633 3351 2942 3416 admoneri;
2973 3350 3118 3405 nulla
3157 3348 3371 3403 interim
3398 3361 3574 3416 neque

1992 3450 2219 3513 Aurelii,
2260 3462 2429 3518 neque
2467 3444 2776 3515 Augustini,
2818 3441 3087 3497 mentione
3129 3437 3267 3494 facta
3305 3436 3574 3510 (Hierom,

1995 3542 2160 3613 Epist.
2184 3541 2262 3611 8).
2290 3541 2520 3610 Apparet
2543 3537 2778 3605 insuper,
2801 3532 3038 3603 epistolae
3058 3529 3354 3600 Pelagianae
3375 3527 3571 3583 famam

1994 3634 2060 3689 ad
2088 3631 2439 3703 Augustinum
2480 3641 2810 3698 nequaquam
2839 3632 2962 3678 ante
2991 3635 3191 3676 annum
3217 3618 3574 3691 quadringen-

1994 3726 2241 3781 tesimum
2282 3722 2547 3777 decimum
2592 3727 2798 3773 sextum
2844 3724 2937 3770 aut
2982 3713 3246 3769 decimum
3290 3709 3576 3780 septimum

1995 3816 2300 3886 pervenisse
2325 3832 2337 3868 :
2361 3811 2501 3883 quod
2526 3809 2760 3882 quidem,
2783 3807 2828 3862 si
2850 3820 3063 3876 semper
3087 3804 3141 3859 in
3169 3802 3345 3859 Africa
3366 3815 3577 3855 reman-

1995 3909 2155 3965 sisset
2180 3905 2494 3971 Demetrias,
2518 3904 2605 3957 vix
2627 3900 2739 3965 ﬁeri
2760 3899 3037 3969 potuisset.
3066 3893 3200 3951 Illud
3219 3894 3406 3948 saltem
3426 3892 3578 3946 extra

1995 4000 2233 4063 dubium,
2268 3998 2403 4053 hanc
2432 3992 2707 4065 epistolam
2734 3990 2905 4059 ipsum
2932 3985 3141 4044 nonnisi
3168 3993 3288 4055 post
3315 3980 3579 4053 synodum

1997 4090 2367 4155 Palaestinam,
2395 4103 2514 4157 quae
2554 4092 2756 4139 tantum
2792 4081 2892 4137 sub
2923 4079 3048 4135 anni
3075 4073 3578 4148 quadringentesimi

1996 4182 2193 4239 decimi
2220 4180 2388 4250 quinti
2418 4177 2579 4237 ﬁnem
2609 4174 2876 4231 celebrata
2903 4179 3007 4238 est,
3039 4166 3382 4237 conspexisse
3413 4182 3424 4218 :
3454 4177 3579 4218 cum

1998 4274 2074 4339 is,
2105 4289 2171 4326 an
2214 4280 2338 4325 ante
2378 4267 2638 4340 synodum
2685 4266 2866 4330 illam,
2898 4276 2967 4315 an
3004 4274 3132 4315 vero
3160 4266 3343 4328 postea
3382 4255 3577 4324 scripta

2000 4364 2177 4430 fuerit,
2208 4362 2439 4432 ambigat
2466 4359 2565 4432 (De
2592 4358 2769 4414 Gratia
2798 4355 3002 4421 Christi,
3032 4372 3085 4407 η.
3115 4352 3228 4423 25).
3252 4348 3579 4420 Augustinus

2000 4454 2276 4525 epistolam
2305 4452 2441 4507 hanc
2462 4450 2597 4504 forte
2620 4449 2729 4518 jam
2749 4447 2971 4510 viderat,
2995 4459 3115 4499 cum
3138 4445 3251 4514 ipse
3275 4448 3431 4511 atque
3456 4440 3583 4511 Aly—

2003 4547 2119 4617 pius
2148 4542 2497 4599 Demetriadis
2523 4549 2745 4595 matrem
2775 4538 3117 4602 admonuere,
3150 4550 3217 4590 ne
3252 4547 3411 4590 aures
3442 4546 3583 4600 prae-

2003 4638 2152 4693 beret
2194 4635 2258 4689 iis
2296 4632 2628 4698 hominibus,
2657 4630 2748 4699 qui
2780 4628 2938 4683 ﬁdem
2967 4624 3302 4682 sermonibus
3330 4623 3439 4679 suis
3466 4635 3586 4677 oor-

2004 4726 2320 4796 rumpebant
2345 4723 2535 4795 (Epist.
2567 4722 2692 4789 188,
2721 4738 2774 4775 n.
2805 4720 2882 4791 2).
2911 4719 3117 4774 .Iuliana
3156 4716 3441 4786 plurimum
3483 4712 3583 4769 illi!

2004 4816 2074 4873 ob
2118 4816 2315 4869 hancce
2351 4811 2764 4868 admonitionem
2800 4810 2994 4864 debere
3028 4822 3087 4861 se
3121 4803 3420 4872 rescripsit;
3461 4815 3587 4856 eosﬁ

2004 4906 2233 4976 demque
2256 4905 2507 4959 certiores
2534 4902 2673 4966 fecit,
2697 4898 2955 4969 ejusmodi
2976 4896 3219 4952 homines
3242 4893 3343 4948 sibi
3365 4888 3586 4961 perinde

2005 5012 2068 5052 ac
2100 4997 2209 5051 suis
2238 4996 2436 5050 invisos
2462 5009 2613 5058 esse;
2644 4991 2870 5060 denique
2911 4988 3160 5044 familiam
3189 4998 3337 5040 suam
3370 4996 3587 5038 omnem

2007 5101 2218 5156 semper
2248 5100 2414 5155 usque
2440 5084 2574 5138 adeo
2600 5082 2764 5137 fuisse
2800 5080 3114 5135 retinentem
3140 5072 3415 5130 catholicae
3440 5072 3583 5139 ﬁdei,

2010 5188 2065 5234 ut
2093 5181 2145 5234 in
2173 5193 2235 5233 ea
2264 5177 2438 5232 nullus
2468 5189 2697 5244 unquam
2728 5171 2917 5226 haeresi
2939 5169 3051 5234 ulli,
3076 5181 3142 5222 ne
3167 5165 3449 5220 levissimae
3471 5162 3590 5232 qui-

2009 5270 2152 5337 dem,
2171 5266 2469 5323 adhaeserit.
2497 5263 2846 5321 Commodum
2883 5259 3094 5322 accidit,
3124 5265 3183 5311 ut
3211 5255 3431 5326 Alypius
3458 5252 3590 5321 llip—

2010 5376 2156 5431 pone,
2178 5366 2350 5423 esset,
2379 5372 2484 5426 quo
2516 5366 2753 5423 tempore
2798 5349 3073 5420 responsio
3103 5348 3192 5402 illa
3222 5346 3445 5402 Julianae
3483 5346 3593 5398 Att-

2010 5451 2221 5522 gustino
2251 5448 2454 5504 reddita
2492 5455 2595 5502 est.
2625 5445 2957 5514 Quapropter
2995 5442 3045 5496 ei
3086 5440 3342 5509 rescripta
3370 5435 3595 5505 conjun—

2011 5549 2138 5605 etim
2168 5562 2263 5601 suo
2296 5544 2511 5598 nomine
2539 5541 2797 5595 miserunt
2830 5533 3014 5609 (Ibid.,
3055 5549 3109 5585 η.
3152 5528 3228 5603 1).
3259 5531 3337 5584 Ac
3360 5526 3590 5599 primum

2013 5638 2223 5711 quidem
2250 5636 2532 5700 afﬁrmant,
2550 5646 2667 5691 cunt
2689 5643 2903 5700 operam
2923 5640 3071 5682 suam
3092 5622 3157 5678 ad
3178 5616 3592 5692 promerendam

2016 5703 2138 5790 ﬁliae
2173 5731 2339 5804 ipsius
2381 5722 2701 5783 Demetriadi
2740 5720 3054 5779 relationem
3114 5709 3474 5779 adhibuerim,
3506 5703 3585 5762 iu-
