4042 6360
489 338 589 397 4η

487 446 670 525 'tqnum
700 451 874 508 visum
903 448 967 506 iri
1009 451 1206 508 nemini
1230 493 1242 515 ,
1274 450 1317 507 si
1347 451 1397 507 id
1427 449 1525 506 sibi
1567 450 1702 520 juris
1729 464 1941 506 sumere
1971 463 2077 504 non

486 544 752 611 dubitent,
774 554 833 600 ut
858 545 998 615 ipsas
1017 544 1086 600 de
1110 559 1208 600 sua
1230 543 1422 610 salute,
1448 558 1511 598 ac
1535 543 1602 598 de
1621 542 1803 613 gratia
1829 541 2078 596 adversa-

485 640 581 695 riis
605 638 1100 695 commonefaciant.
1145 637 1282 693 Tum
1317 652 1434 693 eam
1472 645 1658 708 rogant
1684 636 1751 692 de
1782 635 1918 691 libro
1939 650 2074 707 quo-

473 731 610 790 .dam
654 731 974 788 Demetriadi
1017 732 1305 801 inscripto,
1354 747 1564 788 necnon
1607 731 1879 786 erroribus
1921 731 2076 800 longe

471 823 952 892 .peritulosissimis
989 821 1223 887 referto,
1265 821 1363 876 sibi
1397 821 1634 887 nuntiet,
1666 835 1734 876 an
1773 820 1918 876 illum
1961 821 2075 889 ipsa

473 917 777 982 .evolterit;
822 915 1040 986 cujusve
1079 917 1336 971 habeatur
1363 915 1594 969 auctoris
1613 956 1626 978 ,
1655 922 1746 968 aut
1770 929 1871 983 qua
1902 912 2076 968 fronte

486 1007 633 1062 illum
668 1008 958 1063 Demetrias
985 1007 1254 1077 exceperit
1289 1021 1353 1062 ea
1394 1006 1695 1072 docentem,
1724 1006 1865 1061 unde
1893 1006 2076 1061 credat

473 1101 796 1169 .virgitalem
837 1115 986 1155 suam
1025 1100 1357 1154 sanctitatem
1380 1141 1393 1161 ,
1444 1113 1737 1170 omnesque
1773 1097 2093 1168 Spirituales'

472 1191 730 1256 divitias,
762 1191 969 1245 nonnisi
997 1207 1065 1246 ex
1099 1206 1158 1246 se
1188 1190 1297 1260 ipsa
1329 1190 1430 1245 sibi
1460 1205 1612 1256 esse;
1643 1201 1803 1261 atque
1831 1190 1899 1243 ita
1925 1190 2075 1259 prius

471 1297 644 1350 quam
671 1282 739 1335 sit
765 1281 1073 1352 plenissime
1103 1282 1277 1346 beata,
1309 1282 1481 1337 discat
1511 1283 1618 1361 Deo
1645 1298 1783 1346 esse,
1813 1282 1951 1352 quod
1980 1282 2075 1337 ab—

482 1370 583 1436 sit,
613 1373 838 1443 ingrata.
881 1374 946 1427 Et
982 1373 1079 1442 ipsi
1117 1373 1330 1443 quidem
1373 1373 1512 1427 hanc
1540 1373 1817 1443 epistolam
1863 1371 2073 1443 Pelagio

473 1463 788 1532 .adjudicare
813 1472 872 1518 Se
891 1479 997 1517 non
1021 1464 1374 1527 dissimulant,
1397 1463 1489 1517 sed
1520 1463 1810 1532 pleniorem
1836 1462 1975 1518 illius
1997 1463 2072 1518 rei

473 1555 797 1625 quarebant
815 1554 1271 1610 conﬁrmationem
1297 1553 1614 1624 (Epist.188,
1634 1572 1684 1607 n.
1701 1553 1778 1626 4).
1801 1554 1906 1609 Sua
1930 1555 2073 1624 ipsos

483 1647 702 1702 minime
719 1647 904 1703 fefellit
921 1648 1126 1717 opinio:
1142 1647 1338 1701 etenim
1357 1647 1410 1700 in
1436 1647 1571 1700 libro
1586 1647 1652 1701 de
1670 1646 1848 1702 Gratia
1873 1647 2071 1702 Christi

481 1753 622 1794 anno
643 1741 1166 1810 quadringentesimo
1186 1739 1392 1794 decimo
1413 1747 1600 1793 octavo
1628 1739 1679 1792 in
1707 1740 1874 1793 lucem
1904 1737 2068 1804 edito,

479 1830 808 1900 Augustinus
843 1832 979 1886 haud
1015 1832 1177 1886 semel
1218 1831 1460 1885 eamdem
1498 1831 1642 1885 illam
1670 1831 2072 1887 commentatio-

481 1937 607 1976 nem
640 1931 889 1993 tanquam
921 1922 1116 1992 Pelagii
1144 1922 1310 1977 citare
1339 1922 1464 1976 nihil
1497 1923 1720 1977 dubitat.
1750 1923 1921 1992 Atque
1949 1922 2073 1977 hinc

482 2012 752 2082 intelligas
778 2013 918 2080 licet,
945 2014 1217 2084 Augustini
1241 2022 1295 2068 et
1318 2015 1488 2085 Alypii
1517 2014 1582 2068 ad
1602 2013 1864 2068 Julianam
1889 2015 2074 2070 rescri-

483 2111 574 2172 pta
616 2119 681 2158 eo
716 2104 927 2174 quidem
971 2119 1132 2174 opere
1168 2105 1464 2174 antiquiora
1491 2121 1643 2168 esse,
1673 2121 1854 2160 verum
1891 2106 2074 2176 paucis

484 2195 771 2249 admodum
811 2194 1028 2261 diebus,
1059 2195 1488 2266 quandoquidem
1533 2197 1591 2250 in
1635 2197 1718 2251 his
1765 2197 1959 2268 Pelagii
2005 2198 2072 2254 ad

485 2287 851 2342 Innocentium
884 2287 1120 2354 litteras,
1154 2303 1292 2342 anno
1317 2288 1839 2358 quadringentesimo
1864 2289 2073 2344 decimo

484 2379 713 2448 septimo
741 2379 953 2434 circiter
980 2394 1217 2434 mensem
1257 2381 1615 2452 septembrem
1655 2380 1868 2436 Zosimo
1898 2380 2074 2435 reddi-

484 2478 587 2535 tas,
616 2478 912 2524 memorant
934 2468 1120 2541 (Ibid,
1144 2488 1197 2524 η.
1230 2470 1340 2540 li).

1089 2560 1316 2616 CAPUT
1358 2561 1467 2614 νη.

488 2649 518 2706 1
557 2649 772 2706 Honorii
810 2653 893 2706 lea:
920 2653 1134 2707 severior
1170 2653 1224 2705 in
1263 2652 1554 2706 Donatistas
1581 2655 1872 2725 pertinaces.
1899 2655 1934 2708 2
1963 2655 2074 2710 Do-

558 2753 708 2796 natus
742 2743 1151 2814 Mutugennensis
1177 2754 1224 2798 et
1246 2745 1376 2799 alius
1395 2746 1584 2817 pariter
1609 2763 1724 2801 cum
1743 2765 1800 2802 eo
1821 2750 2075 2820 presbyter

559 2835 624 2888 de
660 2847 802 2906 parte
839 2835 1032 2890 Donati
1068 2837 1120 2890 in
1148 2839 1428 2892 custodiam
1467 2838 1670 2893 duntur.
1703 2841 1736 2894 3
1763 2841 2074 2912 Augustinus

567 2925 869 2980 Macedonio
917 2927 1088 2981 scribit
1141 2928 1203 2982 de
1253 2929 1687 2984 intercessionibus
1729 2931 2076 3002 episcoporum

565 3035 657 3087 pro
687 3021 802 3073 reis.
830 3021 865 3076 4
896 3018 959 3074 1η
993 3021 1054 3074 iis
1079 3021 1512 3077 intercessionibus
1544 3039 1693 3093 quam
1720 3025 1989 3094 prudenter
2017 3042 2076 3079 ac

561 3111 837 3165 verecunde
873 3128 981 3165 sese
1020 3121 1210 3182 gereret
1235 3113 1568 3182 Augustinus,
1601 3125 1721 3169 teste
1750 3115 2071 3184 Macedonio,

561 3202 644 3255 sui
668 3202 756 3256 ille
787 3203 853 3257 de
887 3203 1146 3257 christiani
1185 3205 1507 3275 magistratus
1535 3207 1704 3276 oﬁiciis
1733 3209 1955 3278 verisque
1977 3211 2077 3263 vir-

562 3292 749 3347 intibus
774 3294 1056 3348 doctrinam
1085 3296 1258 3350 tradit.
1281 3296 1314 3351 5
1337 3296 1523 3350 Contra
1561 3297 1860 3369 Pelagianos
1887 3303 1958 3354 ad
1981 3299 2079 3355 Hi-

564 3383 680 3437 larii
706 3385 1004 3454 quarstiones
1031 3402 1062 3439 α
1093 3385 1274 3441 Sicilia
1303 3388 1480 3442 missas
1509 3392 1791 3460 respondet.

561 3479 614 3531 1.
639 3477 746 3532 Sibi
769 3477 918 3533 facile
947 3478 1335 3548 persuadebaut
1356 3479 1657 3546 Donatista,
1685 3496 1801 3536 Sese
1825 3482 2078 3538 Ecclesia:

489 3583 586 3638 per
618 3569 903 3626 Marceliini
943 3571 1143 3626 eadem
1186 3587 1294 3626 non
1337 3572 1511 3626 minus
1543 3572 1882 3641 detrimenti,
1919 3591 2076 3645 quam

489 3661 757 3718 cruciatus
784 3663 1024 3718 attulisse
1054 3682 1066 3718 :
1093 3679 1277 3718 verum
1308 3663 1446 3718 haud
1471 3665 1640 3719 multo
1672 3675 1790 3734 post
1822 3665 1959 3721 Deus
1985 3681 2077 3722 eos

493 3752 696 3820 docuit,
721 3755 862 3809 illam
890 3766 1101 3809 mortuo
1126 3755 1431 3811 Marcellino
1455 3770 1560 3810 non
1581 3766 1816 3827 ereptam
1840 3757 1937 3811 sibi
1959 3773 2078 3813 esse

489 3853 830 3913 potestatem,
863 3861 964 3916 qua
1002 3846 1298 3901 Ecclesiam
1332 3857 1455 3902 ante
1492 3856 1676 3902 natum
1716 3848 2075 3903 Marcellinum

490 3943 690 3988 tutatus
726 3933 913 3989 fuerat.
951 3934 1162 3990 Etenim
1207 3936 1415 3990 decimo
1444 3935 1696 3992 kalendas
1734 3937 1891 4007 julias
1922 3938 2078 4008 hujus

491 4025 659 4094 ipsius
682 4025 805 4078 anni
833 4025 1334 4095 quadringentesimi
1360 4026 1549 4081 decimi
1578 4029 1748 4096 quarti
1782 4029 1947 4098 legem
1973 4030 2079 4084 ilo-

490 4117 674 4171 norius
700 4123 884 4171 contra
914 4131 1008 4171 eos
1041 4118 1182 4183 tulit,
1227 4135 1344 4188 qua
1372 4118 1585 4188 quidem
1615 4120 1745 4189 legis
1783 4122 1943 4177 tertio
1981 4122 2077 4176 ka-

490 4205 678 4262 lendas
720 4207 1015 4263 fehruarias
1059 4209 1184 4263 anni
1228 4210 1730 4280 quadringentesimi
1777 4212 2076 4271 duodecimi

490 4298 838 4368 promulgata
862 4299 1082 4370 singulis
1120 4315 1254 4370 pene
1278 4301 1538 4370 capitibus
1564 4303 1858 4370 insistebat,
1890 4305 1983 4359 sed
2011 4304 2077 4360 ad

490 4403 675 4443 eorum
693 4391 1026 4446 severitatem
1046 4391 1271 4446 multum
1293 4391 1519 4446 addebat
1541 4392 1748 4463 (Codice
1773 4392 1992 4462 'I‘Iteod.,
2017 4395 2079 4448 de

493 4478 782 4548 Hareticis,
813 4483 920 4553 lege
953 4483 1064 4553 44).
1106 4482 1391 4537 Enimvero
1419 4497 1538 4536 cum
1568 4483 1647 4538 lex
1678 4484 1803 4538 anni
1829 4485 2078 4555 quadrin-

492 4573 770 4638 gentesimi
799 4572 1102 4629 duodecimi
1130 4573 1215 4628 vel
1245 4573 1574 4628 nobilissimo
1601 4575 1791 4644 cuique
1814 4577 2077 4647 quinqua-

489 4661 634 4729 ginta
663 4668 866 4715 tantum
905 4664 1018 4716 auri
1064 4663 1242 4732 pondo
1284 4663 1494 4717 mulcta
1530 4667 1746 4719 nomine
1788 4664 2074 4735 irrogaret,

494 4754 609 4806 hac
633 4749 851 4807 eosdem
879 4753 1124 4808 ducentis
1156 4753 1359 4823 argenti
1387 4753 1536 4810 libris
1573 4755 1825 4821 mulctat;
1865 4757 2074 4824 addito,

488 4842 777 4913 irrogatam
823 4857 1083 4897 summam
1129 4859 1248 4899 esse
1290 4844 1448 4900 toties
1488 4845 1556 4900 ab
1603 4861 1920 4917 unoquoque
1984 4863 2077 4904 ex-

487 4931 755 5006 igendam,
795 4935 1002 5006 quoties
1043 4935 1108 4990 ad
1149 4938 1576 4994 communionem
1615 4939 2077 4996 schismaticornm

487 5029 738 5096 redierit;
770 5030 856 5101 qui
888 5029 930 5084 si
971 5029 1089 5100 plus
1127 5029 1408 5100 quinquies
1447 5031 1690 5100 relapsus
1730 5030 1924 5098 fuerit,
1965 5041 2076 5088 tum

490 5118 605 5187 ejus
639 5135 832 5176 nomen
862 5120 928 5176 ad
970 5119 1369 5190 Imperatorem,
1398 5128 1456 5174 ut
1493 5121 1564 5174 illi
1604 5136 1816 5192 poenam
1846 5123 2075 5192 aliquam

491 5208 663 5264 adhuc
699 5210 1022 5266 severiorem
1049 5219 1249 5281 quarat
1267 5250 1282 5276 ,
1315 5209 1659 5265 deferendum
1689 5226 1810 5266 esse
1835 5229 1847 5265 :
1873 5213 1998 5282 quin
2023 5222 2078 5268 et

493 5301 753 5368 superiori
782 5303 988 5372 adjicit,
1025 5304 1269 5358 dominos
1288 5345 1302 5369 ,
1332 5303 1421 5372 qui
1462 5312 1830 5372 procuratores
1857 5319 2011 5369 suos,
2043 5319 2074 5360 a

490 5390 680 5460 quibus
705 5401 873 5446 contus
901 5393 954 5446 in
991 5409 1172 5449 eorum
1213 5393 1428 5464 pradiis
1467 5394 1614 5449 coire
1653 5395 1938 5451 Donatista
1968 5412 2075 5452 non

490 5484 598 5536 sint
628 5481 910 5552 prohibiti,
935 5485 1222 5555 impunitos
1251 5487 1591 5558 reliquerint,
1623 5486 1878 5545 fructibus
1904 5493 2076 5546 omni—

489 5571 608 5640 bus,
636 5574 724 5643 qui
753 5587 862 5628 uno
887 5588 1027 5629 anno
1049 5577 1100 5630 in
1128 5578 1312 5632 iisdem
1341 5580 1553 5650 prandiis
1578 5581 1916 5652 colliguntur,
1941 5583 2076 5638 mul-

488 5665 740 5732 ctandos;
789 5665 1013 5720 clericos
1051 5675 1330 5737 antequam
1372 5671 1447 5725 eis
1498 5687 1632 5742 aqua
1668 5682 1722 5727 et
1759 5675 1865 5744 igni
1907 5675 2075 5730 inter-

489 5763 724 5832 dicatur,
777 5765 1036 5823 universis
1092 5765 1202 5822 suis
1252 5766 1585 5825 facultatibus
1633 5770 1972 5839 spoliandos;
2023 5782 2075 5829 et

1619 334 1772 390 \‘lTA
1815 333 1872 390 S.
1917 331 2278 390 AUGUSTINI
2318 334 2639 394 EPISCUPI.

3672 351 3775 407 πει.

2184 452 2475 518 generatim
2511 451 2772 522 quoslibet
2802 453 3121 522 Donatistas,
3153 454 3397 523 infames,
3429 474 3495 516 ex
3524 463 3762 520 omnium

2183 555 2469 613 congressu
2494 552 2548 598 et
2570 545 2823 600 societate
2852 549 3198 618 proscriptos,
3232 551 3580 619 intestabiles,
3606 554 3764 610 deni-

2182 646 2286 700 que
2329 632 2562 702 privatos
2604 635 2748 689 omni
2798 637 3150 693 cont'rahendi
3189 639 3340 709 jure,
3395 641 3765 701 declarandos.

2181 722 2447 778 Praterea
2494 725 2649 780 tertio
2690 725 2943 782 kalendas
2991 730 3310 799 septembris
3350 732 3589 801 ejusdem
3632 737 3766 791 anni

2181 812 2687 885 quadringentesimi
2725 816 2917 872 decimi
2955 820 3128 888 quarti
3165 821 3483 877 auctoritate
3523 838 3652 889 sua,
3684 826 3762 879 uti

2175 904 2287 974 jam
2327 905 2525 962 dictum
2554 916 2665 974 est,
2692 907 3000 965 Collationis
3028 919 3148 966 acta
3182 913 3545 983 comprobavit
3572 914 3764 985 (Ibid-.,

2183 995 2289 1067 lege
2308 997 2422 1068 55).

2249 1087 2304 1140 2.
2335 1087 2448 1143 Etsi
2470 1089 2794 1160 Augustinus
2821 1092 2959 1162 apud
2985 1093 3192 1163 judices
3219 1111 3411 1167 magno
3434 1098 3611 1154 studio
3633 1115 3771 1170 age-

2180 1188 2281 1246 ret,
2311 1190 2366 1234 ut
2402 1181 2752 1251 impcrialium
2795 1183 2967 1254 legum
3007 1186 3058 1239 in
3094 1187 3396 1246 Donatistas
3425 1191 3772 1245 severitatem

2179 1269 2467 1325 christiana
2496 1274 2899 1330 mansuetudine
2923 1276 3260 1346 mitigarent;
3290 1286 3522 1336 attamen
3560 1282 3772 1337 facien-
3832 1351 3838 1357 _

2177 1366 2304 1419 dum
2332 1367 2430 1421 sibi
2452 1367 2690 1436 putabat,
2713 1377 2772 1424 ut
2797 1369 3004 1424 illarum
3029 1373 3343 1428 auctoritate
3364 1374 3560 1428 sensim
3585 1376 3781 1432 tradita

2178 1467 2426 1513 cerentur
2457 1459 2524 1514 ad
2561 1461 2850 1516 Ecclesium
2887 1462 3224 1528 catholicam,
3259 1465 3293 1519 ii
3322 1468 3603 1537 praecipue,
3629 1485 3778 1539 quo-

2179 1563 2296 1602 rum
2343 1548 2394 1602 in
2437 1563 2531 1604 sua
2579 1551 2904 1620 Hipponensi
2949 1553 3170 1609 diacesi
3215 1557 3560 1612 residentium
3608 1562 3774 1614 saluti

2177 1643 2481 1712 prospicere
2506 1645 2784 1700 tenebatur
2813 1644 3000 1717 (Epist.
3036 1649 3160 1715 155,
3182 1658 3230 1703 et
3258 1649 3423 1720 Epist.
3451 1651 3596 1723 lzi).
3623 1654 3677 1706 ln
3702 1668 3776 1708 ea

2178 1736 2361 1805 procul
2390 1735 2550 1790 dubio
2575 1745 2727 1792 erant
2765 1737 2874 1793 duo
2909 1739 2982 1793 illi
3023 1741 3320 1812 presbyteri
3357 1743 3524 1811 partis
3549 1744 3771 1809 Donati,

2177 1827 2266 1896 qui
2289 1836 2471 1882 sancto
2495 1829 2758 1899 Episcopo
2778 1831 2869 1885 vel
2889 1841 3180 1902 satagente,
3203 1834 3287 1888 vel
3309 1834 3496 1890 saltem
3519 1837 3778 1904 cupiente

2175 1920 2546 1989 comprehensi
2574 1930 2714 1984 sunt,
2747 1931 2906 1992 atque
2929 1922 3226 1992 Hipponem
3258 1925 3516 1994 perducti,
3545 1935 3600 1980 ut
3619 1927 3776 1996 judi-

2177 2011 2328 2066 cibus
2354 2011 2508 2079 forte,
2537 2013 2732 2082 quibus
2757 2013 2930 2085 legum
2959 2014 3215 2085 imperata
3245 2018 3459 2086 exsequi
3486 2019 3776 2075 incumbe-

2177 2100 2286 2165 bat,
2316 2102 2649 2168 sisterentur,
2683 2112 2844 2172 utque
2887 2104 2938 2158 in
2975 2105 3234 2167 custodia,
3273 2121 3341 2161 ne
3377 2107 3634 2163 violentas
3663 2109 3777 2164 sibi

2177 2206 2366 2246 manus
2396 2191 2681 2260 inferrent,
2721 2203 3083 2248 servarentur.
3113 2196 3262 2251 Alter
3288 2211 3500 2261 eorum.
3539 2199 3626 2253 cui
3654 2200 3776 2253 Do-

2179 2291 2302 2335 nato
2328 2297 2541 2350 nomen,
2565 2283 2796 2338 oblatum
2826 2300 3018 2354 equum
3045 2301 3150 2340 non
3178 2286 3339 2342 modo
3367 2291 3644 2356 recusavit,
3668 2291 3777 2345 sed

2177 2374 2336 2428 etiam
2378 2390 2497 2429 sese
2539 2375 2607 2429 ad
2648 2385 2842 2430 terram
2883 2377 3142 2432 collidcns
3176 2379 3410 2448 graviter
3452 2380 3713 2436 sauciarit
3759 2400 3773 2435 :

2179 2475 2359 2535 postea
2382 2467 2491 2536 jam
2523 2467 2779 2524 adductus
2809 2470 3133 2540 Hipponem,
3166 2472 3489 2541 pracipitem
3514 2489 3572 2527 se
3593 2474 3643 2527 in
3667 2488 3780 2543 pu-

2181 2566 2322 2611 tcum
2335 2557 2495 2622 dedit,
2521 2559 2662 2614 unde
2679 2559 2822 2614 illum
2845 2561 3062 2615 invitum
3088 2576 3149 2616 ac
3167 2563 3510 2618 reluctantem
3529 2562 3782 2622 eduxere

2181 2647 2458 2703 Catholici.
2491 2650 2658 2704 Tanta
2688 2651 2844 2720 hujus
2870 2661 2984 2707 crat
3020 2653 3346 2723 pervicacia,
3380 2662 3438 2708 ut
3471 2655 3784 2713 clamitaret

2182 2747 2470 2808 perpetuo,
2509 2742 2649 2797 velle
2677 2758 2736 2797 se
2763 2742 2815 2798 in
2846 2759 3032 2800 errore
3059 2759 3424 2814 perseverare,
3454 2748 3592 2803 velle
3619 2749 3671 2802 in
3697 2763 3782 2805 eo

2184 2832 2355 2902 perire
2385 2851 2398 2887 :
2423 2835 2718 2904 cogendum
2759 2835 2825 2891 ad
2869 2836 3102 2905 bonum,
3142 2837 3513 2910 quodcumque
3551 2841 3780 2896 demum

2180 2924 2309 2978 illud
2335 2924 2423 2989 sit,
2447 2927 2732 2992 neminem,
2760 2927 2970 2997 quando
2993 2928 3132 2983 Deus
3156 2943 3256 2983 nos
3277 2931 3438 2984 nostri
3451 2930 3586 3000 juris
3608 2939 3783 3002 atque

2180 3013 2383 3068 arbitrii
2405 3030 2524 3070 esse
2550 3017 2804 3072 voluisset
2829 3036 2841 3072 :
2865 3017 3136 3072 Christum
3161 3018 3447 3089 discipulos
3472 3036 3618 3086 suos,
3642 3038 3780 3078 cum

2181 3120 2275 3160 eos
2300 3106 2529 3163 deficere
2555 3109 2620 3162 ab
2649 3109 2738 3164 illo
2767 3109 3026 3176 libuisset,
3057 3126 3160 3166 non
3189 3112 3504 3178 retinuisse;
3532 3115 3782 3182 Aposto—

2183 3197 2355 3268 lisque
2381 3200 2491 3254 suis
2525 3200 2794 3269 optionem
2822 3215 2884 3255 ac
2910 3201 3118 3271 plenam
3153 3201 3453 3257 facultatem
3486 3218 3578 3258 seu
3607 3218 3781 3260 rece-

2181 3288 2340 3343 dendi
2369 3305 2463 3345 seu
2491 3291 2804 3348 remanendi
2833 3293 3172 3361 permisisse;
3204 3292 3271 3346 ad
3301 3301 3618 3359 extremum,
3658 3309 3780 3349 non

2181 3381 2376 3438 debere
2395 3383 2495 3438 sibi
2517 3384 2646 3439 vitio
2658 3385 2812 3450 verti,
2837 3383 2974 3454 quod
2999 3385 3101 3438 vim
3125 3385 3223 3440 sibi
3247 3385 3437 3440 afferre
3461 3387 3779 3455 statuisset;

2182 3475 2492 3544 Apostolum
2544 3476 2687 3531 enim
2729 3477 2882 3532 bonis
2925 3485 2979 3532 et
3017 3476 3170 3532 laude
3211 3476 3384 3546 dignis
3421 3477 3783 3548 adscripsisse

2181 3567 2500 3631 actionibus,
2531 3567 2575 3621 si
2605 3567 2722 3637 quis
2755 3581 2947 3637 corpus
2979 3567 3208 3622 flammis
3244 3568 3626 3622 absumende
3656 3576 3782 3624 tra—

2181 3657 2351 3712 deret.
2382 3658 2513 3712 Cum
2541 3659 2587 3712 ei
2608 3698 2623 3724 ,
2651 3673 2769 3728 qua
2794 3658 3076 3713 constituta
3103 3658 3156 3712 in
3192 3657 3486 3714 Collatione
3525 3659 3776 3728 fuerant,

2181 3747 2599 3817 obiectabantur,
2624 3750 2851 3817 partium
2874 3762 3087 3802 suarum
3105 3763 3316 3802 causam
3335 3748 3587 3818 jactabat,
3605 3751 3781 3806 etiam

2179 3848 2363 3896 contra
2391 3842 2765 3910 Augustinum,
2796 3841 3081 3896 defendere
3111 3857 3169 3896 se
3206 3855 3362 3911 posse
3381 3883 3394 3908 ,
3427 3842 3586 3896 modo
3612 3857 3782 3898 revoo

2181 3942 2394 3987 caretur
2427 3933 2480 3986 id
2518 3933 2659 4004 quod
2701 3933 2989 3988 Donatista
3032 3928 3438 4000 concesserant,
3486 3948 3780 4004 personam

2183 4041 2289 4079 non
2318 4025 2663 4096 prajudicare
2691 4039 2953 4095 persona.
2982 4025 3222 4094 Angebat
3246 4041 3565 4096 magnopere
3588 4027 3782 4095 Augu-

2182 4119 2378 4173 stinum
2407 4118 2584 4172 miseri
2609 4118 2758 4172 istius
2778 4117 3072 4188 presbyteri
3094 4117 3318 4186 lugenda
3343 4118 3596 4184 conditio,
3619 4132 3782 4172 eum-

2183 4225 2287 4280 que
2323 4209 2552 4264 maxime
2590 4210 2873 4265 sollicitum
2917 4207 3147 4264 habebat
3183 4209 3367 4266 salutis
3411 4211 3576 4280 ipsius
3613 4223 3775 4263 cura.

2184 4302 2293 4355 Hac
2330 4316 2456 4371 ergo
2496 4301 2796 4355 stimulatus
2838 4301 3117 4370 epistolam
3145 4301 3213 4356 ad
3250 4316 3372 4355 eum
3402 4301 3538 4356 misit
3571 4300 3772 4372 (Epist.

2186 4394 2334 4464 175),
2362 4393 2558 4447 amoris
2585 4393 2818 4447 simulet
2845 4392 3197 4448 vehementia
3223 4389 3576 4461 plenam,’qna
3603 4405 3778 4446 vanas

2183 4486 2301 4540 illas
2338 4484 2572 4539 rationes
2607 4485 3073 4554 argutationesque
3107 4483 3406 4547 evertebat,
3437 4484 3628 4554 quibus
3665 4483 3776 4538 sibi

2183 4577 2271 4631 ille
2291 4577 2461 4632 fucum
2486 4577 2535 4631 in
2552 4591 2645 4632 sua
2669 4577 2952 4646 pertinacia
2969 4586 3126 4647 atque
3143 4577 3380 4631 caecitate
3396 4575 3637 4631 faciebat.
3660 4576 3773 4631 De-

2181 4667 2350 4721 clarat
2372 4666 2464 4728 ibi,
2489 4665 2613 4736 quid
2637 4665 2848 4721 inducat
2873 4667 3186 4732 Ecclesiam,
3210 4676 3266 4721 ut
3287 4667 3392 4720 vim
3414 4667 3640 4737 aliquam
3663 4667 3772 4721 ad-

2183 4759 2382 4814 hibeat.
2410 4758 2560 4826 Quod
2599 4766 2776 4812 autem
2807 4759 3035 4814 confessi
3065 4759 3353 4813 Donatista
3385 4757 3610 4822 fuerant,
3639 4772 3771 4827 per-

2181 4865 2365 4907 sonam
2397 4867 2500 4906 non
2533 4850 2877 4921 prmjudicare
2905 4865 3165 4920 persona,
3191 4850 3543 4915 demonstrat,
3581 4851 3624 4904 si
3659 4865 3770 4905 non

2181 4942 2350 5012 possit
2376 4941 2424 4996 ei
2446 4982 2460 5006 ,
2487 4941 2693 5010 privato
2733 4940 2939 4996 scilicet
2979 4939 3318 5010 presbytero,
3349 4939 3598 5005 officere,
3622 4939 3772 5008 quod

2181 5032 2255 5085 illi
2285 5039 2392 5086 tam
2420 5029 2728 5086 solemniter
2751 5029 3153 5096 concesserant;
3181 5029 3348 5084 multo
3372 5029 3549 5084 minus
3575 5029 3771 5085 Eccle-

2181 5125 2275 5180 sia
2303 5123 2565 5179 universa
2591 5121 2761 5176 fraudi
2789 5121 3040 5188 futurum,
3063 5121 3204 5190 quod
3233 5121 3498 5176 commisit
3525 5121 3775 5176 commit-

2183 5223 2362 5270 tereve
2397 5216 2570 5286 potuit
2605 5214 2938 5268 Cacilianus.
2985 5213 3119 5267 Eum
3145 5213 3376 5283 denique
3411 5208 3686 5283 provocat,
3711 5222 3774 5266 ut

2181 5314 2518 5376 argumento,
2545 5303 2686 5374 quod
2708 5319 2773 5358 ex
2799 5303 3014 5358 historia
3045 5300 3551 5358 Maximianistarum
3571 5300 3775 5357 Catho-

2181 5399 2266 5454 lici
2289 5398 2568 5467 petierant,
2587 5394 2916 5450 commodius
2933 5395 3096 5464 siqua
3114 5394 3280 5463 possit
3294 5395 3407 5462 ipse
3425 5392 3769 5464 respondeat.

2255 5491 2310 5546 5.
2345 5489 2668 5558 Augustinus
2689 5486 2963 5556 superiore
3003 5499 3179 5549 anno,
3229 5492 3286 5538 ut
3321 5483 3553 5538 vidimus
3575 5524 3588 5548 ,
3630 5497 3766 5555 opus

2158 5597 2335 5639 suum
2386 5581 2454 5636 de
2489 5577 2711 5635 Civitati:
2752 5577 2847 5633 Dei
2884 5577 3108 5633 adorsus
3145 5585 3260 5642 est,
3299 5575 3451 5645 cujus
3477 5584 3533 5630 et
3570 5575 3766 5630 librum

2181 5686 2425 5748 quartum
2451 5689 2514 5730 ac
2537 5673 2776 5743 quintum
2802 5670 3043 5741 proxime
3067 5668 3310 5740 sequenti
3334 5667 3576 5723 absolvit.
3609 5666 3765 5735 Quod

2181 5785 2302 5828 cum
2340 5770 2411 5826 ita
2439 5767 2527 5835 sit,
2555 5778 2887 5836 nequaquam
2923 5762 3018 5819 abs
3051 5758 3437 5836 revidebitur,
3477 5757 3601 5814 huic
3625 5772 3767 5813 anno
