2021 3180
136 158 185 188 ιῖὅ
802 155 903 182 LIBER
923 155 1100 186 SEPTIMUS.

136 219 191 251 ejus
201 215 234 243 ad
249 214 430 243 Macedonium
444 213 540 241 Africae
552 218 614 241 tunc
627 212 753 240 vicarium
762 233 769 246 ,
783 213 920 248 epistolas,

135 270 199 298 quas
220 251 317 296 partim
332 264 394 295 post
410 260 505 286 missos
516 259 549 287 ad
562 258 684 287 eumdem
701 259 800 293 primos
808 264 862 286 tres
873 259 924 286 hu-

134 311 207 345 jusce
217 308 307 342 operis
319 307 401 335 libros
413 306 500 337 dedit,
523 306 658 340 assignare
680 304 806 339 (Ροωὶιιὀ
821 305 848 332 in
868 305 925 332 Vita

134 357 254 390 August.,
263 362 286 380 c.
296 353 352 387 2(1).
363 354 450 388 Atque
459 352 540 386 ipsius
550 352 657 386 quidem
668 351 812 378 Macedonii
824 351 923 385 episto-

133 401 169 427 las
183 400 216 427 ad
231 399 410 435 Augustinum
425 398 552 425 habemus
568 398 644 425 binas
654 418 661 429 ,
682 397 749 424 scite
762 396 881 431 profecto
893 404 924 424 ac

133 447 267 481 eleganter
274 446 387 479 scriptas
394 444 480 481 (Apud
487 444 605 479 August.,
616 443 710 479 Epistt.
721 443 782 476 152,
793 443 853 479 liii)
864 452 870 468 :
882 448 923 470 to-

133 493 212 521 tidem
228 499 335 527 quoque
351 490 489 525 Augustini
502 490 535 517 ad
551 490 636 524 ipsum
653 490 841 523 responsiones
862 497 923 523 per-

132 547 208 574 quam
222 538 344 573 egregias
367 536 472 572 (Epistt.
486 536 547 568 155,
563 537 636 570 155).
653 536 728 562 Hunc
744 536 921 570 Augustinus,

132 593 189 613 cum
211 589 323 619 propter
343 583 484 618 praeclaras
502 582 562 617 ejus
578 582 655 609 dotes
669 586 749 616 atque
762 581 787 608 in
800 580 924 616 gerendis

132 631 243 666 publicis
262 630 342 657 rebus
364 629 532 664 prudentiam
554 632 582 656 et
602 629 778 663 integritatem
790 648 797 660 ,
820 633 875 654 tum
890 628 924 655 ob

130 678 179 704 hoc
191 677 362 712 potissimum
373 676 463 711 magni
476 674 606 708 faciebat,
619 674 690 709 quod
700 675 817 701 animum
829 674 920 708 ipsius,

130 729 157 751 ut
166 724 243 754 dicit,
258 723 387 750 charitate
399 722 554 749 teternitatis
565 725 592 748 et
606 721 733 753 veritat's,
746 725 825 755 atque
842 721 923 755 ipsius

129 767 267 795 charitatis
288 767 385 795 affectu
406 767 502 794 divinae
521 767 558 793 illi
580 766 735 801 ctelesﬁque
754 766 921 801 reipublicre,

129 815 203 848 cujus
218 819 346 848 regnator
367 817 408 840 est
425 812 548 839 Christus
559 832 567 845 ,
587 815 745 847 agnosceret
756 811 901 839 inhiantem
914 832 921 844 ,

129 861 231 888 videret
249 861 469 895 propinquantem
480 880 488 893 ,
510 859 619 893 ejusque
634 857 766 892 potiunda:
778 858 923 892 amplecte-

129 913 200 934 retur
219 906 360 943 ardentem
386 905 483 941 (Epist.
504 905 566 937 155,
583 913 609 931 n.
624 904 664 939 1).
681 904 847 938 Quapropter
860 911 922 931 cum

129 952 187 979 talis
200 960 233 979 ac
250 942 338 978 tantus
359 952 400 978 vir
416 951 560 978 amicitiam
580 950 648 977 inire
660 957 720 977 cum
743 954 835 977 sancto
849 950 922 977 Prze-

127 999 200 1030 sule,
222 1005 327 1025 necnon
343 1005 391 1031 per
404 997 506 1024 litteras
519 1003 579 1023 cum
594 1003 627 1023 co
638 996 752 1031 colloqui
765 1017 772 1028 ,
793 996 923 1031 scriptave

127 1043 184 1077 ejus
202 1042 301 1077 aliqua
317 1042 408 1069 videre
422 1045 579 1076 percuperet
595 1040 686 1078 (Ibid.,
701 1050 727 1068 η.
743 1041 798 1077 11),
818 1046 921 1076 gratum

127 1089 171 1115 ille
185 1092 379 1123 acceptumque
394 1087 501 1119 habuit;
519 1087 641 1121 promisit
653 1087 754 1121 aliquot
766 1095 781 1114 e
794 1086 849 1114 suis
860 1095 923 1122 opu-

126 1133 207 1160 sculis
217 1133 243 1160 ei
256 1140 286 1160 se
300 1133 441 1159 missurum
453 1132 547 1168 (Epist.
560 1132 622 1165 152,
635 1140 660 1158 η.
675 1131 713 1167 5),
727 1139 758 1159 ac
772 1132 858 1159 cidem
876 1141 922 1167 per

126 1178 294 1206 Bouifacium
315 1178 468 1212 episcopum
482 1198 489 1209 ,
510 1177 579 1204 forte
600 1177 804 1212 Cataquensem,
819 1178 922 1206 litteras

127 1225 223 1259 quibus
241 1224 276 1251 ab’
294 1224 352 1258 ipso
375 1224 479 1251 veniam
500 1230 547 1250 reo
568 1222 673 1250 cuidam
698 1223 823 1257 petebat,
849 1223 922 1250 misit

126 1270 219 1304 (Ilii,
248 1278 275 1296 η.
294 1270 329 1304 1).
354 1269 522 1296 Macedonius
547 1273 619 1296 certe
641 1268 845 1304 haudquaquam
864 1274 922 1296 erat

125 1316 336 1349 commissurus,
361 1320 391 1342 ut
414 1314 548 1350 repulsam
570 1314 604 1341 ab
624 1321 654 1341 se
674 1315 753 1341 ullam
773 1315 854 1342 ferret
867 1316 922 1341 An-

126 1363 216 1394 tistes,
233 1369 314 1397 quem
338 1361 416 1389 unice
438 1361 580 1388 colendum
596 1367 710 1395 vereque
725 1360 920 1395 suspiciendum

125 1409 234 1443 putabat
250 1408 356 1444 (Epistt.
370 1408 430 1441 l5'2,
444 1408 505 1440 154,
520 1408 548 1433 tit
561 1406 581 1443 ).
592 1407 770 1442 Praeterquam
782 1407 851 1442 quod
865 1411 922 1434 erat

126 1456 182 1489 ipse
201 1459 275 1482 tanta
298 1454 476 1489 propensione
497 1454 523 1480 in
547 1453 713 1480 clementiam
726 1473 734 1486 ,
755 1457 784 1480 ut
795 1460 855 1479 cum
874 1460 921 1480 sua

125 1504 221 1533 sponte
248 1506 329 1532 reos,
355 1506 390 1526 ne
412 1498 567 1526 criminibus
592 1498 752 1532 patrocinari
773 1498 920 1531 videretur,

124 1545 264 1573 absolvere
280 1553 332 1572 non
347 1544 474 1577 auderet;
490 1552 536 1571 cos
549 1543 582 1571 de
591 1551 622 1571 se
634 1544 733 1578 optime
746 1544 855 1571 meritos
866 1543 922 1571 exi-

125 1593 265 1624 stimaret,
290 1599 304 1618 a
327 1591 423 1626 quibus
445 1591 478 1618 de
499 1598 576 1625 ptena
600 1590 722 1617 sontibus
748 1590 921 1617 condonanda

124 1642 232 1672 rogatus
246 1642 318 1664 esset
333 1637 429 1671 (Epist.
458 1636 510 1664 152
523 1657 531 1669 ,
544 1644 572 1662 η.
587 1636 624 1671 5).
637 1636 734 1663 Verum
745 1656 753 1668 ,
767 1643 827 1662 cum
843 1636 922 1663 vellet

125 1688 155 1710 ut
179 1682 335 1718 inquiebat,
359 1682 409 1709 sibi
433 1689 482 1717 pro
491 1688 617 1709 concessa
628 1681 712 1716 gratia
726 1680 875 1708 mercedem
888 1681 922 1708 ab

125 1731 275 1765 Augustino
289 1728 397 1763 rependi
409 1749 416 1761 ,
437 1736 497 1755 eum
513 1735 561 1762 per
575 1727 675 1754 litteras
696 1727 852 1754 urbanitatis
866 1727 922 1761 ple—

126 1776 249 1803 nissimas
266 1775 389 1809 rogavit,
411 1774 461 1801 sibi
480 1774 526 1801 ille
540 1773 642 1801 consilii
659 1773 700 1800 sui
714 1773 843 1800 rationem
856 1780 920 1807 ape-

126 1823 189 1848 riret
198 1841 206 1854 ,
219 1828 288 1847 anve
298 1819 434 1855 religionis
447 1819 599 1846 christiana:
609 1818 703 1846 ofﬁciis
713 1823 920 1846 consentaneum

126 1870 206 1898 esset,
222 1873 272 1900 pro
285 1865 339 1892 reis
353 1865 492 1899 episcopos
508 1864 675 1892 intercedere
688 1873 694 1890 :
711 1864 806 1897 simul,
822 1869 850 1890 ut
860 1871 921 1898 pro-

125 1912 207 1939 missa
220 1911 272 1938 sibi
283 1910 320 1938 ab
330 1918 363 1937 eo
373 1910 471 1944 scripta
485 1910 664 1943 mitterentur,
682 1910 772 1944 petiit;
785 1918 838 1945 quo
847 1911 920 1937 scili-

127 1961 187 1989 cet,
203 1955 419 1991 quandoquidem
435 1955 494 1990 ejus
508 1955 648 1990 praesentia
668 1955 717 1982 frui
739 1955 844 1982 interim
867 1963 920 1982 non

127 2002 220 2029 liceret
232 2022 240 2035 ,
261 2002 355 2029 saltem
374 2001 456 2036 ipsius
469 2000 590 2027 doctrina
604 2000 721 2029 aleretur
733 1999 826 2036 (Ibid.,
840 2009 867 2027 η.
882 1999 919 2036 1).

128 2048 220 2083 Itaque
241 2048 403 2083 Augustinus
424 2046 524 2081 primos
537 2050 593 2073 tres
604 2045 687 2072 libros
701 2045 734 2073 de
748 2045 860 2073 Civitate
874 2047 921 2074 Dei

127 2093 231 2119 curavit
240 2093 273 2120 ad
288 2099 347 2119 cum
361 2091 530 2119 deferendos.
544 2090 620 2124 Quod
635 2098 700 2117 vero
712 2091 745 2117 ad
759 2091 920 2125 propositam

127 2138 177 2165 sibi
194 2138 229 2165 ab
247 2145 280 2165 eo
301 2137 475 2172 quiestionem
487 2157 494 2170 ,
516 2137 597 2164 verbo
612 2136 649 2164 illi
665 2137 817 2171 respondit,
840 2137 920 2165 vitam

127 2184 231 2211 scilicet
241 2191 273 2210 ac
285 2183 397 2210 salutem
408 2183 462 2210 reis
476 2190 508 2210 eo
521 2183 611 2210 animo
621 2187 712 2217 petere
721 2182 860 2217 episcopos
868 2203 875 2215 ,
891 2187 920 2210 ut

127 2230 179 2257 illis
193 2230 261 2257 facta
275 2229 417 2257 emendare
428 2237 459 2257 ac
469 2237 518 2265 per
528 2230 710 2264 paenitentiam
723 2229 812 2256 eluere
825 2229 916 2256 liccat:

127 2274 170 2302 Ne
188 2276 263 2301 istam
283 2276 376 2309 vitam,
392 2275 446 2307 ait,
461 2276 497 2302 sic
509 2276 599 2310 ﬁniant
612 2283 657 2310 per
669 2275 838 2310 supplicium,
854 2282 920 2302 utea

126 2320 199 2354 ﬁnita
212 2329 262 2347 non
274 2321 370 2356 possint
386 2321 459 2355 ﬁnire
476 2321 630 2356 supplicium
651 2320 746 2356 (Epist.
762 2321 823 2354 155,
835 2329 862 2348 η.
878 2321 917 2356 5).

125 2367 183 2394 Hac
195 2372 284 2396 tamen
297 2368 331 2396 de
347 2376 376 2396 re
388 2369 467 2403 paulo
482 2368 564 2395 fusius
583 2375 676 2395 eorum
689 2368 773 2403 gratia
785 2368 918 2403 disputat,

125 2414 172 2449 qui
187 2414 255 2442 forte
269 2422 321 2442 non
333 2415 426 2442 eadem
440 2435 447 2447 ,
462 2423 513 2450 qua
524 2415 640 2449 pollebat
651 2415 830 2449 Macedonius,
844 2423 920 2451 saga-

125 2460 207 2487 citate
230 2460 346 2494 praediti,
367 2460 506 2494 epistolam
527 2460 595 2487 hanc
610 2467 685 2487 suam
702 2460 795 2487 lecturi
816 2464 916 2487 essent.

125 2504 242 2539 E‘ponit
260 2505 340 2531 etiam
351 2526 359 2538 ,
381 2512 433 2540 qua
452 2505 556 2532 ratione
573 2512 621 2539 pro
634 2505 686 2532 reis
701 2505 868 2540 interpellare
880 2505 920 2533 fas

124 2551 180 2577 sit:
194 2557 299 2577 necnon
312 2550 346 2578 de
360 2550 461 2585 legibus
479 2550 506 2577 in
525 2550 687 2578 restituenda
707 2559 738 2578 re
757 2551 842 2579 aliena
863 2558 920 2578 scr-

124 2595 222 2622 vandis
235 2596 317 2623 multa
332 2597 460 2631 praecipit.
482 2597 551 2630 Quin
572 2596 636 2624 illud
658 2597 749 2624 itidem
763 2601 845 2629 notat,
861 2598 918 2625 Ma—

124 2640 268 2668 cedon'um
279 2642 371 2668 innata
383 2642 497 2677 quadam
518 2642 681 2670 humanitate
700 2643 853 2677 impulsum,
870 2651 918 2678 pro

125 2685 229 2713 clerico
248 2686 292 2720 qui
315 2686 439 2713 delictum
459 2687 566 2722 aliquod
578 2687 723 2715 admiserat
737 2688 916 2722 supplicasse;

126 2732 203 2765 cujus
224 2731 333 2766 quidem
359 2731 481 2766 precibus
502 2732 649 2767 mitigatum
671 2733 807 2760 Aurelium
827 2741 918 2768 pinnas

126 2776 216 2804 eidem
237 2777 337 2805 clerico
357 2777 461 2805 debitas
484 2782 648 2812 temperasse
665 2783 795 2813 apparet:
813 2779 845 2807 de
866 2787 917 2815 qua

125 2824 233 2851 actione
253 2824 290 2852 ita
313 2824 429 2859 loquitur
453 2824 625 2859 Augustinus,
650 2829 679 2851 ut
694 2824 779 2853 cidem
794 2833 823 2854 se
837 2825 918 2854 fuisse

127 2875 286 2904 precantem
296 2871 429 2906 signiﬁcet
440 2870 531 2906 (lbid.,
543 2880 588 2899 mi.
602 2872 645 2905 iti,
662 2871 714 2907 10).

1715 166 1768 195 4η

1013 216 1040 243 4.
1060 216 1238 252 Augustinus,
1253 218 1297 254 qui
1310 220 1495 256 episcoporum
1512 222 1716 253 intercessiones
1734 226 1761 254 in

978 263 1071 290 eadem
1086 264 1197 298 epistola
1212 266 1422 300 approbavcrat,
1445 275 1476 295 ac
1497 258 1644 297 Macedonii
1667 270 1744 298 ﬁdem
1756 292 1763 302 .

977 316 1029 344 qua
1043 309 1068 336 ei
1082 317 1112 337 se
1124 310 1314 344 postulationes
1325 312 1455 346 ejusmodi
1471 321 1522 341 non
1537 320 1691 350 negaturum
1705 323 1768 351 quo

977 355 1119 383 dammodo
1132 362 1289 392 receperat,
1308 358 1424 387 habebat
1435 360 1587 388 obstrictam
1600 383 1608 395 ,
1628 361 1698 390 haud
1718 371 1767 390 ne-

977 401 1175 437 gligenterjure
1190 411 1238 430 suo
1250 409 1328 432 utens
1341 425 1348 437 ,
1364 413 1424 433 reos
1434 406 1468 433 ad
1479 414 1508 434 se
1522 407 1704 442 confugientes
1720 417 1767 443 pa-

978 447 1089 473 trocinio
1102 455 1150 474 suo
1161 448 1327 476 dcslituinon
1341 454 1382 477 est
1394 458 1488 486 passus
1499 452 1594 488 (Epist.
1609 453 1671 487 152,
1687 463 1714 482 η.
1731 455 1765 487 5',

978 491 1062 526 Epist.
1079 492 1144 525 154,
1162 502 1188 520 η.
1204 493 1248 529 1);
1264 503 1356 522 verum
1370 504 1429 523 eam
1444 497 1564 525 exhibuit
1576 498 1626 526 hac
1638 499 1664 526 in
1676 507 1706 527 re
1721 508 1765 528 sa-

977 536 1102 571 pientiam
1114 543 1141 565 et
1153 540 1337 567 verecundiam
1348 561 1356 574 ,
1373 545 1402 568 ut
1415 549 1468 568 non
1479 542 1558 570 modo
1568 543 1625 579 ejus
1639 553 1765 580 respuere

977 583 1111 617 postulata
1124 592 1175 612 non
1191 586 1307 619 potuerit
1321 587 1504 621 Macedonius,
1524 589 1572 617 sed
1591 590 1670 618 etiam
1681 611 1688 623 ,
1703 592 1765 626 quin

977 628 1134 655 modestiam
1146 629 1228 664 ipsius
1238 631 1362 660 laudibus
1371 634 1527 666 cumularet,
1539 642 1705 671 nequaquam
1715 637 1767 664 sibi

977 676 1173 709 temperaverit.
1189 676 1276 711 Atque
1290 678 1315 704 in
1330 678 1416 705 Vitam
1431 680 1516 707 sancti
1530 679 1584 708 Viri
1599 683 1765 718 transcripsit

975 720 1112 748 Possidius
1125 721 1169 749 illa
1182 723 1262 749 verba
1276 732 1282 750 :
1300 723 1367 751 Miro
1379 725 1453 754 modo
1463 726 1557 761 amt-for
1567 728 1691 762 sapientia
1705 735 1748 756 tua
1757 751 1765 762 ,

977 770 998 793 et
1011 766 1037 792 in
1048 766 1099 793 illis
1111 775 1168 801 qua:
1179 768 1292 801 edidisti,
1312 774 1334 796 et
1355 770 1382 796 in
1402 770 1510 806 [iisquae
1531 773 1695 801 interveniens
1715 784 1762 809 pro

975 812 1103 839 sceleratis
1118 814 1214 840 mittere
1227 822 1276 840 non
1290 815 1412 849 gravaris.
1429 815 1499 842 Nam
1511 822 1534 843 et
1547 817 1593 844 illa
1607 822 1702 845 tantum
1716 819 1765 846 Ita-

976 857 1032 883 bent
1045 858 1184 891 acuminis,
1199 859 1309 886 scientia:
1318 881 1325 892 ,
1340 861 1479 888 sanctitatis
1489 881 1496 893 ,
1509 866 1536 888 ut
1551 863 1614 890 nihil
1626 871 1703 898 supra
1716 865 1764 897 sit;

948 904 957 909 “
975 907 998 929 et
1011 903 1064 929 Itwc
1076 908 1174 931 tantum
1187 906 1352 939 uerecundiae,
1367 911 1393 932 ut
1406 907 1455 934 nisi
1469 908 1562 942 faciam
1570 910 1637 944 quod
1648 911 1763 944 mandas,

975 948 1077 983 culpant
1088 958 1162 983 penes
1177 959 1215 977 me
1226 946 1363 984 remanere,
1376 960 1425 979 non
1439 953 1466 979 in
1479 954 1578 989 negotio
1592 963 1656 987 esse,
1669 956 1766 991 dijudi-

975 1003 1026 1021 cem
1037 1016 1044 1027 ,
1059 995 1158 1023 domine
1172 997 1259 1023 merito
1270 998 1425 1030 venerabilis,
1441 1002 1465 1025 et
1478 1007 1533 1027 vere
1546 1001 1703 1035 suspiciende
1716 1010 1763 1035 pa-

975 1044 1021 1066 ter.
1038 1040 1099 1067 Non
1111 1041 1177 1067 enim
1189 1042 1268 1069 instas
1288 1043 1367 1078 (quod
1385 1044 1497 1079 plerique
1508 1045 1620 1073 homines
1633 1046 1704 1073 istius
1717 1047 1766 1074 loci

974 1086 1083 1120 faciunt)
1099 1091 1125 1113 ut
1137 1087 1311 1123 quodcumque
1324 1089 1447 1116 sollicitus
1461 1090 1570 1118 volueris
1579 1111 1585 1123 ,
1601 1096 1767 1125 extorqueas;

974 1131 1018 1158 sed
1028 1131 1095 1166 quod
1109 1131 1152 1157 tibi
1165 1140 1181 1157 ιι
1188 1132 1276 1166 judice
1290 1137 1326 1159 tot
1339 1134 1406 1160 curis
1424 1134 1542 1161 obstricto
1564 1136 1664 1170 petibile
1684 1137 1766 1164 visum

976 1177 1069 1212 fuerit,
1089 1177 1208 1205 admones
1229 1179 1396 1206 subservicnte
1415 1181 1574 1215 verecundia,
1588 1189 1644 1216 qua:
1657 1183 1767 1210 maxima

974 1223 1112 1258 difﬁcilium
1139 1223 1204 1250 inter
1228 1224 1306 1251 bonos
1335 1226 1443 1259 efﬁcacia
1472 1231 1508 1253 est
1530 1225 1621 1262 (Ibid.,
1651 1232 1674 1254 et
1698 1228 1767 1255 Pos-

973 1269 1035 1303 sid.,
1053 1269 1081 1296 in
1098 1268 1195 1302 ludia,
1220 1278 1247 1297 n.
1266 1270 1322 1306 25).
1342 1270 1427 1299 Simul
1451 1271 1630 1305 Macedonius,
1647 1281 1704 1307 quae
1729 1281 1760 1300 ex

974 1315 1045 1342 illius
1057 1315 1184 1350 operibus
1199 1315 1307 1351 legerat,
1322 1317 1461 1352 magniﬁca
1474 1318 1662 1352 pra‘dicatione
1678 1319 1765 1345 cxtol-

974 1361 1004 1387 lit
1017 1361 1112 1396 (Epist.
1124 1362 1186 1395 154,
1203 1371 1229 1389 tt.
1240 1362 1268 1398 2)
1281 1371 1288 1389 :
1302 1370 1385 1398 caque
1406 1371 1459 1390 non
1485 1364 1534 1390 alia
1554 1364 1633 1391 fuisse
1645 1372 1659 1391 a
1675 1365 1766 1399 primis

975 1407 1050 1434 libris
1069 1407 1104 1434 de
1118 1407 1231 1435 Civitate
1252 1408 1317 1441 Dei,
1343 1416 1397 1435 non
1418 1409 1530 1436 obscure
1552 1409 1685 1442 indicant,
1706 1417 1766 1436 cum

974 1453 1056 1487 ipsius
1066 1452 1169 1489 (ttat),
1179 1446 1240 1481 itum
1255 1454 1393 1488 Augustini
1404 1455 1483 1481 verba
1496 1455 1589 1489 (Epist.
1606 1456 1666 1488 155,
1684 1464 1710 1481 η.
1726 1455 1765 1490 2).

973 1498 1158 1525 Macedoniam
1181 1499 1208 1525 in
1230 1499 1368 1533 procinctu
1384 1499 1466 1527 fuisse
1479 1505 1589 1534 apparet
1603 1500 1636 1527 ad
1652 1501 1766 1527 redeun-

973 1543 1036 1571 dum
1050 1545 1076 1571 in
1090 1544 1202 1577 Italiam,
1217 1544 1287 1572 unde
1302 1546 1461 1579 scripturutn
1488 1546 1637 1580 Augustino
1648 1566 1655 1579 ,
1675 1546 1697 1573 si
1717 1555 1768 1581 qua

975 1589 1000 1616 id
1012 1589 1067 1616 ﬁeri
1084 1589 1177 1623 possit,
1192 1589 1340 1624 promittit:
1357 1594 1384 1616 ut
1400 1594 1476 1616 tanta:
1488 1590 1608 1617 doctrina:
1622 1599 1693 1626 opus,
1720 1592 1764 1618 iii-

974 1634 1032 1670 quit
1042 1635 1096 1667 ille,
1111 1634 1211 1668 debitis,
1226 1635 1272 1662 etsi
1291 1643 1341 1662 non
1354 1636 1577 1670 satisfacientibus,
1596 1641 1768 1663 remuneretur

974 1680 1097 1715 obsequiis
1113 1680 1211 1715 (Epist.
1226 1680 1293 1712 154,
1310 1688 1335 1706 n.
1350 1680 1390 1715 5).
1405 1680 1480 1707 Illum
1499 1685 1560 1707 ante
1575 1681 1766 1716 profectionem

974 1732 1102 1759 munere,
1127 1726 1197 1760 quod
1211 1733 1241 1753 se
1255 1725 1363 1760 digitum
1379 1730 1458 1759 esset,
1474 1725 1600 1753 donatum
1614 1726 1698 1753 voluit
1709 1727 1766 1754 Au-

973 1772 1096 1806 gustinus
1109 1781 1115 1798 :
1129 1771 1225 1799 ctenim
1242 1771 1290 1806 ipsi
1305 1771 1522 1806 priestantissima
1532 1771 1644 1811 epistola
1657 1779 1767 1806 respon-

974 1819 1012 1846 dit
1028 1818 1122 1855 (Epist.
1136 1819 1207 1853 l55),
1221 1825 1271 1852 qua
1284 1818 1416 1853 praecipua
1428 1825 1540 1853 quaeque
1550 1817 1599 1844 viri
1616 1817 1765 1851 christiani,

974 1871 1005 1890 ac
1018 1864 1165 1898 praesertim
1178 1867 1335 1898 poteslatem
1350 1863 1466 1897 gerentis
1480 1863 1565 1890 ofﬁcia
1581 1863 1670 1893 cidem
1684 1871 1767 1898 pone-

974 1909 1019 1937 bat
1044 1909 1079 1937 ob
1100 1910 1210 1941 oculos;
1235 1908 1298 1936 illud
1322 1909 1349 1935 in
1372 1908 1463 1943 primis
1483 1916 1543 1935 eum
1558 1908 1721 1942 admonens,
1738 1913 1766 1936 ut

974 1963 1066 1983 omnes
1079 1963 1142 1983 suas
1155 1956 1266 1983 virtutes
1276 1955 1372 1983 divina:
1385 1955 1494 1982 bonitati
1507 1961 1630 1990 acceptas
1643 1955 1763 1988 referret,

974 2007 1052 2037 atque
1075 2002 1154 2029 istum
1177 2002 1257 2029 ﬁnem
1272 2002 1298 2029 in
1311 2002 1436 2030 omnibus
1457 2002 1625 2036 magistratus
1648 2002 1689 2029 sui
1703 2002 1764 2029 olli-

973 2048 1021 2075 ciis
1032 2048 1081 2076 sibi
1092 2048 1254 2083 propositum
1269 2048 1392 2080 haberet,
1409 2048 1527 2075 subditos
1542 2048 1575 2075 ad
1589 2048 1671 2075 Deum
1685 2052 1764 2075 teter-

973 2101 1087 2129 namque
1110 2094 1191 2120 vitam
1216 2093 1358 2120 adducere.
1380 2093 1454 2119 Hauc
1475 2092 1627 2126 Possidius,
1648 2092 1688 2119 De
1701 2093 1764 2120 veris

979 2139 1134 2171 Virtutibus;
1153 2140 1263 2167 alteram
1281 2147 1345 2167 vero
1363 2139 1396 2166 ad
1410 2139 1591 2166 Macedonium
1606 2139 1762 2174 epistolam,

972 2185 1012 2212 De
1032 2185 1256 2212 lntercesst'onibus
1274 2185 1448 2221 episcoporum
1466 2185 1580 2220 appellat
1600 2184 1726 2221 (Possid.,
1738 2186 1764 2212 in

973 2231 1070 2263 India,
1087 2240 1144 2266 mp.
1161 2230 1199 2266 1).

1009 2278 1035 2305 5.
1056 2277 1112 2304 Hoc
1124 2276 1192 2305 forte
1204 2283 1274 2304 anno
1287 2276 1546 2312 quadringentesimo
1556 2276 1660 2304 decimo
1670 2280 1764 2313 quarto

974 2323 1070 2350 librum
1090 2330 1137 2350 seu
1159 2322 1298 2357 epistolam
1313 2322 1346 2349 ad
1360 2322 1485 2349 llilarium
1499 2322 1533 2349 de
1547 2322 1736 2357 quaestionibus
1749 2329 1765 2349 e

973 2369 1060 2397 Sicilia
1078 2368 1166 2396 missis
1185 2368 1292 2403 scripsit
1311 2368 1472 2403 Augustinus
1485 2368 1580 2404 (Epist.
1594 2366 1669 2403 157).
1688 2367 1763 2394 Hanc

973 2413 1103 2449 siquidem
1118 2421 1189 2441 anno
1203 2413 1465 2449 quadringentesimo
1480 2413 1584 2441 decimo
1597 2412 1689 2448 quinto
1703 2412 1764 2440 ilic—

973 2467 1101 2495 ronymus
1113 2464 1140 2487 et
1149 2459 1259 2487 Orosius
1269 2463 1428 2493 memorant,
1439 2466 1470 2486 ac
1481 2467 1560 2494 nuper
1569 2458 1693 2492 scriptam
1704 2464 1763 2485 esse

974 2509 1112 2533 testantur.
1132 2505 1270 2532 Neminem
1286 2512 1318 2532 ex
1335 2508 1390 2531 toto
1404 2504 1554 2535 christiano,
1565 2503 1630 2531 orbe
1644 2503 1760 2536 latebat,

973 2558 1051 2585 quam
1073 2551 1150 2586 longe
1177 2551 1247 2578 inter
1269 2550 1394 2578 Ecclesia
1417 2550 1539 2589 doctores
1563 2549 1710 2577 eruditione
1731 2557 1763 2577 ac

973 2597 1085 2625 scientia
1104 2601 1243 2632 prmstaret
1263 2596 1442 2631 Hipponensis
1457 2595 1614 2630 episcopus;
1630 2603 1709 2630 quem
1721 2601 1762 2624 vel

972 2643 1030 2678 ipse
1039 2643 1198 2671 Volusianus
1211 2642 1328 2670 nondum
1342 2641 1441 2674 ﬁdelis,
1454 2641 1519 2668 nihil
1534 2640 1604 2675 quod
1613 2641 1647 2668 ad
1659 2648 1761 2668 sacram

972 2688 1119 2716 doctrinam
1135 2689 1287 2723 pertineret,
1303 2687 1426 2722 ignorare
1440 2686 1570 2714 audierat.
1583 2686 1647 2714 Cum
1660 2686 1693 2713 ad
1706 2685 1761 2713 Au-

973 2735 1102 2769 gustinum
1117 2734 1223 2765 venitur,
1238 2732 1374 2767 inquiebat
1393 2732 1437 2759 ille
1447 2753 1455 2766 ,
1481 2732 1529 2767 legi
1542 2732 1625 2765 deest,
1640 2730 1762 2768 quidquid

959 2780 1102 2815 'contigerit
1116 2779 1227 2814 ignorati
1247 2778 1342 2814 (Epist.
1363 2778 1425 2810 155,
1440 2787 1466 2805 n.
1481 2778 1510 2813 2)
1521 2788 1527 2806 :
1539 2782 1617 2813 atque
1627 2778 1693 2805 adeo
1707 2778 1762 2805 Au-

971 2826 1069 2862 gustini
1081 2826 1159 2852 fama:
1180 2825 1310 2853 interesse
1329 2824 1475 2857 asserebat,
1489 2828 1518 2851 ut
1531 2831 1576 2851 sua
1590 2823 1639 2852 sibi
1651 2822 1759 2858 quaesita

973 2879 1023 2908 per
1036 2879 1096 2899 cum
1109 2870 1313 2906 explicarentur.
1325 2869 1390 2899 Cum
1402 2877 1466 2906 ergo
1480 2868 1700 2897 animadverteret
1715 2867 1760 2895 lli-
