4042 6360
504 312 621 384 «τε,

506 441 695 507 Ianus,
728 439 861 497 tradi
891 439 1253 513 aquibusdam
1296 440 1431 510 apud
1470 439 1766 509 Syracusas.
1801 453 1933 492 nova
1979 438 2093 491 hmc

506 532 751 605 dogmata
783 575 797 595 ,
847 532 1005 589 Posse
1048 550 1154 588 esse
1194 534 1444 586 hominem
1483 534 1588 586 sine
1622 541 1843 601 peccato,
1876 541 1920 585 et
1949 548 2093 591 manv

507 628 625 680 dcta
655 624 751 681 Dei
780 628 930 698 facile
966 628 1248 688 custodire,
1274 627 1318 680 si
1348 627 1497 689 velit;
1523 626 1768 694 infantem
1798 641 1897 679 non
1924 626 2092 696 bapti-

506 728 679 777 zatum
712 730 873 772 monte
909 728 1212 787 pra’ventum
1244 735 1341 770 non
1374 735 1517 786 posse
1546 718 1706 787 perire
1731 718 1926 781 merito,
1958 733 2089 786 quo-

507 814 645 866 niant
675 814 783 867 sine
825 824 1024 883 peccato
1065 812 1303 869 nascitur.
1350 811 1565 863 Divitem
1615 820 1895 865 manentem
1923 812 1975 864 in
2018 810 2092 864 di-

505 903 640 958 vitiis
678 904 782 957 suis
805 944 820 969 ,
862 921 1070 973 regnum
1095 902 1188 956 Dei
1220 920 1319 956 non
1358 918 1503 972 posse
1534 902 1756 972 ingredi,
1781 904 1879 957 nisi
1921 904 2088 956 omnia

504 1014 599 1052 sua
640 996 915 1051 vendiderit
948 1013 966 1060 ;
997 1011 1087 1059 nec
1159 994 1389 1064 prodesse
1435 994 1595 1053 eidem
1658 1011 1802 1061 posse
1828 1034 1841 1060 ,
1866 994 1919 1051 si,
1960 999 2089 1065 forte

510 1103 575 1141 ea:
607 1088 731 1156 ipsis
760 1087 953 1165 (divitiis
1002 1088 1239 1138 mandata
1292 1086 1495 1154 fecerit,
1547 1093 1688 1150 etc.,
1736 1084 1803 1140 de
1846 1085 1927 1139 his
1979 1087 2107 1140 Alb‘

500 1177 770 1247 gustinum
793 1177 1094 1239 consuluit;
1126 1190 1409 1245 persuasus
1452 1176 1614 1245 ipsius
1654 1177 1852 1245 gratia,
1891 1176 1940 1241 id
1966 1186 2083 1244 est,

500 1281 752 1327 concessa
779 1267 828 1321 ei
856 1267 1107 1321 divinitus
1148 1266 1214 1319 ad
1258 1265 1557 1320 docendum
1598 1267 1883 1331 facultate,
1928 1283 2080 1337 (μίας,

498 1363 603 1426 ait,
652 1360 880 1413 omnibus
911 1368 1029 1411 nota
1056 1369 1146 1417 est.
1174 1358 1307 1417 Hinc
1336 1360 1477 1413 enim
1507 1375 1711 1413 summa
1742 1375 1860 1414 eum
1884 1360 2084 1429 pollere

496 1452 850 1518 auctoritate,
899 1451 1197 1519 significare
1241 1450 1451 1505 videtur
1490 1451 1605 1505 istis
1648 1451 1862 1507 verbis:
1908 1449 1981 1503 De
2005 1451 2081 1504 his

497 1541 724 1596 omnibus
745 1556 886 1611 rogo,
914 1541 1113 1609 quantis
1135 1540 1275 1593 valeo
1298 1540 1544 1609 precibus,
1568 1540 1896 1597 Sanctitatem
1918 1549 2091 1611 tuam,»

494 1646 550 1689 ut
570 1635 751 1707 jubeas
789 1653 879 1696 nos
908 1636 1130 1705 apertius
1150 1635 1352 1700 instrui,
1400 1652 1497 1704 quo
1532 1635 1811 1688 noverimus
1840 1642 2079 1702 quatenus

490 1727 676 1781 sentire
704 1727 971 1781 debeamus
1020 1726 1211 1801 (Epist.
1254 1727 1401 1797 156).
1442 1727 1797 1793 Quamobrem
1828 1727 2076 1796 Augusti-

490 1830 618 1878 nus,
651 1824 997 1886 posteaquam
1028 1816 1226 1870 affatim
1262 1817 1515 1886 explicuit
1542 1858 1556 1883 ,
1602 1817 1727 1886 quid
1758 1817 1824 1872 de
1850 1818 1952 1871 illis
1979 1819 2077 1871 Pe-

489 1908 711 1979 lagianis
726 1911 1105 1980 qumstionibus
1118 1919 1360 1965 censeret
1382 1929 1393 1964 :
1413 1910 1677 1980 Accepisti,
1693 1910 1785 1975 ait,
1801 1912 1936 1979 quod
1954 1911 2076 1965 mihi

488 2002 688 2057 videtur
710 2018 729 2056 :
757 2003 934 2055 melius
960 2011 1210 2072 exponant
1237 2002 1331 2054 ista
1356 2000 1616 2063 meliores;
1641 2018 1738 2053 non
1760 2002 1843 2053 isti
1862 2018 2075 2070 quarunt

490 2092 597 2159 iam
624 2093 737 2146 novi
760 2093 1052 2145 sententiam
1079 2091 1443 2162 reprobandum
1460 2131 1474 2155 ,
1503 2090 1592 2143 sed
1616 2092 1705 2143 alii
1724 2092 1809 2160 qui
1836 2092 2075 2144 veraciter

489 2192 719 2252 possunt.
781 2182 919 2235 Nunt
959 2192 1004 2235 et
1046 2198 1136 2252 ego
1177 2183 1402 2252 paratior
1429 2199 1538 2235 sum
1566 2183 1774 2248 discere,
1804 2200 1956 2254 quam
1983 2183 2075 2236 do-

487 2291 637 2339 cere;
675 2283 721 2327 et
743 2286 796 2327 tu
825 2291 1057 2344 magnum
1080 2278 1305 2345 conferes
1332 2274 1645 2342 bene/icium,
1678 2277 1719 2329 si
1748 2293 1805 2328 ea
1832 2293 1943 2345 qua:
1969 2276 2072 2330 illic

455 2365 461 2371 ’
492 2380 525 2415 α
545 2365 731 2417 sanctis
761 2364 1024 2439 fratribus
1046 2364 1285 2417 adversus
1328 2365 1536 2417 istorum
1580 2366 1863 2435 vaniloquia
1907 2367 2067 2419 (lisse-

482 2462 685 2522 runtur,
716 2471 817 2509 non
842 2471 920 2508 me
944 2455 1105 2526 facias
1131 2455 1366 2525 ignorare
1396 2455 1587 2525 (Epist.
1617 2457 1738 2523 15⁸1,
1765 2473 1816 2510 n.
1846 2456 1959 2527 41).

1060 2552 1311 2609 ΌΑΡΙΙΤ
1352 2553 1483 2608 VIII.

494 2636 522 2691 1
573 2635 772 2692 Psalmi
816 2638 985 2709 plures
1023 2648 1128 2691 tum
1171 2654 1306 2692 anno
1350 2639 1538 2693 Christi
1580 2640 2066 2710 quadringentesimo

552 2728 750 2783 decimo
776 2730 970 2794 quinto,
1004 2738 1109 2781 tum
1140 2738 1255 2781 ante
1284 2730 1515 2797 expositi.
1538 2730 1573 2782 2
1626 2729 1834 2784 Orosius
1858 2732 2066 2800 presby-

555 2827 627 2872 ter
652 2820 716 2873 ab
740 2829 960 2874 extrema
983 2819 1235 2890 Hispania
1263 2821 1393 2874 venit
1422 2821 1489 2873 ad
1507 2822 1865 2891 Augustinum.
1892 2825 1927 2877 '5
1965 2822 2064 2876 llic

554 2910 694 2964 illius
717 2911 1076 2964 consultationi
1106 2915 1331 2979 [acturus
1366 2913 1489 2965 satis
1519 2913 1699 2966 librum
1734 2923 1911 2967 contra
1940 2915 2063 2973 Pri-

560 3001 887 3056 scillianistas
916 3011 964 3055 et
995 3002 1302 3073 Origenistas
1332 3006 1615 3058 conscribit.
1643 3006 1676 3059 4
1700 3005 2063 3060 Orosinmcum

553 3094 658 3147 suis
703 3095 890 3165 aliquot
927 3097 1278 3163 scriptionibus
1312 3097 1462 3150 mittit
1501 3098 1568 3150 ad
1608 3097 1999 3168 Hieronymum,
2032 3116 2066 3153 a

555 3199 655 3254 quo
683 3184 877 3239 edoceri
906 3185 969 3238 de
996 3186 1180 3239 anima:
1218 3187 1493 3255 pra'scrtim
1521 3189 1711 3258 origine
1740 3190 1893 3258 cupit.
1922 3191 1955 3244 5
1986 3189 2063 3243 Ti-

551 3275 765 3329 masium
790 3285 834 3329 et
853 3275 1101 3329 Iacobum
1132 3287 1327 3330 revocat
1352 3277 1412 3331 ab
1441 3294 1609 3331 errore
1636 3277 1855 3349 Pelagii,
1886 3289 2062 3334 contra

549 3380 696 3433 quem
749 3368 1047 3435 opusculum
1092 3368 1194 3420 edit
1235 3369 1298 3422 de
1346 3368 1546 3421 Natura
1584 3380 1628 3423 et
1669 3369 1865 3424 Gratia.
1909 3370 1943 3425 6
1981 3372 2070 3424 Ad-

549 3456 760 3524 qntesita
788 3458 1018 3527 quantum
1049 3456 1244 3523 Evodii,
1279 3476 1432 3529 eaque
1469 3461 1725 3528 prtecipua
1747 3503 1761 3526 ,
1795 3464 2061 3531 respondet

555 3562 647 3616 per
670 3548 860 3616 aliquot
890 3549 1148 3620 epistolas.
1182 3551 1212 3603 7
1244 3549 1450 3603 Librum
1477 3550 1539 3603 de
1570 3549 1887 3621 Perfectione
1909 3554 2062 3624 justi-

508 3680 513 3685 .
550 3641 633 3695 tia:
657 3642 873 3695 hominis
893 3644 1165 3712 componit.

550 3732 603 3787 1.
644 3732 702 3789 1η
726 3734 950 3803 epistola
982 3734 1046 3786 ad
1079 3732 1338 3787 Evodium
1370 3733 1472 3787 hoc
1497 3742 1736 3789 vertente
1759 3750 1899 3789 anno
1926 3752 2059 3806 qua-

478 3824 894 3895 dringentesimo
919 3823 1126 3877 decimo
1162 3823 1345 3892 quinto
1374 3823 1494 3877 data
1531 3825 1690 3878 varice
1729 3836 2059 3882 commenta-

479 3917 653 3971 tiones
672 3922 941 3979 notautur,
962 3930 1093 3981 quas
1128 3914 1466 3983 Augustinus,
1498 3922 1555 3967 ut
1584 3914 1697 3983 ipse
1726 3916 1903 3982 tradit,
1938 3927 2060 3973 ante

483 4006 686 4063 Pascha
706 4047 721 4072 ,
761 4021 823 4060 ac
846 4006 956 4074 jam
987 4006 1296 4059 imminente
1326 4005 1737 4076 Quadragcsima
1769 4007 2057 4078 incoeptas,

478 4105 607 4152 tunc
634 4096 889 4165 temporis
921 4095 985 4149 ad
1021 4095 1328 4149 umbilicum
1364 4096 1654 4150 adduxerat
1701 4098 1892 4169 (Epist.
1918 4100 2019 4156 169
2042 4143 2058 4170 ,

481 4204 535 4241 n.
565 4185 619 4259 1)
686 4186 743 4241 In
784 4186 867 4239 bis
916 4194 1091 4240 autem
1125 4186 1288 4240 libros
1310 4185 1477 4251 duos,
1506 4196 1750 4257 quartum
1779 4189 1982 4247 scilicet
2009 4199 2062 4245 et

476 4281 719 4350 quintttm
749 4279 815 4334 de
836 4279 1062 4334 Civitate
1095 4280 1206 4346 Dei,
1234 4293 1495 4336 memorat
1521 4300 1533 4335 :
1564 4283 1751 4351 quibus
1778 4284 1921 4338 addit
1946 4300 2063 4354 per-

479 4374 683 4444 amplas
706 4390 735 4428 a
766 4389 827 4429 se
864 4374 1087 4429 dictatas
1129 4374 1458 4429 Psalmorum
1502 4377 1812 4455 sexagesimi
1858 4378 2013 4446 primi
2043 4420 2058 4446 ,

480 4467 851 4537 septuagesimi
881 4467 1038 4536 primi
1065 4474 1121 4521 ct
1148 4469 1517 4537 septuagesimi
1546 4471 1758 4538 septimi
1780 4471 2061 4539 expositio-

479 4573 595 4613 nes.
622 4557 861 4613 Psalmos
885 4558 1019 4613 alios
1046 4574 1139 4613 seu
1165 4559 1369 4613 calamo
1398 4574 1493 4614 seu
1520 4574 1766 4615 sermone
1787 4562 1894 4630 jam
1926 4562 2061 4617 bene

478 4651 677 4707 multos
697 4651 1019 4721 explicuerat
1048 4669 1060 4705 :
1095 4667 1215 4705 nam
1242 4650 1471 4707 vidimus
1502 4653 1829 4723 trigesimum
1853 4663 2060 4709 sextum

479 4744 797 4817 Carthagine
835 4745 903 4798 ab
950 4760 1016 4799 eo
1062 4744 1198 4799 inter
1246 4745 1665 4801 concionandum
1693 4748 1800 4816 jam
1843 4747 1965 4802 inde
1995 4748 2062 4802 ab

488 4852 631 4891 anno
700 4835 1220 4906 quadringentesimo
1283 4835 1441 4890 tertio
1496 4838 1833 4906 explanatum
1899 4838 2062 4894 fuisse

481 4928 703 5003 (Supra,
724 4927 809 4982 lib.
830 4928 883 4994 5,
903 4945 1017 4997 cap.
1037 4926 1087 4991 8,
1106 4943 1158 4979 η.
1178 4926 1255 4995 6);
1276 4926 1401 4980 acin
1423 4936 1711 4983 memorata
1728 4928 1949 4997 epistola
1966 4930 2061 4985 do-

480 5030 566 5078 cet
605 5021 951 5076 vehementer
992 5019 1287 5088 exspectari
1331 5017 1660 5089 ﬂagitarique
1699 5021 1767 5074 ab
1798 5022 1911 5091 ipso
1936 5022 2063 5077 reli-

480 5128 616 5184 quos
653 5113 925 5177 Psalmos,
958 5125 1183 5178 quorum
1225 5109 1449 5165 necdum
1476 5112 1859 5180 expositionem
1891 5128 2062 5183 neque

480 5205 737 5274 scriptura
768 5219 940 5274 neque
981 5204 1162 5260 habito
1192 5203 1259 5257 ad
1296 5203 1502 5273 plebem
1532 5217 1777 5258 sermone
1814 5204 2057 5261 ediderat

480 5294 671 5366 (Epist.
702 5295 827 5362 I69,
854 5313 905 5349 η.
938 5296 1010 5365 1).
1043 5294 1218 5349 Innuit
1237 5295 1395 5349 etiam
1428 5293 1481 5348 id
1507 5294 1607 5349 sibi
1635 5303 1779 5360 tunc,
1810 5295 2059 5351 nimirum

481 5387 583 5441 sub
619 5387 743 5440 anni
769 5402 798 5440 a
824 5385 1343 5456 quadringentesimo
1377 5385 1547 5456 quinti
1581 5386 1771 5442 decimi
1816 5389 2014 5444 exitum
2039 5430 2055 5457 ,

481 5478 535 5532 in
564 5478 743 5531 animo
773 5476 965 5544 fuisse,
1007 5477 1226 5531 omnino
1255 5476 1376 5531 huic
1408 5477 1578 5547 operi,
1609 5478 1870 5549 simulque
1905 5481 2057 5538 alteri

479 5568 548 5624 de
576 5567 801 5623 Civitate
830 5568 956 5635 Dei,
990 5567 1313 5623 absolvenda
1350 5568 1656 5631 incumbere
1681 5611 1695 5635 ,
1740 5586 1965 5642 eamque
1988 5575 2059 5630 ob

479 5673 593 5715 rem
620 5656 785 5714 libros
811 5658 876 5715 de
901 5659 1158 5715 Trinitate
1180 5658 1353 5715 adhuc
1380 5659 1627 5727 differre;
1659 5676 1777 5717 cum
1799 5676 2058 5735 praeterea

479 5756 538 5807 et
560 5750 777 5819 majoris
804 5750 1346 5820 cssentdiflicultatis,
1378 5762 1432 5808 et
1461 5752 1701 5825 minoris,
1730 5755 1915 5815 saltem
1940 5758 2057 5828 pls-

1570 328 1723 381 VH‘A
1764 328 1821 382 S.
1861 319 2225 381 AUGUSTINI
2267 324 2585 384 EPISCOPI.

2199 438 2379 509 risque
2419 442 2727 510 hominum,
2769 447 3027 505 utilitatis.
3076 451 3141 508 Et
3178 468 3363 527 reapse
3391 463 3621 519 maximo
3649 467 3773 527 huic

2195 532 2343 598 operi
2365 541 2658 591 extremam
2684 537 2936 608 imposuit
2962 560 3199 613 manum,
3231 564 3292 604 ac
3318 551 3556 611 Psalmos
3583 573 3778 617 omnes

2197 622 2386 688 partim
2415 624 2663 688 dictando
2682 668 2695 693 ,
2736 633 2924 699 partim
2955 637 3323 696 concionando
3345 645 3665 716 edisseruit;
3696 662 3779 707 at-

2194 727 2298 781 que
2328 714 2484 768 etiam
2514 725 2569 770 et
2597 717 2695 773 hoc
2719 730 2769 774 et
2793 722 2885 777 illo
2908 726 3065 782 modo
3094 733 3396 789 nonnullos.

2265 805 2317 858 2.
2358 807 2484 863 Post
2521 825 2839 874 memoratas
2868 816 2919 870 in
2950 827 3056 874 tres
3085 821 3201 876 illos
3228 824 3470 883 Psalmos
3504 843 3783 888 commen-

2195 898 2417 953 tationes
2440 942 2453 963 ,
2490 902 2757 973 subjuugit
2787 907 3108 976 Augustinus
3140 912 3304 970 libros
3341 932 3372 970 a
3410 932 3471 973 se
3508 936 3603 990 per
3636 923 3780 979 Oro-

2192 990 2329 1043 sium
2358 990 2683 1064 Hieronymo
2723 997 2948 1065 missos,
2990 1010 3099 1056 tum
3139 1004 3301 1069 alium
3346 1023 3556 1079 quoque
3599 1014 3776 1070 eidem

2191 1081 2413 1146 Orosio,
2449 1083 2634 1139 Contra
2666 1085 3083 1146 Priscillianistas
3116 1104 3162 1147 ct
3202 1094 3547 1168 Origenistas,
3581 1103 3777 1159 inscri-

2191 1180 2336 1266 ptum
2356 1172 2540 1266 (tua,
2557 1176 2735 1248 η.15).
2755 1178 2975 1237 Orosius
2997 1192 3171 1238 autem
3190 1186 3453 1257 Hispanus
3474 1195 3774 1266 presbyter,

2188 1261 2277 1331 qui
2307 1272 2360 1315 et
2388 1262 2581 1319 Paulus
2609 1266 2662 1319 in
2693 1268 2785 1333 iis,
2818 1286 2936 1339 quze
2963 1287 3030 1326 ex
3060 1274 3176 1342 ejus
3200 1279 3450 1345 operibus
3476 1261 3650 1337 adhuc
3676 1261 3777 1339 su?

2188 1363 2424 1421 persunt,
2447 1357 2723 1424 vocitatur,
2746 1360 2796 1415 in
2817 1372 3054 1417 extrema
3074 1366 3341 1436 Hispania,
3364 1373 3777 1433 scilicetOccani

2188 1443 2386 1511 littore,
2410 1457 2562 1502 natus
2579 1460 2692 1503 erat
2708 1450 2892 1521 (lbitl.,
2912 1465 2955 1507 et
2967 1455 3265 1527 EpistJﬂG,
3282 1477 3335 1514 n.
3354 1461 3435 1531 9.).
3454 1464 3504 1519 Is
3523 1482 3643 1520 cum
3666 1485 3777 1525 non

2184 1539 2559 1595 communione
2587 1551 2787 1597 tantum
2813 1546 3106 1603 catholicus
3125 1590 3139 1616 ,
3171 1567 3355 1607 verum
3385 1556 3546 1612 etiam
3572 1560 3775 1628 pietate

2181 1642 2246 1680 ac
2276 1628 2394 1684 fidei
2437 1630 2740 1691 christiana:
2781 1637 2958 1691 studio
2995 1655 3285 1698 succensus
3325 1657 3501 1713 esset,
3544 1650 3776 1719 patriam

2183 1734 2334 1775 suam
2367 1731 2491 1778 tunc
2519 1739 2549 1778 a
2582 1726 2826 1783 Barbaris
2851 1731 3007 1800 diripi
3031 1736 3328 1805 vastarique
3354 1740 3527 1794 minus
3548 1743 3775 1813 gemuit,

2182 1828 2341 1881 quatn
2369 1814 2524 1870 fidem
2552 1833 2647 1886 per
2670 1818 2950 1889 Hispanias
2974 1825 3132 1878 variis
3160 1828 3432 1882 erroribus
3453 1834 3774 1902 Oppugnari.

2180 1904 2373 1961 Audita
2401 1906 2561 1977 igitur
2580 1911 2859 1980 Augustini
2888 1913 3043 1981 fatua,
3063 1930 3127 1969 eo
3147 1917 3368 1974 doctore
3392 1920 3458 1975 de
3484 1923 3772 1992 capitibus,

2179 1996 2368 2064 quibus
2406 1998 2699 2068 angebatur
2718 2042 2732 2066 ,
2755 2002 3006 2072 quidquid
3036 2006 3198 2063 vellet
3217 2049 3231 2072 ,
3257 2008 3464 2065 discere
3492 2026 3550 2067 se
3577 2028 3771 2083 posse,

2178 2104 2385 2143 necnon
2416 2106 2519 2147 suo
2541 2108 2664 2163 erga
2695 2109 2875 2149 sacras
2915 2097 3121 2160 litteras
3156 2102 3326 2155 amori
3368 2102 3437 2155 ab
3477 2104 3570 2158 illo
3609 2106 3772 2175 plene

2177 2180 2547 2251 cumulateque
2569 2183 2897 2240 satisfactum
2925 2187 2987 2240 iri
3010 2189 3354 2248 existimavit.
3378 2193 3490 2248 Iloc
3513 2211 3617 2250 uno
3637 2212 3771 2252 cou-

2178 2270 2297 2325 silio
2325 2287 2465 2337 eum,
2497 2283 2554 2327 ut
2583 2275 2634 2328 in
2664 2276 2891 2330 Africam
2923 2292 2986 2331 ex
3017 2279 3215 2334 ultimis
3243 2280 3508 2352 Hispaniis
3555 2285 3776 2355 trajice-

2175 2372 2276 2428 rct,
2306 2364 2590 2419 adductum
2624 2366 2785 2421 fuisse
2813 2369 2962 2423 testis
2983 2380 3066 2425 est
3091 2373 3233 2435 omni
3255 2375 3566 2443 exceptione
3595 2379 3773 2448 major

2174 2456 2503 2526 Augustinus
2525 2458 2711 2528 (Epist.
2738 2460 2859 2527 169,
2880 2478 2931 2514 η.
2955 2460 3063 2531 15).
3087 2462 3304 2518 Videtur
3322 2465 3667 2524 nihilominus
3694 2468 3771 2526 ad

2174 2550 2504 2616 propositum
2549 2550 2948 2618 “sequendum
2994 2552 3148 2607 citius
3182 2569 3341 2623 quam
3380 2555 3769 2629 destinaverat,

2175 2638 2528 2693 Barbarorum
2560 2641 2873 2697 crudelitate
2898 2651 3132 2699 coactus.
3165 2645 3448 2703 Enimvero
3472 2648 3538 2705 de
3565 2665 3623 2705 se
3647 2652 3769 2720 ipse

2172 2731 2396 2797 asserit,
2429 2747 2487 2786 se
2514 2733 2569 2786 in
2600 2735 2829 2788 tumultu
2859 2736 3127 2805 quodam,
3169 2737 3439 2794 infortunii
3479 2740 3767 2800 formidine

2174 2826 2474 2893 perculsum
2495 2826 2762 2897 aufugisse
2780 2827 2976 2899 (0ros.,
3001 2829 3136 2895 Hist».
3155 2831 3243 2885 lib.
3267 2832 3320 2898 5,
3339 2833 3543 2904 cap.9);
3561 2834 3764 2890 Barba-

2170 2930 2350 2969 rorum
2389 2917 2477 2972 vix
2516 2918 2745 2973 evitasse
2793 2920 3044 2985 insidias;
3082 2930 3243 2989 atque
3282 2922 3442 2977 etiam
3480 2934 3763 2995 postquam

2164 3006 2273 3075 jam
2300 3022 2445 3077 mare
2467 3008 2884 3074 eunsccttdisset,
2905 3010 3049 3064 saxis
3068 3025 3130 3064 ac
3152 3011 3269 3065 telis
3285 3013 3526 3081 petitum,
3544 3014 3762 3085 demum

2168 3099 2457 3168 repentina:
2487 3098 2695 3156 nebulae
2740 3100 3171 3169 beneficio,‘cum
3207 3102 3427 3173 jamjam
3468 3105 3764 3174 capiendus

2166 3190 2456 3254 videretur,
2489 3190 2722 3246 evasisse
2754 3209 2769 3245 ε
2795 3206 2915 3260 quin
2946 3192 3179 3268 pericula
3212 3202 3355 3247 tanta
3388 3194 3544 3250 fuisse
3571 3196 3777 3264 addit,

2168 3290 2219 3335 ut
2242 3297 2303 3336 ea
2325 3282 2439 3337 sine
2460 3282 2705 3352 lacrymis
2726 3298 2884 3338 nemo
2907 3284 3004 3337 nisi
3022 3284 3185 3338 durus
3199 3285 3384 3341 audire
3402 3286 3759 3358 queat(lbid.,

2167 3372 2254 3425 lib.
2272 3373 2326 3438 5,
2343 3373 2589 3442 cap.20).
2613 3373 2747 3427 Dicit
2768 3384 3043 3442 praetcrea,
3066 3390 3186 3428 cum
3213 3392 3243 3430 e
3278 3377 3444 3445 patria
3460 3378 3510 3432 vi
3530 3379 3759 3447 quadam

2166 3466 2373 3519 occulta
2413 3464 2647 3532 ejectus,
2680 3480 2743 3520 ac
2776 3466 2892 3520 sine
2917 3467 3219 3534 voluntate,
3248 3469 3373 3524 sine
3402 3471 3755 3537 necessitate,

2165 3554 2281 3609 sine
2307 3569 2571 3609 consensu
2601 3564 2747 3610 esset
2775 3571 3052 3626 egressus,
3087 3558 3137 3611 in
3168 3559 3400 3613 Africam
3446 3560 3758 3631 trajecisse,

2166 3660 2339 3716 neque
2377 3661 2436 3701 se
2470 3647 2856 3717 navigationem
2886 3663 3036 3703 suam
3080 3664 3147 3703 eo
3188 3650 3406 3706 tendere
3432 3651 3579 3720 prius
3605 3666 3763 3708 com-

2168 3738 2389 3805 perisse,
2413 3752 2569 3807 quam
2592 3738 2658 3791 ad
2681 3739 2795 3808 ejus
2818 3740 3107 3809 provinciae
3131 3741 3278 3795 littus
3297 3743 3616 3812 appelleret;
3641 3751 3763 3799 tum

2166 3828 2385 3884 demum
2429 3831 2802 3897 considerato,
2842 3824 2946 3901 qua
2982 3834 3188 3888 ratione
3228 3833 3538 3903 deportatus
3566 3835 3761 3892 eodem

2168 3920 2373 3982 fuisset,
2401 3935 2592 3976 cursus
2620 3922 2702 3975 sui
2732 3922 2891 3977 linem
2920 3932 2974 3978 et
3001 3923 3278 3979 consilium
3302 3924 3757 3995 deprehendisse;

2165 4025 2229 4065 ac
2258 4018 2505 4065 revocato
2535 4012 2867 4090 collectoque
2902 4014 3081 4069 animo
3115 4015 3426 4084 cognovisse
3445 4056 3460 4081 ,
3490 4031 3555 4071 eo
3582 4032 3643 4072 se
3668 4017 3759 4072 di-

2168 4103 2364 4157 vinitus
2379 4102 2445 4157 ad
2458 4104 2808 4173 Augustinum
2824 4105 3009 4176 dirigi,
3033 4115 3091 4161 ut
3109 4106 3405 4176 Hispanicis
3421 4108 3573 4162 malis
3588 4124 3759 4165 reme-

2166 4193 2311 4247 dium
2342 4194 2397 4249 in
2422 4193 2538 4263 ipso
2563 4195 2822 4263 reperiret
2852 4195 3025 4266 (Apud
3045 4196 3286 4266 August.,
3311 4197 3478 4252 Orosii
3498 4198 3753 4266 Consult.,

2166 4301 2221 4339 η.
2244 4284 2318 4355 1).
2340 4283 2534 4355 Sicque
2558 4299 2587 4338 a
2610 4285 2884 4339 verisimili
2910 4301 3015 4341 non
3038 4285 3311 4354 abhorret,
3333 4302 3476 4353 eum,
3504 4303 3607 4358 qua
3632 4302 3758 4345 sese

2166 4378 2426 4447 prmcipiti
2452 4376 2789 4432 festinatione
2815 4376 2882 4431 ad
2908 4392 3093 4440 navem
3120 4377 3377 4447 rapiebat,
3404 4378 3457 4432 in
3484 4378 3757 4448 quoddam

2168 4468 2455 4538 navigium,
2482 4468 2625 4539 quod
2654 4468 2760 4522 alio
2784 4469 2901 4522 vela
2928 4468 3142 4535 faceret,
3173 4468 3469 4539 ingressum
3495 4483 3635 4536 esse,
3665 4479 3753 4524 at-

2170 4568 2346 4615 tamen
2376 4560 2483 4613 Deo
2508 4573 2722 4613 cursum
2760 4559 2897 4614 illius
2928 4558 3272 4626 moderante,
3305 4559 3372 4614 ad
3399 4574 3547 4615 oram
3575 4560 3751 4630 appli.

2165 4652 2340 4706 cuisse
2368 4650 2692 4705 Africanam.

2238 4744 2289 4798 '5.
2331 4741 2461 4797 Cum
2495 4741 2771 4811 Augustini
2811 4742 3134 4813 colloquium
3164 4743 3508 4800 vehementer
3543 4751 3753 4813 optaret

2165 4834 2407 4901 Orosius,
2432 4841 2869 4903 exspectaretque
2891 4835 3357 4903 opportunitatem,
3380 4841 3440 4889 ut
3463 4834 3655 4904 capita,
3681 4833 3751 4889 de

2165 4928 2357 4998 quibus
2393 4927 2591 4983 erudiri
2634 4941 2691 4982 se
2728 4928 3005 4996 cupiebat,
3032 4927 3204 4983 eidem
3236 4929 3290 4982 in
3320 4926 3556 4985 libellum
3583 4927 3750 4983 relata

2166 5019 2434 5084 traderet;
2461 5018 2680 5088 contigit
2707 5027 2765 5073 ut
2790 5018 3009 5084 eodem,
3037 5033 3143 5089 quo
3172 5018 3305 5087 ipse,
3330 5017 3595 5073 desiderio
3620 5031 3748 5087 pro-

2165 5110 2414 5167 curanda:
2434 5111 2670 5165 omnium
2694 5111 2878 5165 salutis
2902 5110 3129 5180 permoti
3149 5110 3345 5165 Paulus
3367 5120 3526 5179 atque
3550 5110 3748 5163 Eutro-

2166 5202 2285 5272 pius
2313 5202 2547 5272 episcopi
2588 5202 3051 5257 commonitorium
3077 5201 3145 5257 de
3169 5201 3482 5272 quibusdam
3523 5200 3747 5255 hmresi-

2165 5294 2264 5351 bus
2291 5305 2476 5349 sancto
2503 5292 2717 5349 Doctori
2746 5292 3018 5349 offerrent.
3050 5293 3218 5347 Porro
3244 5291 3491 5361 quoniam
3522 5290 3609 5345 icti
3638 5304 3749 5346 non

2163 5401 2371 5451 omnes,
2403 5385 2497 5441 sed
2526 5395 2697 5440 certas
2716 5384 2969 5455 quasdam
2997 5384 3230 5439 haereses
3253 5382 3628 5455 prodiderant,
3651 5397 3746 5436 ea-

2163 5489 2380 5550 propter
2401 5478 2500 5533 sibi
2522 5478 2878 5533 necessarium
2893 5478 3041 5531 duxit
3056 5476 3294 5543 Orosius,
3316 5491 3504 5532 omnes
3527 5476 3746 5530 omnino

2162 5572 2467 5642 dogmatum
2504 5569 2877 5626 hmreticorum
2912 5570 3133 5627 arbores
3161 5584 3281 5624 cum
3320 5568 3450 5638 ipsis
3476 5566 3744 5623 radicibus

2162 5678 2226 5719 ac
2264 5666 2425 5719 ramis
2465 5662 2734 5733 colligere.
2763 5661 2911 5716 Ilanc
2955 5659 3006 5715 in
3048 5676 3161 5715 rem
3200 5660 3292 5715 ille
3330 5659 3491 5714 beato.
3523 5656 3741 5715 Prmsuli

2162 5759 2599 5817 consultationem
2633 5771 2729 5815 seu
2756 5756 3219 5814 commonitorium
3260 5754 3533 5826 epistolari
3570 5753 3739 5814 ferina
