4042 6360
260 453 485 521 obtulit,
515 451 605 508 ubi
639 467 761 524 qua:
793 449 1109 507 Priscilliani
1129 494 1142 518 ,
1170 465 1355 521 qumve
1385 448 1628 520 Origenis
1656 467 1857 508 venena

263 543 573 615 Hispaniam
590 557 654 598 eo
674 553 912 614 tempore
941 541 1272 606 infestarent,
1291 547 1612 610 exposuerat
1638 539 1850 614 (Ibid).

258 635 512 692 Discendi
536 634 799 705 cupiditas
823 635 932 700 illa,
962 649 1062 704 qua
1092 632 1347 704 ﬂagrabat
1374 632 1611 697 Orosius,
1635 648 1740 688 non
1766 649 1860 703 po-

261 737 404 782 terat
435 741 544 781 non
575 741 694 780 esse
729 725 1095 794 acceptissima
1122 723 1417 793 Augustino
1447 739 1460 776 :
1492 723 1537 777 is
1562 739 1688 795 ergo
1717 725 1857 781 illius

259 820 460 888 optatis
487 825 547 871 ut
576 815 926 889 satisfaceret,
957 815 1171 882 librum,
1201 819 1286 868 cui
1319 813 1497 868 titulus
1527 824 1639 881 est,
1671 814 1858 869 Contra

262 907 694 962 Priscillianistas
719 916 765 959 ct
790 904 1122 976 Origenistas,
1149 904 1379 974 scripsit,
1406 913 1562 974 atque
1591 903 1689 974 ipsi
1717 921 1856 959 nun-

259 999 478 1068 cupavit
499 996 710 1052 Orosio.
735 995 792 1050 lu
814 1010 878 1051 eo
900 1005 1093 1065 quanta
1122 995 1290 1065 potuit
1315 1004 1421 1048 tum
1448 993 1724 1061 brevitate,
1745 1004 1856 1050 tum

259 1090 646 1162 perspicuitate
672 1103 799 1148 usus
816 1130 829 1152 ,
857 1087 983 1145 nihil
1014 1087 1125 1141 fere
1151 1086 1404 1141 adversus
1429 1085 1856 1147 Priscillianista-

259 1200 380 1239 rum
414 1198 631 1238 errores
671 1183 840 1247 dixit;
873 1196 940 1237 eo
986 1179 1128 1251 quod
1173 1181 1283 1236 suis
1327 1188 1511 1233 contra
1540 1177 1855 1232 Manichmos

259 1277 729 1350 disputationibus,
759 1289 889 1345 quas
911 1274 1131 1332 Orosius
1161 1274 1244 1346 vel
1279 1273 1388 1342 jam
1417 1273 1636 1342 legerit,
1664 1272 1744 1326 vel
1776 1272 1854 1326 le-

258 1386 385 1442 gere
413 1369 696 1425 commode
720 1369 904 1438 possit,
925 1368 1157 1423 stabilita
1177 1365 1430 1436 principia
1450 1373 1647 1431 essent,
1667 1363 1856 1434 quibus

257 1472 314 1519 et
356 1461 457 1532 ipsi
501 1461 913 1516 Priscillianisttc
947 1461 1288 1528 proliigautur
1310 1456 1518 1527 (Contra
1547 1455 1776 1510 Priscilt.
1810 1464 1855 1508 et

261 1555 496 1625 Origen.,
516 1572 568 1607 η.
587 1555 656 1624 1).
677 1555 731 1608 In
755 1555 876 1617 fine,
898 1553 1020 1606 dtnn
1041 1551 1105 1605 de
1121 1551 1416 1605 cmlcstium
1440 1549 1715 1618 spirituum
1742 1549 1853 1602 dis-

260 1644 518 1707 tinctione
561 1643 811 1713 loquitur,
869 1640 1086 1711 pulchre
1141 1639 1424 1700 admodum
1456 1639 1522 1692 de
1553 1637 1853 1707 hujusmodi

256 1735 645 1806 qumstionibus
674 1733 931 1797 obscuris,
963 1733 1145 1801 ciSque
1174 1746 1275 1787 non
1307 1729 1653 1794 necessariis,
1679 1729 1850 1783 disse-

253 1829 329 1885 rit
352 1847 364 1882 :
387 1843 451 1882 ac
477 1829 702 1898 ingenue
729 1825 923 1880 fatetur
948 1825 1157 1896 Orosio,
1189 1823 1251 1877 ad
1287 1823 1412 1876 illud
1439 1821 1765 1892 reSponderc
1794 1835 1851 1876 se

252 1919 566 1988 neutiquam
600 1933 779 1987 posse.
814 1915 958 1983 Quo,
991 1915 1185 1984 inquit,
1218 1931 1295 1968 me
1337 1923 1658 1978 contemnas,
1707 1928 1850 1982 quem

251 2026 497 2080 magnum
524 2020 669 2079 putas
696 2025 802 2062 esse
826 2008 1098 2071 doctorem,
1125 2022 1354 2074 quwuam
1378 2005 1476 2058 ista
1505 2004 1627 2067 sint,
1660 2013 1704 2056 et
1730 2003 1850 2072 quid

251 2102 386 2156 inter
427 2119 480 2155 se
518 2098 788 2168 di/Terant,
833 2101 998 2154 nescio
1049 2097 1232 2170 (Ibid.,
1259 2093 1332 2151 ἠ.
1385 2097 1494 2167 id).
1529 2097 1665 2152 Alibi
1710 2113 1846 2166 quo-

251 2207 359 2262 que
387 2191 614 2249 fructum
640 2190 782 2265 hunc
810 2189 1038 2248 affirmat
1075 2206 1140 2244 ex
1181 2204 1274 2243 sua
1309 2187 1728 2266 peregrinatione
1754 2202 1847 2240 ca-

250 2295 470 2357 pturum
501 2283 662 2338 fuisse
690 2283 932 2337 Orosium
953 2323 968 2348 ,
1009 2281 1148 2352 quod
1198 2281 1302 2334 illis
1322 2322 1336 2345 ,
1378 2296 1494 2349 qua:
1525 2277 1590 2332 de
1621 2291 1680 2332 se
1708 2275 1847 2332 fama

248 2374 510 2444 vulgabit,
537 2373 755 2444 posthac
777 2388 878 2426 non
901 2382 1101 2428 tantum
1125 2371 1244 2426 fidei
1268 2372 1336 2426 sit
1360 2371 1631 2426 habiturus
1655 2369 1844 2442 (Epist.

251 2468 382 2534 £66,
426 2484 479 2521 η.
523 2459 606 2539 2)ξ
656 2465 786 2524 Huic
842 2466 1086 2522 tractatui
1127 2465 1450 2534 Augustinus
1496 2464 1669 2519 locum
1716 2465 1849 2518 assi-

247 2566 378 2627 gnat
419 2556 558 2612 inter
591 2571 682 2612 cos
706 2597 721 2621 ,
750 2571 885 2625 quos
918 2571 1060 2610 anno
1089 2555 1608 2626 quadringentesimo
1638 2555 1848 2610 decimo

248 2648 440 2720 quinto
468 2648 765 2718 composuit
795 2665 807 2700 :
837 2662 1065 2718 cumque
1095 2647 1294 2702 editum
1320 2661 1441 2701 eum
1472 2653 1716 2716 oporteat
1739 2661 1847 2700 non

247 2740 422 2794 multo
465 2749 585 2809 post
623 2738 794 2794 Orosii
835 2738 1119 2796 adventum
1162 2737 1213 2801 in
1251 2735 1479 2791 Africam
1502 2778 1514 2802 ,
1547 2753 1643 2791 cur
1668 2737 1756 2792 hic
1793 2737 1843 2790 in

249 2845 370 2886 eam
399 2831 721 2900 provinciam
750 2831 896 2900 prius
928 2831 1116 2885 eodem
1153 2844 1295 2884 anno
1321 2829 1844 2899 quadringentesimo

248 2920 460 2977 decimo
485 2921 671 2991 quinto
692 2921 901 2976 venisse
930 2920 1187 2976 dicendus
1217 2921 1305 2986 sit,
1337 2919 1445 2974 non
1475 2919 1735 2974 videmus.

319 3018 374 3092 ξ.
416 3016 529 3081 Etsi
555 3032 714 3087 quem
744 3032 809 3072 ex
839 3016 1170 3087 navigatione
1196 3029 1293 3072 sua
1323 3013 1552 3069 fructum
1584 3013 1683 3068 sibi
1716 3028 1842 3083 pro-

246 3109 472 3173 miserat
497 3109 744 3176 Orosius,
771 3126 891 3164 cum
931 3109 1143 3164 abunde
1183 3109 1298 3162 viso
1341 3107 1626 3177 auditoque
1659 3109 1842 3177 Augu-

246 3200 393 3258 stino
415 3201 712 3270 perciperet
744 3219 756 3255 :
785 3201 1108 3270 Augustinus
1140 3209 1346 3264 tamen,
1386 3199 1475 3268 qui
1518 3215 1640 3254 eum
1681 3200 1838 3254 vellet

246 3292 411 3364 pleno
442 3291 624 3347 fenore
651 3292 985 3362 locupletari,
1014 3308 1119 3347 non
1149 3299 1428 3346 contentus
1455 3289 1530 3343 illi
1562 3289 1840 3346 tradidisse

244 3400 368 3458 quae
393 3393 633 3451 noverat,
668 3386 766 3455 ipsi
795 3385 995 3440 fontem
1029 3383 1390 3448 uberrimum,
1419 3382 1558 3436 unde
1587 3381 1840 3451 quidquid

243 3477 344 3532 abs
374 3491 432 3530 se
460 3476 640 3531 doceri
669 3491 824 3546 posse
851 3491 955 3530 non
985 3474 1219 3543 putabat,
1245 3473 1384 3527 facili
1415 3474 1628 3542 negotio
1656 3472 1839 3526 hauri-

244 3580 352 3635 ret,
383 3567 671 3634 indicavit;
701 3579 860 3639 atque
890 3577 945 3622 ut
972 3568 1349 3638 Hieronymum
1377 3567 1724 3632 conveniret,
1758 3573 1840 3620 est

244 3659 580 3714 adhortatus.
625 3659 680 3716 ld
725 3660 1002 3730 Augustini
1045 3660 1156 3713 sive
1196 3657 1510 3723 consilium,
1548 3659 1658 3711 sive
1695 3672 1836 3727 pra:-

247 3757 484 3819 ceptum,
510 3766 668 3820 quam
697 3750 926 3805 libenter
950 3749 1154 3819 accepit
1178 3749 1394 3804 Orosius
1412 3791 1425 3813 ,
1450 3749 1604 3818 eique
1633 3763 1836 3803 morem

242 3856 436 3911 gerere
465 3842 620 3896 laetus
646 3842 899 3896 decrevit.
937 3842 1090 3896 illum
1131 3849 1344 3896 sanctus
1370 3840 1639 3906 Antistes,
1682 3848 1740 3893 ut
1782 3840 1836 3895 in

239 3933 424 3989 reditu
447 3937 590 4005 prius
612 3935 676 3989 ad
707 3951 764 3991 se
796 3935 1104 4004 diverteret,
1125 3949 1281 4004 quam
1313 3933 1363 3987 in
1392 3933 1614 4013 patriam
1642 3947 1839 3988 remea-

235 4034 371 4093 ret,
403 4029 635 4096 rogavit;
661 4026 804 4100 quod
853 4044 909 4083 se
954 4027 1314 4096 prazstiturum
1360 4025 1559 4094 recepit
1596 4023 1832 4080 Orosius.

240 4117 550 4187 Augustino
571 4107 868 4188 pergratum
901 4117 1018 4183 fuit,
1048 4116 1190 4188 quod
1216 4131 1332 4170 eam
1364 4115 1697 4170 occasionem
1718 4115 1837 4170 Hie-

240 4222 474 4277 ronymo
503 4207 861 4264 dubitationes
887 4223 1011 4263 suas
1039 4205 1371 4276 proponendi
1401 4205 1832 4260 nancisceretur:

241 4302 444 4358 etenim
483 4319 583 4373 pro
621 4317 830 4358 summo
859 4317 955 4356 suo
982 4302 1034 4354 in
1061 4301 1338 4354 veritatem
1369 4299 1572 4365 studio,
1611 4298 1834 4352 multum

241 4394 592 4451 desiderabat
619 4411 737 4449 cum
767 4409 832 4450 eo
859 4393 1087 4463 colloqui
1119 4407 1214 4463 per
1243 4392 1446 4445 litteras
1471 4405 1485 4452 ;
1516 4389 1709 4459 quippe
1738 4405 1834 4443 cu-

237 4487 328 4558 jus
356 4489 626 4559 ingenium
656 4501 815 4558 atque
838 4487 1191 4546 eruditionem
1223 4485 1433 4556 plurimi
1466 4484 1708 4540 faciebat.
1736 4483 1834 4538 At-

241 4580 334 4650 qui
369 4596 502 4650 opus
539 4580 606 4635 ad
643 4580 782 4635 istud
819 4587 934 4634 crat
971 4578 1183 4633 homine
1209 4577 1273 4632 ad
1304 4577 1565 4648 agendum
1601 4575 1737 4642 ﬁdo,
1766 4576 1830 4631 ad

242 4671 540 4740 parendum
562 4680 829 4742 prompto,
853 4671 919 4726 ad
950 4670 1196 4725 ferendos
1226 4670 1427 4725 itineris
1452 4669 1662 4724 labores
1683 4685 1836 4724 exer-

239 4760 422 4815 citato.
444 4761 630 4816 Talem
660 4771 834 4817 autem
857 4761 1058 4831 jamdiu
1081 4760 1349 4830 qumrebat
1364 4769 1579 4814 sanctus
1598 4760 1830 4825 Prmsul;

241 4866 344 4906 nec
365 4852 464 4923 ipsi
485 4851 642 4908 facile
668 4855 996 4910 occurrebat.
1017 4853 1275 4921 Quocirca
1293 4869 1381 4908 eas
1398 4867 1584 4908 omnes
1600 4853 1833 4923 aliasque

238 4943 394 4999 dotes
424 4945 477 5000 in
506 4944 695 5000 Orosio
721 4945 894 5000 adhuc
928 4945 1124 5015 juvene
1157 4952 1362 5011 nactus,
1395 4944 1540 4998 illum
1571 4943 1639 4998 ad
1668 4959 1726 4999 se
1753 4944 1834 5000 di-

237 5036 366 5090 vino
391 5036 619 5092 consilio
651 5037 870 5107 hujusce
907 5036 986 5091 rei
1023 5036 1190 5107 gratia
1230 5036 1450 5090 missum
1490 5035 1828 5090 existimavit.

236 5126 480 5196 Arripuit
513 5126 670 5197 igitur
699 5127 1035 5182 occasionem
1059 5168 1074 5192 ,
1106 5141 1169 5182 ac
1196 5125 1519 5197 Hieronymo
1545 5125 1829 5181 deferenda

236 5217 446 5271 curavit
465 5219 657 5289 scripta
679 5217 785 5274 duo
811 5218 1154 5289 longiuscula,
1179 5234 1298 5287 qua:
1322 5218 1486 5271 libros
1508 5219 1729 5287 ipsemet
1746 5233 1831 5272 vo-

235 5307 368 5361 citat
399 5306 588 5378 (Epist.
610 5308 800 5374 {69,n.
823 5309 918 5374 i5;
942 5309 1107 5378 Epist.
1125 5308 1246 5376 190,
1266 5325 1316 5361 n.
1337 5307 1454 5377 20),
1482 5323 1650 5377 eoque
1676 5309 1829 5364 titulo

237 5397 291 5451 in
318 5397 802 5456 Retractationibus
822 5401 930 5455 suis
959 5407 1232 5458 recenset.
1259 5399 1499 5468 quamvis
1530 5399 1626 5453 hac
1647 5409 1828 5454 nostra

236 5500 398 5547 tetate
435 5490 576 5548 inter
613 5492 753 5549 illius
783 5493 1035 5563 epistolas
1070 5499 1415 5546 numerentur
1444 5490 1462 5562 (
1490 5489 1674 5561 Epistt.
1697 5491 1818 5558 166,

237 5579 389 5652 167).
409 5581 790 5656 Hieronymum
818 5585 870 5639 in
892 5585 1062 5654 primo
1078 5581 1305 5638 consulit
1323 5581 1389 5637 de
1411 5581 1616 5652 origine
1632 5583 1823 5638 anima:

238 5669 505 5740 hominis;
535 5675 588 5730 in
615 5677 781 5731 altero
801 5685 976 5731 autem
998 5675 1064 5730 de
1084 5676 1346 5730 sententia
1370 5673 1457 5728 illa
1477 5673 1682 5742 Jacobi,
1705 5673 1828 5741 Qui-

237 5780 451 5831 (umque
483 5777 632 5820 totum
667 5768 820 5838 (egent
849 5767 1147 5837 servaverit,
1177 5765 1397 5834 o/feudat
1425 5777 1589 5820 attrem
1620 5773 1670 5821 tu
1701 5783 1819 5841 uno.

1645 337 1845 395 LIBER
1883 339 2236 398 SEPTIMUS.

3434 359 3539 418 478

1966 458 2129 525 factus
2168 464 2240 510 est
2275 457 2496 512 omnium
2525 473 2639 514 reus
2676 457 2698 534 (
2720 460 2900 517 Jacobi
2924 479 2980 531 tt,
3013 465 3080 522 10
3107 467 3146 537 ).
3177 467 3348 526 Hosce
3375 470 3540 529 libros

1967 544 2318 616 Hieronymus
2340 562 2444 602 non
2475 549 2590 606 sine
2615 549 2834 608 honoris
2856 555 3222 614 testificatione
3240 572 3535 620 memorat:

1963 638 2055 693 sed
2100 639 2204 694 illis
2246 642 2568 712 reSponderc
2611 659 2676 700 eo
2722 647 3019 717 recusavit,
3051 651 3191 722 quod
3225 669 3395 725 neque
3437 657 3537 712 sibi

1962 731 2125 786 otium
2156 732 2222 788 ad
2252 734 2301 788 id
2337 738 2693 792 necessarium
2723 751 3060 811 suppeteret,
3093 761 3265 817 neque
3293 747 3538 804 utilitati-

1961 821 2060 876 bus
2104 822 2357 880 Ecclesia:
2399 827 2755 897 conduceret,
2796 831 3145 902 Augustinum
3185 852 3247 892 ac
3274 838 3538 910 Hierony-

1961 929 2126 980 mum,
2153 916 2238 969 vel
2269 915 2320 969 in
2349 916 2610 983 minimis,
2640 921 2888 990 opinione
2913 923 3109 980 divisos
3129 927 3315 982 videri.
3339 928 3408 983 Et
3438 931 3538 986 hoc

1961 1001 2097 1057 forte
2124 1006 2448 1075 Augustino,
2481 1018 2832 1082 praeterquam
2863 1015 3000 1085 quod
3041 1016 3188 1072 illum
3227 1019 3324 1075 sibi
3352 1020 3419 1076 de
3457 1023 3536 1078 his

1961 1094 2241 1164 aliquando
2261 1113 2638 1168 responsurum
2663 1105 2929 1172 sperabat,
2953 1107 3283 1176 potissimum
3307 1110 3358 1165 in
3378 1126 3538 1167 causa

1963 1185 2076 1247 fuit.
2101 1202 2195 1241 cur
2219 1189 2433 1244 eosdem
2466 1191 2582 1246 illos
2609 1193 2792 1260 libros,
2817 1196 2990 1265 quoad
3011 1197 3140 1251 vixit
3162 1198 3534 1272 Hieronymus,

1960 1277 2153 1345 publici
2176 1277 2308 1347 juris
2332 1278 2505 1335 facere
2528 1283 2755 1338 noluerit
2776 1284 2948 1356 (Apud
2968 1287 3206 1358 August.,
3226 1288 3392 1358 Epist.
3413 1291 3533 1359 172,

1961 1383 2010 1420 η.
2031 1368 2050 1420 1
2068 1386 2079 1431 ;
2100 1367 2320 1422 Iietract.
2338 1369 2422 1423 tib.
2437 1371 2492 1438 9.,
2508 1389 2621 1442 cap.
2637 1375 2749 1446 45).
2768 1376 2970 1432 Exinde
2987 1380 3128 1433 enim
3145 1389 3201 1434 ut
3217 1397 3398 1435 eorum
3417 1396 3541 1452 apo.

1959 1460 2212 1530 graphum
2231 1462 2455 1531 cuipiam
2476 1463 2646 1530 daret,
2675 1481 2778 1520 non
2808 1469 2964 1523 modo
2990 1470 3162 1525 induci
3187 1487 3289 1526 non
3309 1481 3534 1542 poterat,

1959 1550 2053 1604 sed
2106 1567 2274 1621 neque
2322 1553 2508 1609 amicis
2556 1557 2805 1611 credebat
2842 1559 3054 1614 domum
3102 1561 3454 1618 deferendos:
3483 1564 3536 1619 id

1955 1642 2139 1711 gratia:
2168 1651 2368 1698 tantum
2396 1647 2712 1714 concedens,
2741 1657 2797 1703 ut
2826 1651 3037 1705 eosdem
3067 1651 3259 1707 lectum
3281 1654 3346 1708 ad
3367 1669 3424 1709 sc
3445 1670 3535 1709 ve-

1957 1734 2149 1788 liii'lflli.
2179 1733 2338 1792 Certe
2369 1739 2421 1792 in
2447 1738 2544 1793 hac
2568 1748 2732 1809 parte,
2757 1751 3035 1811 antequam
3061 1745 3364 1815 Hieronymi
3390 1747 3535 1800 litte-

1955 1839 2040 1877 ras
2066 1823 2240 1896 (Apud
2262 1829 2494 1899 August.,
2523 1829 2683 1900 Epist.
2708 1830 2829 1902 172)
2853 1833 3162 1901 accepisset,
3183 1850 3298 1889 sese
3318 1836 3535 1905 gerebat

1953 1913 2174 1970 liberius
2199 1935 2210 1970 :
2237 1935 2358 1972 nam
2385 1919 2521 1973 inter
2542 1921 2672 1974 alios
2699 1923 3003 1993 complures
3027 1924 3210 1990 libros,
3236 1941 3368 1995 quos
3395 1927 3531 1981 Evo-

1953 2007 2042 2062 dio
2063 2007 2438 2064 describendos
2464 2011 2638 2079 oii'ert,
2660 2012 2756 2066 hos
2776 2029 2984 2082 quoque
3010 2023 3322 2070 annumerat
3343 2015 3531 2087 (Epist.

1957 2099 2079 2164 169,
2109 2118 2162 2154 η.
2199 2101 2308 2170 15).
2338 2101 2558 2156 Videtur
2600 2103 2738 2157 idem
2784 2105 2850 2158 ab
2885 2105 3208 2176 Hieronymo
3248 2107 3534 2162 traductio-

1952 2207 2073 2246 nem
2107 2192 2445 2262 Septuaginta
2486 2194 2870 2264 interpretum,
2907 2196 2980 2251 ab
3012 2212 3075 2251 eo
3114 2199 3337 2262 factam,
3378 2206 3535 2268 atque

1952 2283 2190 2337 astericis
2215 2286 2548 2356 vet-uinisque
2576 2285 2900 2354 distinctam,
2925 2303 3021 2356 per
3045 2289 3289 2342 Orosium
3317 2291 3534 2359 petiisse

1957 2372 2142 2447 (Epist.
2161 2374 2281 2441 179.,
2300 2375 2421 2446 11.2)
2446 2395 2457 2429 :
2478 2393 2680 2431 necnon
2704 2378 2952 2447 epistolas
2977 2379 3176 2450 aliquot
3205 2389 3314 2434 tum
3336 2381 3402 2435 ad
3425 2382 3532 2435 vir-

1951 2465 2124 2534 ginem
2156 2465 2520 2531 Eustochium,
2556 2478 2663 2521 tum
2695 2469 2758 2522 ad
2783 2469 2939 2538 hujus
2963 2482 3186 2525 matrem
3216 2471 3427 2525 Paulam
3446 2471 3534 2542 ju-

1951 2558 2154 2611 niorem
2194 2558 2443 2627 scripisse
2462 2602 2475 2624 ,
2517 2559 2709 2631 quibus
2739 2561 2852 2615 illas
2872 2603 2886 2628 ,
2919 2571 2976 2616 ut
3007 2563 3294 2631 procedere
3325 2578 3386 2619 ac
3412 2579 3536 2634 pro-

1948 2647 2095 2716 gredi
2127 2649 2177 2701 in
2200 2649 2397 2704 virtute
2426 2658 2726 2720 pergerent,
2753 2650 3142 2709 adhortaretur.

2019 2739 2071 2794 5.
2115 2739 2194 2794 Ad
2224 2740 2563 2795 scribendum
2605 2743 2796 2797 librum
2824 2743 2891 2798 de
2917 2743 3112 2799 Natura
3144 2753 3198 2814 et
3225 2744 3401 2800 Gratia
3423 2745 3533 2816 jam
3604 2812 3606 2814 _

1948 2830 2082 2885 forte
2106 2832 2730 2904 Augustiuusaggrcssus
2756 2844 2890 2899 erat,
2919 2851 3038 2889 cum
3059 2852 3124 2890 ex
3146 2835 3319 2890 Africa
3337 2837 3536 2892 disces-

1851 2982 1856 2986 ,
1947 2923 2016 2976 sit
2035 2923 2271 2978 Orosius.
2297 2924 2393 2979 Hic
2415 2925 2554 2979 enim
2582 2941 2686 2980 non
2715 2927 2786 2980 ita
2817 2927 2983 2982 multo
3011 2936 3148 2997 post,
3173 2944 3329 2998 quam
3358 2929 3408 2983 in
3431 2929 3531 2984 Pa-

1948 3013 2206 3067 laestinam
2262 3016 2635 3083 pervenisset,
2687 3017 2916 3086 ipsemet
2967 3017 3177 3087 Pelagio
3225 3027 3529 3088 praesente,

1946 3115 2187 3162 sanctum
2207 3107 2512 3162 Antistitcm
2539 3108 2754 3177 hujusce
2771 3108 3009 3163 haeretici
3027 3110 3179 3176 libro,
3195 3111 3293 3165 sibi
3311 3111 3377 3164 ab
3395 3111 3532 3166 illius

1945 3196 2220 3267 discipulis
2259 3199 2483 3261 tradito.
2526 3199 2834 3253 eorumdem
2877 3210 3061 3271 rogatu
3101 3202 3406 3269 plenissime
3445 3219 3532 3258 re-

1944 3288 2208 3358 spondere
2252 3287 2533 3343 affirmavit
2582 3289 2600 3362 (
2635 3289 2864 3353 Orosius,
2898 3291 2960 3358 jn
2999 3291 3246 3362 Apologia
3271 3291 3312 3362 ).
3345 3294 3446 3347 Per
3477 3293 3529 3348 id

1944 3394 2154 3449 quoque
2172 3380 2427 3449 temporis
2445 3380 2512 3435 de
2531 3382 2728 3450 scripto
2745 3381 2970 3450 quodam
2991 3383 3272 3452 Augustini
3301 3385 3530 3453 loquitur

1944 3469 2328 3540 Hieronymus,
2361 3470 2501 3540 quod
2541 3470 2772 3526 nondum
2819 3471 2920 3526 sibi
2967 3473 3019 3526 in
3057 3488 3245 3528 manus
3275 3485 3524 3543 venerat,

1943 3561 2188 3633 quodque
2210 3562 2478 3632 Pelagium
2509 3571 2654 3618 recta
2686 3562 2996 3633 impugnare
3023 3561 3292 3618 ferebatur
3319 3563 3528 3636 (Contra

1943 3652 2147 3724 Pelag.,
2181 3653 2304 3707 dial.
2326 3655 2378 3722 5,
2399 3672 2510 3725 cap.
2541 3653 2622 3726 ϐ).
2648 3654 2971 3725 Augustinus
3000 3655 3241 3710 similiter
3268 3656 3439 3711 eidem
3465 3657 3526 3711 li-

1940 3749 2038 3805 bro
2066 3749 2242 3804 locum
2272 3764 2364 3804 eos
2391 3749 2558 3815 inter,
2589 3763 2811 3822 quorum
2842 3749 3063 3818 epistola
3102 3765 3243 3804 anno
3277 3749 3528 3820 quadrin-

1940 3841 2235 3910 gentesimo
2264 3839 2475 3895 decimo
2506 3840 2691 3908 quinto
2719 3849 2958 3896 vertente
2985 3841 3104 3895 data
3135 3842 3402 3908 meminit,
3433 3856 3528 3912 po-

1941 3940 2196 3985 stremum
2223 3933 2475 4001 assignat.
2503 3932 2701 4003 Pelagii
2729 3933 2924 3987 librum
2956 3933 3249 4002 Augustino
3276 3935 3528 3989 miserant

1943 4023 2206 4079 Timasius
2234 4033 2288 4078 et
2312 4025 2543 4078 Jacobus
2574 4023 2674 4095 (De
2701 4023 2905 4077 Natura
2930 4034 2973 4077 et
2996 4024 3162 4092 Grut,
3191 4041 3242 4078 η.
3267 4023 3316 4096 1)
3348 4024 3529 4080 adole-

1942 4127 2153 4172 scentes
2177 4117 2550 4171 honestissime
2573 4116 2703 4181 nati,
2726 4125 2777 4170 et
2805 4116 3056 4170 institutis
3083 4116 3387 4170 liberalibus
3407 4133 3529 4170 eru-

1941 4207 2037 4262 diti
2067 4206 2256 4279 (Epist.
2292 4207 2408 4273 179,
2437 4224 2489 4260 η.
2520 4205 2599 4277 ‘2),
2628 4207 2717 4276 qui
2759 4205 3035 4275 ipsiusmct
3061 4205 3254 4276 Pelagii
3285 4205 3523 4273 hortatu,

1942 4298 2088 4352 omni
2118 4313 2213 4368 spe
2235 4297 2475 4351 sa-culari
2505 4297 2729 4366 abiecta,
2755 4311 2872 4350 sese
2898 4295 2962 4349 ad
2987 4295 3075 4348 Dei
3102 4295 3373 4350 servitium
3399 4309 3529 4348 con-

1941 4390 2168 4443 tulerant
2188 4387 2376 4461 (Epist.
2398 4389 2515 4452 177,
2532 4404 2583 4440 u.
2600 4388 2652 4451 6;
2669 4385 2832 4458 Epist.
2852 4387 2973 4453 1⁸79,
2990 4403 3040 4439 η.
3056 4385 3135 4458 2).
3151 4385 3254 4441 Sed
3273 4386 3354 4439 vix
3375 4385 3449 4439 illi
3467 4401 3526 4441 se

1941 4481 2137 4551 Pelagii
2162 4495 2324 4550 opera
2355 4479 2697 4532 smcularibus
2727 4477 2949 4532 vinculis
2977 4477 3374 4546 expediverant,
3403 4492 3545 4531 cum

1941 4587 1998 4626 se
2027 4571 2227 4641 laqueis
2254 4570 2422 4624 multo
2448 4568 2827 4626 funestioribus
2847 4611 2861 4635 ,
2898 4569 3146 4623 nimirum
3178 4569 3403 4624 inductae
3427 4585 3524 4641 per

1940 4664 2086 4726 illum
2110 4663 2393 4728 lia-roseos,
2426 4661 2792 4731 implicarunt;
2817 4676 2845 4715 a
2869 4662 3057 4732 quibus
3081 4671 3252 4717 tamen
3274 4677 3366 4717 eos
3384 4661 3523 4715 Deus

1939 4754 2131 4824 eripuit
2154 4753 2393 4809 subsidio
2415 4768 2477 4808 ac
2505 4754 2718 4808 monitis
2738 4753 3038 4824 Augustini.
3068 4753 3163 4808 llic
3187 4754 3327 4807 enim
3355 4754 3520 4806 inter~

1938 4845 2117 4899 missis
2145 4843 2424 4899 confestim
2455 4859 2573 4914 qum
2611 4844 2664 4898 in
2703 4844 2945 4899 manibus
2980 4852 3132 4899 erant
3152 4885 3165 4909 ,
3193 4843 3384 4897 librum
3413 4858 3518 4896 non

1938 4937 2192 4992 mediocri
2223 4937 2517 4992 intentione
2553 4937 2773 5006 perlegit
2809 4935 2908 5007 (De
2939 4934 3064 4989 Nat.
3097 4944 3142 4988 et
3170 4934 3334 4997 Grat.,
3359 4949 3408 4986 η.
3440 4931 3517 5005 1);

1939 5031 2240 5101 reperitque
2263 5030 2527 5099 Pelagium
2561 5040 2802 5083 naturam
2829 5027 3058 5082 hominis
3086 5035 3266 5081 contra
3289 5025 3380 5080 Dei
3399 5039 3524 5096 gra-

1940 5121 2062 5174 tiam
2077 5129 2270 5190 quanta
2288 5128 2492 5190 poterat
2508 5118 2959 5189 argumentatione
2971 5117 3255 5172 defendere
3272 5115 3516 5189 (Retract.

1939 5211 2024 5265 lib.
2042 5212 2097 5278 2,
2114 5230 2225 5282 cap.
2245 5213 2357 5282 42).
2378 5209 2426 5265 Is
2443 5220 2620 5265 autem
2645 5211 2777 5265 liber
2792 5217 2907 5264 erat
2927 5210 3114 5280 dialogi
3133 5209 3321 5276 forma,
3341 5224 3520 5280 quem-

1935 5305 2219 5360 admodum
2255 5321 2321 5360 ex
2361 5305 2492 5359 locis
2529 5303 2596 5358 ab
2635 5303 2927 5373 Augustino
2968 5302 3139 5357 citatis
3183 5299 3514 5374 intelligitur,

1935 5396 2300 5451 concinnatus.
2332 5394 2388 5449 ln
2415 5409 2479 5449 eo
2515 5394 2614 5449 sibi
2647 5394 2760 5464 ipse
2788 5393 3132 5463 qumstionem
3175 5392 3317 5446 illam
3352 5406 3519 5462 oppo-

1935 5486 2420 5557 ncbat:Numquid
2459 5486 2683 5558 gratiam
2713 5498 2818 5539 non
2858 5483 3193 5549 excluderet,
3235 5497 3354 5537 cum
3398 5482 3516 5536 sine

1935 5586 2152 5650 peccato
2179 5581 2357 5634 vivere
2397 5579 2665 5633 hominem
2709 5592 2863 5647 posse
2906 5575 3282 5632 contenderet?
3310 5573 3407 5629 Cui
3436 5574 3513 5628 rei

1934 5672 2110 5728 verbis
2127 5671 2340 5727 disertis
2356 5673 2538 5742 gratia:
2555 5686 2708 5740 opem
2731 5670 3065 5740 divinatnque
3095 5665 3510 5723 misericordiam

1935 5765 2290 5822 necessariam
2331 5779 2452 5822 esse
2497 5764 2857 5838 proﬁtebatur.
2898 5761 3246 5835 Augustinum
3297 5757 3512 5822 quidem
