4042 6360
535 311 644 371 4⁸19

438 448 449 459 ·
537 443 647 492 eos,
668 426 760 497 qui
781 424 1253 496 seclusagratiade
1272 423 1648 494 justiﬁcatlone
1672 422 1900 477 hominis
1926 420 2109 489 loque-

536 529 740 585 rentur,
767 535 886 574 cum
913 519 1131 574 horrore
1153 518 1522 581 detestantem,
1547 517 1722 570 Iretitia
1748 524 1967 586 repente
1988 530 2108 585 per-

534 612 667 669 fudit
691 613 953 669 confessio
978 612 1158 682 gratia:
1180 621 1283 666 tam
1305 618 1507 679 aperta.
1533 608 1723 663 Verum
1747 607 1984 677 pergenti
2006 607 2105 676 ipsi

532 703 709 773 legere
734 714 944 766 caetera,
974 702 1307 772 perspicuum
1341 700 1550 754 tandem
1585 698 1696 764 fuit,
1725 699 1825 752 sub
1855 699 1951 752 hac
1977 712 2106 751 voce

530 796 996 864 tequivocationem
1026 794 1189 847 latere
1214 791 1312 864 (De
1336 791 1459 845 Nat.
1490 800 1535 844 et
1563 789 1731 856 (έναι,
1756 808 1842 844 tm.
1870 791 1954 853 ll,
1988 789 2100 859 12):

529 901 650 940 cum
681 887 784 940 illic
814 887 1055 955 Pelagius
1087 900 1263 939 veram
1297 882 1489 937 Christi
1527 882 1751 953 gratiam
1798 898 1901 937 non
1946 883 2105 936 modo

528 991 635 1031 non
661 984 990 1046 agnosceret,
1014 976 1106 1031 sed
1131 976 1289 1029 etiam
1311 973 1575 1029 contraria
1599 976 1648 1029 ei
1670 974 1834 1028 multa
1860 974 2105 1043 loquere-

528 1074 613 1118 tur
634 1065 818 1136 (Epist.
842 1066 960 1130 169,
982 1082 1032 1116 η.
1053 1063 1131 1134 5),
1154 1078 1320 1133 eaque
1347 1063 1562 1117 omnino
1588 1063 1862 1117 moliretur
1878 1078 2100 1133 persua-

523 1156 671 1221 dere,
690 1172 804 1224 qure
827 1138 969 1209 illam
995 1155 1062 1208 de
1089 1154 1319 1208 ﬁdelium
1345 1154 1594 1208 cordibus
1618 1154 1870 1209 creditam
1891 1154 2103 1209 deleant

528 1247 716 1319 (Epist.
735 1249 853 1313 186,
874 1265 924 1301 η.
944 1248 1016 1317 1).
1040 1247 1127 1301 lsti
1158 1261 1285 1317 ergo
1312 1247 1465 1313 libro,
1487 1248 1609 1316 quia
1639 1247 1690 1301 id
1714 1247 1827 1301 ﬁeri
1854 1255 2101 1316 Oportere

523 1342 761 1407 videbat,
798 1341 935 1395 edita
982 1341 1033 1394 in
1069 1341 1253 1409 vulgus
1287 1329 1644 1408 disputatione
1686 1337 1958 1407 respondit
1986 1339 2098 1391 Au-

522 1436 793 1505 gustinus,
822 1433 911 1503 qui
940 1433 1038 1487 hoc
1064 1448 1217 1486 suum
1249 1447 1380 1500 opus
1406 1446 1470 1486 eo
1500 1430 1765 1499 inscripsit
1792 1430 1868 1483 De
1898 1427 2099 1482 Natura

520 1534 568 1579 et
598 1523 806 1588 Gratia;
836 1523 975 1591 quod
1023 1523 1092 1577 ibi
1136 1523 1359 1591 gratiam
1404 1520 1679 1586 defendat,
1732 1536 1836 1574 non
1886 1519 2096 1589 quidem

518 1621 701 1666 contra
745 1621 1019 1676 naturam,
1051 1612 1143 1666 sed
1190 1627 1283 1680 per
1318 1626 1476 1680 quam
1519 1610 1773 1663 liberatur
1808 1617 1864 1663 et
1901 1609 2099 1678 regitur

508 1692 703 1757 «natura
726 1701 1263 1773 (Retract.lib.9,cap.
1282 1699 1395 1771 42).
1428 1700 1499 1754 lbi
1530 1701 1725 1754 dictum
1753 1701 1877 1754 illud
1903 1701 2097 1769 Pelagii

518 1793 769 1846 hominem
797 1810 941 1862 posse
965 1809 1069 1848 esse
1096 1794 1203 1846 sine
1242 1802 1465 1862 peccato,
1492 1801 1537 1845 et
1570 1792 1808 1845 mandata
1829 1792 1921 1845 Dei
1950 1793 2098 1863 facile

519 1887 786 1952 custodire,
817 1887 862 1939 si
890 1888 1020 1952 velit,
1054 1887 1122 1940 ab
1149 1887 1440 1956 Augustino
1470 1886 1841 1952 condemnari,
1871 1888 2098 1941 affirmat

519 1977 737 2031 Orosius
788 1976 807 2048 (
837 1976 902 2031 In
926 1978 1169 2048 Apologia
1195 1977 1238 2048 ).
1269 1977 1420 2032 Nulla
1463 1987 1638 2033 autem
1683 1979 1800 2032 libri
1832 1994 1859 2030 a
1886 1980 2097 2050 Pelagio

519 2070 701 2139 scripti
720 2070 875 2124 verba
896 2085 997 2123 non
1012 2069 1225 2123 discutit
1246 2078 1299 2123 et
1318 2068 1571 2135 eoufutat,
1586 2071 1830 2139 aperiens
1849 2071 2095 2125 nimirum

520 2170 573 2212 et
602 2168 925 2229 quantopere
966 2160 1186 2214 aliorum
1226 2160 1506 2215 verborum
1537 2176 1689 2215 error
1719 2161 1996 2231 fugiendus
2031 2163 2100 2217 sit

520 2267 584 2305 ac
602 2252 960 2329 detestandus,
982 2261 1041 2329 et
1064 2253 1221 2307 simul
1245 2262 1498 2323 quantum
1526 2254 1576 2307 in
1611 2254 1716 2308 illis
1746 2254 1876 2325 ipsis
1897 2257 2094 2324 verbis,

519 2357 637 2411 qua:
667 2343 884 2398 minime
912 2326 1047 2397 mala
1080 2343 1388 2408 videantur,
1421 2352 1594 2398 tamen
1628 2354 1842 2414 propter
1881 2346 2097 2401 allecta-

521 2443 629 2487 tum
660 2450 797 2501 verte
823 2435 1005 2504 gratiae
1034 2435 1255 2504 ejusque
1293 2435 1473 2488 auxilii
1513 2435 1809 2500 silentium,
1843 2437 2100 2493 inhaereat

519 2524 842 2595 suspicionis
853 2524 1025 2596 (Apud
1040 2526 1274 2595 Aagnst.,
1294 2523 1461 2593 Epist.
1484 2525 1628 2596 168).
1646 2526 1777 2579 Cum
1797 2542 1913 2581 eam
1930 2528 2101 2597 Augu-

520 2617 643 2671 stini
658 2618 1087 2672 ’lueubratioucm
1120 2617 1450 2688 accepissent
1472 2618 1735 2673 Timasius
1770 2629 1824 2675 et
1847 2621 2095 2690 Iacobus,

522 2712 732 2781 scriptis
760 2711 945 2765 litteris
973 2712 1169 2781 gratias
1194 2720 1435 2781 egerunt,
1459 2720 1514 2766 et
1541 2712 1861 2782 singularem
1889 2730 1955 2767 ex
1985 2714 2099 2783 ejus

520 2803 744 2857 lectione
760 2818 819 2857 se
834 2803 1155 2872 voluptatem
1175 2804 1382 2873 cepisse
1411 2804 1671 2858 testiﬁcati
1692 2815 1814 2859 sunt
1836 2822 1848 2871 ;
1869 2806 1927 2860 af
1929 2807 2102 2861 ﬁrma-

520 2904 768 2964 runtque,
791 2894 996 2949 tametsi
1014 2894 1122 2963 jam
1145 2904 1269 2949 ante
1287 2894 1620 2949 abdicassent
1645 2912 1901 2961 errorem,
1926 2906 2099 2953 tamen

519 2986 568 3039 ei
597 3001 655 3040 se
683 2986 880 3040 debere
908 2986 1214 3055 plurimum,
1237 2986 1377 3056 quod
1405 3002 1549 3039 arma
1578 2987 1674 3041 sibi
1693 3030 1706 3053 ,
1737 2988 1927 3057 quibus
1952 2989 2098 3043 illum

521 3077 573 3130 in
606 3076 722 3131 aliis
754 3084 1153 3146 oppugnarent,
1187 3075 1595 3145 suppeditasset.
1630 3077 1684 3131 In
1716 3072 1813 3132 hac
1842 3079 2097 3147 epistola,

521 3183 681 3237 quam
708 3168 985 3237 Augustini
1017 3167 1275 3222 beneficio
1305 3167 1463 3221 etiam
1496 3184 1634 3222 nunc
1665 3168 1920 3222 habemus
1962 3168 2101 3223 inte-

518 3274 688 3325 gram,
712 3260 975 3314 Timasius
1000 3269 1053 3315 et
1077 3260 1324 3328 Iacobus,
1352 3260 1494 3330 quod
1522 3260 1622 3316 hoc
1652 3272 1756 3315 tam
1787 3263 2098 3331 prteclarum

517 3350 700 3419 gratiae
729 3350 821 3404 Dei
852 3366 1063 3414 munus,
1086 3338 1162 3406 sic
1188 3351 1327 3405 enim
1354 3351 1597 3406 eumdem
1630 3352 1820 3407 librum
1845 3354 2097 3417 vocitant,

520 3456 625 3495 non
655 3440 803 3509 prius
830 3440 1165 3510 acceperint,
1198 3441 1379 3496 dolere
1407 3457 1466 3497 se
1496 3450 1786 3509 testantur;
1816 3444 2100 3513 contigisse

518 3530 778 3601 siquidem
799 3573 814 3597 ,
844 3540 900 3585 ut
926 3532 1199 3599 nonnulli,
1222 3549 1447 3602 quorum
1482 3534 1691 3589 creeitas
1715 3534 1814 3588 hac
1844 3545 1947 3588 tam
1976 3551 2098 3603 per-

520 3623 718 3691 spicuze
756 3623 994 3677 veritatis
1041 3623 1390 3679 illustratione
1434 3624 1722 3695 indigeret,
1758 3626 1809 3679 id
1846 3627 2098 3694 temporis

508 3715 769 3780 absentes
792 3726 1004 3779 essent;
1037 3732 1170 3787 quos
1200 3727 1376 3772 tamen
1410 3718 1547 3772 idem
1574 3720 1755 3788 gratiae
1778 3720 2004 3784 donum,
2034 3722 2101 3774 li-

518 3814 604 3858 cet
649 3806 848 3872 serius,
894 3816 1170 3875 sperarent
1205 3817 1536 3876 accepturos.
1562 3809 1762 3875 Quibus
1788 3811 1962 3865 verbis
2003 3827 2097 3866 eos

519 3894 789 3966 Pelagium
820 3898 1151 3966 potissimum
1178 3898 1532 3967 signiﬁcasse,
1563 3902 1858 3969 suspicatus
1883 3912 1964 3958 est
1983 3905 2096 3959 Au-

518 3987 759 4055 gustinus
790 3987 889 4057 (De
915 3986 1075 4042 Gestis
1104 3987 1321 4059 Pelagii,
1354 4007 1405 4042 η.
1430 3989 1543 4061 49).

590 4078 642 4132 6.
682 4078 798 4132 Jam
824 4079 1035 4147 quidem
1063 4080 1301 4134 absoluta
1329 4091 1441 4136 erat
1470 4082 1553 4135 illa
1577 4082 1643 4137 de
1675 4084 1867 4138 Natura
1890 4095 1940 4140 et
1963 4086 2098 4141 Gra-

518 4171 588 4223 tia
608 4170 911 4240 disputatio,
936 4186 1115 4225 verum
1143 4170 1229 4226 hic
1252 4187 1422 4227 annus
1444 4174 1668 4229 necdum
1691 4178 1952 4243 evolutus,
1977 4195 2095 4233 cum

516 4261 844 4332 Augustinus
878 4263 1274 4332 responsionem
1297 4264 1361 4319 ad
1383 4267 1599 4334 quaesita
1625 4268 1807 4322 Evodii
1834 4270 1900 4325 de
1926 4272 2100 4326 Trini-

518 4360 627 4406 tate
648 4360 702 4407 et
727 4353 965 4408 columba
984 4354 1194 4423 scripsit
1222 4353 1411 4426 (Epist.
1443 4354 1587 4427 169).
1609 4357 1833 4415 Sanctus
1855 4361 1943 4416 ille
1961 4362 2098 4417 Uza-

518 4442 681 4497 lensis
709 4442 946 4509 antistes,
979 4460 1202 4514 quocum
1226 4445 1268 4499 is
1289 4456 1433 4499 arcta
1459 4448 1684 4517 quadam
1708 4452 2097 4507 necessitudine

515 4534 625 4604 jam
652 4534 772 4589 inde
796 4549 825 4587 a
852 4535 1119 4604 Baptismo
1143 4537 1455 4606 conjunctus
1492 4548 1627 4607 erat,
1668 4541 1841 4596 varias
1867 4543 1913 4596 ei
1954 4559 2097 4613 qua:-

519 4623 718 4679 stiones
747 4624 811 4679 de
836 4626 995 4681 rebus
1023 4628 1250 4681 maxime
1273 4628 1469 4695 arduis,
1497 4631 1960 4701 quemadmodum,
1978 4650 2096 4705 qua:

520 4724 741 4783 restant,
767 4718 1038 4787 utriusque
1066 4720 1300 4788 epistolae
1326 4723 1536 4791 planum
1562 4723 1778 4788 faciunt,
1800 4741 2096 4797 proponere

443 4811 447 4851 ἓ
518 4817 883 4867 consueverat.
913 4811 1045 4866 lluic
1070 4820 1281 4868 sanctus
1306 4815 1502 4870 Doctor
1522 4817 1634 4886 ejus
1661 4821 1914 4874 momenti
1936 4820 2096 4876 rebus

520 4902 813 4973 studiisque
855 4909 981 4957 tunc
1008 4904 1252 4973 occupari
1284 4919 1342 4959 se
1370 4905 1630 4972 innuerat,
1660 4923 1689 4962 a
1717 4910 1907 4978 quibus
1932 4912 2097 4967 nollet

519 4994 748 5049 avocari.
776 4993 1127 5050 Nihilominus
1154 5004 1327 5051 tamen
1359 4998 1407 5052 ei
1436 4999 1576 5053 circa
1603 5003 1898 5070 praecipuas
1924 5004 2096 5075 inqui-

520 5083 739 5141 sitioncs
762 5085 1036 5152 satisfecit,
1082 5088 1268 5155 partim
1300 5102 1438 5143 anno
1469 5091 1737 5159 prtesenti,
1781 5094 1969 5162 partim
2000 5110 2094 5150 su-

520 5179 754 5244 periore;
784 5178 959 5233 missis
987 5178 1192 5234 interim
1220 5180 1354 5243 aliis,
1384 5195 1446 5235 ex
1473 5196 1692 5249 quarum
1725 5184 2095 5252 explanatione

520 5268 693 5323 minus
718 5272 944 5325 existere
969 5280 1149 5343 posset
1168 5273 1507 5327 emolumenti
1528 5292 1540 5327 :
1563 5275 1754 5345 quippe
1773 5277 1924 5347 cujus
1949 5287 2093 5335 certa

521 5367 666 5414 esset
692 5364 969 5427 sententia,
1001 5380 1104 5417 non
1131 5366 1236 5433 pati
1264 5380 1322 5420 se
1349 5380 1377 5418 a
1406 5365 1675 5422 laboribus
1702 5369 1867 5440 magis
1904 5386 2093 5427 neces-

520 5448 696 5516 sariis,
726 5453 918 5522 quique
954 5455 1189 5522 pluribus
1223 5457 1600 5525 conducerent,
1626 5459 1835 5526 abduci,
1866 5470 1920 5517 ut
1949 5463 2092 5518 difﬁ-

518 5549 764 5605 cultates,
790 5557 907 5611 quae
924 5545 1063 5599 solos
1079 5547 1312 5603 eruditos
1330 5558 1635 5619 spectarent
1652 5553 1969 5609 enuclearet.
1996 5554 2091 5611 Ubi

519 5648 696 5688 auten“.
724 5636 1067 5704 quaestionem
1095 5637 1162 5692 de
1190 5640 1315 5695 visis
1344 5643 1655 5714 prodigiosis
1685 5645 1994 5714 quibusdam
2026 5646 2093 5703 ab

522 5726 725 5783 Evodio
750 5728 968 5799 prolatis
987 5738 1290 5802 pertractat,
1314 5749 1507 5805 cupere
1532 5751 1589 5793 se
1610 5737 1903 5808 proﬁtetur,
1934 5738 2093 5795 ratio-

1588 306 1743 361 VlTA
1784 306 1840 361 S.
1880 301 2241 361 AUGUSTlNl
2281 302 2600 361 EPISCOPI.

3695 325 3831 381 480

2214 432 2335 473 nem
2361 419 2587 491 aliquam
2616 422 2681 477 ad
2713 439 2923 479 manum
2955 426 3172 495 habere,
3204 445 3303 500 qua
3335 446 3542 502 piorum
3576 450 3637 492 ac
3668 452 3829 494 san-

2213 517 2418 563 etorum
2443 510 2577 577 visa,
2608 512 2675 567 ab
2700 514 3161 585 imaginationibus
3188 519 3341 588 plane
3366 536 3552 578 eorum
3580 523 3823 583 similli-

2212 599 2334 666 mis,
2361 616 2490 671 quas
2517 616 2753 673 perszepe
2783 606 2863 659 vel
2892 621 3044 661 error
3068 609 3152 662 vel
3180 609 3425 680 impietas
3461 614 3512 667 in
3552 614 3821 672 fraudem

2211 692 2432 759 inducit,
2455 694 2761 764 dignoscere
2787 697 3018 753 valeret:
3048 701 3298 772 additque
3327 705 3481 759 citius
3508 706 3639 773 fore,
3656 716 3723 762 ut
3740 724 3820 764 se

2209 785 2277 839 de
2320 786 2592 843 fallacibus
2629 789 2923 847 visionibus
2964 802 3266 848 narrantem
3312 804 3522 867 tempus
3550 798 3813 869 deﬁciat,

2209 890 2365 944 quam
2388 876 2645 946 ejusmodi
2666 879 2967 935 illusionum
2989 884 3228 952 exempla
3256 884 3447 955 (Epist.
3478 887 3597 953 159,
3624 906 3680 943 η.
3713 889 3813 961 5).

2207 968 2275 1022 Et
2301 968 2425 1023 hinc
2455 970 2711 1041 intelligas
2732 970 2895 1028 fuisse
2922 974 2972 1029 id
3004 977 3258 1045 temporis
3284 984 3339 1033 et
3365 993 3520 1034 veras
3540 988 3594 1034 et
3625 980 3809 1035 falsas

2206 1059 2457 1126 visiones,
2501 1068 2657 1130 atque
2700 1063 3051 1132 Augustinum
3093 1068 3425 1133 cautionem,
3477 1085 3544 1123 ne
3585 1078 3811 1126 temere

2206 1166 2392 1207 omnes
2417 1153 2499 1207 vel
2529 1162 2823 1223 respueret,
2854 1155 2940 1209 vel
2968 1156 3288 1225 admitteret,
3332 1174 3593 1216 summam
3632 1161 3809 1217 adhi—

2206 1240 2383 1297 buisse
2411 1242 2626 1313 (Supra,
2656 1244 2741 1297 lib.
2771 1246 2825 1311 5,
2848 1262 2961 1317 cap.
2995 1246 3048 1311 8,
3079 1264 3133 1301 η.
3162 1249 3242 1318 5).

2277 1333 2328 1385 7.
2366 1332 2525 1388 Nobis
2554 1350 2657 1389 non
2689 1336 2837 1390 licuit
2862 1346 2984 1391 ante
3006 1337 3107 1394 hoc
3128 1349 3334 1410 tempus
3354 1341 3546 1396 librum
3568 1342 3632 1397 de
3655 1344 3805 1398 Per—

2204 1420 2430 1477 fectione
2453 1424 2667 1491 justitia:
2695 1425 2925 1480 hominis
2946 1428 3226 1496 collocare,
3256 1446 3413 1501 quem
3454 1433 3507 1487 in
3547 1432 3802 1488 lndiculo

2208 1512 2366 1586 (Cap.
2398 1514 2469 1583 4)
2502 1530 2605 1568 non
2653 1523 2851 1570 t‘emere
2882 1526 3001 1585 post
3049 1533 3184 1587 opus
3210 1519 3276 1575 de
3298 1519 3495 1575 Natura
3523 1531 3574 1576 et
3603 1522 3801 1579 Gratia

2206 1607 2352 1676 ponit
2396 1608 2663 1661 Possidius
2697 1627 2709 1661 :
2741 1609 3163 1678 quandoquidem
3211 1612 3530 1681 Augustinus
3568 1614 3621 1668 in
3660 1631 3802 1671 me-

2203 1706 2403 1751 morata
2445 1697 2511 1751 ad
2554 1697 2812 1753 Evodium
2843 1701 3064 1769 epistola
3110 1701 3313 1773 (Epist.
3346 1704 3476 1775 169)
3516 1706 3650 1760 illius
3676 1723 3797 1763 non

2201 1790 2460 1844 meminit.
2489 1790 2864 1847 Verumtamen
2889 1794 3184 1861 proximum
3204 1805 3323 1865 post
3344 1797 3483 1851 illam
3503 1798 3798 1867 epistolam

2203 1881 2374 1935 locum
2402 1881 2575 1935 eidem
2605 1883 2853 1945 tribuere,
2878 1884 3070 1939 rationi
3098 1887 3227 1940 satis
3253 1902 3545 1956 congruum
3573 1888 3656 1942 vel
3683 1888 3801 1945 hoc

2204 1989 2308 2027 uno
2334 1973 2591 2036 videatur,
2624 1973 2764 2043 quod
2791 1975 2953 2028 Paulo
2994 1984 3047 2029 et
3088 1975 3344 2046 Eutropio
3371 1979 3633 2048 episcopis
3661 1980 3799 2033 scri—

2201 2074 2322 2134 ptus
2349 2065 2435 2129 sit,
2470 2065 2573 2119 illis
2597 2066 2859 2133 videlicet,
2891 2067 2982 2136 qui
3007 2069 3299 2138 Augustino
3325 2070 3558 2125 libellum
3592 2070 3796 2126 adver-

2201 2174 2292 2212 sus
2321 2159 2526 2228 aliquas
2552 2159 2781 2213 lnereses
2808 2160 2963 2228 paulo
2989 2171 3111 2215 ante
3139 2162 3459 2229 obtulerant,
3478 2179 3635 2233 quam
3652 2167 3797 2218 Oro-

2201 2250 2311 2304 sius
2341 2250 2394 2305 in
2429 2250 2654 2303 Africam
2681 2250 2930 2319 appulsus
2957 2250 3025 2305 de
3053 2252 3240 2306 iisdem
3270 2252 3336 2307 ad
3365 2254 3535 2322 ipsum
3574 2254 3795 2309 scribe-

2202 2348 2303 2395 ret.
2338 2340 2469 2393 Tum
2498 2338 2635 2393 forte
2672 2338 2724 2393 in
2766 2341 3135 2410 episcoporum
3172 2342 3380 2396 illorum
3419 2359 3605 2398 manus
3641 2346 3799 2400 venit

2194 2430 2463 2499 chartula.
2487 2450 2517 2491 e
2547 2437 2724 2491 Sicilia
2754 2453 2847 2507 per
2878 2438 3067 2493 fratres
3093 2453 3187 2494 seu
3211 2438 3466 2509 quosdam
3486 2438 3797 2509 Catholiqos

2203 2527 2380 2593 allata,
2399 2544 2618 2599 qumque
2642 2531 2693 2584 in
2721 2530 2895 2586 fronte
2920 2532 2995 2585 sic
3012 2533 3432 2601 praenotabatur:
3454 2531 3793 2600 Deﬁnitiones

2203 2630 2257 2673 ut
2284 2621 2467 2675 dicitur
2491 2621 2723 2676 Cazlestii.
2756 2623 2900 2677 Hanc
2916 2623 2990 2678 illi
3006 2623 3183 2677 statim
3204 2622 3468 2678 dederunt
3490 2622 3797 2677 charissima

2205 2710 2326 2765 ﬁdei
2354 2714 2605 2768 assertori
2630 2728 2693 2768 ac
2724 2713 2935 2779 vindici,
2967 2723 3126 2783 atque
3149 2722 3203 2767 ut
3222 2713 3272 2768 ei
3298 2713 3661 2783 responderet,
3693 2728 3794 2782 pes

2206 2802 2420 2859 tierunt.
2454 2802 2503 2858 ls
2548 2804 2943 2873 inscriptionem
2987 2805 3199 2874 quidem
3244 2804 3477 2859 leestii
3520 2819 3626 2857 non
3666 2817 3795 2858 esse

2200 2892 2474 2961 judicavit,
2502 2894 2595 2949 sed
2626 2895 2813 2949 breves
2843 2898 2971 2949 istas
3009 2894 3347 2949 deﬁnitiones
3373 2893 3457 2947 vel
3495 2895 3669 2963 potius
3694 2908 3789 2947 ra.-

2207 2986 2576 3040 tiocinationes
2604 3003 2706 3045 non
2737 2987 3028 3043 abhorrere
3056 2987 3123 3042 ab
3152 2987 3291 3041 illius
3329 2986 3539 3056 ingenio
3562 2985 3789 3056 detexit,

2207 3075 2448 3145 inspecto
2468 3077 2570 3131 alio
2591 3078 2704 3147 ejus
2720 3093 2902 3149 opere,
2930 3078 3078 3147 cujus
3094 3087 3363 3131 auctorem
3387 3092 3505 3130 eum
3521 3091 3640 3132 esse
3660 3090 3795 3136 con-

2209 3167 2400 3220 stabat.
2436 3167 2697 3235 Adjuucla
2724 3168 3116 3223 deﬁnitionibus
3144 3178 3296 3224 erant
3322 3169 3603 3238 Scriptura!
3631 3169 3791 3223 testi-

2210 3258 2407 3322 monia,
2437 3274 2605 3327 coque
2636 3268 2801 3313 totum
2851 3260 2903 3313 id
2943 3260 3235 3330 spectabat,
3279 3268 3333 3314 ut
3374 3260 3617 3313 humanm
3644 3259 3789 3317 vires

2211 3358 2592 3413 astruerentur,
2625 3349 3041 3420 suadereturque
3069 3365 3226 3420 posse
3266 3349 3531 3404 hominem
3561 3348 3645 3403 hic
3672 3348 3789 3404 sine

2212 3450 2430 3509 peccato
2447 3456 2566 3496 esse
2591 3440 2691 3511 (De
2716 3441 3177 3513 Perfect.justitice,
3208 3459 3260 3495 η.
3293 3442 3364 3513 1).
3395 3442 3694 3497 Chartulam
3718 3456 3789 3495 eo

2212 3541 2368 3602 pacto
2406 3534 2598 3588 refellit
2635 3536 2977 3604 Augustinus,
3011 3542 3068 3588 ut
3096 3534 3327 3590 nondum
3359 3534 3479 3589 illos
3502 3534 3789 3604 reprehen-

2212 3623 2338 3677 dere
2358 3624 2568 3688 audeat,
2593 3626 2681 3695 qui
2715 3624 2972 3689 dicerent,
3002 3624 3162 3680 fuisse
3196 3624 3277 3680 vel
3311 3640 3428 3680 esse
3468 3624 3521 3677 in
3560 3618 3655 3677 liae
3677 3624 3787 3695 vita

2209 3713 2413 3783 aliquos
2434 3714 2674 3769 homines
2688 3715 2859 3785 justos
2875 3716 2990 3770 sine
3005 3723 3222 3785 peccato
3239 3714 3422 3787 (Ibid.,
3441 3731 3495 3767 η.
3512 3714 3602 3784 At)
3624 3730 3636 3764 :
3656 3728 3799 3791 quo:
3826 3702 3829 3707 ”

2212 3822 2330 3861 rum
2360 3807 2702 3862 nihilominus
2726 3808 3053 3876 opinionem,
3080 3808 3392 3862 auctoritate
3407 3804 3788 3873 Carthaginen—

2212 3899 2284 3953 sis
2303 3901 2670 3955 conciliianno
2703 3900 3221 3970 quadringentesimo
3250 3898 3456 3953 decimo
3484 3904 3671 3952 octavo
3699 3896 3787 3950 da-

2208 3998 2461 4057 mnatam,
2479 4000 2655 4060 postea
2673 3999 2884 4045 sanctus
2900 3991 3087 4045 Doctor
3101 4000 3159 4044 ut
3179 3989 3531 4060 perniciosum
3549 3999 3786 4045 errorem

2206 4082 2393 4151 carpit,
2435 4090 2488 4136 ct
2528 4097 2716 4138 cavere
2753 4082 2903 4159 jubet
2943 4080 3150 4153 (Contra
3195 4080 3338 4134 Duas
3376 4079 3544 4151 Epist.
3576 4078 3783 4150 Pelag.,

2207 4173 2293 4226 lib.
2320 4174 2373 4235 «1,
2403 4190 2455 4225 n.
2491 4173 2604 4243 28).
2636 4172 2847 4227 Interim
2868 4187 2994 4227 vero
3021 4172 3070 4225 in
3101 4172 3203 4226 isto
3232 4171 3366 4226 libro
3396 4171 3495 4227 hoc
3522 4171 3678 4226 docet
3699 4180 3783 4224 at-

2203 4282 2307 4335 que
2340 4264 2443 4320 huc
2472 4265 2745 4331 incumbit,
2784 4273 2840 4319 ut
2877 4274 3057 4319 nostra
3082 4264 3255 4319 omnis
3293 4264 3345 4317 in
3385 4263 3518 4334 ipsa,
3558 4280 3659 4334 qua
3688 4278 3783 4333 per

2205 4356 2362 4410 ﬁdem
2392 4356 2747 4423 ambulamus,
2790 4355 3213 4426 peregrinatione
3235 4355 3435 4425 justitia
3461 4355 3783 4425 intelligatur

2202 4446 2317 4500 haec
2344 4461 2483 4512 esse,
2514 4454 2573 4500 ut
2601 4445 2667 4501 ad
2706 4446 2847 4501 illam
2889 4446 3263 4515 perfectionem
3295 4445 3781 4514 plenitudinemque

2196 4536 2436 4605 justitire,
2466 4537 2553 4592 ubi
2578 4537 2633 4591 in
2658 4537 2834 4607 specie
2855 4537 2962 4607 jam
3005 4537 3160 4606 plena
3194 4545 3249 4592 et
3286 4534 3519 4606 perfecta
3549 4536 3780 4589 charitas

2198 4628 2319 4693 erit,
2350 4642 2490 4682 nunc
2518 4627 2681 4697 ipsius
2702 4642 2888 4683 cursus
2911 4628 3225 4683 rectitudine
3249 4635 3303 4683 et
3324 4626 3645 4697 perfectione
3664 4635 3778 4681 teu-

2199 4718 2385 4774 tlamus
2417 4719 2515 4792 (De
2546 4718 2765 4791 Perfect.
2781 4721 3038 4791 justitia,
3062 4736 3114 4774 η.
3138 4719 3248 4791 18).

2759 4811 2982 4868 CAPUT
3014 4810 3105 4866 IX.

2200 4906 2225 4959 1
2272 4903 2473 4976 Pelagii
2524 4903 2726 4958 haeresis
2755 4904 2808 4957 in
2841 4903 3116 4958 Pala’stina
3141 4903 3466 4975 impugnatur
3497 4905 3559 4957 ab
3589 4902 3773 4957 Hiero-

2271 5013 2441 5066 nymo,
2478 4996 2747 5066 eademque
2775 4994 2829 5047 in
2852 4994 3277 5065 Jerosolymitano
3302 5003 3543 5049 conventu
3568 4995 3773 5048 discuti-

2269 5100 2366 5141 tur.
2386 5088 2420 5141 2
2447 5086 2683 5157 Pelagius
2715 5087 2776 5140 ab
2812 5084 3000 5140 Herote
3018 5096 3065 5139 et
3089 5086 3286 5141 Lazaro
3306 5096 3567 5141 accusatus
3588 5084 3775 5156 perdas-

2269 5184 2397 5236 citur
2436 5178 2504 5235 ad
2532 5180 2815 5252 episcOpale
2837 5181 3091 5251 judicium
3134 5180 3358 5234 habitum
3398 5178 3650 5248 Diospoli,
3691 5176 3774 5231 ubi

2270 5273 2470 5326 liceresis
2503 5270 2701 5343 Pelagii
2730 5272 2838 5341 ipso
2877 5269 3104 5325 absoluto
3140 5270 3352 5340 Pelagio
3390 5269 3775 5323 condemnatur.

2268 5369 2302 5421 ὅ
2346 5364 2739 5437 Pelagianorum
2767 5365 2819 5417 in
2852 5362 3216 5434 Hieronymum
3244 5373 3292 5417 et
3318 5363 3558 5433 virginem
3586 5358 3769 5415 Eusta-

2268 5460 2436 5514 chium
2484 5467 2595 5529 post
2640 5457 2778 5511 illius
2819 5456 2998 5528 synodi
3042 5456 3295 5527 judicium
3337 5454 3576 5507 violenter
3613 5452 3768 5521 facta.

2268 5554 2301 5609 4
2326 5552 2449 5607 Post
2482 5551 2705 5606 eamdem
2732 5550 3137 5620 Diospolilanam
3171 5547 3421 5619 synodum
3460 5548 3624 5600 van'as
3647 5546 3785 5600 συνίει

2270 5649 2461 5718 ptiones
2486 5644 2655 5715 vulgat
2687 5643 2946 5715 Pelagius.

2274 5740 2320 5794 l.
2361 5737 2577 5795 Orosius
2617 5737 2667 5792 in
2708 5736 3040 5793 Palaestinam
3081 5737 3314 5803 veniens,
3348 5732 3415 5790 ab
3444 5731 3768 5802 Hieronymo
