4042 6360
264 314 378 377 48!

268 466 379 519 pro
410 462 511 504 suo
538 445 743 511 merito,
772 450 825 498 et
854 454 950 512 pro
974 452 1054 503 ea,
1083 450 1242 507 quam
1277 433 1344 489 ab
1380 431 1673 503 Augustino
1701 430 1862 485 habe-

264 542 412 607 bat,
468 534 925 595 commendatione
980 537 1232 599 exceptus
1275 535 1357 580 est
1395 522 1579 595 (Apud
1628 522 1862 593 August,

261 630 461 693 Epist.
505 629 626 695 172,
671 645 724 681 n.
772 626 849 695 1).
895 624 1026 677 llluc
1065 619 1305 689 Pelagius
1343 625 1464 671 ante
1492 614 1625 669 duos
1651 613 1733 667 vel
1761 623 1867 667 tres

254 723 430 778 forte
454 736 618 777 annos
647 718 956 781 advenerat,
982 728 1045 767 ac
1072 712 1246 783 primo
1290 704 1729 762 necessitudinem
1772 702 1870 757 ali-

252 829 454 883 quam
474 828 592 868 cum
615 810 961 879 Hieronymo,
986 817 1106 859 cum
1130 800 1179 855 ei
1200 808 1355 854 notus
1373 796 1547 852 adhuc
1576 809 1678 849 non
1704 801 1864 859 esset,

254 905 659 974 coniunxerat.
691 900 747 955 1d
777 913 905 953 sane
937 896 1019 949 his
1044 892 1239 957 verbis,
1274 908 1336 945 ne
1364 897 1569 943 veterem
1590 886 1771 941 ltvdere
1790 884 1868 938 vi-

254 998 502 1049 deamur
529 990 943 1047 necessitudinem
973 984 1065 1055 (In
1092 983 1281 1037 larem.
1312 980 1397 1035 lib.
1429 979 1484 1045 4,
1523 978 1769 1049 prtefat.);
1798 976 1873 1030 si-

253 1086 506 1154 gniﬁcat
534 1092 745 1139 sanctus
772 1078 1085 1146 Presbyter:
1115 1073 1203 1144 qui
1242 1079 1580 1141 posteaquam
1603 1065 1869 1136 pernicio»

254 1178 575 1241 sissimam,
605 1182 664 1229 ut
684 1179 854 1237 vocat,
883 1167 1130 1223 haeresim
1160 1165 1295 1220 clam
1321 1163 1389 1217 ab
1420 1162 1510 1216 illo
1536 1158 1869 1214 disseminari

256 1282 329 1322 ac
354 1267 571 1322 sensim
590 1263 849 1335 pullulare
876 1257 1151 1320 intellexit,
1185 1269 1398 1324 operam
1428 1252 1553 1307 dare
1576 1248 1866 1314 constituit,

258 1366 320 1410 ut
341 1372 421 1411 ea
438 1357 504 1410 de
523 1353 772 1409 Ecclesiis
786 1350 1083 1404 auferretur
1101 1345 1535 1417 (Apud.August.,
1558 1340 1721 1412 Epist.
1744 1339 1866 1404 172,

256 1466 321 1502 η.
354 1449 439 1519 1).
465 1446 699 1514 Scriptio
725 1441 889 1513 ipsius
906 1441 959 1493 in
981 1439 1128 1493 illam
1154 1435 1399 1491 haeresim
1421 1434 1588 1503 prima
1617 1431 1733 1496 fuit,
1753 1445 1873 1499 qua:

260 1547 357 1593 est
388 1538 461 1591 ad
498 1534 890 1605 Ctesiphontem
937 1529 1178 1600 epistola,
1225 1527 1279 1582 in
1317 1540 1418 1595 qua
1461 1522 1870 1593 disputationem

261 1630 383 1684 hac
410 1629 481 1683 de
508 1616 567 1683 re
593 1625 930 1697 promittebat
956 1622 1277 1686 uberiorem.
1315 1618 1438 1673 Tria
1464 1616 1656 1672 deinde
1686 1623 1872 1670 contra

262 1721 605 1791 Pelagianos
648 1717 913 1773 volumina
962 1714 1131 1768 forma
1177 1712 1501 1781 dialogorum
1551 1710 1870 1778 composuit,

263 1813 485 1882 quibus
526 1825 738 1866 manum
764 1810 873 1878 jam
906 1806 1030 1861 inde
1070 1805 1136 1859 ab
1173 1813 1413 1859 extremo
1438 1800 1569 1871 julio
1600 1799 1875 1869 praesentis

265 1903 422 1957 anni
454 1902 778 1956 admoverat.
811 1897 1037 1961 Eodem,
1067 1910 1173 1964 quo
1197 1894 1572 1963 Hieronymus,
1609 1887 1874 1960 Pelagiani

264 1995 498 2048 erroris
530 1993 745 2047 horrore
772 1989 1000 2061 perculsi
1037 1985 1462 2055 Jerosolymitani
1507 1995 1716 2051 quoque
1756 1994 1875 2049 pre-

266 2083 525 2155 sbyteri,
539 2090 716 2137 contra
734 2082 939 2135 hostem
959 2077 1186 2147 antiqua:
1207 2075 1327 2154 ﬁdei
1347 2072 1731 2128 vcniunt.‘Cum
1753 2071 1874 2135 illis,

271 2190 351 2229 ac
388 2176 605 2230 illorum
632 2173 765 2228 forte
794 2170 1031 2235 inductu,
1056 2175 1376 2223 conventum
1406 2163 1753 2233 Jerosolymis
1780 2162 1879 2215 hoc

269 2266 415 2333 ipso
444 2279 583 2318 anno
599 2258 1113 2332 quadringentesimo
1130 2256 1338 2311 decimo
1356 2254 1566 2324 quinto,
1585 2252 1671 2306 die
1690 2258 1879 2321 quarto

271 2356 380 2410 vel
413 2355 570 2408 tertio
596 2352 848 2407 kalendas
877 2349 1102 2419 augusti,
1130 2346 1290 2401 habet
1315 2345 1545 2399 Joannes
1571 2343 1876 2413 episcopus.

272 2448 372 2500 Eo
412 2454 632 2499 vocatus
653 2442 872 2497 Orosius
901 2440 1207 2495 Caelestium
1225 2438 1335 2506 jam
1355 2451 1383 2489 a
1409 2435 1635 2490 concilio
1659 2432 1882 2488 Cartha—

268 2538 509 2609 εἰπεηεί
543 2536 845 2591 damnatum
890 2532 1053 2587 fuisse
1096 2531 1333 2586 declarat
1358 2547 1370 2583 :
1394 2528 1587 2596 Pelagii
1616 2537 1791 2581 autem
1824 2526 1884 2578 li-

271 2631 455 2685 brum
496 2628 563 2683 ab
597 2628 763 2697 ipsius
802 2624 1075 2693 discipulis
1115 2620 1380 2692 proditum
1407 2618 1573 2674 refelli
1612 2618 1679 2671 ab
1709 2618 1884 2686 Augu-

272 2721 442 2774 stino
462 2736 477 2774 :
496 2717 641 2787 cujus
660 2716 826 2771 sancti
854 2714 1095 2768 Doctoris
1122 2714 1172 2766 in
1200 2712 1507 2781 Pelagianos
1524 2710 1723 2779 aliquot
1740 2724 1886 2779 quan-

274 2810 505 2866 stiones
522 2807 814 2877 epistolam,
832 2806 1049 2859 missam
1070 2818 1238 2872 nuper
1260 2801 1325 2856 ad
1344 2800 1600 2865 Siciliam,
1624 2800 1676 2853 in
1697 2798 1884 2853 eodem

275 2909 562 2954 conventu
591 2897 735 2967 legit.
770 2895 1105 2951 Introductus
1131 2901 1315 2965 postea
1347 2891 1613 2961 Pelagius,
1652 2891 1885 2946 interro-

276 3000 456 3061 gatur
480 2989 547 3043 ab
572 2989 835 3055 omnibus,
862 3003 927 3042 an
954 3002 1016 3042 ea
1041 3001 1159 3056 quae
1182 2984 1251 3039 ab
1276 2985 1573 3054 Augustino
1594 2993 1774 3039 essent
1793 2999 1883 3038 re-

280 3083 488 3148 futata,
520 3067 802 3135 docuisset;
853 3078 1054 3145 Quibus
1097 3077 1186 3131 ille
1227 3091 1349 3130 eum
1394 3075 1793 3144 respondisset:
1820 3073 1888 3129 Et

278 3173 413 3243 quis
451 3179 525 3225 est
560 3170 685 3224 mihi
728 3169 1075 3239 Augustinus?
1100 3166 1201 3221 hac
1229 3166 1577 3237 responsione
1607 3165 1658 3219 in
1686 3166 1890 3235 episeo-

281 3278 451 3334 pum,
483 3262 633 3331 cujus
657 3275 751 3315 ore
781 3259 1034 3316 Dominus
1057 3258 1320 3312 universa:
1346 3256 1542 3311 Africae
1566 3257 1784 3310 unitatis
1800 3271 1887 3310 sa-

282 3354 522 3409 nitatem
542 3351 802 3406 esstineto
832 3349 1222 3403 Donatistarum
1252 3347 1539 3402 schismate
1578 3346 1887 3410 indulserat,

283 3443 557 3513 injuriosa
587 3441 773 3497 otl‘ensi
809 3449 932 3495 sunt
970 3448 1227 3511 quotquot
1254 3439 1494 3506 aderant,
1539 3448 1592 3494 et
1620 3438 1890 3508 Pelagium

286 3552 412 3593 non
439 3551 472 3590 e
499 3542 764 3590 conventu
802 3533 994 3600 solum,
1029 3532 1125 3586 sed
1160 3532 1317 3586 etiam
1346 3546 1411 3585 ex
1444 3530 1679 3585 Ecclesia
1705 3531 1891 3599 expel-

289 3626 522 3682 lendum
558 3625 977 3680 conclamarunt.
1010 3623 1145 3677 Tum
1170 3636 1299 3676 vero
1324 3621 1577 3686 Joannes,
1611 3636 1716 3691 quo
1756 3621 1890 3676 libe-

289 3719 416 3773 rius
456 3716 700 3786 injuriam
740 3715 1035 3784 Augustino
1074 3712 1275 3767 illatam
1315 3712 1528 3783 Pelagio
1571 3712 1887 3781 ignosceret,

289 3805 549 3863 eamdem
575 3808 626 3860 in
651 3820 712 3861 se
739 3806 981 3873 recipere
1022 3802 1295 3873 professus
1336 3812 1436 3858 est.
1465 3802 1774 3872 Augustinus
1802 3819 1891 3872 ego

291 3915 439 3965 sum,
460 3897 649 3967 inquit.
680 3895 773 3950 Cui
803 3895 869 3950 ab
895 3894 1101 3958 Orosio,
1136 3894 1247 3948 sive
1275 3893 1433 3947 etiam
1461 3894 1528 3947 ab
1548 3892 1685 3960 aliis,
1714 3893 1889 3947 statim

288 3988 630 4059 repositum:
656 3987 718 4042 Si
744 3986 1011 4058 Augustini
1037 4000 1300 4055 personam
1319 3983 1495 4048 sumis,
1525 3982 1787 4053 Augustini
1809 4000 1891 4037 se-

292 4096 461 4151 quere
473 4080 785 4134 sententiam.
804 4078 979 4147 Pergit
998 4074 1218 4131 Orosius
1235 4090 1424 4144 urgere
1441 4074 1728 4144 Pelagium.
1743 4074 1894 4129 Joan-

293 4186 406 4226 nes
434 4180 611 4225 autem
638 4177 759 4239 post
785 4169 1004 4222 multam
1041 4166 1502 4235 disceptationem,
1533 4164 1583 4217 in
1612 4180 1713 4233 qua
1751 4164 1895 4218 Pela-

299 4263 395 4332 gio
424 4261 524 4331 ipsi
552 4260 728 4315 studio
749 4268 802 4314 et
823 4273 983 4328 opera
1005 4256 1195 4312 adesse
1216 4256 1443 4322 videtur,
1467 4255 1893 4325 obstrepentibus

302 4351 552 4423 plurimis
572 4366 633 4405 ac
657 4350 975 4416 dicentibus,
1000 4364 1105 4402 non
1133 4362 1290 4417 posse
1312 4345 1556 4402 eumdem
1580 4346 1891 4400 advocatum

300 4444 619 4512 ehjudieem
641 4457 780 4509 esse,
797 4441 1104 4512 pronuntiat
1130 4440 1322 4494 fratres
1338 4437 1622 4492 mittendos
1640 4452 1761 4492 cum
1781 4438 1894 4507 epi-

301 4534 461 4589 stolis
487 4533 553 4588 ad
584 4533 947 4588 innocentium
978 4546 1187 4601 papam,
1216 4530 1478 4585 universis
1507 4529 1649 4599 quod
1679 4530 1768 4585 ille
1797 4530 1892 4584 dc-

303 4634 557 4681 cerneret
581 4625 871 4689 secuturis;
902 4638 965 4679 ac
995 4624 1074 4678 sic
1099 4623 1307 4691 utrique
1332 4622 1468 4691 parti
1498 4621 1706 4676 interim
1728 4622 1892 4676 silen-

306 4717 441 4771 tium
470 4717 759 4786 imperatur
785 4714 1043 4783 (Orosius,
1065 4715 1117 4767 in
1144 4713 1435 4784 Apologia).
1465 4713 1520 4767 ln
1547 4728 1612 4767 eo
1631 4723 1891 4769 conventu

304 4816 547 4863 mentem
577 4807 775 4878 Pelagii
800 4806 1034 4862 Joannes
1060 4806 1173 4860 sive
1201 4819 1382 4860 errore
1421 4804 1532 4858 sive
1573 4802 1780 4857 fallacia
1808 4804 1891 4857 iu-

304 4902 563 4972 terpretis
591 4901 728 4956 adeo
752 4915 856 4955 non
884 4909 970 4955 est
993 4907 1288 4962 assecutus,
1316 4904 1376 4951 ut
1403 4897 1604 4967 aliquot
1633 4906 1754 4967 post
1780 4898 1895 4953 die-

304 4994 412 5048 bus
448 4993 624 5062 ipsum
667 4991 914 5047 Orosium
956 4989 1300 5059 blaSphemize
1328 4989 1592 5057 arguerit:
1624 5005 1779 5059 quam
1806 4990 1894 5053 ille

306 5086 741 5140 criminationem
768 5085 976 5156 vulgata
1006 5100 1127 5138 mox
1156 5083 1397 5153 apologia
1416 5082 1483 5137 ab
1504 5097 1563 5137 se
1582 5082 1895 5153 propulsare

305 5176 617 5245 compulsus
645 5184 745 5232 est.

382 5267 439 5320 2.
479 5266 746 5324 Mensibus
799 5265 868 5320 ab
904 5265 1348 5336 Jerosolymitano
1400 5274 1688 5330 conventu,
1737 5280 1893 5335 quem

307 5359 728 5430 presbyteralem
760 5372 955 5413 vocare
984 5357 1127 5423 licet,
1155 5358 1383 5427 quinque
1411 5356 1642 5410 nondum
1671 5357 1892 5423 exactis,

310 5460 537 5508 vocatur
559 5451 803 5520 Pelagius
825 5451 888 5504 ad
917 5450 1059 5506 aliud
1093 5451 1146 5505 in
1183 5450 1463 5505 Palaestina
1489 5449 1784 5520 episcopale
1804 5450 1895 5519 ju-

312 5547 524 5601 eieium‘
555 5543 658 5613 (De
699 5544 839 5597 Gest.
883 5540 1103 5613 Pelagii,
1147 5559 1199 5595 n.
1240 5542 1351 5612 55).
1397 5542 1527 5609 Ejus
1563 5550 1896 5596 accusatores

316 5636 468 5691 tuere
483 5634 620 5690 Galli
636 5633 763 5701 duo,
778 5634 954 5688 ileros
974 5632 1360 5688 Arelatensium
1377 5641 1430 5686 et
1443 5632 1674 5687 Lazarus
1693 5622 1900 5702 Aquen-

322 5732 459 5787 sitim
484 5728 741 5801 episcopi,
771 5729 858 5798 qui
885 5728 1230 5798 perversitate
1250 5727 1659 5798 disputationum
1685 5727 1800 5798 ejus
1820 5727 1896 5781 of-

1590 297 1795 357 LIBER
1835 298 2184 357 SEPTIMUS.

3452 306 3562 367 882

1973 427 2399 493 fensi,‘libei1um
2441 430 2661 501 Eul0gio
2694 432 3022 489 Caesareensi
3064 435 3313 507 episcopo
3348 437 3553 493 obtule-

1975 528 2120 587 runt,
2145 521 2438 588 erroribus,
2461 538 2594 592 quos
2620 538 2685 577 ex
2714 523 2908 594 Pelagii
2930 525 3270 596 Coelestiique
3290 528 3438 583 libris
3463 543 3556 582 ex-

1976 610 2319 679 scripserant,
2348 611 2625 678 refertum,
2658 628 2776 668 cum
2812 615 3055 684 capitulis
3099 617 3275 672 eidem
3304 616 3555 673 Coelestno

1973 699 2194 768 objectis
2219 699 2586 772 damnatisque
2622 702 2676 757 in
2703 701 3104 775 Carthaginensi
3134 708 3379 773 concilio,
3408 724 3556 761 cum-

1973 807 2075 860 que
2100 792 2184 855 iis,
2213 808 2329 862 qua:
2354 793 2420 847 ad
2446 794 2794 864 Augustinum
2826 811 2855 851 e
2884 797 3058 850 Sicilia
3099 798 3407 853 transmissa
3442 797 3556 854 fue-

1973 892 2111 937 rant.
2132 884 2423 940 Concilium
2453 886 2591 941 hanc
2610 887 2677 942 ob
2690 902 2905 942 causam
2933 889 3070 956 apud
3102 890 3411 959 Diospolim,
3434 906 3554 961 quae

1974 976 2103 1029 urbs
2130 976 2181 1029 in
2209 976 2494 1046 Scripturis
2520 977 2698 1047 Lydda
2737 980 3034 1049 appellatur
3066 979 3202 1053 (Act.
3236 998 3308 1045 nt,
3336 982 3424 1047 52,
3461 983 3551 1049 55,

1975 1065 2086 1135 '58),
2124 1065 2359 1121 habitum
2410 1077 2492 1122 est
2522 1069 2623 1124 hoc
2649 1070 2837 1125 eodem
2877 1087 3014 1125 anno
3040 1073 3557 1143 quadringentesimo
3650 1088 3655 1095 ‘

1974 1155 2182 1211 decimo
2209 1159 2412 1227 quinto,
2440 1159 2653 1214 circiter
2679 1160 2819 1215 diem
2846 1161 3110 1221 decimum
3140 1165 3351 1218 tertium
3371 1163 3554 1220 kalen-

1974 1248 2071 1304 das
2114 1249 2405 1319 januarias,
2460 1252 2544 1306 cui
2584 1252 2818 1323 episcopi
2862 1242 3084 1317 nutriere
3132 1256 3552 1325 quatuordecim,

1975 1355 2107 1410 quos
2136 1340 2271 1395 inter
2291 1342 2460 1411 primo
2479 1342 2596 1397 loco
2617 1343 2752 1398 sedit
2770 1344 3039 1415 Eulogius,
3063 1345 3364 1402 adfuerunt.
3386 1348 3556 1403 lieros

1976 1442 2150 1485 autem
2180 1441 2234 1486 et
2261 1432 2491 1487 Lazarus
2518 1442 2733 1503 propter
2764 1451 2976 1503 gravem
3003 1439 3157 1492 unius
3184 1453 3367 1493 eorum
3398 1439 3555 1507 aegri-

1979 1522 2234 1589 tudinem,
2266 1533 2554 1592 praesentcs
2583 1539 2701 1579 esse
2729 1526 2943 1581 minime
2970 1535 3256 1596 potuerunt
3280 1528 3379 1600 (De
3413 1529 3552 1583 Gest.

1979 1612 2198 1685 Pelagii,
2231 1631 2284 1667 n.
2314 1615 2392 1685 1).
2420 1615 2664 1669 Recitato
2692 1631 2878 1669 eorum
2913 1618 3109 1681 libello,
3139 1619 3383 1689 Pelagius
3408 1620 3557 1690 capi—

1982 1707 2086 1760 tula
2122 1708 2221 1761 sibi
2247 1708 2314 1761 ab
2340 1708 2407 1761 iis
2430 1707 2636 1777 objecta
2666 1708 2855 1777 partim
2884 1711 3127 1779 agnovit;
3157 1711 3251 1765 sed
3288 1713 3443 1766 simul
3468 1728 3555 1779 eo,

1979 1814 2084 1868 quo
2115 1799 2361 1854 volebant
2389 1799 2696 1863 adversarii,
2741 1814 2899 1854 sensu
2944 1802 3167 1871 negabat
3195 1801 3263 1855 ab
3299 1817 3357 1858 se
3394 1803 3555 1869 dicta,

1979 1905 2163 1944 verum
2193 1891 2297 1944 alio
2323 1891 2497 1959 plane,
2525 1892 2717 1961 quique
2764 1907 2792 1943 a
2832 1907 2956 1946 vera
2989 1893 3091 1947 fide
3133 1894 3261 1946 nihil
3300 1894 3557 1949 abhorre-

1981 1990 2063 2035 ret
2089 1998 2101 2035 :
2126 1982 2314 2049 partim
2338 1981 2600 2035 inliciatus
2624 1990 2722 2048 est,
2748 1981 2832 2034 illa
2861 1989 3108 2051 tanquam
3135 1998 3305 2037 meras
3335 1984 3561 2053 ineptias

1981 2070 2303 2139 explodens;
2338 2070 2445 2124 imo
2480 2071 2636 2124 etiam
2669 2071 2949 2125 anathema
2982 2072 3162 2126 dicens
3192 2073 3275 2138 iis,
3317 2088 3346 2127 a
3372 2072 3562 2142 quibus

1983 2170 2444 2229 propugnarentur
2494 2160 2757 2230 (Pliotitts,
2805 2161 3048 2215 Bibliol/t.
3097 2162 3213 2216 cod.
3252 2164 3362 2233 5‘1).
3411 2163 3561 2231 Quod

1988 2267 2113 2306 vero
2136 2252 2203 2305 ad
2229 2252 2468 2307 Coelestii
2498 2252 2811 2318 doctrinam,
2842 2269 2999 2323 quam
3031 2268 3059 2306 a
3089 2255 3315 2308 concilio
3343 2255 3564 2309 Cartha-

1984 2343 2191 2414 ginensi
2219 2352 2274 2398 et
2299 2343 2365 2397 ab
2386 2344 2678 2413 Augustino
2699 2344 3000 2398 damnatam
3021 2346 3416 2409 asseverabant,
3444 2360 3563 2399 eam

1986 2436 2052 2491 ad
2075 2452 2133 2491 se
2162 2436 2433 2491 contendit
2463 2436 2769 2505 neutiquam
2800 2437 3069 2505 pertinere
3106 2436 3206 2507 (De
3237 2436 3373 2493 (ἔδει.
3408 2436 3563 2491 Pelu-

1987 2529 2075 2599 gii,
2100 2546 2189 2582 nn.
2216 2529 2304 2591 57,
2336 2528 2458 2597 58);
2492 2527 2834 2582 nihilominus
2862 2536 3036 2583 tamen
3065 2529 3115 2582 in
3144 2545 3257 2597 eos,
3285 2530 3373 2599 qui
3397 2530 3563 2598 ipsam

1990 2627 2232 2675 tenerent
2274 2627 2636 2683 tenuerantve,
2669 2618 2949 2673 anathema
2989 2621 3343 2689 pronuntiavit
3378 2618 3561 2691 (lbid.,

1989 2725 2043 2762 n.
2073 2707 2185 2781 47).
2213 2707 2418 2779 Objecta
2480 2718 2539 2762 ut
2564 2709 2796 2779 loquitur
2831 2710 3167 2765 Innocentius
3192 2725 3345 2779 papa,
3382 2711 3567 2781 partim

1990 2800 2077 2853 ille
2103 2800 2306 2853 vitando
2330 2801 2643 2870 suppressit;
2672 2800 2858 2870 partim
2885 2801 3042 2854 multa
3068 2802 3122 2854 in
3161 2818 3215 2855 se
3239 2802 3385 2855 verba
3405 2810 3567 2855 retor~

1991 2891 2185 2961 quendo
2205 2900 2309 2945 tota
2334 2890 2630 2945 obscuritate
2654 2892 2880 2962 confudit
2900 2909 2918 2957 ;
2946 2893 3117 2962 aliqua
3144 2894 3303 2963 magis
3325 2894 3468 2964 falsis
3486 2910 3576 2945 ar-

1990 2983 2257 3052 gumentis,
2287 2998 2437 3051 quam
2464 2998 2579 3035 vera
2616 2985 2830 3049 ratione,
2873 2993 2925 3035 ut
2959 2985 3026 3036 ad
3056 2994 3249 3055 tempus
3287 2994 3479 3054 poterat
3501 2987 3571 3039 vi-

1993 3074 2121 3141 deri,
2151 3075 2400 3145 purgavit,
2441 3075 2669 3145 negando
2709 3075 2833 3141 alia,
2871 3076 2974 3128 alia
3008 3076 3141 3145 falsa
3167 3077 3574 3146 interpretatione

1993 3164 2229 3219 vertendo
2258 3164 2433 3235 (Apud
2455 3163 2808 3235 Augustinum,
2840 3165 3003 3236 Epist.
3036 3166 3160 3232 185,
3188 3184 3240 3222 n.
3269 3166 3344 3239 5).
3378 3168 3570 3222 Verum

1996 3268 2177 3325 praeter
2204 3255 2298 3309 illa
2322 3272 2453 3325 quat,
2485 3272 2582 3327 quo
2608 3257 2755 3309 modo
2791 3258 2969 3325 potuit,
3013 3274 3167 3312 ausus
3192 3268 3265 3312 est
3295 3261 3577 3328 qualicum-

1993 3365 2089 3421 que
2123 3349 2317 3402 ratione
2347 3348 2630 3418 defendere,
2665 3348 2855 3419 objecta
2890 3351 3121 3419 quazdam
3156 3360 3293 3419 sunt,
3332 3368 3445 3422 qua:
3477 3352 3576 3407 nisi

1995 3449 2186 3492 remota
2214 3438 2350 3491 omni
2376 3440 2779 3508 tergiversatione
2807 3440 3297 3508 anatltematizasset,
3319 3444 3426 3511 ipse
3448 3459 3573 3496 ana-

1997 3531 2345 3585 tltematisatus
2374 3533 2552 3585 exisset
2579 3531 2765 3601 (Epist.
2796 3532 2914 3597 186,
2942 3551 2994 3585 η.
3018 3530 3127 3605 52).
3160 3533 3216 3587 Id
3254 3534 3463 3603 quidem
3490 3535 3572 3588 fu-

1996 3622 2106 3677 sius
2136 3623 2310 3692 legere
2335 3632 2418 3677 est
2440 3623 2579 3691 apud
2622 3624 2994 3693 Augustinum,
3023 3633 3202 3694 utpote
3227 3626 3314 3695 qni
3340 3634 3393 3680 et
3420 3628 3575 3680 Anti-

1997 3714 2176 3767 stitum
2204 3722 2255 3767 et
2286 3714 2478 3784 Pelagii
2501 3714 2660 3769 verba
2687 3730 2752 3769 ex
2776 3716 3242 3785 autographorum,
3275 3732 3391 3786 qua:
3419 3718 3484 3771 ad
3516 3734 3575 3773 se

1997 3808 2159 3861 missa
2199 3806 2428 3872 fuerant,
2468 3806 2575 3863 fide
2618 3806 2833 3873 referat,
2873 3808 3095 3877 adjectis
3127 3808 3307 3873 etiam,
3354 3809 3441 3864 ubi
3490 3825 3576 3865 res

1996 3900 2269 3969 postulare
2292 3900 2586 3968 videbatur,
2609 3900 3066 3956 observationibus
3090 3916 3154 3954 ac
3173 3900 3576 3955 refutationihus

1996 3992 2105 4047 suis
2125 3991 2174 4063 (Ι
2181 3992 2275 4046 bid.
2304 4002 2351 4046 et
2375 3992 2447 4046 De
2468 3991 2610 4046 Gest.
2630 3991 2850 4063 Pelagii,
2869 4009 2956 4046 nn.
2979 3993 3069 4060 25,
3090 3992 3180 4057 24,
3201 3993 3298 4059 65;
3321 3992 3401 4048 De
3421 3992 3573 4049 Pecc.

1997 4085 2204 4154 origin.,
2226 4101 2278 4137 η.
2305 4084 2417 4153 12).
2441 4082 2573 4138 Cum
2598 4090 2774 4138 autem
2804 4084 2855 4136 in
2882 4083 3108 4137 concilio
3125 4098 3283 4138 nemo
3302 4091 3462 4151 esset,
3487 4086 3575 4153 qui

1998 4177 2280 4230 intentatas
2298 4175 2509 4246 Pelagio
2524 4174 2885 4229 accusationes
2901 4174 3226 4239 defenderet,
3249 4190 3312 4230 ac
3327 4177 3579 4245 tergiver-

1998 4268 2232 4322 sationes
2261 4267 2375 4336 ejus
2404 4276 2564 4336 atque
2590 4266 2865 4320 mendacia
2888 4265 3179 4334 detegeret,
3210 4282 3379 4335 neque
3407 4266 3579 4322 Graeci

2000 4358 2253 4427 pnesules
2269 4357 2507 4426 ejusdem
2528 4356 2711 4419 libros,
2730 4356 2891 4411 latine
2912 4355 3152 4410 videlicet
3168 4355 3357 4423 editos,
3374 4358 3579 4412 exarui-

1999 4466 2127 4505 nare
2148 4466 2243 4519 per
2273 4464 2331 4503 se
2359 4449 2624 4513 valerent;
2650 4447 2906 4511 id.unum,
2929 4447 3070 4516 quod
3100 4458 3466 4518 sequerentur,
3489 4465 3582 4504 su-

2000 4547 2227 4609 pererat,
2252 4553 2442 4606 nempe
2456 4537 2732 4606 opiniones
2751 4537 2943 4605 Pelagii
2964 4552 3025 4590 ex
3047 4536 3208 4605 ipsius
3226 4538 3401 4593 verbis
3420 4554 3482 4593 ac
3502 4548 3579 4595 te-

1999 4631 2247 4686 stimonio
2264 4630 2502 4699 judicare
2522 4647 2534 4681 :
2554 4636 2712 4698 atque
2735 4629 2804 4682 ita
2830 4628 3055 4697 decepti,
3084 4644 3227 4694 eum,
3256 4638 3314 4684 ut
3338 4629 3580 4684 homines

1999 4730 2172 4789 erant,
2205 4721 2351 4775 nullo
2380 4735 2443 4775 ex
2479 4719 2643 4773 altera
2673 4728 2819 4788 parte
2858 4730 3078 4787 urgente
3119 4719 3439 4785 adversario,
3485 4736 3578 4789 pu-

2000 4821 2174 4868 tantes
2194 4811 2532 4876 catholicum,
2557 4818 2807 4879 tanquam
2830 4808 3147 4863 catholicum
3175 4811 3579 4879 pronuntiarunt
3604 4829 3613 4875 ρ

2001 4903 2170 4977 (Cant.
2196 4904 2480 4969 lulianum,
2505 4902 2590 4955 lib.
2619 4903 2670 4967 1,
2691 4919 2743 4955 η.
2773 4902 2882 4972 19).
2907 4901 2995 4957 Sic
3013 4901 3289 4971 dejudieio
3316 4901 3577 4970 Diospoli-
3606 4883 3620 4901 ‘

2000 5005 2123 5051 tano
2152 4996 2394 5065 Pelagius
2420 4994 2630 5063 quidem
2657 5001 2909 5063 quantum
2950 4993 3015 5047 ad
3043 4992 3318 5047 hominum
3354 5007 3578 5062 conspe-

2000 5096 2145 5142 ctum
2187 5086 2397 5151 attinet,
2439 5085 2584 5138 velut
2611 5084 2904 5157 absolutus,
2940 5098 3038 5137 suo
3067 5091 3239 5136 tamen
3278 5067 3451 5152 palam
3481 5081 3577 5139 da-

2004 5188 2182 5234 mnato
2202 5177 2467 5247 dogmate,
2500 5190 2745 5245 egressus
2768 5183 2847 5228 est
2869 5172 3052 5242 (lbid.,
3076 5173 3163 5225 lib.
3185 5173 3240 5237 2,
3271 5190 3323 5226 η.
3353 5173 3467 5242 54).

2070 5270 2124 5324 5.
2165 5266 2291 5323 Post
2320 5268 2413 5320 hoc
2432 5266 2703 5336 judicium,
2738 5264 2809 5318 uti
2854 5271 3036 5317 narrat
3067 5263 3411 5333 Augustinus,
3449 5264 3519 5319 ibi
3545 5281 3579 5319 α

2000 5360 2164 5413 nescio
2202 5374 2301 5429 quo
2339 5373 2496 5411 cuneo
2537 5355 2867 5425 perditorum,
2916 5353 3001 5424 qui
3030 5353 3174 5408 valde
3204 5354 3257 5408 in
3295 5372 3579 5426 perversum

2001 5449 2322 5521 perhibentur
2360 5448 2569 5518 Pelagio
2598 5444 2891 5516 su/fragari,
2922 5445 3201 5499 incredibili
3222 5447 3437 5500 audacia
3460 5464 3579 5517 per-

2002 5550 2198 5613 petrata
2224 5540 2461 5593 dicuntur
2487 5546 2627 5592 tanta
2655 5537 2817 5601 mala,
2849 5546 2901 5590 ut
2928 5535 3026 5590 Dei
3061 5537 3188 5591 servi
3210 5547 3258 5591 et
3285 5540 3485 5592 ancilla:
3511 5540 3578 5591 ad

2004 5648 2176 5688 curam
2197 5636 2358 5686 sancti
2380 5628 2677 5699 Hieronymi
2696 5627 2968 5698 presbyteri
2987 5628 3285 5697 pertinentes
3306 5631 3582 5682 sceleratis-

2006 5727 2133 5780 sima
2179 5724 2313 5779 caede
2355 5722 2685 5793 afﬁcerentur,
2726 5721 2964 5793 diaconus
2998 5721 3322 5786 occideretur,
3364 5721 3582 5783 tediﬁtia
