4042 6360
548 356 962 412 monasteriorum
990 351 1392 421 incenderentur,
1428 353 1510 407 via:
1536 352 1701 421 ipsum
1741 350 2124 421 Hieronymum

544 450 607 503 ab
632 450 725 502 hoc
752 448 940 518 impetu
967 457 1111 517 atque
1135 448 1337 500 incursu
1361 446 1627 515 impiorum
1646 443 1698 495 in
1721 441 1815 494 Dei
1843 440 2126 495 misericor-

548 540 635 594 dia
682 540 837 593 turris
881 539 1119 593 munitior
1162 546 1382 593 tueretur
1413 552 1432 590 :
1456 551 1668 606 quorum
1708 534 1949 587 scelerum
1988 535 2127 603 fama

545 644 891 703 usquequaque
922 631 1160 685 volitante
1186 629 1343 683 animi
1364 628 1577 699 graviter
1601 626 1849 679 uulnerati
1867 628 1997 677 ‘sunt
2022 621 2127 691 (De

546 724 683 776 Gest.
713 721 931 792 Pelagii,
958 739 1010 775 η.
1034 719 1144 792 66).
1177 720 1252 774 De
1278 719 1358 773 his
1380 716 1588 787 quando
1612 716 1807 770 certior
1834 714 2000 768 factus
2027 713 2125 767 fuit

540 814 876 870 Innocentius
906 829 1059 884 papa,
1102 813 1312 882 scripsit
1352 812 1488 864 hanc
1518 811 1568 864 in
1601 824 1714 863 rem
1743 808 1893 863 binas
1922 807 2121 875 cpisto-

541 906 638 972 las,
679 922 836 961 unam
866 905 932 959 ad
960 905 1216 959 Joannem
1246 902 1744 973 Jerosolymitanum
1789 902 2116 971 episc0pum,

540 997 759 1049 alteram
782 995 847 1049 ad
871 995 1246 1065 Hieronymum
1269 993 1656 1064 presbyterum.
2056 1043 2060 1046 .

610 1086 663 1139 4.
705 1085 831 1140 Post
871 1085 1111 1139 eamdem
1142 1084 1554 1152 Diospolitanam
1600 1083 1860 1154 synodum
1900 1082 2118 1138 editioni

538 1178 816 1233 Gestorum
846 1191 991 1231 mora
1018 1176 1199 1230 dolose
1224 1175 1377 1229 allata
1411 1173 1597 1245 (lbid.,
1621 1192 1672 1227 n.
1697 1174 1808 1245 55),
1838 1174 2116 1229 confestim

536 1271 755 1339 epistola
781 1268 1007 1324 carnalis
1030 1266 1362 1322 ventositatis
1389 1276 1441 1321 et
1481 1267 1742 1329 elationis,
1775 1282 1892 1336 qua:
1921 1266 2114 1335 Pelagii

536 1362 601 1415 ad
637 1363 863 1415 amicum
905 1374 1057 1413 suum
1100 1358 1379 1427 quemdam
1428 1358 1793 1427 presbyterum
1835 1357 2116 1411 scribentis

536 1466 654 1505 esse
676 1450 947 1504 dicebatur
983 1448 1165 1519 (Ibid,
1194 1467 1247 1501 n.
1284 1449 1396 1517 51).
1429 1448 1699 1501 celeritate
1730 1447 2035 1516 praecedens
2063 1448 2116 1501 in

533 1557 720 1595 manus
748 1541 1019 1595 hominum
1052 1540 1386 1610 praevolavit;
1430 1542 1479 1593 in
1510 1554 1612 1609 qua
1643 1541 1718 1593 sic
1755 1555 1839 1593 res
1877 1551 1991 1593 acta
2023 1556 2116 1593 cx—

532 1632 843 1700 ponebatur,
876 1640 932 1685 ut
961 1632 1112 1685 tacita
1153 1630 1326 1684 divina
1369 1632 1557 1699 gratia,
1601 1630 1710 1682 sola
1752 1630 1819 1683 ibi
1851 1630 2115 1698 legeretur

533 1722 712 1776 infelix
744 1730 797 1777 et
839 1737 898 1776 se
928 1722 1094 1790 ipsam
1131 1720 1424 1789 decipiens,
1458 1720 1598 1773 velut
1631 1719 1838 1784 victrix,
1882 1720 2112 1773 humana

533 1813 799 1882 superbia.
830 1814 1093 1867 Praeterea
1122 1813 1399 1869 Gestorum
1431 1812 1834 1866 Palmstinorum
1864 1820 2111 1881 tanquam

532 1907 851 1962 breviarium
894 1908 1133 1977 Pelagius
1164 1908 1213 1960 in
1257 1906 1495 1959 chartula
1528 1904 1669 1968 fecit,
1698 1920 1816 1973 quas
1856 1904 2007 1959 facile
2049 1919 2113 1959 ac

533 2000 638 2052 cito
664 2014 1038 2068 usquequaque
1076 1998 1398 2061 discurrens,
1443 1998 1491 2051 ei
1521 1998 1636 2052 vice
1678 1997 1934 2066 apologize
1970 2007 2114 2052 esset

535 2089 720 2159 (Ibid.,
762 2108 813 2143 η.
855 2092 945 2161 57)
981 2108 992 2143 :
1022 2105 1177 2158 quam
1228 2091 1297 2145 ob
1346 2090 1397 2143 id
1450 2089 1586 2143 forte
1637 2091 1978 2159 Augustinus,
2026 2091 2112 2145 cui

534 2181 775 2235 eamdem
804 2182 889 2234 ille
914 2182 1025 2234 sine
1051 2181 1240 2235 litteris
1270 2180 1366 2249 ipsi
1394 2180 1701 2234 nominatim
1733 2182 1944 2249 scriptis
1969 2182 2113 2239 misit

532 2273 716 2348 (Ibid,
750 2291 802 2327 n.
828 2275 900 2343 1),
934 2273 1224 2327 chartulam
1255 2273 1576 2327 defensionis
1602 2274 1717 2341 ejus
1744 2282 1899 2327 vocat
1924 2273 2109 2346 (Ibid.,

530 2384 585 2422 n.
616 2368 726 2437 57),
757 2376 809 2421 et
833 2366 1187 2435 conscriptam
1219 2363 1286 2419 ab
1314 2382 1377 2419 eo
1401 2364 1764 2420 defensionem
1804 2381 1975 2432 suam,
2009 2383 2112 2436 qua

531 2475 590 2515 se
615 2459 824 2514 diccbat
844 2458 1067 2527 objectis
1098 2457 1437 2525 respondisse
1463 2456 1729 2509 Gallorum
1762 2456 1953 2526 (Epist.
1987 2456 2108 2524 169,

530 2568 585 2605 n.
621 2552 695 2619 7).
726 2550 881 2619 Atqui
913 2550 963 2602 in
992 2548 1177 2603 eadem
1208 2548 1470 2612 chartula,
1501 2547 1839 2601 breviationis
1867 2548 2107 2613 obtentu,
2144 2550 2147 2553 ’

532 2642 689 2697 Gesta
737 2641 866 2695 locis
914 2638 1225 2709 quibusdam
1270 2637 1618 2703 adnlterabat,
1662 2646 1753 2691 aut
1797 2638 2114 2693 obscurabat

533 2731 634 2803 (De
662 2730 797 2785 Gest.
825 2729 1043 2800 Pelagii,
1068 2747 1154 2782 nn.
1182 2729 1271 2793 57,
1299 2726 1411 2800 58).
1435 2728 1752 2796 Opusculum
1780 2728 2027 2797 denique,
2058 2730 2111 2783 in

533 2840 638 2895 quo
663 2825 729 2879 de
756 2824 930 2879 Gestis
953 2822 1251 2878 Palmstinae
1276 2822 1462 2892 synodi
1493 2822 1816 2892 gloriabatur
1835 2822 1936 2892 (De
1957 2823 2105 2877 Pccc.

533 2919 738 2990 origin.,
762 2935 812 2971 n.
840 2918 951 2986 15),
976 2916 1075 2970 sub
1096 2915 1233 2970 idem
1264 2923 1471 2984 tempus
1491 2915 1701 2983 scripsit
1723 2929 1816 2983 pro
1842 2915 2009 2970 libero
2024 2930 2112 2970 ar-

532 3010 690 3065 bitrio
717 3009 898 3080 (Ibid,
940 3025 992 3061 n.
1025 3008 1138 3076 14),
1171 3014 1397 3076 quatuor
1424 3006 1477 3059 in
1514 3005 1677 3061 libros
1702 3006 2110 3076 digestum;cu-

526 3101 614 3172 jus
641 3101 815 3171 operis
853 3101 933 3154 sui
976 3100 1028 3154 in
1064 3096 1261 3152 litteris
1302 3098 1522 3151 Romam
1560 3096 1758 3164 missis,
1795 3098 2110 3168 scriptisque

526 3192 740 3248 eir'citer
759 3194 1022 3247 ineuntem
1039 3204 1233 3245 annum
1251 3188 1825 3258 quadringentesimum
1842 3188 2109 3245 decimum

529 3284 811 3353 septimum
838 3282 902 3336 ad
924 3282 1286 3337 Innocentium
1315 3295 1525 3349 papam,
1550 3282 2107 3336 commemorationem

530 3376 716 3429 fecisse
745 3374 1008 3443 reperitur
1037 3370 1140 3442 (De
1160 3372 1305 3425 Crat.
1332 3370 1537 3435 Christi,
1566 3386 1620 3423 n.
1644 3368 1753 3442 32).
1788 3369 1843 3423 In
1874 3370 1955 3424 bis
1973 3388 2106 3441 qua-

529 3479 650 3522 tuor
688 3466 834 3519 libris
872 3479 1219 3535 qumcumque
1249 3478 1346 3533 pro
1380 3464 1548 3533 gratia
1592 3463 1871 3518 videbatur
1906 3464 2104 3533 dicere,

528 3575 627 3630 qua
639 3558 904 3628 juvamur,
947 3565 1004 3611 ut
1028 3557 1400 3611 declinemus-a
1433 3554 1595 3619 malo,
1612 3554 1914 3624 bonumque
1950 3555 2107 3611 facia-

529 3667 667 3716 mus,
698 3666 762 3705 eo
789 3648 969 3713 modo,
999 3664 1167 3718 eaque
1196 3646 1476 3702 verborum
1507 3646 1847 3715 ambiguitate
1876 3647 2103 3713 dicebat,

529 3751 640 3796 uta
666 3756 763 3796 suo
778 3742 1022 3811 dogmate
1046 3756 1150 3795 non
1174 3738 1444 3795 recederet
1464 3738 1681 3793 omnino
1706 3738 1888 3812 (Ibid,
1914 3758 1964 3793 η.
1987 3741 2101 3813 45).

1190 3828 1415 3886 CAPUT
1456 3832 1522 3885 Χ.

528 3924 554 3977 1
599 3922 801 3976 Littera:
838 3921 1130 3991 Hieronymi
1163 3923 1411 3990 simulque
1438 3922 1555 3975 alia:
1592 3922 1797 3977 llerotis
1836 3933 1884 3977 et
1920 3925 2107 3981 Lazari

599 4030 688 4083 per
720 4013 953 4066 Orosium
979 4012 1258 4077 a/feruntur
1279 4013 1333 4065 in
1356 4013 1595 4082 Africam.
1618 4013 1652 4065 2
1677 4013 1955 4069 Concilium
1982 4017 2105 4072 Car-

599 4104 904 4174 thaginense,
937 4099 1185 4170 huiusque
1210 4102 1437 4171 exemplo
1456 4102 1821 4169 Milevitanum,
1852 4106 2104 4161 Innocen-

599 4196 667 4249 tio
696 4210 843 4266 papcc
862 4194 1084 4248 scribunt
1112 4202 1286 4247 contra
1312 4192 1598 4264 Pelagium.
1629 4196 1663 4250 5
1691 4195 1832 4248 Idem
1862 4210 2103 4267 prmstant

596 4289 814 4361 quinque
842 4288 1147 4358 conjunctim
1168 4287 1387 4357 episcOpi
1404 4287 1651 4356 Africani.
1685 4290 1719 4342 4
1743 4289 1985 4359 Africana
2010 4292 2101 4345 de-

599 4390 733 4434 creta
760 4389 935 4432 contra
965 4377 1268 4449 Pelagianos
1291 4394 1483 4431 errores
1510 4388 1627 4432 nota
1652 4381 1772 4450 facit
1800 4382 2105 4452 Augustinus

600 4471 802 4524 Hilario
828 4469 1166 4523 Narbonensi.
1196 4469 1230 4524 5
1250 4469 1327 4522 De
1351 4470 1523 4522 iisdem
1545 4472 1791 4525 erroribus
1816 4473 1867 4526 in
1893 4468 2101 4545 Pelagio

596 4562 918 4632 deprehensis
966 4560 1036 4613 ad
1083 4560 1333 4613 Joannem
1378 4559 1860 4629 Jcrosolgmitanum
1910 4566 2096 4619 scribit.

593 4654 627 4708 6
658 4653 889 4723 Epistola
927 4652 994 4705 ad
1027 4652 1280 4705 Oceanum
1322 4653 1384 4705 ab
1430 4669 1486 4706 eo
1529 4654 1699 4707 missa.
1737 4656 1766 4709 7
1811 4655 2099 4712 Doctrinam

595 4745 838 4799 Ecclesia:
861 4746 912 4798 in
942 4744 1217 4813 Scripturis
1240 4744 1452 4812 penitius
1472 4745 1689 4799 rimandi
1719 4749 1973 4815 provincia
2002 4753 2097 4805 da-

592 4850 674 4892 tur
698 4839 974 4908 Augustino
998 4853 1029 4889 a
1050 4836 1241 4891 duobus
1260 4837 1503 4892 conciliis.

591 4930 815 5005 1._Cum
856 4929 1105 4994 Orosius,
1147 4943 1303 4998 quem
1351 4928 1677 4998 Augustinus
1722 4930 1788 4983 ad
1834 4931 2095 5005 llierony-

514 5038 686 5089 mum,
728 5030 786 5076 ut
829 5021 895 5075 ab
940 5035 1007 5076 eo
1052 5019 1301 5090 quidnam
1332 5018 1397 5073 de
1431 5020 1605 5073 anima
1645 5022 1963 5077 credendum
2002 5027 2093 5094 sit,

521 5113 839 5180 addisceret,
859 5126 998 5167 anno
1018 5112 1295 5182 superiore
1315 5111 1549 5175 miserat,
1574 5111 1673 5166 hoc
1693 5128 1832 5167 anno
1848 5117 2097 5184 quadrin-

519 5205 817 5271 gentesimo
839 5205 1047 5261 decimo
1073 5213 1222 5259 sexto
1257 5211 1612 5259 reverteretur
1641 5206 1692 5259 in
1718 5206 2093 5279 Occidentem;

525 5292 877 5365 Hieronymus
913 5297 1305 5367 Opportunitate
1334 5312 1480 5361 usus,
1520 5299 1721 5353 litteras
1750 5300 1962 5356 abeunti
1992 5312 2097 5357 tra-

522 5381 676 5449 didit,
699 5384 889 5452 quibus
918 5388 1055 5454 apml
1085 5388 1456 5457 Augustinum,
1484 5388 1622 5459 quod
1664 5389 1780 5459 ejus
1804 5390 2006 5447 duobus
2035 5395 2095 5449 li-

520 5474 652 5536 bris,
685 5474 929 5528 nimirum
957 5477 1022 5532 de
1060 5482 1252 5546 anima,
1284 5482 1451 5552 deque
1481 5485 1737 5537 sententia
1778 5484 1956 5539 Jacobi
1989 5503 2091 5542 non

524 5566 877 5637 responderit,
926 5573 1177 5637 temporis
1219 5574 1576 5630 difficultatem
1618 5579 1889 5631 excusavit
1930 5579 2093 5649 (ψιοά

521 5654 734 5730 quidem
772 5660 825 5713 in
867 5658 1211 5713 absolutionis
1250 5662 1443 5734 Pelagii
1485 5675 1689 5737 tempus
1731 5668 1921 5723 cadere
1966 5672 2092 5725 satis

1639 233 1796 291 vna
1838 210 1892 288 ὲ.
1934 212 2294 287 AUGUSTINI
2333 223 2651 288 EPISCOPI.

2230 360 2495 416 superque
2537 344 2966 417 intelligebatur),
2998 355 3217 402 testatus
3257 348 3354 403 sibi
3385 346 3661 408 decretum
3695 370 3820 413 esse

2230 438 2399 506 ipsum
2424 451 2621 503 amare,
2653 437 2941 505 suspicere,
2971 437 3171 504 colere,
3201 440 3405 505 mirari,
3447 458 3509 496 ac
3540 443 3712 514 ipsius
3737 446 3825 500 di-

2229 537 2335 592 cta,
2366 528 2514 598 quasi
2554 543 2646 582 sua
2674 528 2996 595 defendere;
3030 546 3236 585 necnon
3269 531 3379 601 jam
3423 549 3481 589 se
3522 536 3577 590 in
3604 537 3823 610 dialogo

2228 630 2413 676 contra
2442 620 2750 688 Pelagianos
2787 621 2950 685 edito,
2979 620 3166 691 ipsius,
3210 632 3268 677 ut
3309 622 3525 694 dignum
3557 638 3699 695 erat,
3730 645 3822 686 re-

2226 710 2501 765 cordatum
2531 710 2691 763 fuisse
2719 710 2890 780 (Apud
2914 712 3271 782 Augustinum,
3298 714 3460 783 Epist.
3490 718 3611 780 172,
3647 736 3703 772 η.
3738 718 3817 791 1).

2227 801 2337 855 lloe
2360 809 2536 861 autem
2570 801 2619 854 in
2650 800 2762 855 bmc
2788 802 2946 856 verba
2974 813 3190 857 sanctus
3230 804 3513 877 Presbyter
3537 810 3815 879 praestite-

2223 902 2341 949 rat:
2373 894 2590 964 Scripsit
2615 894 2803 947 dudum
2838 895 2912 947 vir
2948 906 3150 949 sanctus
3188 906 3233 950 et
3272 898 3504 965 eloquens
3542 902 3819 973 episcopus

2223 988 2529 1058 Augustinus
2563 989 2631 1042 ad
2659 984 3033 1057 Marcellinum,
3080 992 3165 1061 qui
3190 1002 3361 1062 postea
3389 994 3479 1048 sub
3513 996 3708 1051 invidia
3736 1008 3817 1068 ty-

2221 1082 2448 1135 rannidis
2490 1082 2810 1136 lleraclianaz
2847 1083 2907 1136 ab
2937 1084 3185 1138 htcreticis
3228 1086 3467 1143 innocens
3502 1106 3664 1145 ctesus
3706 1101 3812 1156 est,

2221 1174 2347 1229 duos
2386 1176 2537 1229 libros
2572 1176 2634 1229 de
2668 1174 2960 1245 lnfautibus
3001 1177 3322 1245 baptizandis
3364 1191 3540 1235 contra
3573 1182 3817 1237 haeresim

2220 1276 2454 1330 vestram,
2496 1276 2598 1321 etc.
2635 1266 2780 1320 Unde
2806 1268 3229 1335 supersedendum
3270 1270 3385 1324 huic
3410 1266 3570 1326 labori
3603 1290 3811 1343 censeo,

2220 1372 2281 1409 ne
2306 1356 2504 1409 dicatur
2538 1357 2666 1409 mihi
2691 1356 2818 1409 illud
2846 1355 3068 1423 Horatii,
3105 1355 3169 1410 In
3196 1357 3390 1429 sylcam
3421 1378 3483 1416 ne
3502 1363 3641 1433 ligna
3672 1364 3825 1434 {cru

2222 1448 2480 1522 (Satyrar.
2506 1450 2591 1504 lib.
2622 1451 2669 1514 1,
2693 1461 2789 1504 sat.
2821 1452 2907 1518 10,
2938 1468 3067 1506 vers.
3097 1454 3209 1523 51).
3239 1454 3339 1507 Aut
3359 1456 3493 1509 enim
3516 1458 3693 1511 eadem
3722 1458 3812 1512 di-

2220 1556 2441 1594 ceremus
2468 1556 2531 1593 ex
2552 1542 2844 1609 super/luo;
2871 1552 2959 1596 aut
2988 1544 3032 1620 si
3066 1558 3193 1596 nova
3220 1545 3523 1600 voluerimus
3555 1547 3743 1615 dicere,
3776 1566 3815 1604 α

2219 1632 2496 1686 clarissimo
2526 1633 2725 1703 ingenio
2751 1644 2997 1704 occupata
3038 1645 3154 1689 sunt
3190 1637 3399 1690 nteliora
3425 1637 3595 1707 (Cant.
3641 1640 3812 1696 Pelaa

2216 1723 2379 1791 gian.,
2421 1723 2547 1777 dial.
2583 1725 2661 1793 5).
2704 1724 2966 1780 Praeterea
3005 1726 3226 1781 Orosius
3252 1727 3456 1783 litteras
3481 1730 3535 1784 in
3568 1729 3811 1786 Africam

2218 1813 2392 1866 attulit
2419 1814 2485 1867 ab
2517 1813 2709 1869 llcrote
2738 1830 2798 1869 ac
2826 1815 3046 1882 Lazaro,
3078 1818 3269 1887 quibus
3308 1816 3552 1889 Pelagius
3592 1830 3644 1877 et
3680 1822 3811 1878 Ca:-

2219 1902 2401 1957 lestius
2442 1904 2631 1959 nefarii
2669 1907 3148 1978 anathemandique
3190 1910 3389 1965 erroris
3430 1923 3677 1968 auctores
3717 1929 3811 1968 ar-

2216 1995 2511 2064 guebantur
2535 1995 2721 2068 (Epist.
2754 1998 2877 2085 17"},
2909 2016 2962 2051 η.
3003 2000 3055 2069 1)
3082 2017 3095 2053 :
3121 2008 3280 2069 atque
3325 2002 3515 2057 horum
3554 2019 3715 2071 unus,
3748 2004 3808 2060 id

2217 2096 2299 2141 est
2326 2087 2626 2151 Caelestius,
2653 2090 2812 2143 etiam
2841 2090 2905 2144 ad
2940 2091 3330 2161 presbyterium
3358 2093 3411 2147 in
3447 2094 3575 2149 Asia
3606 2109 3811 2164 perveo

2217 2178 2391 2243 nisse;
2420 2178 2555 2233 alter
2579 2188 2776 2245 autem,
2819 2181 3023 2235 scilicet
3059 2181 3319 2251 Pelagius,
3349 2197 3506 2252 agere
3528 2183 3808 2257 Jerosoly-

2217 2270 2319 2323 mis
2361 2269 2656 2337 dicebatur,
2707 2272 2887 2341 ibique
2923 2273 3208 2327 nonnullos
3252 2274 3517 2343 decipere,
3562 2279 3813 2346 quamvis

2216 2361 2370 2432 longe
2399 2364 2577 2432 plures
2602 2364 2693 2433 qui
2725 2364 2841 2433 ejus
2882 2379 3071 2420 sensus
3098 2365 3404 2436 diligentius
3424 2367 3676 2438 indagare
3706 2385 3810 2439 ρο⁴1

2218 2459 2450 2515 luerunt,
2473 2468 2536 2507 ac
2561 2455 2826 2523 prmcipne
2866 2454 3242 2526 Hieronymus,
3274 2457 3529 2514 adversus
3556 2474 3679 2515 eum
3706 2475 3813 2532 pro

2216 2546 2381 2615 gratia
2412 2546 2604 2600 Christi
2630 2546 2973 2617 confligerent
2995 2547 3186 2619 (Epist.
3218 2548 3341 2614 176,
3370 2567 3421 2604 n.
3451 2549 3529 2624 4).

2287 2635 2340 2688 9.
2382 2635 2489 2691 Has
2519 2638 2721 2691 litteras
2752 2638 3153 2693 Procoasularis
3180 2640 3471 2697 Provinciae
3498 2642 3769 2713 episcopis
3787 2684 3809 2712 ,

2215 2726 2305 2795 qui
2343 2736 2653 2781 consuetum
2691 2738 2990 2799 statumque
3031 2732 3313 2799 quotannis
3349 2733 3631 2788 concilium
3675 2742 3814 2791 tunc

2218 2819 2471 2887 temporis
2516 2819 2834 2889 Carthagine
2876 2822 3252 2888 celebrabant,
3281 2822 3501 2880 Orosius
3546 2825 3808 2881 reddidit.

2216 2910 2393 2965 Lectis
2416 2912 2467 2965 in
2491 2912 2693 2983 synodo
2717 2913 2907 2968 litteris
2931 2914 3357 2985 animadvertunt
3380 2918 3655 2986 prtesulcs,
3679 2934 3811 2989 gra-

2214 3004 2487 3059 vissimum
2514 3005 2581 3059 ab
2623 3004 2921 3060 detestandi
2960 3008 3159 3062 erroris
3206 3004 3472 3078 magistris
3519 3013 3641 3064 esse
3679 3009 3809 3066 fidei

2213 3096 2487 3151 catholicae
2518 3097 2829 3166 periculum.
2861 3097 3195 3168 Quapropter
3218 3098 3404 3169 judicii
3439 3100 3763 3170 episc0palis
3787 3138 3809 3169 ,

2214 3202 2317 3258 quo
2344 3198 2467 3243 ante
2494 3203 2662 3242 annos
2688 3189 2921 3259 quinque
2946 3190 3226 3244 Caelestius
3255 3189 3393 3259 apud
3419 3188 3805 3261 Carthaginem

2213 3278 2495 3333 damnatus
2523 3279 2714 3344 fuerat,
2748 3287 2861 3333 acta
2892 3279 3105 3333 recitari
3128 3280 3337 3349 jubent.
3370 3279 3438 3334 Et
3465 3281 3711 3350 quamvis
3735 3296 3811 3337 eo

2209 3371 2408 3441 judicio
2434 3380 2635 3426 tantum
2662 3372 2790 3426 illud
2818 3372 3011 3426 vulnus
3040 3382 3168 3427 tunc
3195 3374 3432 3428 excisum
3460 3373 3529 3427 ab
3554 3373 3805 3429 Ecclesia

2213 3464 2509 3529 videretur;
2537 3464 2885 3520 nihilominus
2912 3474 3087 3520 tamen
3116 3465 3389 3519 communi
3409 3459 3833 3522 deliberatione

2212 3567 2449 3620 censent,
2486 3555 2785 3625 bujusmodi
2816 3557 3014 3611 erroris
3040 3564 3307 3620 auctores,
3340 3556 3442 3610 nisi
3469 3557 3609 3612 hunc
3636 3572 3805 3628 aper--

2214 3646 2414 3701 tissime
2442 3646 2856 3712 anathemarint,
2891 3647 3037 3717 ipsos
3064 3646 3395 3702 anathemati
3425 3657 3705 3717 oportere;
3738 3658 3806 3703 ut

2211 3742 2253 3795 si
2282 3742 2514 3809 ipsorum
2541 3755 2645 3793 non
2671 3740 2918 3807 potuerit,
2950 3722 3136 3794 saltem
3166 3754 3351 3794 eorum
3379 3741 3469 3810 qui
3499 3742 3567 3797 ab
3592 3742 3669 3796 eis
3695 3741 3802 3797 de-

2209 3834 2350 3901 cepti
2380 3840 2503 3885 sunt
2530 3831 2613 3884 vel
2644 3830 2812 3899 decipi
2849 3839 3105 3900 possunt,
3138 3832 3453 3900 cognitaque
3481 3832 3536 3885 in
3564 3847 3658 3887 eos
3685 3831 3802 3887 lata

2210 3932 2293 3979 est
2339 3923 2597 3976 sententia
2622 3962 2636 3983 .
2686 3922 2885 3976 sanitas
2929 3931 3261 3989 procuretur.
3295 3920 3408 3976 Hoc
3446 3930 3621 3976 autem
3660 3936 3691 3975 a
3734 3936 3803 3978 se

2212 4024 2419 4085 gestum
2448 4021 2638 4067 curant
2663 4012 2967 4067 Innocentio
2998 4027 3146 4081 papa:
3186 4011 3534 4066 intimandum
3555 4054 3571 4079 ,
3604 4020 3661 4067 ut
3683 4013 3807 4067 suis

2210 4107 2447 4177 ipsorum
2469 4106 2677 4160 statutis
2702 4105 2859 4160 etiam
2878 4105 3181 4175 apostolicae
3202 4103 3354 4159 Sedis
3374 4104 3685 4160 adhibeatur
3699 4120 3800 4160 au-

2216 4202 2453 4255 ctoritas.
2475 4200 2604 4253 Nam
2632 4198 2951 4268 complures,
2980 4192 3067 4267 qui
3098 4212 3305 4263 eorum,
3333 4206 3388 4250 ut
3411 4198 3579 4264 aiunt,
3609 4198 3796 4267 perhi-

2212 4291 2405 4345 bentur
2429 4305 2547 4345 esse
2584 4289 2668 4343 vel
2713 4290 2874 4342 fuisse
2913 4288 3191 4357 discipuli,
3236 4288 3349 4342 hzrc
3397 4289 3568 4353 mala,
3598 4288 3799 4357 quibus

2210 4384 2547 4439 fundamenta
2574 4383 2874 4437 cbristianac
2920 4381 3040 4437 ﬁdei
3078 4390 3338 4436 conantur
3360 4392 3617 4447 evertere,
3651 4398 3794 4451 qua-

2208 4491 2435 4545 cumque
2467 4482 2705 4544 possunt,
2738 4472 3002 4527 affirmare
3031 4487 3135 4526 non
3166 4482 3377 4527 cessant
3402 4470 3605 4544 (Epist.
3641 4471 3749 4526 175
3772 4512 3791 4536 ,

2206 4585 2292 4621 nn.
2328 4568 2379 4632 1,
2410 4566 2501 4638 2).
2534 4566 2633 4631 Qui
2678 4580 2745 4620 eo
2790 4574 3029 4635 tempore
3067 4564 3260 4619 Sedem
3305 4565 3643 4635 apostolicam
3677 4578 3791 4619 non

2205 4658 2321 4712 sine
2350 4655 2605 4725 singulari
2636 4655 2729 4708 Dei
2760 4653 3090 4723 providentia
3115 4654 3386 4709 obtinebat
3411 4654 3749 4710 Innocentius
3768 4694 3785 4721 ,

2204 4749 2249 4803 is
2278 4758 2422 4804 tanta
2451 4748 2717 4818 diligentia
2749 4746 2995 4802 studebat
3022 4747 3183 4802 rebus
3207 4746 3482 4810 Ecclesiae,
3513 4755 3570 4801 ut
3596 4747 3641 4800 si
3667 4758 3789 4816 quae

2204 4859 2301 4914 pro
2328 4844 2413 4897 illa
2445 4852 2571 4896 tunc
2615 4840 2939 4911 suggerenda
2977 4848 3167 4905 erant,
3212 4839 3351 4909 apud
3388 4854 3509 4894 eum
3550 4847 3788 4894 tacerent

2202 4935 2439 4992 Africani
2460 4933 2735 5003 prtesules,
2757 4932 2859 4987 hoc
2880 4932 3053 5003 potius
3072 4948 3136 4986 ex
3157 4932 3354 4987 incuria
3373 4930 3600 4995 veniret,
3623 4944 3787 4999 quam

2202 5041 2266 5083 ex
2295 5027 2483 5081 timore
2510 5024 2637 5091 ullo,
2668 5039 2735 5078 ne
2765 5023 2845 5078 vel
2875 5038 2937 5077 ea
2967 5024 3256 5093 negligeret
3280 5023 3413 5093 ipse,
3445 5021 3529 5077 vel
3561 5021 3787 5077 moleste

2202 5126 2523 5190 gravateque
2567 5115 2831 5186 acciperet
2872 5113 3079 5187 (Epist.
3128 5108 3269 5179 1'76,
3298 5130 3350 5167 n.
3384 5110 3481 5183 1).
3523 5111 3785 5179 Quocirca

2202 5210 2487 5283 provinciae
2515 5207 2776 5262 Numidiae
2814 5206 3047 5277 synodus
3078 5206 3128 5259 in
3159 5205 3293 5260 urbe
3332 5204 3526 5259 Milevo
3554 5217 3783 5272 ροηδε-ρ·

2200 5314 2342 5376 gata,
2366 5317 2486 5357 eum
2511 5315 2606 5371 per
2627 5300 2827 5354 litteras
2850 5298 3095 5366 exemplo
3119 5296 3554 5366 Carthaginiensis
3568 5294 3785 5349 concilii

2201 5402 2371 5465 rogat,
2396 5392 2640 5462 dignetur
2659 5389 2863 5460 magnis
2888 5387 3136 5457 periculis
3161 5386 3490 5442 infirmorum
3513 5383 3787 5440 membro-

2199 5502 2317 5559 rum
2346 5482 2542 5540 Christi
2581 5480 2895 5551 pastoralem
2924 5493 3104 5533 curam
3142 5478 3427 5543 adbibere;
3456 5487 3615 5547 atque
3644 5488 3739 5530 eos
3761 5516 3780 5538 ,

2200 5595 2267 5634 ne
2291 5576 2509 5633 haeresis
2532 5588 2681 5629 novae
2704 5588 2765 5627 ac
2786 5573 3003 5626 nimium
3027 5572 3360 5643 perniciosae,
3378 5587 3498 5642 qua:
3520 5569 3786 5625 orationis

2202 5685 2231 5724 a
2263 5668 2568 5738 majoribus,
2598 5665 2857 5735 simulque
2883 5664 3134 5736 Baptismi
3164 5676 3192 5717 a
3223 5662 3459 5733 parvulis
3486 5659 3785 5719 necessita
