4042 6360
225 321 354 379 485

235 443 364 488 tem
391 428 582 496 aufert,
612 424 816 499 laqueis
843 424 1196 497 implicentur,
1230 421 1484 475 instanter
1511 426 1561 472 ct
1591 417 1833 473 celeriter

233 522 558 595 prtmdere.

321 617 380 670 5.
425 612 722 668 Christiana
741 608 871 664 ﬁdes
896 607 948 660 in
977 603 1260 660 discrimen
1285 609 1388 654 tam
1417 606 1682 668 apertum,
1703 599 1837 650 tam-

235 721 364 776 que
377 703 726 775 propinquum
750 697 973 752 adducta
992 695 1101 749 visa
1127 702 1205 748 est
1223 691 1418 746 sanctis
1438 690 1537 743 illis
1552 685 1833 757 episcopis,

240 808 304 851 ut
329 814 399 852 ex
424 795 508 850 his
527 795 674 864 ipsis,
697 789 873 861 quiﬂde
891 787 1094 844 duobus
1110 783 1396 856 provincia:
1413 777 1839 850 Carthaginensis

239 904 312 942 ac
367 886 625 941 Numidiae
651 881 890 936 conciliis
917 880 1123 933 litteras
1163 879 1346 930 contra
1391 871 1632 926 inimicos
1655 868 1839 940 gratiae

240 979 462 1034 Christi
491 977 688 1049 (Epist.
716 975 851 1044 177)
877 973 1131 1028 miserant
1155 970 1219 1024 ad
1236 966 1598 1022 innocentium
1625 978 1836 1034 papam,

1555 293 1757 362 LIBER
1792 294 2141 362 SEPTIMUS.

1939 415 2242 487 Hieronymi
2263 414 2421 471 fuisse
2440 416 2457 488 (
2473 412 2618 487 Apud
2636 407 2984 487 Augustinum,
3008 403 3169 490 Epist.
3195 405 3318 487 lﬁii,
3341 437 3393 475 η.
3411 423 3498 492 5),

1940 507 2133 576 quippe
2161 507 2246 577 qui
2276 505 2390 576 ejus
2416 523 2518 562 non
2549 509 2705 562 modo
2731 510 3032 564 evolvendis
3057 512 3266 581 scriptis
3287 528 3504 582 operam

1941 598 2119 664 daret,
2155 598 2246 652 sed
2277 598 2571 653 doctrinam
2617 615 2679 654 ex
2711 615 2801 654 ore
2831 617 3037 671 quoque
3066 602 3326 672 loquentis
3363 605 3510 660 exci-

1942 696 2092 757 peret
2118 690 2140 758 (
2160 687 2326 756 Epist.
2370 688 2500 755 l80,
2530 707 2583 743 η.
2611 691 2645 742 2
2666 687 2706 760 )-,
2736 689 3136 761 baudquaqiram
3173 693 3509 764 ambigimus.

1940 778 1998 832 lu
2026 779 2134 833 suis
2163 780 2249 833 ille
2275 780 2512 848 epistolis
2538 779 2606 835 de
2634 781 2833 850 origine
2857 782 3046 837 animae
3075 787 3297 853 primum
3329 801 3513 856 agens,

1945 871 2272 937 proponebat
2300 885 2361 923 ex
2397 871 2701 942 Hieronymi
2746 874 3039 938 sententia,
3082 875 3347 943 quomodo
3378 877 3518 932 Deus

1941 958 2255 1012 adulterinis
2281 961 2437 1014 etiam
2469 960 2812 1030 conceptibus'
2847 961 2989 1032 jusre
3015 965 3217 1019 animas
3242 966 3516 1035 largiatur.

191 1103 200 1125 ι
240 1073 502 1141 quinque
525 1065 845 1137 conjunctim
894 1079 991 1118 suo
1021 1061 1254 1125 nomine,
1287 1058 1531 1112 Aurelius
1560 1054 1834 1118 videlicet,

242 1163 506 1232 Alypius,
531 1157 874 1228 Augustinus,
899 1153 1151 1217 Evodius,
1169 1167 1228 1206 ac
1247 1149 1534 1209 Possidius,
1556 1144 1842 1199 familiares

191 1211 207 1274 ι
243 1211 863 1312 adJeumdemulitteras,
896 1245 982 1298 ubi
1013 1244 1081 1298 de
1107 1249 1216 1312 ipsa
1247 1254 1402 1295 causa
1434 1239 1703 1307 aliquanto
1729 1243 1842 1288 stu-

186 1387 196 1395 .
245 1344 472 1397 diositts
512 1347 755 1410 ageretur
777 1377 793 1401 ,
833 1334 1142 1405 scripserint
1172 1331 1378 1400 (Epist.
1409 1329 1529 1393 l86,
1563 1344 1614 1380 η.
1640 1325 1735 1395 2).
1768 1325 1845 1378 Ex

1948 1048 2140 1103 Verum
2170 1066 2272 1102 non
2304 1050 2500 1105 hancce
2527 1052 2893 1120 quaestionem,
2921 1053 3015 1107 sed
3041 1053 3182 1108 illam
3212 1057 3386 1124 potius
3407 1072 3522 1110 mo-

1945 1140 2135 1194 lestam
2163 1156 2281 1195 esse
2321 1143 2608 1211 respondet
2635 1143 2983 1212 Augustinus,
3017 1159 3117 1213 qua
3148 1147 3404 1214 qureritur
3428 1164 3440 1199 :
3465 1147 3521 1202 Si

1949 1243 2099 1285 novae
2129 1246 2191 1284 ex
2224 1229 2388 1284 nihilo
2430 1231 2622 1285 anima:
2658 1233 2878 1302 singula:
2921 1233 3141 1303 singulis
3185 1236 3522 1290 nascentibus

1949 1321 2081 1375 ﬁunt
2106 1365 2120 1388 ,
2146 1322 2412 1391 quomodo
2451 1321 2592 1392 juste
2629 1323 2681 1376 in
2726 1323 3118 1378 damnationem
3147 1325 3375 1392 dantur,
3405 1341 3524 1394 qua:

177 1429 190 1448 '
249 1434 416 1488 hisce
449 1434 639 1486 litteris
665 1428 1025 1496 intelligimus,
1062 1423 1339 1494 epistolam
1367 1420 1432 1474 ab
1460 1417 1754 1488 Augustino
1780 1414 1846 1468 ad

249 1525 572 1594 Pelagium,
606 1536 706 1592 qua
736 1519 801 1574 ad
843 1516 1169 1573 defensionis
1198 1513 1361 1584 ipsius
1399 1527 1491 1566 seu
1524 1507 1846 1579 purgationis

249 1617 309 1669 in
355 1615 713 1685 Diospolitana
742 1610 942 1683 synodo
964 1607 1255 1663 chartulam
1281 1603 1654 1674 respondebat,
1686 1601 1848 1654 fuisse

251 1707 567 1774 scriptam:
603 1704 736 1756 hanc
762 1702 903 1756 enim
952 1699 1017 1752 ad
1067 1696 1427 1752 Innocentium
1459 1693 1714 1761 dirigunt,
1751 1705 1850 1759 pe-

253 1806 451 1851 tentes
478 1804 532 1850 ut
557 1810 672 1850 eam
704 1793 876 1848 mittat
905 1791 1018 1860 ipse
1051 1788 1283 1858 Pelagio,
1313 1795 1467 1857 quem
1501 1785 1662 1853 ipsius
1693 1783 1850 1836 indue

251 1897 417 1943 ctum
438 1888 749 1944 auctoritate
767 1884 1026 1939 lubentius
1039 1893 1154 1937 eam
1173 1881 1430 1936 lecturum
1451 1884 1634 1948 putant
1651 1874 1848 1946 (Epist.

255 1981 400 2046 177,
433 1999 489 2034 n.
519 1980 634 2051 l5).
660 1977 739 2032 Ad
761 1977 934 2031 omnia
959 1973 1294 2029 Innocentius
1313 1969 1574 2050 episcopis
1592 1965 1852 2020 Africanis

258 2073 553 2142 rescripsit
570 2088 634 2125 eo
659 2069 839 2136 modo,
867 2083 970 2139 quo
998 2066 1074 2121 fas
1098 2072 1214 2120 erat
1236 2074 1392 2133 atque
1420 2061 1698 2132 oportebat
1722 2074 1852 2128 apo-

257 2165 485 2220 stolica:
509 2163 658 2219 Sedis
684 2163 971 2216 antistitem
1001 2162 1016 2229 (
1050 2158 1211 2229 Epist.
1242 2157 1364 2221 186,
1394 2173 1446 2210 n.
1473 2154 1508 2207 2
1531 2153 1570 2220 ).

345 2256 402 2308 4.
448 2254 573 2309 Post
601 2255 789 2307 missas
830 2269 858 2306 a
903 2251 1108 2306 duobus
1154 2265 1309 2318 supra
1356 2246 1582 2301 laudatis
1619 2243 1856 2299 conciliis

259 2343 533 2412 epistolas
557 2343 620 2396 ad
650 2341 1033 2405 Innocentium,
1063 2354 1126 2393 ac
1153 2337 1301 2407 prius
1332 2337 1466 2390 forte
1495 2351 1650 2405 quam
1681 2333 1854 2388 eidem

257 2434 620 2502 scripsissent
659 2433 891 2501 quinque
933 2429 1195 2499 episcopi,
1243 2427 1461 2494 contigit
1505 2434 1560 2478 ut
1590 2423 1856 2478 Palladius

257 2525 498 2596 quidam
540 2540 684 2579 mare
740 2523 1086 2593 trajecturus,
1137 2519 1204 2573 ab
1250 2517 1542 2586 Augustino
1581 2530 1856 2570 commcn-

261 2617 496 2671 datitias
536 2617 738 2670 litteras
781 2614 845 2668 ad
892 2613 1142 2667 llilarium
1175 2611 1478 2680 episcopum
1503 2648 1517 2673 ,
1561 2607 1697 2661 forte
1727 2605 1858 2660 Nar~

262 2709 574 2763 bonensem
598 2747 614 2774 ,
660 2713 865 2775 peteret
917 2702 1122 2774 (Epist.
1159 2701 1259 2756 l78
1282 2743 1296 2768 ,
1338 2718 1392 2754 n.
1424 2701 1446 2754 l
1478 2701 1533 2769 ):
1563 2698 1660 2752 hac
1706 2713 1859 2751 occa-

260 2801 433 2854 sione
450 2799 682 2868 gaudens
709 2812 834 2852 usus
855 2804 936 2850 est
958 2793 1298 2863 Augustinus,
1328 2797 1388 2845 ut
1413 2789 1538 2844 huic
1555 2787 1775 2842 antistiti
1797 2802 1859 2841 ea

261 2899 406 2944 uota
436 2889 654 2954 faceret,
678 2905 794 2958 qua:
817 2901 1003 2940 recens
1026 2886 1075 2938 in
1102 2884 1274 2936 Africa
1301 2882 1512 2936 decreta
1541 2880 1750 2933 fuerant
1769 2876 1862 2932 ad-

267 2995 478 3038 versus
498 2980 739 3036 haeresim
763 2979 1112 3049 Pelagianam.
1141 2975 1304 3044 llnjus
1326 2988 1475 3027 nova:
1499 2981 1621 3025 tunc
1642 2970 1861 3024 hmresis

265 3073 554 3142 prrccipua
580 3071 748 3140 capita
777 3069 959 3139 paucis
983 3066 1081 3136 ipsi
1117 3065 1291 3118 verbis
1324 3063 1526 3132 aperit:
1551 3069 1607 3113 ut
1626 3074 1749 3114 cura
1772 3073 1864 3127 pa-

267 3163 468 3217 storali
487 3172 662 3216 caveat
685 3160 945 3225 homines,
968 3157 1053 3228 qui
1079 3155 1324 3226 pestifera
1344 3154 1430 3206 illa
1450 3152 1716 3220 impietate
1737 3165 1866 3203 eon-

267 3255 554 3308 tradicunt
574 3251 897 3306 orationibus
937 3248 1133 3302 nostris
1164 3246 1182 3314 (
1214 3245 1372 3308 Ibid.,
1405 3261 1458 3297 u.
1490 3245 1523 3298 5
1546 3241 1587 3315 ),
1622 3242 1744 3295 dum
1776 3255 1862 3293 as-

268 3353 472 3400 serunt
493 3343 756 3396 hominem
777 3355 931 3410 posse
954 3339 1062 3392 suis
1088 3337 1286 3390 viribus
1308 3335 1371 3388 ad
1395 3343 1589 3387 tantam
1608 3332 1863 3402 justitiam

211 3507 221 3514 .
273 3435 596 3504 pervenire,
631 3441 686 3486 ut
718 3447 886 3501 neque
929 3431 1030 3485 hoc
1056 3430 1129 3484 illi
1169 3429 1232 3482 sit
1278 3428 1453 3481 dicere
1482 3420 1865 3491 necessarium,

271 3526 499 3579 Dimitte
523 3525 663 3578 nobis
688 3524 852 3577 debita
877 3532 1049 3576 nostra
1076 3538 1095 3585 ;
1120 3531 1167 3576 et
1201 3519 1347 3584 illud,
1384 3518 1465 3571 Ne
1488 3534 1578 3571 nos
1608 3519 1794 3588 inferas
1817 3517 1867 3569 in

275 3619 608 3671 teutationem
641 3615 871 3690 (Matth.
903 3630 954 3668 vr
977 3655 992 3680 ,
1038 3612 1123 3678 12,
1158 3613 1224 3666 15
1247 3613 1286 3682 ),
1320 3611 1396 3664 sic
1438 3609 1720 3678 accipiunt,
1752 3619 1868 3660 tau-

279 3727 452 3781 quam
477 3709 706 3764 orandus
732 3708 800 3762 sit
828 3707 982 3770 Deus,
1016 3719 1081 3758 ne
1102 3702 1360 3772 quiSpiam
1386 3699 1592 3754 irruens
1613 3713 1868 3767 corpora-

278 3804 413 3858 liter
442 3818 539 3856 nos
568 3800 828 3854 humanus
855 3811 1008 3852 casus
1037 3793 1232 3864 afﬂigat
1259 3835 1272 3855 ,
1307 3807 1410 3845 non
1441 3804 1544 3859 quo
1565 3803 1661 3842 nos
1687 3788 1750 3841 ad
1777 3803 1870 3840 su-

281 3892 555 3962 perandas
599 3897 936 3960 peccatorum
983 3885 1305 3940 tentationcs
1347 3881 1591 3950 adjuvet;
1624 3879 1870 3948 quoniam

281 4000 384 4038 cas
414 3984 623 4037 vincere
669 3982 738 4035 ita
788 3980 856 4046 sit
887 3980 937 4032 in
979 3987 1156 4031 nostra
1187 3983 1478 4046 potestate,
1525 3971 1873 4042 possibilitate

283 4085 516 4139 naturae,
535 4082 592 4128 ut
615 4073 712 4126 hoc
735 4071 963 4126 inaniter
984 4065 1369 4138 impetrandum
1393 4059 1873 4137 orationibusarbi-

285 4177 495 4221 tremur
523 4165 541 4237 (
565 4165 864 4218 Sermonmu
894 4159 1131 4230 Fragm,
1166 4175 1217 4210 η.
1256 4157 1289 4210 5
1319 4155 1465 4226 primi
1498 4151 1728 4224 fragm).

365 4259 420 4311 ὅ.
461 4257 681 4309 Litteras
706 4254 770 4307 ad
789 4253 1045 4308 Joannem
1069 4247 1518 4318 Jerosolymorum
1546 4246 1870 4313 episc0pum,

291 4350 386 4418 qui
405 4363 548 4401 anno
569 4347 840 4415 superiore
861 4351 1177 4399 conventum
1196 4355 1313 4395 cum
1336 4336 1660 4409 presbyteris
1677 4335 1877 4404 aliquot

290 4444 347 4494 iu
377 4455 539 4493 causa
577 4437 770 4505 Pelagii
803 4434 1021 4498 habuit,
1049 4432 1266 4486 dederat
1291 4427 1615 4500 Augustinus
1639 4468 1654 4494 ,
1687 4441 1783 4480 nec
1810 4425 1876 4479 ab

292 4531 389 4584 illo
411 4529 664 4596 rescripta
683 4526 785 4580 ulla
807 4532 1107 4594 sumpserat
1132 4539 1144 4574 :
1171 4521 1219 4574 id
1250 4529 1422 4573 tamen
1446 4523 1658 4571 sanctus
1680 4514 1876 4568 Prtrsul

294 4619 438 4673 haud
466 4620 516 4674 in
540 4618 728 4671 malam
754 4623 957 4686 partem
980 4612 1264 4682 accipiens,
1285 4611 1472 4664 iterato
1498 4607 1561 4660 ad
1582 4606 1725 4659 illum
1748 4605 1879 4658 serio

295 4712 422 4780 psit.
456 4709 585 4763 Nam
609 4709 729 4778 quia
745 4705 1016 4762 auditione
1038 4711 1334 4771 acceperat.
1363 4699 1628 4768 Pelagium
1657 4695 1878 4749 multum

292 4801 446 4870 diligi
470 4817 495 4851 a
515 4800 719 4853 Joanne
739 4838 755 4865 ,
785 4797 923 4850 hunc
941 4803 1124 4849 monet
1153 4809 1269 4848 eam
1300 4793 1370 4846 illi
1393 4787 1740 4844 exhibendam
1762 4800 1880 4840 esse

291 4891 366 4944 ab
389 4891 505 4960 ipso
527 4888 890 4950 dilectionem,
921 4894 978 4939 ut
1004 4884 1116 4953 ipse
1143 4881 1254 4936 falli
1283 4896 1311 4934 a
1338 4879 1549 4948 Pelagio
1575 4892 1679 4931 non
1702 4874 1880 4930 existi-

291 4994 497 5038 metur.
533 4981 791 5036 lla-resim
821 4993 947 5048 ergo
974 4975 1173 5046 Pelagii
1201 4974 1387 5044 retegit
1415 4979 1716 5028 contentam
1748 4969 1880 5023 libro

295 5091 397 5145 per
414 5091 537 5130 eum
566 5074 630 5128 ad
658 5071 986 5129 extollendos
1013 5077 1214 5127 natura:
1227 5067 1365 5120 vires
1393 5065 1705 5133 composito,
1724 5075 1880 5130 quem

294 5168 378 5221 illi
407 5155 736 5231 transmittit,
768 5180 868 5218 una
886 5178 1005 5218 cum
1037 5161 1293 5231 apusculo
1319 5157 1384 5213 de
1405 5156 1603 5212 Natura
1628 5164 1682 5209 et
1705 5154 1881 5209 Gratia

294 5275 330 5314 a
350 5274 407 5314 se
427 5267 611 5314 contra
640 5258 796 5312 istum
823 5255 1014 5310 librum
1041 5251 1310 5307 elaborato
1339 5266 1351 5302 :
1377 5248 1612 5319 petitque
1628 5245 1880 5310 vicissim,

296 5358 365 5403 ut
394 5349 496 5404 sibi
537 5349 712 5402 mittat
744 5346 901 5402 Gesta
939 5340 1295 5399 ecclesiastica
1335 5336 1626 5391 Palaestina:
1664 5333 1882 5405 synodi,

298 5442 498 5512 quibus
515 5439 757 5510 Pelagius
773 5435 1082 5507 perhibetur
1098 5446 1215 5488 esse
1237 5439 1489 5501 purgatus
1507 5428 1524 5498 (
1543 5425 1703 5495 Epist.
1732 5425 1882 5495 179).

379 5534 433 5588 6.
477 5533 588 5587 lloc
601 5532 758 5586 etiam
778 5543 938 5594 anno,
957 5541 1125 5595 neque
1139 5525 1304 5577 multo
1323 5531 1432 5590 post
1449 5519 1618 5572 Orosii
1639 5519 1883 5582 reditum,

301 5627 636 5696 Augustinus
681 5619 1084 5689 responsionem
1125 5613 1188 5669 ad
1220 5612 1456 5683 geminas
1503 5619 1743 5664 ternasve
1777 5606 1889 5676 epi-

300 5695 472 5774 stolas
504 5715 703 5772 Oceani
734 5695 924 5778 dedit;
975 5723 1132 5780 quem
1170 5707 1436 5762 celebrem
1482 5701 1707 5757 amicum
1742 5700 1886 5754 illum

1952 1412 2067 1467 sine
2097 1413 2361 1480 Baptismo
2399 1411 2466 1466 de
2504 1414 2813 1482 corporibus
2857 1415 3088 1469 exeunt?
3130 1415 3306 1486 Neque
3335 1417 3526 1486 probat

1952 1511 2166 1557 sanctus
2195 1503 2387 1558 Doctor
2411 1545 2424 1566 ,
2468 1505 2740 1558 solvendm
2781 1505 2898 1558 alite
2937 1504 3004 1560 de
3046 1507 3281 1561 oftieiOso
3307 1507 3526 1576 utilique

1955 1593 2230 1647 n'tendacio
2257 1594 2571 1663 quaestioni,
2614 1594 2850 1648 adhiberi
2893 1595 2959 1648 ab
2989 1595 3199 1649 Oceano
3225 1597 3523 1666 exemplum

1957 1684 2198 1750 Domini,
2241 1682 2308 1738 de
2348 1684 2434 1737 die
2471 1691 2526 1738 et
2570 1683 2698 1737 hora
2746 1684 2958 1738 ﬁniendi
2999 1686 3176 1739 smculi
3207 1701 3303 1741 nec
3335 1687 3526 1741 Filium

1956 1775 2094 1829 scire
2122 1774 2366 1829 dicentis.
2399 1774 2530 1828 Nam
2578 1774 2846 1829 existimat
2884 1777 3140 1844 tropicam
3170 1777 3484 1832 locutionem
3508 1817 3526 1845 ,

1957 1867 2130 1936 qualis
2149 1867 2245 1920 ista
2265 1866 2381 1933 fuit,
2403 1867 2546 1921 nullo
2563 1867 2722 1922 modo
2735 1877 2875 1922 recte
2887 1867 2986 1921 dici
3007 1883 3162 1937 posse
3175 1869 3526 1924 mendacium.

1958 1958 2094 2013 Petit
2119 1959 2366 2028 denique,
2397 1969 2453 2013 ιιι
2481 1974 2671 2013 ιιονιιιη
2702 1959 2979 2028 quemdam
3009 1960 3314 2031 Hieronymi
3339 1962 3530 2016 librum
3605 1969 3612 1973 ’

1957 2050 2026 2106 dc
2051 2051 2442 2105 resurrectione
2465 2051 2640 2105 carnis
2669 2051 2880 2105 mittere
2910 2051 3009 2104 sibi
3041 2066 3145 2105 non
3171 2051 3396 2106 differat.

2030 2142 2082 2195 7.
2127 2142 2385 2195 Baronius
2407 2149 2459 2194 et
2479 2156 2598 2195 eum
2626 2141 2791 2195 seculi
2818 2143 3103 2210 scriptores
3123 2144 3384 2208 nonnulli,
3407 2158 3533 2198 con-

1960 2233 2094 2287 ciliis
2133 2232 2270 2301 apud
2311 2232 2680 2302 Carthaginem
2724 2248 2788 2288 ac
2826 2233 3068 2288 Milevum
3110 2249 3248 2288 anno
3283 2237 3531 2304 prtesenti

1960 2325 2240 2378 celebratis
2263 2323 2499 2377 tribuunt
2525 2324 2596 2390 id,
2621 2324 2760 2393 quod
2786 2325 3108 2394 Augustinus
3128 2341 3268 2379 anno
3285 2327 3534 2395 quadrin-

1960 2415 2256 2486 gentesimo
2281 2415 2538 2484 vigesimo
2564 2423 2714 2469 sexto
2739 2416 2952 2470 tradidit
2977 2417 2994 2486 (
3017 2415 3184 2486 Epist.
3210 2417 3334 2483 2l3,
3358 2435 3408 2471 n.
3442 2418 3532 2489 5),

1963 2507 2356 2575 Scripturarum
2388 2500 2590 2559 scilicet
2627 2504 3044 2560 meditandarum
3073 2522 3166 2561 seu
3194 2507 3535 2576 exponenda-

1964 2615 2080 2652 rum
2124 2612 2304 2650 curam
2342 2596 2440 2649 sibi
2477 2610 2508 2650 a
2559 2594 2808 2649 fratribus
2846 2604 2899 2650 et
2941 2597 3174 2666 patribus
3207 2597 3316 2652 suis
3357 2597 3536 2667 coepi-

1964 2688 2140 2757 scopis
2161 2685 2211 2741 in
2235 2687 2439 2741 duobus
2459 2686 2695 2740 conciliis
2716 2686 2972 2740 Numidize
2993 2697 3045 2740 ct
3066 2688 3395 2758 Carthaginis
3414 2697 3537 2743 ante

1966 2795 2161 2850 paucos
2187 2793 2357 2832 annos
2386 2777 2684 2847 impositam
2717 2777 2876 2831 fuisse
2907 2775 3226 2846 (Duronius,
3259 2777 3326 2831 ad
3349 2795 3539 2832 annum

1965 2868 2127 2943 4l6).
2161 2870 2537 2925 Verumtamen
2575 2869 2682 2939 jaru
2722 2869 2844 2923 inde
2879 2871 2946 2924 ab
2990 2879 3216 2924 exeunte
3241 2885 3380 2925 anno
3405 2886 3539 2941 qua-

1967 2964 2382 3034 dringentesimo
2409 2963 2618 3017 decimo
2645 2963 2800 3017 tertio
2822 2963 2872 3016 id
2895 2964 2991 3017 sibi
3025 2963 3350 3032 propositum
3383 2973 3542 3019 testa-

1968 3056 2142 3120 batur,
2177 3055 2428 3124 quidquid
2459 3055 2712 3124 temporis
2740 3070 2769 3106 a
2815 3055 3130 3108 necessariis
3155 3054 3406 3109 Ecclesia:
3431 3069 3542 3108 suae

1969 3144 2157 3200 ofliciis
2181 3146 2404 3199 liberum
2438 3145 2712 3199 habiturus
2751 3151 2926 3208 esset,
2961 3143 3060 3198 hoc
3089 3152 3256 3198 totum
3296 3145 3544 3200 ecclesiae

1971 3237 2117 3291 sticac
2151 3236 2404 3290 doctrina:
2441 3236 2666 3303 studiis,
2705 3244 2760 3288 ut
2800 3235 2863 3289 ad
2908 3243 3147 3305 posteros
3187 3251 3393 3305 quoque
3418 3235 3545 3290 utile

1973 3329 2168 3398 aliquid
2187 3329 2568 3382 transmitteret
2592 3328 2609 3397 (
2635 3326 2800 3396 Epist.
2831 3327 2952 3393 151,
2981 3343 3032 3379 n.
3065 3327 3190 3396 1⁸5),
3214 3326 3540 3395 impendere.

1973 3421 2099 3475 Post
2119 3428 2416 3488 susceptam
2440 3433 2466 3470 a
2493 3417 2709 3488 synodis
2734 3417 2932 3470 hancce
2961 3417 3302 3485 provinciam,
3329 3425 3544 3471 sanctus

1973 3511 2227 3570 Antistes,
2261 3509 2377 3562 utei
2410 3507 2755 3573 satisfaceret,
2786 3506 2900 3561 dies
2925 3506 3157 3576 quinque
3181 3521 3393 3572 vacuos,
3419 3517 3543 3576 puta

1974 3619 2072 3673 per
2101 3600 2457 3655 hebdomadas
2495 3599 2728 3664 singulas
2752 3639 2764 3663 ,
2807 3613 2837 3652 a
2884 3598 3078 3667 populo
3119 3612 3216 3652 suo
3241 3596 3546 3667 impetravit

1975 3694 2182 3767 (Epist.
2211 3691 2338 3754 Qlﬁ,
2367 3708 2417 3744 η.
2451 3690 2484 3745 5
2503 3691 2540 3761 ).
2572 3688 2682 3743 liae
2709 3688 2776 3743 de
2803 3703 2862 3743 re
2888 3688 3126 3743 conlecto
3154 3689 3506 3742 instrumento
3526 3731 3540 3756 ,

1973 3785 2282 3839 acelamavit
2309 3783 2530 3852 pepulus
2554 3822 2569 3846 ,
2611 3789 2663 3835 et
2690 3781 3067 3850 aliquantisper
3109 3779 3266 3834 fidem
3292 3781 3544 3835 servavit.

1945 3936 1949 3940 _
1975 3876 2044 3928 At
2070 3890 2173 3927 non
2201 3873 2368 3927 multo
2397 3881 2515 3942 post
2543 3885 2748 3938 eorum,
2777 3871 2864 3941 qui
2894 3886 3013 3924 cum
3041 3871 3300 3939 Episcopo
3321 3877 3546 3924 tractare

1976 3965 2042 4020 de
2072 3966 2184 4019 suis
2211 3964 2368 4018 rebus
2398 3971 2691 4032 cuperent,
2724 3962 3032 4032 improbitas
3060 3969 3269 4031 pactum
3300 3959 3543 4031 infregit,

1976 4070 2204 4124 eumque
2224 4055 2289 4110 ab
2315 4055 2423 4110 otio
2450 4069 2546 4108 suo
2570 4055 2830 4110 violenter
2857 4052 3096 4107 abduxit.
3125 4051 3239 4105 Non
3268 4051 3543 4120 permitte-

1976 4149 2129 4202 batur
2151 4163 2248 4202 nec
2270 4156 2392 4202 ante
2413 4146 2710 4213 meridiem,
2731 4160 2906 4216 neque
2932 4152 3072 4214 post,
3101 4143 3544 4213 interquiescere:

1979 4239 2073 4293 sed
2103 4248 2158 4292 ut
2186 4239 2372 4292 alienis
2400 4239 2625 4308 negotiis
2650 4253 2865 4308 Operam
2897 4236 3074 4302 daret,
3111 4249 3172 4289 ea
3210 4234 3279 4289 ob
3307 4251 3423 4305 qua:
3454 4251 3548 4308 va-

1978 4343 2099 4382 care
2117 4329 2345 4393 volebat,
2373 4307 2618 4382 deserere
2642 4307 2801 4396 atque
2825 4325 3054 4396 abjieere
3079 4326 3383 4395 cogebatur.
3410 4307 3550 4382 inter

1980 4419 2135 4490 hujus
2161 4420 2252 4474 otii
2298 4420 2499 4473 fructus
2525 4434 2627 4472 non
2659 4427 2925 4488 postremo
2952 4418 3066 4472 loco
3094 4416 3436 4473 numeranda:
3465 4419 3549 4473 vi-

1984 4513 2182 4567 dentur
2214 4512 2575 4581 expositiones
2612 4513 2663 4566 in
2707 4513 2961 4568 Joannem
2993 4531 3007 4566 :
3039 4529 3169 4583 quas
3211 4513 3424 4585 quidem
3453 4515 3551 4570 etsi

1986 4602 2120 4656 forte
2143 4602 2414 4671 aliquanto
2440 4610 2560 4655 ante
2589 4602 2690 4657 hoc
2731 4612 2938 4672 tempus
2963 4618 3244 4674 aggressus
3270 4613 3352 4660 est
3375 4606 3553 4676 Augu.

1985 4692 2173 4754 stiuus,
2199 4706 2304 4744 non
2321 4691 2544 4746 absolvit
2569 4701 2762 4760 tamen,
2786 4693 2884 4747 nisi
2906 4702 3023 4764 post
3043 4695 3281 4763 corporis
3299 4695 3550 4764 Stephani

1983 4783 2250 4854 martyris,
2282 4799 2399 4854 qua:
2425 4799 2566 4838 anno
2590 4785 3110 4856 quadringentesimo
3134 4787 3341 4842 decimo
3370 4786 3552 4856 quinto
3589 4836 3597 4857 ,

1983 4891 2148 4946 prope
2173 4876 2353 4947 elapso
2382 4877 2601 4947 contigit
2625 4920 2638 4944 ,
2669 4877 3049 4933 revelationem
3077 4878 3183 4948 jam
3225 4878 3416 4947 ubique
3443 4875 3553 4930 fere
3590 4867 3592 4870 ’

1983 4967 2215 5035 gentium
2243 4964 2506 5036 cognitam
2545 4974 2599 5021 et
2621 4968 3002 5036 pervulgatam.
3045 4966 3158 5022 lluc
3183 4967 3322 5022 enim
3351 4975 3556 5036 spectat

1987 5057 2115 5112 illud
2139 5057 2191 5110 in
2215 5057 2461 5112 'l‘ractatu
2481 5057 2772 5112 centesimo
2792 5057 3047 5127 vigesimo
3075 5074 3087 5109 :
3119 5055 3267 5121 Quod
3285 5064 3434 5119 certe,
3456 5055 3548 5120 ait,

1986 5147 2134 5201 modo
2168 5147 2220 5200 in
2258 5144 2556 5200 reuelatione
2594 5146 2818 5216 corporis
2858 5145 3124 5199 beatissimi
3168 5144 3416 5215 Stephani
3453 5149 3558 5217 fere

1988 5235 2215 5291 omnibus
2243 5236 2470 5307 gentibus
2507 5235 2792 5290 declaratur
2819 5233 2838 5308 (
2866 5233 2931 5289 In
2971 5234 3185 5290 Joannis
3228 5236 3556 5308 Euangelizans

1990 5339 2134 5383 tract.
2167 5327 2288 5393 120,
2312 5344 2363 5381 η.
2393 5328 2426 5382 4
2449 5327 2490 5398 ).

2265 5449 2273 5454 η
2311 5455 2314 5460 -
2623 5415 2852 5473 CAPUT
2891 5417 2980 5473 XI.

1996 5514 2018 5567 1
2063 5509 2331 5582 Augustini
2370 5507 2590 5578 impulsu
2629 5509 2887 5563 historiam
2932 5526 3074 5564 suam
3116 5510 3285 5565 scribit
3323 5511 3552 5566 Orosius.

2060 5602 2096 5655 2
2120 5599 2444 5654 Innocentius
2462 5616 2596 5671 papa
2617 5600 2684 5652 ad
2699 5598 2963 5671 Africanos
2983 5601 3272 5661 rescribens.
3293 5600 3555 5672 Pelagium

2067 5701 2111 5748 st
2157 5691 2436 5747 Ctelestium
2457 5733 2472 5761 ,
2504 5691 2740 5746 damnata
2782 5693 3036 5753 utriusque
3064 5693 3317 5761 doctrina,
3355 5695 3562 5747 anathe-
