4042 6360
527 276 629 340 187

595 411 728 458 male
753 401 978 456 mulctat.
1012 403 1045 456 5
1075 400 1150 456 De
1184 400 1343 456 Gesti:
1385 397 1670 453 Pulmstina:
1706 399 1886 469 synodi
1917 397 2096 451 librum

597 493 652 547 in
679 493 856 564 vulgus
884 493 985 547 edit
1022 492 1350 564 Augustinus.
1391 494 1422 547 4
1450 491 1702 562 Bonifacii
1743 490 1936 544 comitis
1963 505 2094 558 pra."-

599 585 752 638 clara:
775 584 913 638 doles
935 594 1081 655 atque
1103 585 1169 638 ad
1190 601 1243 638 se
1263 585 1350 638 uni
1372 579 1501 649 Deo,
1528 581 1672 638 rebus
1697 579 1923 636 onmibus
1948 580 2094 635 abdi-

597 677 721 732 catis
747 719 762 742 ,
803 675 1190 748 mancipandam
1228 694 1502 748 propensus
1548 675 1763 730 animus.
1795 676 1828 731 5
1857 673 2001 729 Liber
2028 672 2096 728 ad

595 766 761 836 ipsum
799 765 861 820 de
889 765 1204 821 Correctione
1232 766 1611 820 Donatistarum
1646 766 1863 835 scriptus
1891 763 1953 818 ab
1983 765 2093 820 Au-

597 859 814 928 gustino.
847 857 879 914 6
907 858 1052 912 Liber
1077 859 1300 930 ejusdem
1329 860 1396 912 ad
1422 859 1720 913 Dardanum
1739 859 1800 912 de
1817 853 2096 913 Pra'sentia

594 945 711 1002 Dei.
742 950 773 1004 7
798 948 1075 1019 Epistolam
1092 950 1159 1004 ad
1179 949 1452 1005 Paulinum
1478 951 1782 1021 Augustinus
1801 967 1890 1006 suo
1905 961 1951 1006 et
1971 951 2095 1022 Aly-

596 1041 669 1110 pii
695 1041 892 1095 nomine
921 1043 1088 1096 scribit
1115 1052 1289 1097 contra
1319 1041 1644 1114 Pelagianos.

595 1133 648 1186 I.
689 1136 844 1188 Anno
867 1143 980 1203 post
1007 1134 1579 1204 quadringentesimum
1605 1135 1689 1190 vel
1713 1144 1863 1190 sexto
1886 1134 2094 1190 decimo

522 1235 668 1295 Juxta
710 1225 994 1281 Marcellini
1039 1228 1324 1282 chronicon
1350 1268 1366 1292 ,
1404 1226 1490 1282 vel
1520 1225 1743 1296 septimo
1772 1226 1978 1282 decimo
2003 1243 2092 1284 se-

523 1317 753 1371 cundum
775 1318 1052 1371 nonnullos
1079 1319 1230 1382 alios,
1259 1317 1477 1373 Orosius
1499 1319 1780 1373 Historiam
1807 1335 1954 1374 suam
1982 1319 2097 1374 elu-

523 1408 778 1461 cubravit.
808 1408 946 1461 Fieri
974 1408 1115 1462 enim
1148 1409 1353 1477 potuit,
1381 1417 1440 1462 ut
1477 1425 1594 1464 eam
1629 1424 1770 1464 anno
1797 1409 1886 1464 illo
1917 1409 2094 1478 priore

525 1497 798 1565 inciperet,
822 1513 916 1551 nec
930 1506 1101 1552 tamen
1117 1507 1238 1552 ante
1255 1499 1601 1569 posteriorem
1620 1499 1759 1554 hunc
1775 1500 2089 1554 absolveret.

525 1587 655 1640 Eum
682 1596 825 1641 certe
851 1597 1058 1642 constat
1087 1588 1228 1642 illam
1250 1605 1354 1643 non
1377 1590 1673 1660 scripsisse,
1696 1591 1796 1645 nisi
1817 1601 2089 1661 postquam

522 1693 578 1732 se
604 1679 917 1734 contulisset
944 1679 1253 1734 Bethlehem
1279 1723 1298 1752 ε
1324 1681 1498 1754 ibique
1540 1681 1843 1752 IIicronymi
1870 1698 2094 1753 conspe-

523 1779 609 1824 ctu
637 1772 832 1838 potitus
857 1781 996 1826 esset
1023 1771 1042 1841 (
1062 1771 1289 1841 Orosius,
1326 1776 1560 1830 Historia:
1588 1776 1712 1830 libro
1738 1775 1794 1842 'l,
1823 1792 1935 1844 cap.
1959 1777 2028 1830 43
2049 1777 2089 1845 ).

521 1861 748 1917 lnnuere
772 1863 1012 1931 videtur,
1045 1863 1178 1922 hanc
1201 1881 1231 1923 ει
1259 1884 1316 1923 se
1349 1869 1400 1923 in
1431 1867 1607 1922 Africa
1643 1867 1802 1923 fuisse
1840 1867 2088 1936 scriptam

525 1953 724 2026 (Ibid.,
755 1954 881 2008 libro
911 1956 943 2009 5
963 1997 977 2020 ,
1018 1973 1131 2029 cap.
1162 1959 1230 2030 2)
1261 1979 1272 2014 :
1303 1960 1441 2030 quod
1471 1960 1679 2030 quidem
1719 1959 1920 2014 credito
1952 1959 2089 2014 haud

523 2045 803 2099 admodum
835 2045 1046 2106 diflicile
1075 2051 1172 2115 sit;
1203 2052 1395 2120 quippe
1421 2067 1539 2106 cum
1578 2053 1932 2122 Augustinum
1955 2095 1969 2116 ,
2001 2054 2089 2122 qui

527 2135 574 2194 ci
595 2135 770 2209 operis
803 2136 959 2208 hujus
987 2141 1303 2209 suscipiendi
1323 2151 1512 2200 auctor.
1531 2140 1651 2208 fuit,
1677 2143 1730 2196 in
1760 2141 2018 2212 principio
2037 2150 2091 2197 et

526 2228 578 2283 in
603 2229 704 2284 line
725 2231 1025 2301 compellet.
1050 2231 1333 2285 Enimvero
1357 2246 1476 2286 cum
1504 2231 1695 2301 Pagani
1719 2248 1890 2301 neque
1915 2231 2088 2287 futura

523 2319 859 2387 meditantes,
892 2335 1060 2390 neque
1084 2321 1378 2376 recolentes
1407 2323 1690 2392 prmterita,
1719 2338 1784 2377 ex
1811 2323 1968 2379 Urbis
1991 2338 2087 2378 ex-

521 2410 858 2481 pugnatione,
879 2427 1084 2467 necnon
1100 2413 1214 2466 aliis
1235 2413 1457 2467 Romani
1481 2414 1688 2484 Imperii
1704 2414 2089 2471 calamitatibus

519 2515 702 2554 ansam
748 2501 1046 2570 arriperent
1092 2503 1527 2569 blasphemandi,
1575 2503 1956 2559 contendentes
1997 2518 2088 2559 eas

517 2593 757 2648 conferre
779 2593 830 2647 in
851 2593 1155 2664 religionem
1181 2593 1542 2659 christianam,
1562 2595 1802 2650 exstincti
1826 2595 2086 2648 idolorum

517 2684 690 2740 cultus
708 2684 950 2739 effectum
973 2700 1092 2740 esse
1117 2684 1255 2740 hunc
1275 2684 1578 2753 jactitantes
1605 2702 1618 2738 :
1648 2695 1964 2755 prteceptum
1985 2684 2087 2740 sibi

433 2803 436 2806 ν
516 2773 584 2828 ab
613 2774 908 2844 Augustino
932 2774 1092 2841 dicit,
1130 2783 1186 2830 ut
1221 2790 1252 2830 e
1278 2775 1621 2844 scriptoribus
1657 2775 1902 2830 omnibus
1933 2774 2084 2829 fune-

516 2864 777 2920 stissimos
803 2880 1040 2935 quosque
1067 2865 1134 2920 ab
1162 2864 1436 2919 hominum
1465 2867 1716 2920 memoria
1747 2875 2084 2922 eventus.ex-

513 2961 792 3027 cerperet,
819 2956 954 3012 bella
975 2999 990 3024 ,
1033 2968 1226 3027 pestes,
1258 2972 1480 3012 annona:
1508 2958 1753 3014 caritates
1777 2999 1791 3022 ,
1824 2967 2084 3014 terrarum

513 3049 912 3113 concussiones,
936 3049 1307 3104 inundationes
1331 3048 1629 3114 ﬂuviorum,
1660 3049 1856 3120 ignium
1878 3050 2086 3106 subter-

513 3153 793 3193 raneorum
818 3139 1147 3208 eruptiones,
1166 3139 1271 3195 vim
1298 3140 1570 3210 grandinis
1589 3141 2079 3209 extraordinariam,

514 3229 793 3284 criminum
811 3229 968 3284 etiam
997 3231 1224 3286 maxime
1247 3231 1489 3301 insignia,
1517 3240 1570 3288 et
1595 3231 1808 3286 demum
1826 3242 2084 3305 quotquot

421 3363 428 3370 .
517 3321 694 3393 legere
717 3332 797 3377 est
823 3322 875 3376 in
916 3321 1270 3376 monumentis
1301 3323 1635 3377 historiarum
1656 3365 1670 3388 ,
1705 3325 1900 3394 tragica
1924 3340 2080 3394 argu-

512 3422 688 3468 menta
711 3431 724 3469 :
742 3413 862 3468 dein
886 3429 949 3468 ex
973 3413 1057 3467 bis
1075 3413 1316 3468 omnibus
1331 3413 1633 3468 historicum
1648 3415 1838 3469 seriem
1853 3423 1905 3470 et
1921 3432 2081 3471 unum

511 3504 661 3574 quasi
687 3520 884 3574 corpus
925 3520 990 3560 eo
1026 3513 1367 3571 contexeret,
1406 3513 1463 3560 ut
1504 3506 1625 3562 hinc
1666 3507 2078 3577 intelligeretur,

510 3596 758 3666 pluresne
800 3612 828 3651 a
870 3597 1172 3652 christianis
1218 3599 1542 3667 temporibus
1577 3598 1876 3669 hujusmodi
1905 3602 2083 3658 clades

508 3689 811 3745 evenissent
835 3686 1030 3760 (Ibid.,
1073 3688 1157 3742 lib.
1192 3689 1213 3742 I
1243 3730 1258 3756 ,
1301 3693 1501 3760 prtefat.
1521 3689 1562 3760 ).
1593 3690 1706 3744 Non
1736 3701 1943 3762 poterat
1970 3693 2080 3746 Au-

511 3779 753 3848 gustinus
783 3779 833 3832 id
867 3794 964 3848 per
1000 3794 1058 3833 se
1093 3780 1350 3848 exsequi,
1395 3779 1666 3835 districtus
1695 3783 1936 3836 nimirum
1964 3784 2082 3838 aliis

510 3869 968 3938 occupationibus,
999 3877 1055 3924 et
1081 3869 1411 3938 potissimum
1443 3869 1590 3924 libris
1615 3870 1681 3924 de
1709 3870 1932 3926 Civitate
1963 3873 2077 3937 Dei,

509 3973 736 4027 quorum
766 3967 893 4013 tunc
922 3959 1254 4015 undecimum
1285 3960 1335 4016 in
1363 3960 1604 4014 manibus
1642 3959 1900 4026 habebat,
1929 3961 2079 4016 Iucu-

507 4048 725 4105 brandis
753 4065 966 4120 operam
998 4065 1195 4106 navans
1223 4049 1394 4122 (Ibid.
1419 4051 1457 4122 ).
1489 4052 1634 4106 Ilanc
1660 4051 1834 4120 itaque
1865 4054 2080 4121 provin-

509 4139 644 4193 ciam
674 4138 821 4194 dedit
845 4138 1052 4205 Oresio,
1085 4156 1238 4209 quem
1272 4142 1429 4195 etiam
1461 4157 1554 4211 per
1580 4141 1842 4196 lulianum
1871 4143 2082 4198 Cartha-

509 4229 808 4297 ginensem,
835 4243 1044 4283 servum
1077 4229 1191 4295 Dei,
1221 4231 1339 4299 quia
1365 4239 1472 4284 tum
1505 4231 1743 4286 fortassis
1766 4232 2080 4302 Carthagine

513 4319 818 4373 morabatur
855 4318 1105 4386 Orosius,
1153 4320 1219 4374 ad
1263 4335 1378 4374 eam
1421 4321 1807 4390 suscipiendam
1853 4323 2076 4391 impulit.

517 4409 696 4464 Paruit
721 4410 808 4466 ille
833 4411 970 4465 ultro
995 4427 1056 4465 ac
1093 4410 1278 4465 lubens
1297 4452 1312 4477 ,
1345 4410 1459 4480 ipso
1486 4412 1564 4465 vcl
1591 4411 1854 4467 desiderio
1878 4429 2079 4468 morem

513 4501 733 4571 gerendi
754 4502 825 4568 ei,
852 4518 1008 4571 quem
1033 4511 1089 4556 ut
1110 4511 1311 4572 patrem
1339 4502 1686 4567 observabat,
1715 4502 1780 4557 de
1806 4519 2080 4558 successus

516 4590 754 4660 periculo
775 4606 990 4646 securus
1016 4610 1027 4644 :
1053 4591 1245 4661 quippe
1273 4606 1405 4660 epus
1433 4607 1584 4646 suum
1616 4592 1830 4647 omnino
1858 4593 2078 4662 permit—

518 4681 660 4736 tebat
683 4689 871 4736 sancto
895 4681 1128 4748 Doctori,
1157 4691 1212 4735 ut
1236 4682 1278 4734 si
1307 4683 1480 4736 minus
1505 4682 1718 4752 dignum
1747 4683 1884 4752 quod
1917 4683 1966 4736 in
1998 4683 2078 4736 Iu-

515 4789 630 4828 cem
650 4774 894 4830 ederetur
916 4774 1040 4829 illud
1058 4773 1337 4844 judicaret,
1355 4774 1584 4829 tenebris
1604 4774 1877 4829 damnaret
1891 4775 1908 4844 (
1922 4774 2076 4841 lbid.,

511 4867 601 4921 lib.
634 4868 687 4934 7,
715 4883 829 4936 cap.
870 4865 940 4920 45
963 4865 1002 4938 ).
1047 4865 1357 4921 Generalem
1403 4865 1560 4933 igitur
1584 4865 1819 4919 omnium
1848 4866 2080 4933 gentium

513 4957 791 5012 historiam
816 4971 1113 5026 aggressus,
1144 4971 1260 5010 eam
1294 4954 1360 5009 ab
1385 4955 1494 5024 ipsa
1522 4971 1696 5008 rerum
1723 4955 1991 5008 creatione
2017 4954 2081 5010 ad

515 5063 709 5103 annum
726 5049 918 5104 Christi
935 5047 1508 5118 quadringentesimum
1526 5046 1788 5100 decimum
1800 5047 2080 5116 septimum

515 5139 782 5207 pertexuit
809 5155 822 5192 :
853 5138 1170 5210 cupiditates
1198 5146 1251 5192 et
1275 5137 1574 5206 punitiones
1601 5135 1872 5191 hominum
1899 5152 2086 5206 pecca-

523 5235 694 5284 torum
717 5268 731 5291 ,
763 5227 1180 5282 eontlictationes
1208 5226 1388 5281 saeculi
1412 5268 1428 5293 ,
1472 5235 1524 5281 et
1547 5225 1743 5296 judicia
1772 5227 1899 5292 Dei,
1927 5243 2083 5296 quam

525 5314 834 5372 brevissime
861 5327 916 5372 et
953 5333 1106 5387 quam
1139 5315 1525 5385 simplicissime
1556 5317 1752 5385 potuit,
1793 5317 2081 5385 explicans.

519 5405 765 5463 Affirmat
791 5421 946 5476 porro
966 5448 980 5472 ,
1007 5423 1072 5481 ex
1111 5407 1510 5477 investigatione
1553 5406 1763 5470 sedula,
1782 5409 2085 5476 praeteritos

520 5497 669 5562 dies,
697 5513 801 5552 non
839 5498 1012 5552 solum
1047 5515 1196 5569 teque
1231 5508 1288 5552 ut
1330 5498 1425 5552 hos
1463 5513 1681 5570 graves,
1709 5515 1890 5552 verum
1926 5500 2083 5554 etiam

521 5597 666 5642 tanto
681 5588 910 5642 atrocius
934 5590 1173 5654 miseros,
1198 5599 1394 5658 quanto
1417 5589 1625 5657 longius
1643 5604 1671 5641 a
1695 5589 1929 5644 remedio
1946 5606 2086 5645 vera:

521 5679 786 5750 religionis
800 5679 1002 5736 alienos
1027 5720 1043 5748 ,
1061 5693 1118 5734 se
1134 5681 1456 5750 comperisse
1470 5679 1519 5751 (1
1525 5681 1649 5749 bid.,
1670 5682 1754 5736 lib.
1775 5683 1823 5748 I,
1847 5681 2084 5755 Prwfat.)

1634 269 1788 326 VITA
1831 268 1886 324 S.
1929 261 2294 321 AUGUSTINI
2334 265 2646 328 EPISCOPI.

3673 278 3780 339 £88

2275 393 2328 448 9..
2355 395 2463 450 Sub
2501 397 2621 449 anni
2666 395 2820 465 hujus
2865 395 3069 451 initium
3113 397 3448 457 Innocentius
3497 419 3627 474 papa
3656 407 3778 477 epi-

2201 486 2348 542 stolis
2372 487 2576 541 concilii
2607 483 3037 559 Carthagiueusis
3058 533 3072 555 ,
3119 493 3323 548 concilii
3349 494 3630 552 Milevitani
3652 538 3670 564 ,
3721 506 3778 555 et

2201 580 2431 652 quinque
2470 583 2835 651 episc0porum
2857 625 2871 650 ,
2910 599 3050 638 anno
3075 586 3350 656 superiore
3375 591 3442 646 ad
3471 607 3528 647 se
3558 595 3734 650 missis
3756 636 3773 661 ,

2199 673 2418 744 singulis
2445 675 2674 746 singulas
2711 675 2962 749 epistolas
2991 681 3294 750 rescripsit;
3323 683 3556 754 ipsorum
3597 688 3646 742 in
3673 688 3775 744 Pe.

2199 767 2435 837 lagianos
2476 778 2528 825 et
2593 769 2882 826 doctrinam
2937 771 3329 844 comprobans,
3393 787 3448 831 et
3514 778 3774 848 judicium

2195 858 2621 928 Sententiamque
2665 860 3004 916 confirmans.
3061 858 3333 935 Pelagium
3386 864 3774 940 Ccelestiumque

2201 945 2528 1020 (Apostolici
2569 950 2623 1004 in
2651 966 2740 1005 eos
2769 952 2964 1007 decreti
3010 969 3133 1023 pars
3179 951 3294 1011 haec
3334 958 3596 1028 praecipua
3624 964 3728 1031 est)
3755 1002 3773 1026 ,

2113 1102 2116 1105 λ
2197 1036 2252 1094 id
2277 1050 2368 1106 est,
2405 1042 2681 1098 inventores
2731 1058 2904 1097 vocum
2950 1062 3212 1111 novarum,
3253 1049 3588 1105 ecclesiastica
3631 1070 3776 1107 com-

2197 1134 2432 1186 munione
2454 1134 2674 1203 privari,
2706 1135 2970 1204 apostolici
2991 1135 3172 1209 vigoris
3192 1142 3488 1195 auctoritate
3511 1159 3774 1198 censemus

2197 1223 2354 1277 donec
2379 1225 2689 1292 resipiscam.
2721 1227 2840 1281 Ilazc
2866 1229 3038 1298 igitur,
3071 1230 3252 1298 fratres
3273 1232 3570 1297 charissimi,
3599 1237 3652 1289 in
3683 1254 3774 1290 su-

2197 1316 2450 1386 pradictas
2478 1329 2674 1372 maneat
2702 1319 2805 1386 ﬁxa
2830 1321 3107 1384 sententia;
3139 1322 3301 1377 absint
3347 1326 3487 1378 atriis
3515 1325 3724 1380 Domini
3751 1369 3769 1390 ,

2196 1416 2399 1460 careant
2421 1409 2646 1462 custodia
2676 1411 2917 1478 pastorali
2941 1452 2954 1473 ,
2995 1429 3056 1464 ne
3080 1410 3292 1467 duarum
3321 1416 3484 1469 ovium
3511 1417 3621 1470 dira
3645 1409 3770 1472 con-

2196 1499 2331 1567 tagia
2349 1509 2549 1566 serpant
2568 1501 2777 1570 forsitan
2801 1518 2886 1569 per
2903 1501 3076 1572 vulgus
3097 1502 3348 1558 incautum
3363 1503 3536 1576 (Apud
3548 1505 3768 1578 August.

2201 1586 2368 1656 Epist.
2401 1588 2521 1652 182,
2563 1607 2614 1642 n.
2654 1590 2730 1657 6).
2764 1585 2871 1644 [loc
2899 1589 3013 1659 ipso
3037 1607 3175 1646 anno
3202 1591 3523 1662 Augustinus
3544 1595 3769 1651 Cartha-

2195 1677 2317 1745 gine
2345 1677 2650 1732 concionem
2683 1678 2882 1745 habuit,
2915 1679 3001 1736 die
3025 1679 3308 1746 dominico,
3339 1698 3478 1738 nono
3507 1683 3769 1741 kalendas

2194 1769 2426 1824 octobris
2448 1813 2461 1835 ,
2491 1769 2543 1824 in
2567 1786 2665 1839 qua
2699 1769 2873 1839 palam
2894 1773 3190 1842 profitetur,
3219 1791 3485 1844 nunquam
3509 1776 3674 1832 ferme
3700 1775 3769 1832 ad

2193 1861 2443 1932 pepulum
2471 1863 2630 1916 verba
2658 1863 2830 1917 facere
2870 1879 2958 1931 se,
2990 1863 3114 1934 quin
3148 1866 3327 1935 gratia:
3356 1865 3545 1922 divina:
3573 1885 3769 1923 neces-

2193 1955 2422 2020 sitatem,
2453 1963 2671 2026 propter
2700 1954 2932 2024 ingratos
2960 1955 3214 2025 quosdam
3239 1955 3502 2025 homines,
3524 1975 3550 2012 a
3573 1958 3770 2029 quibus

2193 2061 2254 2100 ea
2283 2061 2464 2114 parum
2491 2046 2895 2115 agnoscebatur,
2920 2057 2972 2100 at
3001 2057 3184 2102 contra
3218 2049 3418 2104 viribus
3449 2060 3646 2105 naturae
3681 2051 3766 2106 ni-

2181 2137 2353 2189 .mium
2389 2136 2730 2199 tribuebatur,
2755 2137 3050 2193 declararet
3073 2139 3261 2209 (Serm.
3298 2141 3419 2206 151,
3439 2159 3490 2194 n.
3519 2138 3596 2212 6).
3627 2142 3768 2196 Ilor-

2192 2235 2331 2280 tatur
2360 2227 2543 2282 lideles
2563 2269 2576 2292 ,
2605 2228 2720 2282 istis
2741 2230 3164 2298 compatiuntur;
3192 2247 3288 2286 nec
3311 2240 3505 2298 tamen,
3534 2233 3576 2286 si
3604 2249 3763 2302 quem

2192 2315 2451 2385 ejusmodi
2481 2317 2966 2388 deprehenderint,
2999 2321 3122 2375 falsa
3149 2321 3373 2390 quadam
3402 2323 3764 2378 misericordia

2191 2408 2369 2477 capti,
2421 2409 2687 2464 occultum
2740 2410 2882 2464 illum
2942 2425 3061 2466 esse
3119 2412 3400 2481 patiantur.
3449 2413 3605 2468 Jubet
3647 2415 3768 2470 illos

2189 2499 2468 2568 redargui,
2498 2515 2560 2555 ac
2604 2500 2648 2556 si
2675 2501 2886 2570 quidem
2937 2502 2988 2555 in
3033 2517 3215 2557 errore
3264 2504 3597 2572 pertinaciter
3642 2504 3766 2559 ani-

2188 2603 2332 2642 mum
2372 2589 2684 2654 obtirment,
2717 2591 2781 2645 ad
2819 2607 2878 2646 se
2924 2591 3134 2646 adduci.
3187 2590 3309 2646 Jam
3349 2593 3510 2656 enim,
3549 2592 3765 2664 inquit,

2189 2680 2251 2733 de
2290 2681 2384 2734 hac
2411 2699 2564 2736 causa
2593 2681 2694 2735 duo
2739 2684 2951 2737 concilia
2979 2683 3129 2737 missa
3173 2692 3286 2738 sunt
3328 2684 3392 2737 ad
3425 2684 3606 2739 Scdem
3633 2703 3765 2755 apo-

2187 2773 2457 2826 stolicam:
2481 2772 2597 2826 inde
2643 2773 2790 2826 etiam
2837 2775 3079 2844 rescripta
3121 2785 3377 2828 venerunt.
3411 2774 3580 2829 Causa
3614 2775 3762 2844 [inita

2187 2864 2505 2924 est;utinam
2531 2863 2799 2934 aliquando
2829 2866 3036 2934 finiatur
3063 2866 3240 2920 error!
3261 2866 3420 2928 (Ibid.
3452 2885 3527 2934 n.,
3561 2867 3677 2936 10.)

2257 2951 2309 3006 5.
2354 2951 2432 3006 Ad
2460 2968 2578 3007 eum
2612 2953 2898 3008 ﬁniendum
2930 2955 3194 3023 pertinere
3222 2956 3273 3009 in
3317 2956 3501 3024 primis
3539 2957 3760 3026 putavit,

2185 3054 2244 3100 ut
2267 3045 2561 3100 Pohestina‘.
2584 3046 2799 3116 synodi,
2833 3047 2920 3102 ubi
2947 3063 3004 3102 se
3033 3047 3271 3117 Palagius
3301 3050 3764 3118 purgatumfnisse

2182 3135 2496 3206 jactitabat,
2552 3137 2812 3208 judicium
2870 3138 3152 3193 haberetur
3180 3155 3192 3192 :
3220 3139 3449 3193 animum
3497 3139 3761 3209 siquidem

2186 3227 2504 3294 induxerat,
2556 3219 2608 3282 in
2640 3243 2704 3283 eo
2758 3228 3026 3298 Pelagium
3087 3228 3331 3283 haeresim
3381 3245 3567 3295 suam,
3619 3237 3676 3283 ut
3727 3247 3761 3285 a

2185 3319 2466 3375 catholicis
2517 3319 2780 3389 episcopis
2835 3319 3219 3386 absolveretur,
3274 3319 3548 3389 cjurasse,
3601 3329 3762 3389 atque

2189 3411 2325 3480 apud
2353 3412 2494 3482 ipsos
2521 3411 2676 3464 ﬁdem
2699 3410 2916 3464 omnino
2941 3410 3233 3480 professum
3257 3426 3372 3465 esse
3388 3410 3757 3466 christianam.

2187 3501 2435 3570 Acceptis
2473 3501 2634 3571 igitur
2664 3500 2764 3555 hoc
2806 3501 3020 3555 tandem
3059 3509 3298 3570 tempore
3335 3501 3521 3572 synodi
3549 3501 3757 3566 Gcstis,

2183 3607 2296 3646 rem
2329 3592 2397 3645 ita
2426 3606 2484 3646 se
2513 3590 2728 3657 habere,
2762 3607 2868 3645 non
2900 3591 3016 3649 sine
3045 3591 3276 3645 maxima
3306 3591 3462 3644 animi
3488 3592 3758 3660 voluptate

2184 3685 2445 3754 comperit
2475 3701 2489 3738 :
2520 3692 2675 3753 atque
2706 3692 2761 3737 ut
2796 3682 3030 3738 limretici
3077 3682 3316 3736 Ir:mdem
3370 3692 3652 3752 retegeret,
3687 3681 3756 3734 li-

2185 3776 2336 3830 brum
2369 3785 2552 3832 contra
2600 3775 2762 3830 Gesta
2815 3775 2900 3830 illa
2948 3775 3179 3830 breviata
3207 3817 3218 3834 .
3250 3790 3368 3845 qua:
3411 3774 3669 3844 Pelagius-
3702 3775 3757 3829 in

2185 3885 2296 3924 sure
2328 3868 2654 3923 defensionis
2677 3867 2916 3922 chartula
2961 3868 3284 3938 vulgaverat,
3315 3866 3547 3922 scribere
3567 3882 3756 3936 qnam-

2187 3959 2414 4028 primum
2454 3973 2734 4028 aggressus
2771 3966 2851 4012 est
2881 3956 2980 4030 (De
3005 3956 3166 4012 Gestis
3203 3956 3418 4028 Pelagii,
3459 3975 3512 4012 n.
3553 3957 3608 4028 2)
3642 3976 3654 4011 :
3686 3970 3757 4013 ne

2185 4049 2299 4117 quis
2329 4047 2460 4103 forte
2499 4056 2678 4112 esset,
2709 4049 2798 4118 qui
2837 4063 2902 4103 eo
2927 4049 3071 4103 velut
3098 4049 3341 4102 absoluto
3362 4090 3376 4114 ,
3408 4048 3517 4118 ipsa
3545 4063 3757 4118 quoque

2186 4138 2301 4207 ejus
2330 4139 2573 4209 dogmata
2614 4149 2820 4208 putaret
2843 4138 3045 4207 judices
3073 4138 3412 4207 approbasse.
3445 4138 3622 4206 Itaque
3652 4137 3755 4193 hoc

2187 4229 2237 4282 in
2271 4229 2422 4295 libro,
2456 4228 2531 4284 De
2572 4228 2732 4282 Gestis
2761 4227 2958 4298 Pelagii
2988 4229 3262 4296 inscripto,
3295 4229 3619 4298 Augustinus
3641 4229 3756 4284 sin-

2193 4321 2310 4390 gula
2343 4336 2580 4374 errorum
2611 4320 2780 4388 capita
2809 4319 3021 4388 Pelagio
3059 4319 3193 4388 apud
3232 4319 3488 4389 synodum
3515 4321 3716 4388 objecta
3739 4363 3752 4385 ,

2186 4425 2305 4464 cum
2337 4409 2572 4478 ejusdem
2602 4410 2667 4462 ad
2691 4409 2773 4462 illa
2796 4409 3088 4478 responsis,
3112 4409 3511 4478 diligentissime
3535 4411 3752 4464 excutit.

2191 4501 2419 4555 Tametsi
2441 4517 2567 4556 vero
2597 4501 2685 4555 ille
2711 4500 2952 4570 dogmata
2983 4500 3089 4569 ipsa
3113 4500 3388 4563 damnans,
3413 4517 3526 4570 qua!
3545 4501 3756 4556 inimica

2189 4591 2372 4660 gratia:
2402 4591 2595 4646 Christi
2640 4590 2890 4646 adversus
2921 4606 3038 4644 eum
3066 4591 3130 4644 de
3170 4590 3379 4644 IIerotis
3407 4599 3459 4644 et
3487 4591 3664 4643 Lazari
3696 4591 3758 4644 Ii-

2195 4684 2331 4738 bello
2360 4683 2699 4752 legebantur,
2731 4681 3019 4737 catholicus
3065 4695 3092 4732 a
3141 4680 3344 4752 synodo
3388 4682 3759 4750 pronuntiatus

2194 4773 2299 4838 sit;
2341 4772 2438 4842 ipsi
2470 4781 2644 4826 tamen
2675 4771 3027 4840 suspicionem
3058 4769 3322 4824 Inereseos
3349 4769 3520 4824 adhuc.
3555 4769 3758 4823 lucrere

2189 4863 2420 4917 ostendit
2452 4879 2464 4915 :
2493 4877 2555 4916 ac
2598 4861 2810 4917 demum
2854 4861 2929 4914 sic
2976 4875 3094 4912 eum
3137 4859 3320 4930 synodi
3352 4860 3610 4945 sententia
3638 4874 3759 4913 esse

2198 4957 2513 5019 absolutum,
2541 4966 2598 5010 ut
2625 4956 2734 5025 ipsa
2753 4954 2997 5018 hmresis,
3032 4961 3244 5023 propter
3269 4968 3422 5022 quam
3453 4952 3518 5006 ad
3548 4953 3758 5021 episco-

2192 5047 2313 5116 pale
2347 5046 2597 5115 judicium
2632 5051 2925 5114 pertractus
2957 5052 3071 5108 est,
3103 5041 3466 5096 incunctanter
3513 5041 3758 5095 damnata

2194 5138 2354 5194 fuerit
2385 5135 2950 5210 (Retractationum'lib.
2985 5135 3040 5201 2,
3073 5151 3186 5204 cap.
3229 5132 3364 5206 47)..

2264 5230 2316 5283 4.
2349 5227 2529 5282 Tradit
2579 5227 2934 5296 Augustinus,
2966 5239 3024 5280 se
3067 5239 3170 5295 quo
3219 5235 3454 5293 tempore
3479 5222 3545 5278 de
3585 5221 3761 5278 Gestis

2198 5319 2390 5388 Pelagii
2436 5319 2672 5386 scripsit,
2704 5317 2887 5371 eodem
2921 5320 3032 5385 ipso
3072 5316 3429 5385 composuisse
3472 5315 3661 5368 librum
3693 5314 3762 5368 de

2193 5409 2529 5463 Correctione
2571 5407 2955 5460 Donatistarum
2986 5404 3004 5469 l
3031 5403 3188 5471 lbid.,
3212 5420 3326 5472 cap.
3359 5404 3426 5457 48
3456 5403 3494 5475 ).
3551 5401 3764 5456 Bonifa-

2197 5502 2350 5567 cius,
2395 5501 2479 5554 cni
2537 5500 2670 5554 liber
2717 5499 3051 5562 inscribitur;
3083 5496 3219 5550 inter
3247 5510 3502 5550 maxnnos
3553 5494 3761 5561 imperil

2197 5591 2416 5646 Itomani
2439 5593 2581 5645 viros
2605 5589 3011 5642 numerabatur:
3037 5597 3088 5640 ct
3114 5588 3363 5656 scriptum
3397 5584 3607 5653 reliquit
3628 5584 3760 5637 Pro-

2197 5682 2412 5752 copius,
2463 5679 2608 5735 illum
2659 5689 2813 5751 atque
2872 5679 3078 5733 Actium
3135 5688 3241 5732 tum
3282 5677 3351 5732 ob
3399 5674 3764 5758 fortitudinem
