4042 6360
300 404 423 465 489

297 527 500 599 reique
547 524 796 583 militaris
840 527 1110 598 peritiam,
1149 533 1263 581 tum
1291 524 1361 581 ob
1387 524 1554 581 animi
1581 526 1901 597 magnitudi-

313 636 448 676 nem
491 630 824 693 cmterasque
850 621 1103 688 virtutes,
1144 618 1285 674 haud
1330 618 1599 674 immerito
1628 618 1900 674 Romano-

304 729 439 770 rum
458 715 676 771 ultimos
699 730 857 787 posse
872 713 1124 786 appellari
1143 709 1468 786 (Procopius,
1488 711 1732 767 Historiae
1768 710 1901 766 Van-

296 806 415 861 dal.
456 809 510 876 1,
552 806 698 881 195).
750 807 959 875 Quanto
1001 806 1142 877 apud
1198 820 1386 861 omnes
1430 813 1544 861 erat
1592 805 1649 859 in
1700 806 1902 859 honore

292 910 537 971 pr0pter
564 900 849 956 humanam
873 898 1293 971 magnitudinem
1314 938 1330 965 ,
1387 906 1533 953 tanta
1572 911 1696 952 eum
1732 910 1899 951 vene-

291 992 521 1048 ratione
562 1002 779 1063 propter
816 993 1079 1063 insignem
1123 991 1373 1061 pietatem
1400 988 1644 1045 colebant
1685 986 1902 1043 sanctis-

287 1084 425 1139 simi
456 1086 653 1156 quique
676 1085 913 1156 ejusdem
936 1084 1107 1139 aetatis
1128 1081 1384 1154 episcopi.
1408 1080 1604 1136 Verum
1627 1080 1673 1136 is
1694 1087 1897 1135 tantum

288 1177 477 1233 decus
500 1178 566 1233 ad
596 1188 891 1234 extremum
920 1192 1086 1247 usque
1112 1192 1216 1231 non
1249 1175 1469 1231 retinuit
1497 1193 1510 1230 :
1535 1189 1656 1230 cum
1683 1171 1827 1229 enim
1866 1186 1897 1227 a

288 1264 415 1323 Deo
449 1278 689 1325 mentem
720 1277 774 1324 et
800 1268 1174 1338 cogitationem
1203 1265 1514 1332 avertisset,
1561 1264 1613 1318 in
1658 1272 1736 1318 tot
1764 1272 1898 1317 tam—

286 1376 405 1432 que
440 1370 656 1418 atroces
676 1363 1005 1417 calamitates
1033 1362 1316 1416 immersus
1344 1359 1469 1425 fuit,
1500 1368 1558 1414 ut
1582 1357 1647 1413 ad
1676 1358 1897 1413 fulcien-

283 1452 421 1507 dam
455 1464 855 1525 temporaneam
883 1452 1185 1524 ﬂuxamque
1201 1451 1467 1507 fortunam
1486 1466 1658 1518 suam,
1679 1460 1897 1506 coactus

284 1547 363 1600 sit
390 1546 658 1602 Ecclesize
686 1556 844 1617 atque
873 1546 1100 1616 Imperio
1130 1547 1364 1601 immane
1400 1545 1585 1601 vulnus
1613 1543 1850 1614 infligere
1875 1583 1890 1610 ,

281 1640 375 1693 cui
410 1639 658 1694 sanando
683 1654 781 1694 nec
810 1639 924 1710 ipse
949 1681 964 1706 ,
997 1653 1097 1695 nec
1119 1652 1307 1693 omnes
1333 1638 1587 1693 Romanae
1608 1635 1770 1700 vires,
1803 1650 1896 1704 per

282 1740 444 1787 totos
475 1743 683 1788 centum
714 1748 915 1799 annos,
964 1747 1118 1802 pares
1159 1731 1393 1786 fuerunt.
1441 1730 1577 1785 Eum
1604 1730 1657 1784 in
1702 1727 1893 1785 mediis

278 1823 571 1879 bellorum
599 1834 653 1879 et
676 1839 947 1879 armorum
968 1824 1109 1878 curis
1132 1822 1432 1878 vehementi
1474 1821 1664 1877 ardore
1689 1820 1893 1876 divina-

280 1931 414 1970 rum
447 1932 625 1971 rerum
654 1916 1011 1987 cognitionem
1039 1930 1280 1985 quaerere
1313 1914 1606 1968 mirabatur
1637 1912 1891 1983 Augusti-

282 2025 397 2065 nus
431 2009 624 2081 (Epist.
658 2009 782 2077 185,
814 2027 867 2063 η.
897 2008 950 2080 1)
982 2024 1192 2079 :neque
1230 2016 1434 2079 poterat
1475 2007 1589 2078 ejus
1618 2022 1891 2063 commen-

292 2103 513 2157 dationi
539 2103 823 2173 quidquam
852 2102 916 2157 ad
956 2101 1084 2157 illud
1123 2101 1354 2168 addere,
1397 2100 1537 2170 quod
1572 2099 1787 2155 monitis
1823 2100 1891 2155 ad

280 2195 421 2249 vitae
461 2196 720 2249 rationem
757 2194 925 2264 probe
972 2192 1349 2248 instituendam
1382 2193 1469 2257 ei,
1526 2201 1684 2262 prout
1724 2207 1890 2262 expe-

279 2288 493 2350 tierat,
521 2287 656 2342 datis
683 2287 953 2356 subjecit,
988 2286 1271 2356 epistolam
1314 2300 1461 2339 suam
1493 2286 1661 2355 magis
1686 2284 1737 2340 ei
1765 2299 1890 2355 spe-

278 2384 481 2437 culum
508 2397 643 2447 esse,
685 2381 774 2436 ubi
816 2379 985 2450 qualis
1024 2382 1093 2436 sit
1135 2379 1351 2445 videat,
1385 2395 1539 2449 quam
1590 2378 1677 2432 ubi
1723 2377 1893 2433 discat

279 2474 516 2545 qualem
543 2488 663 2529 eum
691 2487 812 2528 esse
840 2480 1083 2542 oporteat
1113 2470 1303 2544 (Epist.
1337 2471 1458 2538 189,
1489 2488 1543 2524 n.
1580 2469 1657 2543 8).
1691 2470 1745 2524 lu
1776 2470 1889 2541 pri-

281 2571 398 2625 mis
448 2569 623 2639 ipsum
677 2566 743 2622 ad
774 2566 1040 2637 pudicitiae
1087 2565 1380 2636 conjugalis
1425 2580 1605 2619 curam
1637 2563 1890 2618 abhorta-

278 2661 458 2716 batur
486 2659 671 2731 (Ibid.,
700 2677 756 2716 n.
785 2655 840 2733 7)
864 2675 876 2712 :
904 2673 1086 2713 verum
1114 2656 1415 2712 Bonifacius
1442 2658 1575 2711 ultra
1596 2656 1683 2710 illa
1712 2655 1891 2710 consi-

284 2752 367 2806 lia
394 2752 649 2823 progredi
690 2751 1035 2822 peroptabat;
1076 2758 1131 2804 et
1175 2750 1413 2821 quamvis
1452 2748 1787 2818 conjugatus,
1832 2747 1894 2801 ﬁ-

294 2845 437 2898 liam
470 2846 652 2898 saltem
684 2854 840 2897 unam
862 2886 877 2911 ,
909 2859 1066 2913 quam
1116 2842 1295 2897 comiti
1335 2842 1646 2897 Sebastiano
1672 2856 1891 2896 uxorem

281 2937 561 3005 dederat,
588 2937 888 2992 sustulisset
917 2935 1118 3008 (Victor
1150 2935 1383 3000 Vitensis,
1419 2933 1492 2988 De
1538 2932 1895 2988 Persecutione

297 3028 559 3093 Vandal.,
595 3030 680 3085 lib.
717 3031 769 3097 1,
801 3047 854 3084 η.
885 3027 979 3103 6);
1028 3029 1375 3083 nihilominus
1402 3036 1580 3083 tamen
1604 3043 1634 3081 a
1664 3026 1895 3080 vanitate

284 3123 486 3177 saeculi
513 3121 872 3188 abhorrebat,
903 3120 1143 3190 nihilque
1178 3119 1407 3175 habebat
1435 3118 1696 3189 Optatius,
1735 3132 1893 3187 quam

284 3214 607 3270 renuntiato
626 3213 911 3268 mundanis
930 3213 1090 3268 rebus
1112 3212 1342 3267 divortio
1367 3211 1687 3265 monachum
1712 3210 1895 3264 vivere

286 3322 358 3362 ac
384 3308 485 3361 uni
516 3307 625 3363 Deo
649 3306 941 3376 mancipari
992 3304 1185 3378 (Epist.
1214 3304 1340 3367 220,
1365 3321 1418 3357 η.
1450 3302 1526 3375 5).
1574 3303 1653 3357 Re
1680 3301 1893 3372 quidem

292 3399 417 3469 ipsa
454 3408 660 3453 mortua
710 3396 935 3467 conjuge
958 3439 972 3463 ,
1005 3411 1126 3451 cum
1177 3410 1286 3450 non
1315 3395 1483 3449 multo
1512 3402 1633 3464 post
1678 3392 1896 3449 Tubinis

292 3490 350 3544 in
374 3489 626 3544 Numidia
674 3490 1026 3560 Augustinum
1069 3496 1229 3557 atque
1279 3486 1527 3557 Alypium
1553 3486 1697 3540 solos
1728 3482 1899 3538 offen-

292 3582 499 3648 disset,
525 3596 677 3635 suum
705 3582 917 3651 utrique
944 3580 1225 3635 consilium
1256 3577 1504 3649 patefecit
1530 3596 1542 3632 :
1570 3578 1668 3631 sibi
1698 3591 1898 3647 prepo-

298 3673 499 3737 situm,
528 3671 787 3726 abdicatis
809 3671 1055 3725 omnibus
1086 3670 1309 3740 publicis
1334 3678 1387 3725 et
1410 3668 1613 3723 bellicis
1638 3667 1818 3733 rebus,
1846 3668 1897 3721 in

298 3765 467 3820 inata
496 3766 678 3835 quiete
718 3765 977 3835 reliquam
1024 3765 1185 3818 vitam
1235 3779 1414 3833 agere,
1450 3771 1505 3817 ut
1534 3762 1643 3832 jam
1687 3760 1899 3816 nonnisi

298 3868 491 3913 contra
520 3858 793 3914 daemones
824 3859 875 3912 in
926 3856 1230 3912 solitudinis
1270 3856 1480 3911 silentio
1528 3870 1648 3910 cum
1701 3854 1901 3909 sanctis

299 3949 514 4019 aliquot
529 3949 725 4003 Christi
742 3948 998 4003 militibus
1014 3948 1312 4003 decertaret
1333 3945 1382 4020 (1
1388 3946 1473 3999 bid
1481 3986 1515 4012 .,
1532 3963 1585 3999 η.
1605 3943 1716 4017 12).
1739 3944 1822 3998 Ab
1835 3959 1901 3999 eo

301 4041 533 4094 consilio
563 4040 709 4095 illum
736 4042 906 4095 sancti
933 4040 1031 4094 viri
1052 4038 1322 4094 dehortati
1347 4047 1471 4093 sunt
1495 4055 1509 4104 ;
1532 4038 1652 4108 ejus
1681 4052 1899 4107 operam

300 4132 360 4187 in
393 4133 495 4188 hoc
520 4133 741 4188 honoris
767 4132 935 4204 gradu
962 4133 1142 4187 utilem
1174 4130 1460 4186 admodum
1484 4130 1739 4184 Ecclesia:
1760 4128 1902 4183 futu-

298 4239 423 4277 ram
450 4234 850 4279 commonentes
876 4242 888 4277 :
914 4238 1058 4278 arma
1092 4238 1187 4277 sua
1224 4230 1427 4276 tantum
1457 4236 1522 4276 eo
1543 4228 1898 4287 converteret,

303 4324 367 4368 ut
391 4316 467 4370 illi
509 4333 696 4387 pacem
717 4358 733 4383 ,
761 4316 1022 4386 repressis
1059 4316 1411 4369 Barbarorum
1458 4312 1854 4366 incursionibus
1883 4353 1898 4378 ,

301 4406 515 4462 ﬁrmam
565 4418 822 4479 pararet:
860 4408 992 4462 nihil
1044 4416 1237 4478 praeter
1275 4392 1574 4461 necessaria
1622 4404 1723 4458 sibi
1766 4404 1904 4460 suis-

302 4517 413 4567 que
449 4503 591 4556 inter
630 4502 870 4556 homines
898 4510 1170 4571 expeteret
1191 4499 1375 4571 (lbid.,
1407 4516 1494 4553 nn.
1530 4500 1597 4563 5,
1634 4497 1722 4571 12)
1755 4516 1767 4552 :
1799 4507 1903 4551 ter-

306 4604 464 4647 renas
492 4610 621 4665 opes
650 4610 821 4663 neque
859 4594 1065 4647 oblatas
1110 4601 1419 4661 respueret,
1450 4606 1623 4661 neque
1677 4590 1903 4645 ambiret

309 4693 562 4753 negatas,
593 4688 699 4741 imo
729 4702 828 4741 nec
850 4687 1056 4740 ablatas
1077 4685 1290 4756 quidem
1312 4726 1327 4751 ,
1355 4700 1423 4740 ne
1446 4685 1498 4739 in
1524 4684 1687 4738 istam
1714 4698 1901 4738 neces-

307 4775 603 4831 situdinem
653 4780 1069 4845 perduceretur,
1101 4778 1207 4844 ubi,
1255 4779 1329 4831 ait
1380 4777 1739 4847 Augustinus,
1788 4792 1902 4829 cum

303 4881 545 4924 amantur
562 4871 713 4938 bona,
739 4882 1086 4942 perpetrantur
1106 4872 1240 4925 mala
1261 4870 1446 4941 (Ibid.,
1473 4869 1616 4944 11.5).
1642 4869 1898 4939 Denique,

304 4971 367 5016 ut
390 4964 529 5018 inter
548 4978 695 5017 arma
717 4963 1017 5033 corporalia
1041 4964 1403 5033 Spiritualihus
1425 4964 1586 5017 armis
1611 4963 1771 5017 tutius
1794 4961 1901 5016 for-

305 5057 520 5129 tiusque
553 5058 856 5112 muniretur
879 5099 893 5122 ,
926 5073 1089 5127 quam
1142 5057 1480 5113 severissime
1520 5056 1898 5111 continentiam

302 5161 573 5207 servaret.
597 5152 680 5207 Ad
704 5168 825 5208 eum
850 5153 1010 5223 igitur
1034 5152 1248 5207 modum
1269 5193 1282 5216 ,
1314 5161 1367 5206 et
1386 5152 1439 5205 in
1461 5151 1730 5206 hominum
1762 5166 1900 5205 com-

304 5244 514 5298 mercio
539 5258 757 5302 manere
779 5287 793 5311 ,
823 5255 877 5300 et
899 5246 1144 5301 caelibem
1175 5246 1338 5299 vitam
1365 5244 1705 5300 nihilominus
1721 5245 1899 5300 colere

304 5334 550 5392 decrevit
606 5337 909 5393 Bonifacius
963 5338 1155 5410 (Ibid.,
1203 5356 1255 5393 η.
1292 5338 1377 5409 4).
1422 5338 1573 5406 Quod
1632 5354 1737 5409 quo
1766 5347 1901 5394 tem-

300 5445 437 5501 pere
492 5431 685 5485 factum
730 5432 829 5501 sit,
877 5432 1168 5503 ignoratur.
1210 5433 1533 5503 Augustinus
1564 5442 1721 5504 atque
1772 5434 1900 5505 Aly-

299 5526 429 5597 pius
460 5526 511 5581 id
562 5527 773 5583 consilii
829 5543 933 5583 non
978 5528 1081 5583 alia
1119 5536 1297 5583 mente
1344 5526 1612 5585 Bonifacio
1667 5527 1894 5597 dabant,

300 5630 466 5689 quam
495 5619 620 5691 quia
666 5620 783 5691 ejus
833 5621 990 5676 saluti
1019 5621 1091 5676 ita
1134 5621 1421 5677 convenire
1460 5620 1892 5676 arbitrabantur:

301 5720 363 5763 at
383 5713 472 5779 qui
498 5728 607 5768 non
634 5712 867 5782 fallatur,
888 5724 1083 5785 praeter
1100 5714 1267 5768 Deum
1286 5756 1300 5781 ,
1332 5712 1569 5784 reperias
1594 5712 1892 5767 neminem:

303 5798 456 5855 Deus
484 5815 666 5856 autem
695 5805 899 5871 judicio
934 5806 1177 5861 humanis
1205 5805 1617 5876 cogitationibus
1637 5804 1897 5859 inscruta-

1621 409 1821 466 LIBER
1859 410 2210 469 SEPTIMUS.

3486 422 3592 480 ωο

2012 527 2287 594 caecutire;
2312 534 2472 599 atque
2499 527 2635 585 adeo
2663 528 2974 586 innocenter
3000 530 3269 588 Bonifacio
3291 514 3503 590 ruinam
3522 550 3588 593 ac

2010 620 2299 691 perniciem
2324 630 2695 693 accersentes,
2722 621 2976 681 Vandalis
3004 623 3060 681 in
3106 625 3343 683 Africam
3385 627 3583 684 irrum-

2009 713 2167 783 pendi
2193 729 2405 771 causam
2440 716 2699 787 praebere.
3361 713 3378 718 ”
3562 717 3566 720 ⁴

2079 807 2133 863 5.
2163 807 2359 864 Verum
2381 817 2439 864 ut
2462 810 2741 867 redeamus
2762 812 2831 868 ad
2857 813 3049 869 librum
3066 856 3080 880 ,
3104 814 3257 887 cujus
3285 816 3587 884 occasione,

2008 899 2128 967 quis
2156 909 2300 956 esset
2326 900 2648 972 Bonifacius,
2667 905 3039 975 exponendum
3068 905 3196 976 fuit,
3229 907 3330 963 hoc
3367 907 3422 962 in
3451 907 3590 963 libro

2006 987 2307 1061 disputatur
2343 994 2561 1049 omnino
2582 995 2650 1051 de
2682 997 3004 1065 Donatistis,
3033 998 3121 1069 qui
3151 999 3286 1054 forte
3321 997 3465 1053 haud
3493 999 3578 1053 in-

2005 1080 2314 1155 frequenter
2344 1089 2594 1145 molestos
2622 1105 2683 1146 se
2721 1090 2996 1147 Bonifacio
3036 1092 3376 1148 exhibebant.
3403 1092 3588 1164 Itaque

2004 1189 2124 1230 cum
2151 1178 2344 1234 nobilis
2369 1180 2456 1235 ille
2480 1181 2564 1235 vir
2586 1196 2914 1253 cognoscere
2958 1183 3353 1238 Donatistarum
3382 1192 3585 1239 sectam

2004 1280 2256 1339 cuperet,
2308 1272 2519 1343 scripsit
2569 1273 2636 1329 ad
2686 1275 3086 1346 Augustinum,
3124 1277 3252 1348 quid
3301 1276 3419 1332 illos
3446 1275 3639 1347 inter?

2002 1371 2161 1433 atque
2217 1364 2440 1421 Arianos
2478 1365 2800 1423 discriminis
2833 1377 3012 1436 esset,
3068 1368 3346 1440 inquirens
3374 1368 3585 1441 (Epist.

2004 1455 2127 1524 185,
2152 1473 2204 1510 η.
2229 1455 2304 1528 1).
2338 1458 2399 1512 Εἰ
2440 1460 2766 1530 Augustinus
2806 1468 2972 1516 totam
3015 1460 3237 1531 hujusce
3280 1446 3628 1522 schismatisi

2000 1548 2263 1604 rationem
2284 1551 2522 1620 aperuit,
2552 1551 2893 1608 fundamenta
2920 1553 3148 1622 subruit,
3175 1554 3584 1625 paralogismos,
3615 1543 3631 1583 ῖ

2001 1639 2189 1710 quibus
2221 1640 2350 1696 illud
2383 1641 2596 1698 firmare
2625 1644 2964 1712 nitebantur,
3016 1645 3200 1716 rejecit
3233 1660 3336 1701 :ac
3378 1646 3587 1716 potissi-

1999 1748 2143 1788 mum
2176 1734 2353 1807 legum
2384 1736 2436 1792 in
2480 1737 2599 1793 illos
2623 1738 2692 1793 ab
2732 1737 2967 1795 Honorio
2996 1739 3388 1809 propositarum
3415 1738 3587 1811 aequi-

1998 1832 2197 1894 tatem,
2249 1828 2562 1895 utilitatem,
2610 1831 3087 1902 necessitatemque
3143 1839 3456 1901 prosecutus
3496 1838 3584 1888 est

2008 1917 2464 1988 (Retractationum
2504 1923 2591 1977 lib.
2625 1923 2683 1991 2,
2723 1939 2837 1993 cap.
2869 1923 2983 1993 48).
3007 1922 3117 1978 Sub
3158 1923 3397 1993 epistolae
3420 1924 3587 1979 linem

1997 2010 2082 2067 his
2129 2013 2276 2068 illum
2316 2015 2495 2071 verbis
2534 2016 2861 2087 alloquitur:
2894 2014 3003 2071 Hos
3054 2015 3141 2070 tibi
3185 2016 3322 2087 ipsi,
3376 2016 3584 2088 inquit,

1998 2113 2236 2177 tanquam
2273 2108 2414 2177 ﬁdeli
2455 2108 2563 2178 ﬁlio
2587 2150 2601 2175 ,
2630 2118 2792 2163 mater
2818 2108 3080 2175 Ecclesia,
3129 2108 3214 2162 ubi
3264 2108 3506 2179 potueris,
3535 2115 3587 2163 et

1996 2201 2251 2270 quomodo
2274 2202 2495 2273 potueris
2516 2245 2530 2269 ,
2559 2204 2661 2256 sive
2701 2204 2808 2272 ipse
2834 2202 3080 2274 laqueide
3120 2212 3166 2257 et
3194 2202 3546 2273 respondendo
3564 2241 3583 2271 ,

1995 2293 2098 2347 sive
2124 2294 2190 2347 ad
2212 2294 2438 2349 doctores
2463 2293 2705 2348 Ecclesiae
2731 2294 3046 2364 perducendo
3067 2337 3081 2361 ,
3111 2294 3165 2348 in
3192 2294 3447 2365 adjutorio
3474 2294 3588 2349 Do-

1996 2386 2120 2439 mini
2146 2387 2469 2458 corrigendos
2498 2386 2846 2457 sanandosque
2871 2387 3184 2441 commendat
3216 2384 3408 2459 (Epist.
3440 2387 3544 2443 185
3562 2428 3581 2456 ,

1998 2496 2050 2533 n.
2078 2478 2190 2553 51).
2242 2481 2324 2537 Ab
2360 2481 2547 2536 eodem
2584 2481 2716 2551 petit
2753 2489 2868 2535 acta
2906 2479 3216 2535 Collationis
3247 2481 3298 2534 in
3329 2494 3585 2550 compen-

1997 2572 2144 2628 dium
2184 2575 2278 2630 abs
2330 2589 2389 2631 se
2425 2574 2637 2630 redacta
2680 2575 2951 2644 perlegat;
2994 2573 3109 2629 ιι.υο
3156 2574 3295 2644 apud
3330 2573 3586 2643 Optatum

1999 2669 2307 2753 episcopum
2323 2670 2459 2724 forte
2475 2669 2787 2724 invenienda
2814 2667 2972 2739 (Ibid.
2984 2710 2999 2736 ,
3023 2686 3075 2721 η.
3091 2668 3168 2737 6).
3186 2669 3354 2735 Quem
3370 2668 3588 2739 quidem

1999 2764 2306 2833 episcopum
2330 2763 2470 2819 haud
2501 2764 2732 2819 absurde
2762 2763 2878 2833 quis
2900 2764 3165 2834 putaverit
3186 2764 3589 2820 Vesceritanum

1998 2869 2147 2923 esse,
2186 2856 2237 2908 in
2274 2857 2545 2925 provincia
2598 2856 2836 2911 Sitifensi
2864 2854 3074 2926 (Collat.
3100 2855 3339 2929 Carthag.
3382 2858 3435 2924 1,
3468 2873 3587 2927 cap.

1997 2946 2126 3020 120)
2150 2966 2161 3003 :
2185 2948 2618 3019 quandoquidem
2642 2949 2969 3021 Augustinus
3004 2950 3110 3016 ait,
3144 2949 3286 3005 hunc
3324 2950 3497 3020 ipsum
3524 2950 3590 3006 li-

1998 3038 2182 3105 brum,
2214 3041 2475 3109 siquidem
2513 3041 2651 3110 apud
2675 3040 2925 3111 Optatum
2955 3057 3059 3096 non
3094 3042 3201 3106 sit,
3243 3042 3390 3097 nullo
3416 3058 3585 3115 nego-

2002 3131 2077 3185 tio
2100 3130 2169 3185 de
2198 3132 2437 3187 Ecclesia
2460 3130 2700 3187 Sitifensi
2726 3133 2864 3187 sumi
2896 3148 3076 3203 posse.
3108 3133 3188 3188 Ex
3224 3134 3416 3204 quibus
3456 3135 3587 3190 satis

2002 3222 2303 3293 intelligas,
2343 3223 2673 3278 Bonifacium
2706 3232 2831 3278 tunc
2883 3223 2935 3278 in
2982 3240 3046 3279 eo
3092 3232 3267 3280 tractu
3315 3235 3589 3282 versatum

2001 3312 2183 3369 fuisse.
2232 3314 2287 3369 Id
2325 3316 2503 3385 operis
2549 3315 2649 3371 etsi
2702 3316 2839 3371 inter
2886 3315 3050 3371 libros
3084 3332 3208 3372 suos
3248 3319 3444 3373 referat
3473 3320 3589 3373 Au-

2000 3405 2263 3476 gustinus,
2288 3406 2543 3462 habemus
2571 3422 2710 3461 nunc
2740 3407 2878 3462 inter
2904 3407 3068 3476 ipsius
3100 3408 3371 3476 epistolas.

2074 3498 2127 3555 6.
2150 3498 2309 3554 Liber
2333 3500 2399 3571 de
2426 3500 2712 3555 Praesentia
2742 3501 2865 3567 Dei,
2895 3502 2981 3571 qui
3005 3517 3102 3570 pro
3128 3501 3351 3571 epistola
3379 3518 3593 3575 quoque

2004 3601 2349 3659 numeratur,
2382 3608 2476 3663 per
2513 3594 2633 3647 anni
2666 3592 2823 3662 hujus
2858 3603 3096 3648 {estatem
3139 3595 3466 3664 compositus
3508 3604 3594 3652 est

2006 3682 2196 3753 (Epist.
2222 3685 2344 3750 187,
2363 3684 2499 3756 n.1),
2514 3695 2672 3757 atque
2689 3686 2757 3740 ob
2773 3702 2890 3741 eam
2913 3702 3023 3742 rem
3042 3688 3281 3756 proxime
3298 3688 3593 3758 postlibros

2005 3772 2071 3828 de
2097 3773 2273 3829 Gestis
2300 3775 2495 3846 Pelagii
2521 3785 2576 3831 et
2603 3776 2671 3831 de
2712 3776 3059 3832 Correctione
3088 3778 3483 3834 Donatistarum
3522 3779 3591 3836 ab

2005 3865 2299 3936 Augustino
2326 3868 2621 3922 recensitus
2649 3867 2895 3939 (Retract.
2930 3868 3018 3922 lib.
3045 3868 3100 3937 Ξ,
3129 3887 3241 3940 cap.
3270 3870 3385 3941 49).
3422 3872 3592 3941 Egre-

2004 3962 2146 4031 gium
2192 3961 2333 4017 istud
2363 3977 2496 4033 opus
2525 3962 2863 4018 referendum
2892 3971 2974 4017 est
3011 3972 3289 4032 acceptum
3316 3964 3591 4032 Dardano,

2004 4054 2122 4107 viro
2136 4053 2292 4123 hujus
2307 4053 2486 4109 saeculi
2509 4054 2761 4125 dignitate
2778 4070 3031 4125 perquam
3045 4056 3236 4109 illustri
3261 4055 3451 4129 (Epist.
3468 4058 3590 4123 187,

2006 4161 2060 4198 n.
2089 4144 2146 4214 1)
2170 4163 2183 4197 :
2204 4144 2291 4214 qui
2319 4145 2569 4214 religioso
2593 4145 2822 4215 quodam
2854 4160 3035 4199 amore
3066 4146 3343 4214 impulsus,
3374 4146 3504 4200 duas
3533 4147 3597 4202 il-

2006 4236 2085 4291 las
2107 4238 2449 4308 quaestiones,
2469 4238 2653 4309 grandi
2674 4238 2969 4294 intentione
2988 4249 3040 4293 et
3060 4239 3312 4293 aviditate
3332 4238 3595 4307 discendi,

2008 4329 2258 4399 explicari
2287 4330 2385 4385 sibi
2413 4330 2698 4399 postulavit
2726 4349 2736 4383 :
2767 4331 2987 4385 alteram
3010 4373 3023 4397 ,
3059 4329 3325 4400 quomodo
3352 4329 3594 4385 Christus

2009 4438 2150 4477 nunc
2192 4423 2244 4477 in
2274 4424 2411 4479 ccelo
2436 4424 2542 4488 sit,
2574 4424 2664 4494 qui
2692 4424 2882 4477 latroni
2923 4424 2977 4478 in
3018 4438 3174 4478 cruce
3218 4424 3438 4490 dixerit,
3471 4439 3594 4478 eum

2008 4529 2188 4570 secum
2230 4516 2320 4570 illo
2348 4515 2435 4569 dic
2467 4514 2699 4569 futurum
2740 4515 2792 4569 in
2826 4515 3106 4584 paradiso;
3139 4532 3264 4570 num
3306 4504 3444 4570 forte
3473 4516 3596 4586 quia

2006 4606 2249 4661 Christus
2280 4606 2473 4677 ubique
2499 4606 2697 4673 existit,
2730 4622 2795 4661 an
2822 4606 2942 4676 quia
2972 4606 3248 4678 paradisus
3273 4607 3325 4660 in
3356 4607 3493 4661 coelo
3518 4608 3595 4661 si-

2010 4706 2093 4753 tus
2122 4706 2239 4763 est;
2272 4697 2522 4765 alteram,
2556 4706 2729 4752 utrum
2759 4697 3005 4765 infantes,
3034 4698 3193 4752 etiam
3221 4697 3272 4751 in
3303 4708 3455 4752 utero
3482 4697 3591 4752 exi-

2007 4798 2236 4857 stentes,
2286 4806 2393 4844 non
2435 4790 2601 4845 Deum
2644 4791 2920 4855 noverint,
2963 4791 3225 4861 siquidem
3267 4790 3499 4845 Joannes
3538 4790 3591 4845 in

2007 4892 2158 4937 utero
2187 4881 2470 4938 exsultavit
2496 4881 2561 4935 ad
2584 4882 2921 4952 praesentiam
2953 4882 3138 4936 matris
3168 4881 3375 4935 Domini
3404 4879 3589 4954 (Ibid.,

2006 4993 2059 5030 η.
2089 4975 2165 5050 5).
2207 4976 2287 5032 Ad
2328 4977 2561 5048 priorem
2608 4978 2956 5048 quaestionem
2995 4978 3319 5047 Augustinus
3347 4985 3590 5033 accurate

2007 5070 2349 5141 studioseque
2376 5071 2732 5143 respondens,
2765 5070 2998 5140 disputat
3022 5085 3127 5141 quo
3156 5078 3306 5138 pacto
3344 5068 3506 5123 rebus
3538 5068 3591 5123 in

2006 5163 2280 5230 omnibus,
2313 5178 2376 5218 ac
2401 5163 2671 5233 prtecipue
2695 5162 2745 5215 in
2780 5161 2978 5230 templo
3008 5175 3105 5214 suo
3125 5201 3138 5227 ,
3169 5159 3272 5213 hoc
3299 5169 3380 5214 est
3408 5160 3461 5214 in
3489 5159 3589 5214 ho-

2006 5261 2149 5313 mine
2171 5257 2331 5324 fideli,
2361 5256 2641 5312 dicendum
2665 5256 2733 5310 sit
2749 5256 2925 5309 inesse
2942 5262 3182 5308 naturam
3204 5252 3433 5307 divinam
3453 5272 3466 5320 ;
3485 5270 3588 5324 qua

2005 5353 2076 5408 de
2105 5366 2263 5407 causa
2295 5358 2575 5405 tractatum
2605 5350 2751 5403 illum
2782 5347 3043 5413 inscribit,
3073 5346 3148 5401 De
3183 5346 3464 5402 Prwsentia
3492 5348 3585 5402 Det

2007 5437 2257 5507 (Retract.
2285 5434 2372 5488 lib.
2399 5435 2454 5501 2,
2484 5450 2599 5503 cap.
2632 5433 2746 5502 49).
2776 5431 2854 5486 Ad
2879 5432 3227 5501 posteriorem
3254 5431 3341 5486 ubi
3370 5441 3588 5487 ventum

2005 5535 2120 5593 est,
2147 5526 2382 5581 animum
2404 5525 2455 5579 in
2486 5525 2818 5595 Pelagianam
2848 5522 3092 5578 hzeresim
3111 5565 3126 5591 ,
3155 5538 3259 5577 non
3292 5531 3468 5578 tamen
3497 5539 3592 5578 ex-

2003 5632 2187 5691 presse
2231 5618 2594 5684 nominatam,
2624 5616 2955 5687 potissimum
3001 5615 3310 5682 intendens,
3353 5616 3590 5685 disputa-

2004 5709 2204 5764 tionem
2228 5707 2297 5763 de
2325 5706 2663 5778 parvulorum
2690 5706 3093 5778 regeneratione
3120 5707 3411 5778 copiosam,
3444 5721 3592 5760 eam-

2003 5820 2109 5875 que
2152 5803 2305 5859 valde
2330 5802 2683 5859 necessariam
2708 5801 2953 5858 instituit.
2987 5800 3064 5856 lbi
3099 5816 3253 5855 usum
3290 5799 3511 5854 rationis
3533 5809 3590 5855 et

302 5890 431 5963 bili,
462 5893 600 5950 duos
644 5909 675 5949 e
715 5898 1065 5952 sanctissimis
1094 5899 1225 5953 viris
1250 5898 1303 5953 iu
1336 5913 1393 5955 re
1423 5905 1569 5954 tanta
1594 5909 1783 5969 passus
1812 5896 2296 5971 ωνῇιπιιιιε
2321 5894 2610 5978 infantibus
2643 5895 2876 5952 tribuere
2892 5909 3051 5965 quam
3068 5891 3354 5947 absurdum
3393 5891 3461 5946 sit
3497 5904 3593 5946 os-

552 5985 782 6052 Sucr.
823 5990 1105 6055 Ausum.
1150 5991 1201 6054 Ι.

2922 5985 3186 6069 (δείλη.)
