4042 6360
324 493 479 551 quem
525 476 836 536 defunctum
885 490 1009 532 esse
1058 473 1357 541 nesciebat,
1408 472 1631 548 scriptas
1689 486 1918 545 purgare

330 572 425 640 (De
452 570 632 624 Gratia
676 568 882 637 Christi,
920 586 972 622 η.
1026 566 1140 637 52).
1188 567 1402 623 Littera:
1440 564 1733 622 successori
1778 564 1918 621 illius

324 664 539 718 Zosimo
583 662 804 723 reddita:
834 668 993 727 sunt,
1036 675 1136 715 una
1181 675 1299 715 cum
1345 658 1525 719 libello
1567 657 1720 725 ﬁdei,
1760 670 1917 731 quem

326 758 480 813 simul
507 756 1068 823 mittebat,desinente
1087 755 1137 808 in
1165 752 1280 809 haec
1306 753 1466 813 verba
1490 770 1500 805 :
1525 751 1649 812 Haec
1672 761 1745 809 est
1770 752 1917 820 ﬁda,

328 872 464 927 papa
489 853 792 923 beatissime,
820 868 968 927 quam
994 851 1045 913 in
1068 848 1299 904 Ecclesia
1322 848 1570 909 catholica
1598 846 1877 903 didicimus
1900 886 1914 909 ,

328 965 578 1019 quamque
605 963 801 1017 semper
840 946 1088 1003 tenuimus
1127 953 1173 999 et
1204 954 1444 1002 (euentus.
1469 942 1540 1003 In
1563 958 1664 1012 qua
1694 941 1738 1001 si
1758 940 1923 995 minus

329 1040 488 1111 perite
504 1048 593 1091 aut
608 1054 795 1111 parum
811 1047 953 1095 caute
968 1035 1160 1107 aliquid
1178 1039 1309 1109 forte
1321 1034 1536 1108 positum
1554 1042 1649 1099 est.
1668 1032 1920 1093 emendari

326 1132 606 1201 cupimusa
631 1140 692 1201 te,
710 1131 795 1205 qui
823 1128 963 1184 Petri
984 1139 1029 1186 et
1053 1129 1204 1198 ﬁdem
1226 1137 1271 1182 et
1287 1127 1451 1183 sedem
1470 1137 1603 1183 tenes

328 1224 453 1283 torni
480 1222 565 1285 10,
597 1232 730 1292 part.
754 1222 808 1285 2,
839 1219 1019 1279 Libell.
1051 1220 1168 1289 ﬁdei
1188 1218 1409 1289 Pelagii,
1438 1228 1565 1286 etc.,
1592 1235 1644 1272 η.
1676 1216 1790 1290 14),
1818 1227 1921 1277 etc.

325 1315 600 1385 Deceptus
638 1316 793 1369 etiam
829 1314 895 1368 ab
930 1313 1032 1367 isto
1061 1313 1335 1380 Zositnus,
1374 1312 1514 1369 sicut
1554 1326 1649 1381 pro
1673 1309 1927 1367 Coalestio

324 1406 563 1473 fecerat,
586 1423 684 1478 pro
700 1407 916 1482 Pelagio
936 1422 1147 1477 quoque
1166 1406 1441 1477 epistolam
1462 1405 1685 1463 alteram
1704 1404 1928 1463 adAfri.

322 1506 495 1546 canos
521 1492 773 1562 prmsules
802 1491 901 1545 hoc
922 1491 1111 1553 eodem
1138 1506 1297 1556 anno,
1323 1490 1411 1547 .die
1439 1488 1717 1543 undecimo
1742 1488 1930 1547 kalen-

324 1582 426 1639 das
469 1584 732 1649 octobris,
761 1583 933 1658 misit,
969 1584 1017 1637 in
1046 1598 1147 1658 qua
1189 1583 1242 1637 iu
1284 1582 1534 1636 llerotem
1581 1589 1635 1635 et
1672 1580 1928 1639 Lazarum

324 1676 694 1731 acerbioribus
720 1676 887 1737 multo
914 1691 1068 1746 quam
1100 1676 1155 1735 in
1184 1674 1444 1746 superiori
1488 1674 1710 1749 epistola
1753 1674 1930 1731 verbis

322 1768 605 1823 invehitur
640 1788 649 1820 ε
683 1768 841 1840 idque
882 1769 1158 1845 pollicetur
1192 1768 1324 1833 sibi,
1358 1765 1471 1822 fore
1498 1776 1557 1822 ut
1595 1767 1692 1842 ipsi
1721 1782 1931 1841 quoque

326 1860 572 1915 Africani
593 1861 844 1939 pnesnles
862 1860 983 1915 inde
1000 1876 1122 1916 eum
1142 1860 1256 1933 ipso
1275 1860 1472 1929 pariter
1488 1860 1725 1931 persuasi
1745 1902 1758 1926 ,
1780 1859 1931 1919 Pela-

324 1953 481 2025 gium
502 1965 553 2009 et
576 1952 884 2021 Ctelestium
908 1968 1003 2029 pro
1023 1952 1296 2012 catholicis
1319 1951 1576 2017 habeant,
1603 1952 1741 2026 quod
1772 1950 1931 2011 ambo

326 2030 420 2109 isti
460 2046 755 2103 damnanda
789 2047 1132 2118 damnarent,
1162 2055 1215 2107 et
1255 2044 1525 2122 sequenda
1560 2055 1927 2115 sequerentur,

326 2156 435 2195 nec
468 2140 499 2193 ii
522 2148 639 2210 post
667 2149 891 2194 mortem
914 2147 967 2195 et
986 2138 1255 2193 interitum
1288 2138 1603 2192 revixissent
1632 2136 1931 2207 inventique

326 2241 546 2295 essent,
580 2240 703 2302 puta
744 2231 808 2290 ad
849 2232 1004 2307 fidem
1033 2230 1333 2299 redeundo,
1360 2230 1453 2284 sed
1485 2230 1701 2291 omnino
1738 2217 1932 2289 mortui

326 2339 447 2378 non
478 2332 655 2385 essent
686 2339 782 2378 nec
827 2312 1141 2397 periissem,
1174 2322 1240 2377 de
1279 2324 1473 2395 quibus
1510 2322 1758 2383 videlicet
1797 2321 1931 2380 falsa

326 2416 548 2486 vulgata
574 2424 696 2471 sunt
724 2413 911 2486 (Part.
955 2416 1007 2480 1,
1050 2414 1482 2491 Hypomnesticon
1519 2424 1694 2475 contra
1722 2413 1928 2491 Pelag"

328 2510 426 2565 lib.
457 2512 511 2578 5,
534 2528 606 2564 cc.
632 2509 806 2582 9-10).
1340 2494 1343 2497 ’

406 2605 468 2659 3.
507 2603 657 2672 Quod
684 2613 863 2665 autem
901 2602 1119 2658 Zosimo
1158 2602 1400 2678 Pelagius
1430 2603 1769 2672 imposuerit,
1800 2601 1932 2659 nihil

326 2694 579 2768 profecto
609 2695 820 2749 mirum.
850 2693 943 2748 llic
969 2694 1109 2765 enim
1136 2702 1240 2750 tam
1272 2693 1463 2749 callide
1483 2696 1642 2747 verba
1670 2708 1764 2748 sua
1787 2708 1932 2751 com-

326 2798 627 2865 posuerat,
653 2798 900 2863 tantaque
923 2787 1179 2843 industria
1203 2787 1633 2857 mqnivocationis
1652 2787 1931 2856 caliginem

327 2879 599 2935 effuderat
642 2879 870 2943 veritati,
902 2888 958 2933 ut
996 2895 1115 2937 cum
1159 2879 1273 2951 ejus
1312 2877 1506 2951 scripta
1552 2878 1603 2930 in
1644 2877 1873 2935 Africam
1902 2891 1932 2929 a

324 2971 561 3027 Zosimo
587 2971 811 3027 fuissent
844 2972 1176 3036 transmissa,
1212 2971 1293 3029 vix
1328 2970 1554 3043 ipsemet
1583 2970 1931 3043 Augustinus,

328 3065 470 3137 quin
510 3080 571 3119 ea
600 3064 861 3124 catholica
902 3063 1185 3137 iudicaret,
1217 3061 1389 3133 deque
1428 3059 1625 3130 Pelagii
1666 3058 1837 3115 reditu
1866 3058 1932 3119 ad

326 3165 543 3213 rectam
567 3156 723 3215 fidem
751 3155 1043 3223 lzetaretur,
1068 3154 1168 3207 sibi
1198 3153 1573 3225 temperaverit
1596 3152 1694 3222 (De
1718 3150 1934 3211 Peccato

332 3246 597 3318 originali,
621 3265 673 3300 η.
700 3246 814 3316 20).
841 3245 945 3301 Sed
975 3246 1145 3313 virus,
1171 3244 1309 3319 quod
1337 3244 1388 3298 in
1414 3243 1792 3318 prolixioribus
1818 3242 1935 3317 ejus

330 3337 493 3394 libris
526 3339 992 3406 animadverterat,
1023 3338 1198 3395 effecit
1234 3347 1291 3397 ut
1330 3338 1430 3392 ista
1457 3353 1667 3414 quoque
1713 3337 1811 3408 ipsi
1842 3351 1932 3393 su—

332 3440 525 3509 specta
552 3443 767 3491 essent:
803 3447 920 3502 qute
952 3446 1072 3486 cum
1100 3430 1418 3501 inspexisset
1446 3430 1717 3493 attentius,
1749 3445 1931 3489 eorum

334 3523 570 3597 denique
605 3525 998 3595 ambiguitatem
1043 3538 1104 3578 ac
1147 3524 1330 3578 vitium
1373 3522 1740 3599 deprehendit.
1781 3522 1934 3593 Quod

333 3616 405 3671 ad
455 3616 783 3683 Ctelestium,
816 3616 1202 3684 rescripserunt
1244 3614 1484 3673 Africani
1528 3614 1789 3687 praesules
1829 3629 1933 3671 non

334 3708 611 3775 suﬁicere,
650 3709 723 3761 ait
767 3708 1112 3779 Augustinus,
1154 3707 1293 3777 quod
1331 3723 1388 3761 se
1418 3707 1740 3781 generaliter
1782 3705 1937 3759 Inno-

335 3800 501 3855 centii
525 3799 758 3871 episcopi
782 3798 971 3854 litteris
991 3800 1293 3855 consentire
1316 3799 1575 3853 fatebatur
1599 3815 1611 3862 ;
1641 3797 1733 3853 sed
1755 3807 1937 3866 aperte

338 3907 465 3947 eum
490 3892 687 3947 debere
713 3890 1163 3947 anathematizare
1190 3907 1310 3961 qua:
1342 3891 1393 3943 in
1432 3905 1529 3947 suo
1568 3889 1746 3943 libello
1774 3904 1938 3963 prava

330 3994 594 4062 posuerat
624 3983 836 4055 (Contra
856 3982 1003 4037 Duas
1034 3982 1292 4053 Epistolas
1331 3980 1537 4057 Pelag.,
1566 3998 1610 4033 ε.
1634 3980 1709 4053 5).
1744 3981 1822 4036 Ex
1849 3996 1939 4039 eo-

340 4094 463 4132 rum
509 4078 733 4147 epistola
778 4076 844 4130 ad
891 4076 1163 4130 Zosimum
1213 4075 1265 4128 in
1310 4075 1535 4132 concilio
1584 4074 1936 4134 ducentorum

341 4172 747 4250 quatuordecim
770 4171 1141 4243 episcoporum
1172 4168 1365 4241 scripta
1395 4168 1494 4222 hoc
1523 4168 1793 4227 decretum
1813 4182 1940 4241 pro-

332 4262 450 4325 fert
493 4265 763 4335 Prosper:
804 4260 1166 4317 Constituimus
1203 4260 1256 4312 in
1306 4257 1570 4333 Pelagium
1603 4270 1750 4329 atque
1784 4256 1941 4315 Coele-

340 4358 497 4411 stium
522 4373 610 4427 per
629 4353 961 4408 venerabilem
987 4353 1273 4425 episcopunt
1295 4348 1650 4405 Innocentium
1674 4349 1734 4403 de
1754 4348 1939 4402 beatis-

340 4449 461 4503 simi
494 4448 710 4518 apostoli
742 4444 885 4500 Petri
917 4444 1048 4499 Sede
1086 4442 1339 4515 prolatam
1382 4458 1583 4495 manere
1620 4441 1938 4508 sententiam,

347 4540 506 4593 donec
535 4540 854 4610 apertissima
891 4536 1202 4607 confessione
1230 4535 1502 4605 fateantur,
1531 4534 1695 4607 gratia
1726 4532 1819 4585 Dei
1854 4549 1942 4603 per

344 4628 527 4685 Iesum
571 4631 826 4687 Christum
878 4629 1151 4682 Dominum
1195 4638 1459 4693 nostrum,
1511 4644 1609 4680 non
1660 4627 1823 4679 solum
1875 4626 1943 4685 ad

347 4726 769 4799 cognoscendam,
795 4740 962 4779 verum
984 4724 1131 4776 etiam
1157 4722 1224 4775 ad
1245 4722 1535 4795 faciendam
1550 4721 1823 4791 justitiam,
1853 4736 1943 4774 nos

346 4835 442 4887 per
481 4828 623 4871 actas
661 4817 887 4891 singulos
923 4816 1192 4887 adjuvari;
1223 4816 1292 4867 ita
1324 4826 1376 4867 ut
1406 4813 1513 4868 sine
1540 4814 1629 4867 illa
1665 4813 1789 4866 nihil
1817 4828 1945 4867 verte

344 4920 635 4980 sanctaque
660 4909 857 4980 pietatis
885 4908 1086 4973 habere,
1110 4907 1348 4981 cogitare,
1383 4906 1565 4973 dicere,
1599 4922 1747 4979 agere
1770 4904 1942 4958 valea-

346 5017 462 5053 mus
488 4999 760 5073 (Prosper,
786 4999 971 5053 Contra
999 4998 1322 5067 Collatorem,
1347 5015 1400 5051 η.

423 5092 477 5145 4.
519 5094 677 5145 Anno
709 5091 1066 5163 subsequente
1102 5088 1350 5149 Zosimus
1390 5088 1657 5143 Africanis
1682 5088 1946 5159 episcopis

346 5184 630 5253 respondit
645 5199 739 5255 per
762 5184 966 5238 litteras
986 5183 1303 5239 duodecimo
1318 5182 1578 5241 kalendas
1601 5183 1780 5259 aprilis
1796 5182 1946 5237 datas

349 5275 634 5348 (Append.
685 5275 806 5329 lauti
854 5276 960 5342 10,
1012 5285 1145 5342 part.
1186 5275 1240 5341 2,
1278 5274 1474 5331 Zosimi
1527 5276 1673 5346 epist.
1718 5275 1786 5329 ad
1826 5274 1943 5350 Afr.

348 5367 530 5438 episc.,
582 5367 644 5421 de
682 5384 839 5420 causa
883 5365 1138 5437 Caelest.)|,
1180 5366 1371 5436 quibus
1421 5382 1514 5421 eos
1566 5366 1821 5424 certiores
1869 5366 1947 5423 le-

347 5458 459 5525 cit,
509 5459 641 5514 nihil
699 5475 756 5514 se
813 5468 935 5531 post
996 5467 1241 5530 acceptas
1300 5462 1536 5531 ipsorum
1593 5460 1793 5515 litteras
1845 5461 1945 5515 im-

349 5563 621 5619 mutasse,
656 5554 750 5609 sed
790 5553 839 5607 in
871 5553 1058 5608 eodem
1085 5563 1222 5609 statu
1253 5561 1466 5615 cuncta,
1503 5554 1947 5627 quemadmodum

349 5658 570 5723 rogatus
611 5648 675 5702 ab
717 5649 845 5718 ipsis
886 5648 1074 5714 fuerat,
1120 5648 1419 5718 reliquisse.
1466 5646 1647 5718 Neque
1690 5664 1785 5719 per
1826 5665 1947 5705 eum

353 5742 521 5802 stetit,
552 5741 837 5809 quominus
866 5740 918 5795 in
964 5739 1202 5796 Ccelestii
1244 5756 1455 5796 causam
1480 5783 1494 5808 ,
1524 5757 1586 5797 es
1616 5741 1824 5798 illorum
1852 5758 1947 5797 vo-

356 5832 559 5890 luntate
598 5838 959 5907 consilioque,
992 5837 1293 5908 diligentius
1334 5835 1708 5907 inquireretur.
1756 5838 1947 5893 Verum

1630 329 1831 386 LIBER
1869 322 2225 387 SEPTIMUS.

3504 346 3610 407 494

2026 462 2147 503 cum
2174 448 2290 523 ejus
2314 453 2608 529 praesentia
2634 462 2977 527 posceretur,
3007 464 3063 513 ut
3089 461 3251 521 certis
3278 477 3342 519 ac
3364 463 3607 523 dilucidis

2026 544 2461 617 responsionibus
2483 549 2563 603 vel
2589 550 2783 604 astutia
2809 550 3060 621 hominis,
3086 556 3168 617 vel
3198 561 3454 617 correctio
3474 562 3610 619 dilu-

2028 645 2282 703 cesceret,
2326 646 2382 695 et
2416 639 2545 693 nulli
2585 641 2827 713 ambigua
2870 658 3209 713 remaneret;
3256 667 3313 707 se
3352 653 3614 711 subtraxit

2030 727 2120 783 ille
2148 737 2201 784 et
2229 731 2435 801 negavit
2461 734 2689 788 examini
2717 735 2927 807 (Contra
2948 737 3091 795 Duas
3116 740 3376 811 Epistolas
3407 744 3611 819 Pelag.,

2031 820 2116 873 tib.
2147 822 2202 889 2,
2235 840 2288 879 η.
2316 823 2393 896 5).
2424 823 2604 899 Neque
2631 828 2791 883 etiam
2818 829 3081 903 Pelagius,
3114 837 3322 895 tametsi
3354 839 3498 897 visus
3532 851 3619 899 est

2031 913 2096 968 ad
2125 923 2332 989 tempus
2363 916 2559 994 aliquid
2583 920 2778 989 dicere,
2807 924 2948 995 quod
2979 925 3104 987 fidei
3130 929 3407 991 catholica:
3428 949 3615 993 convc-

2034 1008 2190 1075 niret,
2222 1009 2515 1071 Romanam
2557 1014 2746 1073 Sedem
2779 1032 2947 1095 usque
2984 1019 3038 1077 in
3067 1021 3228 1081 ﬁnem
3268 1024 3453 1085 fallens
3480 1043 3617 1097 pra:-

2035 1101 2197 1157 valuit
2241 1102 2360 1172 (De
2388 1104 2603 1160 Peccalo
2641 1108 2900 1181 originali,
2926 1128 2979 1168 η.
3006 1110 3080 1171 24
3104 1112 3144 1184 )ρ
3193 1114 3321 1189 Post
3360 1121 3618 1189 rmipta

2034 1194 2226 1267 quippe
2256 1195 2488 1257 Africani
2513 1200 2743 1263 concilii,
2776 1218 2877 1261 non
2904 1218 2968 1259 ea
2997 1213 3199 1263 tantum
3226 1192 3474 1277 pestifera
3503 1212 3618 1281 eius

2035 1285 2300 1357 dogmata,
2331 1306 2448 1359 quae
2475 1290 2527 1344 in
2558 1292 2789 1349 Africam
2828 1308 3201 1369 pervenerant,
3235 1302 3326 1359 sed
3357 1304 3458 1363 alia
3483 1322 3619 1378 que-

2035 1394 2137 1449 que
2167 1378 2330 1450 ipsius
2369 1382 2419 1436 in
2448 1383 2579 1438 urbe
2605 1384 2770 1441 Roma
2793 1430 2807 1456 ,
2836 1388 2925 1448 ubi
2962 1390 3259 1451 diutissime
3286 1396 3508 1469 vixerat,
3532 1406 3619 1460 at-

2033 1485 2137 1545 que
2166 1471 2217 1525 in
2244 1471 2331 1530 his
2358 1473 2530 1530 fuerat
2550 1478 2700 1547 prius
2722 1482 3057 1540 sermonibus
3085 1488 3621 1562 contentionibusqne

2036 1573 2297 1632 versatus,
2339 1582 2463 1621 cura
2513 1567 2745 1625 ﬁdelium
2792 1571 3012 1633 fratrum
3054 1578 3259 1650 prolata
3295 1588 3616 1654 patuerunt;

2036 1671 2154 1729 quae
2202 1657 2413 1713 tandem
2463 1675 2596 1734 papa
2639 1661 2883 1720 Zosimus
2925 1666 2991 1721 ab
3033 1669 3297 1727 universis
3338 1671 3622 1731 Cadtolicis

2038 1749 2361 1803 exsecranda
2408 1753 2633 1807 censuit.
2676 1754 3003 1812 Posteriores
3046 1759 3150 1818 illa:
3190 1762 3388 1821 Zosimi
3427 1765 3619 1824 littera:

2038 1851 2397 1911 pervenerunt
2442 1843 2490 1896 in
2523 1842 2754 1899 Africam
2796 1849 2951 1903 tertio
2979 1848 3230 1907 kalendas
3259 1856 3445 1913 maias.
3473 1856 3622 1916 Tunc

2038 1931 2291 2001 temporis
2315 1934 2571 2005 prmsules
2597 1934 2966 2009 Carthaginem
2997 1944 3381 2001 conveniebant
3404 1946 3469 2002 ad
3495 1962 3624 2005 con-

2037 2020 2235 2085 cilium,
2260 2023 2399 2092 quod
2428 2023 2528 2081 hac
2556 2027 2604 2083 in
2634 2028 2761 2083 urbe
2790 2031 2918 2103 ipsis
2946 2031 3189 2093 kalendis
3212 2037 3363 2091 malis
3385 2037 3623 2097 habitum

2037 2119 2268 2179 notatur,
2303 2124 2459 2189 atque
2497 2116 2563 2169 ab
2592 2120 2886 2190 Augustino
2916 2122 3108 2181 dicitur
3136 2127 3432 2195 plenarium
3460 2132 3623 2185 totius

2038 2204 2229 2259 Africa:
2263 2205 2453 2277 (Epist.
2486 2209 2611 2276 215,
2647 2229 2696 2264 u.
2731 2210 2807 2285 :2).
2843 2213 2967 2269 lude
2997 2215 3221 2287 profecti
3248 2228 3369 2273 sunt
3399 2227 3521 2276 octo
3552 2221 3624 2277 illi

2039 2296 2151 2350 sive
2182 2314 2372 2353 novem
2406 2310 2588 2355 contra
2614 2304 2947 2379 Pelagianam
2980 2306 3227 2367 liceresim
3254 2324 3506 2373 canones,
3535 2313 3625 2385 qui

2036 2389 2352 2446 Milevitantc
2378 2394 2582 2466 synodo
2606 2395 2817 2455 fuerant
2844 2398 2976 2457 falso
3001 2400 3300 2477 adscripti(
3330 2402 3453 2465 Vide
3480 2402 3627 2460 Prw-

2040 2486 2132 2554 fat.
2164 2484 2215 2536 in
2241 2495 2428 2541 tomum
2459 2487 2571 2563 10).

2110 2576 2164 2631 5.
2204 2576 2473 2636 Materiam
2500 2578 2628 2637 huic
2669 2588 2779 2637 tam
2824 2582 3083 2657 frequenti
3113 2586 3339 2643 concilio
3378 2602 3482 2643 non
3521 2589 3625 2644 soli

2038 2669 2313 2741 prmbuere
2341 2670 2610 2742 Pelagiani
2636 2691 2647 2725 :
2680 2674 2939 2744 siquidem
2967 2692 3201 2735 canones
3241 2695 3451 2753 quoque
3480 2682 3533 2736 in
3556 2697 3627 2738 eo

2039 2762 2218 2837 plures
2248 2764 2444 2818 conditi
2488 2768 2824 2834 reperiuntur
2863 2768 2930 2824 de
2972 2771 3148 2835 rebus,
3182 2789 3301 2842 qua:
3341 2773 3407 2831 ad
3452 2774 3627 2830 Dona-

2042 2856 2191 2911 tistas
2245 2858 2601 2926 pertinebant.
2647 2858 2922 2917 Generalis
2974 2864 3207 2937 synodUS
3252 2864 3425 2921 idibus
3463 2866 3630 2936 juniis

2040 2949 2163 3004 anui
2190 2950 2696 3021 quadringentesimi
2727 2956 2938 3024 septimi
2966 2968 3146 3013 concta
3177 2958 3518 3029 Carthagine,
3542 2976 3631 3016 ec—

2041 3040 2229 3095 clesias
2275 3057 2337 3095 ac
2388 3043 2643 3115 populos,
2697 3045 2785 3113 qui
2834 3046 3225 3105 Donatistarum
3271 3052 3629 3109 secessionem

2040 3140 2163 3185 ante
2211 3132 2381 3203 legem
2431 3135 2649 3190 llonorii
2698 3151 2838 3191 anno
2878 3141 3403 3215 quadringenteshno
3445 3143 3632 3214 quinto

2040 3221 2202 3276 latam
2224 3224 2581 3294 reliquissent,
2607 3235 2861 3281 statuerat
2886 3228 3000 3283 fore
3026 3232 3258 3301 episcopi
3287 3234 3447 3301 illius,
3469 3250 3501 3288 a
3526 3250 3634 3304 quo

2043 3312 2271 3369 fuissent
2313 3318 2595 3381 conversi;
2642 3318 2775 3373 alios
2829 3335 2956 3379 vero
3015 3332 3291 3378 secuturos
3337 3326 3631 3385 antistitem

2042 3410 2187 3463 urbis
2226 3410 2361 3479 ejus,
2402 3411 2508 3478 cui,
2552 3411 2676 3466 dum
2721 3413 3072 3469 schismaticis
3107 3416 3347 3487 partibus
3380 3417 3631 3477 adhaere-

2042 3504 2190 3571 bant,
2222 3504 2413 3559 subditi
2446 3515 2597 3561 erant
2622 3502 2826 3575 (Codice
2849 3503 3112 3564 Cancrum;
3141 3507 3326 3578 Afric.,
3351 3526 3498 3563 cann.
3534 3510 3627 3575 98,

2043 3595 2156 3667 99).
2189 3595 2266 3649 Ex
2299 3613 2360 3651 ea
2392 3599 2769 3652 constitutione
2800 3599 2917 3652 lites
2943 3600 3079 3655 inter
3104 3602 3382 3673 episcopos
3405 3603 3477 3659 de
3505 3603 3629 3662 lini»-

2043 3690 2141 3744 bus
2186 3691 2491 3753 dioeccseon
2535 3708 2750 3749 suarum
2800 3702 2971 3759 ortae,
3018 3697 3301 3752 concilium
3348 3699 3634 3769 praesentis

2045 3782 2189 3850 anni,
2225 3792 2279 3835 ut
2321 3784 2370 3835 in
2403 3799 2463 3837 ea
2506 3783 2748 3838 nonnihil
2788 3784 3114 3853 imtnutarct,
3144 3788 3403 3858 impulene
3434 3788 3630 3862 (llud,

2044 3888 2193 3925 carm.
2230 3872 2346 3936 117,
2382 3873 2536 3944 118).
2567 3874 2833 3931 Prteterca
2879 3886 3362 3949 quantumcumque
3401 3880 3636 3942 studium

2045 3963 2413 4032 exstinguendi
2457 3965 2850 4020 Donatistarum
2897 3968 3101 4025 discidii
3138 3985 3249 4039 pra:
3289 3986 3349 4031 sc
3388 3972 3636 4030 tulissent

2046 4054 2160 4108 Afri
2196 4056 2492 4125 antistites,
2523 4066 2675 4113 erant
2712 4065 2888 4111 tamen
2935 4058 3072 4113 inter
3115 4061 3211 4115 hos
3255 4062 3517 4131 nonnulli,
3544 4060 3636 4137 qni

2047 4144 2115 4205 de
2158 4148 2533 4204 convertendis
2570 4148 2636 4204 iis
2659 4190 2673 4215 ,
2712 4164 2847 4220 quos
2882 4150 3021 4223 plebi
3063 4167 3171 4206 suae
3209 4153 3471 4213 admixtos
3517 4170 3638 4213 esse

2051 4242 2457 4311 cognoscebant,
2484 4256 2677 4315 parum
2718 4243 3002 4297 admodum
3032 4245 3295 4314 gerebant
3324 4248 3636 4303 sollicitudi-

2047 4334 2151 4389 nis.
2185 4333 2240 4388 ln
2268 4334 2397 4389 istos
2426 4336 2796 4391 animadvertit
2823 4338 3105 4397 concilium
3132 4382 3147 4407 ,
3176 4348 3229 4399 et
3254 4342 3509 4411 quosdam
3534 4340 3640 4401 hac

2052 4428 2103 4481 in
2144 4443 2202 4482 re
2231 4427 2391 4482 officii
2419 4428 2498 4482 sui
2530 4430 2857 4503 negligentes
2887 4433 3452 4494 excommunicationis
3474 4451 3635 4509 poena

2051 4519 2206 4590 plecti
2246 4519 2448 4591 jubet(
2480 4518 2613 4572 Ibid.
2650 4562 2665 4589 ,
2718 4537 2833 4576 can.
2887 4521 3048 4596 115).
3098 4525 3407 4593 Restabant,
3453 4542 3639 4598 quem—

2055 4610 2340 4666 admodum
2382 4612 2646 4683 conjicere
2685 4621 2800 4680 est,
2837 4614 3046 4685 negotia
3094 4632 3197 4673 non
3246 4633 3415 4689 pauca
3440 4658 3457 4687 ,
3518 4635 3637 4691 quae

2055 4720 2257 4759 moram
2304 4703 2724 4777 longiusculam,
2755 4714 2815 4761 ut
2852 4707 3330 4776 constituerentur,
3365 4709 3642 4767 desidera-

2050 4798 2215 4853 bant:
2256 4797 2415 4871 igitur
2453 4814 2519 4853 ne
2547 4798 2745 4857 diutius
2786 4806 2864 4854 tot
2901 4800 3157 4871 praesules
3193 4798 3513 4871 Carthagine
3546 4816 3633 4858 nec

2054 4893 2538 4959 tinerentur,clecti
2558 4900 2683 4952 sunt
2721 4909 2786 4955 ex
2831 4909 3145 4969 unaquaque
3178 4879 3450 4963 provincia
3476 4896 3635 4961 terni,

2051 4989 2138 5061 qui
2161 5002 2281 5043 cum
2304 4987 2540 5053 Aurelio,
2560 4986 2814 5063 quidquid
2838 4996 2981 5042 esset
3000 4986 3209 5056 reliqui,
3233 4996 3635 5057 componebant.

2056 5081 2096 5136 E
2128 5079 2373 5139 Numidia
2400 5096 2519 5134 cum
2549 5080 2739 5150 Alypio
2766 5086 2819 5135 et
2848 5079 3109 5133 Restituto
3136 5078 3372 5136 delectus
3394 5078 3500 5139 fuit
3526 5083 3639 5139 Au—

2050 5177 2314 5247 gustinus.
2343 5175 2437 5228 Hic
2464 5175 2639 5244 itaque
2665 5173 2837 5244 quoad
2866 5174 2916 5226 in
2939 5173 3301 5231 Mauritaniam
3329 5175 3639 5247 proﬁcisce-

2052 5278 2238 5340 retur,
2288 5266 2377 5331 ubi
2424 5267 2630 5327 decimo
2679 5276 2868 5343 quarto
2914 5276 2967 5325 et
3015 5265 3329 5325 duodecimo
3384 5267 3640 5325 kalendas

2053 5363 2287 5418 octobris
2327 5362 2550 5431 agebat,
2590 5359 2846 5417 remansit
2888 5358 3243 5431 Carthagine:
3275 5374 3374 5430 qua
3414 5360 3471 5415 in
3509 5360 3642 5419 urbe

2054 5456 2199 5511 illum
2228 5454 2694 5525 occupatissimum
2730 5452 2873 5509 varia
2904 5451 3245 5511 detinuerunt
3281 5454 3493 5527 negotia
3521 5452 3541 5524 (
3560 5452 3643 5511 De

2056 5546 2217 5605 Gestis
2242 5565 2357 5603 cum
2383 5546 2626 5608 Emerita,
2652 5564 2703 5603 rt.
2738 5546 2812 5616 1).

2127 5643 2180 5698 6.
2200 5640 2445 5698 Nondum
2468 5639 2789 5713 Carthagine
2809 5639 3128 5699 discesserat
3152 5639 3497 5710 Augustinus,
3516 5653 3638 5695 cum

2056 5737 2227 5794 allatis
2264 5735 2331 5792 ad
2365 5733 2596 5791 Africam
2643 5735 2841 5791 nuntiis
2870 5733 3161 5804 comperit,
3190 5732 3502 5803 Pelagianos
3531 5744 3642 5787 tum

2059 5830 2394 5903 Imperatoris
2439 5830 2588 5901 lege,
2620 5840 2725 5885 tum
2772 5829 3073 5899 apostolica‘
3126 5826 3279 5882 Sedis
3328 5833 3641 5881 auctoritate
