4042 6360
420 315 527 375 495

419 431 705 490 damnatos
735 443 874 488 esse.
903 428 1014 485 Lex
1039 427 1124 502 ab.
1149 426 1386 484 Honorio
1425 423 1560 480 hanc
1589 423 1642 477 in
1683 438 1796 479 rem
1843 419 2012 490 pridie

419 525 678 584 kalendas
707 525 878 582 maias
915 525 1040 580 anni
1075 520 1583 596 quadringentesimi
1617 518 1808 574 decimi
1838 517 2010 572 octavi

419 621 543 676 data
570 631 670 686 est,
697 635 800 692 qua
821 621 996 691 impiae
1011 615 1472 674 commentationis
1494 622 1548 669 et
1571 612 1835 684 dogmatis
1852 626 2010 667 exse-

420 713 604 770 crandi
619 721 865 769 auctores
881 712 1148 784 Pelagium
1163 727 1226 766 ac
1237 709 1542 766 leestium
1559 722 1623 761 ex
1637 705 1800 773 Urbe,
1815 707 1858 759 si
1877 705 2012 761 forte

419 805 472 860 in
497 821 560 862 ea
581 813 937 870 versarentur,
969 803 1197 873 expelli:
1229 817 1292 856 ac
1314 801 1356 855 si
1378 799 1464 870 qui
1486 798 1554 854 de
1581 807 1776 852 caztcro
1797 797 2014 867 quibus-

419 912 648 968 cumque
665 896 796 951 locis
821 895 1018 965 reperti
1043 893 1239 949 fuerint
1254 892 1474 960 hujusce
1494 889 1754 960 sacrilegii
1779 897 2012 944 sectato-

417 1005 527 1056 res,
545 989 688 1061 ipsos
703 988 804 1043 rite
819 987 1110 1054 convictos,
1131 987 1184 1040 in
1201 984 1444 1042 exsilium
1462 983 1577 1054 ejici
1591 977 1741 1054 jubei
1753 982 2009 1054 (Append.

419 1082 540 1136 tomi
559 1082 646 1148 10,
671 1090 804 1151 part.
821 1079 876 1144 2,
899 1079 1047 1136 Sacr.
1067 1080 1296 1148 rescript.
1319 1087 1494 1132 contra
1510 1075 1687 1148 Pelag.
1705 1086 1750 1130 et
1766 1075 2010 1144 Caelest.).
2045 1093 2049 1096 ι

397 1211 405 1240 ι,
417 1170 772 1245 Imperatores
791 1173 842 1227 in
859 1174 956 1227 ista
973 1171 1342 1227 constituenda
1359 1171 1473 1240 lege
1485 1169 1741 1240 judicium
1757 1168 1823 1222 ab
1845 1169 2015 1222 Aure-

415 1257 496 1324 lio
508 1275 665 1341 atque
685 1268 752 1322 ab
774 1266 1064 1337 Augustino
1087 1265 1280 1318 factum
1307 1279 1366 1319 se
1398 1271 1610 1318 secutos
1634 1261 1796 1316 fuisse
1817 1260 2014 1314 diserte

417 1361 738 1434 profitentur
767 1358 955 1413 litteris
991 1357 1056 1411 ad
1085 1365 1367 1426 utrumque
1396 1369 1638 1410 seorsum
1663 1353 1834 1418 datis,
1871 1365 2013 1404 anno

417 1451 937 1527 quadringentesimo
963 1449 1171 1504 decimo
1197 1463 1359 1512 nono,
1389 1447 1476 1500 die
1509 1445 1695 1516 quinto
1725 1443 1907 1498 iduum
1931 1443 2015 1510 ju-

415 1547 622 1605 niarum
651 1544 822 1618 (Apud
838 1542 1192 1614 Augustinum,
1213 1539 1374 1610 Epist.
1394 1539 1520 1605 201,
1541 1555 1594 1591 η.
1619 1535 1671 1609 1)
1694 1555 1706 1590 :
1731 1535 1798 1592 de
1813 1535 2014 1606 judicio

417 1654 547 1696 sane
589 1638 876 1707 loquuntur
923 1636 1152 1689 Africani
1211 1633 1421 1688 concilii
1467 1639 1651 1686 contra
1701 1629 2012 1700 Pelagianos

420 1730 696 1801 superiore
725 1744 866 1784 anno
897 1727 1172 1792 celebrati,
1206 1725 1292 1780 cui
1321 1723 1588 1790 videlicet,
1617 1737 1722 1776 non
1751 1735 1903 1775 secus
1933 1729 2014 1773 at-

420 1837 524 1892 que
555 1820 837 1892 praesentis
867 1821 989 1874 anni
1037 1819 1297 1880 concilio,
1332 1817 1436 1870 dum
1461 1813 1698 1868 Aurelius
1717 1857 1731 1879 ,
1765 1812 1841 1866 uti
1870 1812 2014 1868 canit

421 1914 674 1982 Prosper,
707 1912 1060 1982 ingeniumque
1085 1908 1394 1980 Augustinus
1415 1916 1520 1961 erat
1544 1905 1802 1978 (Carmine
1825 1904 1888 1957 de
1921 1901 2013 1956 In-

418 2005 595 2077 gratis,
625 2012 766 2074 parte
805 2005 857 2069 1,
888 2020 1002 2074 cap.
1033 2003 1107 2072 5).
1140 2001 1336 2054 Horum
1365 1999 1658 2054 antistitum
1687 1995 2012 2052 existimatio

419 2106 473 2150 et
505 2097 794 2151 auctoritas
833 2095 937 2149 vim
971 2093 1157 2148 habuit
1195 2092 1382 2162 procul
1415 2090 1578 2146 dubio
1609 2105 1712 2144 non
1747 2088 2010 2143 minorem

419 2171 488 2242 ad
529 2187 890 2242 inducendum
931 2186 1233 2250 Zosimum,
1276 2193 1327 2238 ut
1371 2185 1424 2237 in
1470 2181 1686 2237 eosdem
1731 2181 2012 2236 haereticos

422 2282 740 2336 sententiam
783 2279 1136 2334 damnationis
1181 2289 1288 2332 tum
1335 2276 1545 2331 demum
1585 2275 1869 2344 proferret.
1903 2273 2013 2328 Hac

420 2372 512 2427 ille
536 2371 757 2427 haeresis
784 2387 935 2426 nova:
958 2379 1222 2436 auctores,
1249 2370 1334 2424 vel
1360 2377 1506 2423 certe
1531 2367 1821 2422 acerrimos
1847 2366 2016 2420 notis-

423 2465 692 2535 simosque
723 2479 990 2528 suasores,
1023 2447 1296 2532 Pelagium
1322 2470 1376 2516 et
1401 2461 1731 2526 Ctelestium,
1761 2459 1862 2512 nisi
1893 2473 2015 2512 cor-

419 2558 556 2613 recti
581 2558 740 2612 etiam
769 2559 976 2628 egerint
997 2555 1362 2625 paenitentiam
1383 2595 1397 2620 ,
1431 2562 1540 2608 toto
1567 2551 1857 2607 christiano
1883 2551 2013 2606 orbe

423 2649 696 2702 damnavit
723 2647 897 2719 (Apud
927 2649 1282 2718 Augustinum,
1307 2645 1475 2717 Epist.
1509 2644 1629 2710 190,
1661 2661 1713 2697 n.
1738 2643 1826 2707 22,
1861 2652 1908 2696 et
1935 2641 2016 2697 De

423 2738 644 2794 Peccato
671 2739 926 2810 originali,
951 2756 1005 2793 n.
1039 2739 1168 2810 25).
1199 2739 1428 2792 Litteras
1459 2737 1558 2792 hac
1584 2737 1650 2790 de
1683 2751 1842 2790 causa
1869 2735 2014 2788 misit

427 2831 684 2900 quasdam
730 2831 1033 2900 specialiter
1061 2830 1127 2884 ad
1170 2829 1476 2896 Africanos,
1507 2829 1640 2884 alias
1677 2837 1856 2884 autem
1895 2829 2014 2882 uni-

427 2923 706 2977 versaliter
747 2921 814 2976 ad
861 2937 1050 2977 omnes
1096 2922 1408 2992 episcOpos;
1461 2929 1619 2991 atque
1665 2921 1780 2975 istis
1825 2919 2014 2974 litteris

426 3016 571 3082 suis,
604 3029 736 3085 quas
765 3013 1080 3083 conscripsit
1123 3030 1220 3083 per
1253 3014 1436 3068 orbem
1475 3013 1794 3067 catholicum
1835 3010 2012 3080 perfe-

426 3108 620 3163 rendas
647 3123 782 3178 papa
810 3108 1054 3162 Zosimus
1074 3151 1088 3174 ,
1120 3107 1450 3162 exsecranda
1482 3106 1678 3177 Pelagii
1703 3115 1755 3159 ct
1779 3103 2012 3161 Ctelestii

426 3201 674 3271 dogmata
689 3191 920 3256 'attexuit
947 3199 1048 3274 (De
1069 3199 1285 3254 Peccato
1315 3199 1570 3270 originali,
1598 3215 1651 3252 η.
1673 3197 1787 3266 24).
1817 3197 2016 3252 Roma-

427 3309 527 3350 nos
557 3295 778 3350 clericos
807 3289 1042 3364 cpiscOpi
1083 3294 1164 3348 sui
1195 3297 1511 3348 sententiam
1554 3299 1664 3346 toto
1695 3291 1874 3346 animo
1901 3305 2017 3344 am-

429 3385 612 3457 plexos
653 3402 792 3452 esse,
825 3387 906 3442 vel
949 3387 1048 3457 ipsi
1091 3395 1252 3441 testes
1292 3394 1416 3440 sunt
1453 3383 1760 3454 Pelagiani;
1803 3381 2015 3453 quando

424 3493 522 3535 eos
563 3489 806 3550 arguunt,
855 3495 961 3534 non
997 3479 1274 3534 erubuisse
1319 3475 1771 3548 praevaricationis
1811 3473 2014 3530 crimen

426 3570 706 3626 admittere
737 3569 943 3644 (Contra
967 3569 1111 3624 Duas
1139 3569 1395 3640 Epistolas
1419 3566 1624 3636 Pelag.,
1658 3565 1745 3620 lib.
1768 3565 1824 3633 2,
1848 3583 1899 3619 n.
1933 3565 2012 3636 5).

426 3647 586 3720 Certe
612 3664 817 3719 Sixtum
849 3664 1102 3718 Ecclesia:
1145 3663 1398 3716 Romanae
1435 3661 1802 3730 presbyterum
1824 3700 1836 3724 ,
1867 3673 2017 3714 eum-

427 3753 552 3810 dem
593 3757 759 3820 illum,
799 3771 956 3825 quem
998 3755 1173 3810 favere
1215 3753 1440 3807 inimicis
1487 3751 1792 3806 christiana:
1833 3749 2016 3820 gratiae

431 3847 624 3918 (Epist.
651 3849 774 3914 194,
805 3866 856 3903 n.
888 3847 961 3919 1),
994 3857 1150 3918 atque
1180 3846 1392 3901 illorum
1429 3845 1604 3914 magni
1635 3842 1894 3898 momenti
1924 3857 2019 3912 pa-

433 3947 645 3993 tronum
682 3953 802 3994 esse
826 3948 949 3992 ante
979 3939 1114 3992 fama
1140 3939 1394 4007 jactarat,
1423 3936 1656 4006 priorem
1675 3976 1690 4001 ,
1725 3933 1776 3987 id
1801 3942 1899 3999 est,
1933 3933 2018 3988 vel

435 4041 559 4084 ante
593 4045 802 4096 omnes,
829 4029 911 4084 vel
939 4039 1060 4083 ante
1089 4028 1474 4098 promulgatam
1517 4025 1870 4081 damnationis
1897 4039 2020 4079 sen-

437 4122 658 4177 tentiam
679 4163 692 4188 ,
721 4121 1002 4177 anathema
1031 4121 1108 4175 eis
1133 4121 1188 4174 in
1219 4121 1412 4192 populo
1440 4118 1872 4188 frequentissimo
1898 4131 2021 4187 pro-

432 4215 728 4282 nuntiasse,
757 4215 942 4271 eadem
982 4215 1118 4268 fama
1150 4227 1256 4268 non
1287 4212 1449 4266 tacuit
1482 4211 1670 4283 (Epist.
1696 4211 1818 4278 191,
1855 4227 1906 4264 n.
1942 4210 2017 4282 1).

433 4307 762 4379 Augustinus
791 4309 902 4380 qui,
925 4309 1079 4364 sicuti
1107 4307 1360 4374 diximus,
1390 4305 1707 4376 Carthagine
1738 4323 1768 4360 a
1797 4306 2020 4360 concilio

433 4399 777 4456 kalendarum
809 4402 932 4456 maii
960 4409 1308 4462 remanserant,
1335 4400 1480 4469 prius
1505 4399 1688 4453 nuntio
1709 4399 1800 4453 illo
1820 4397 2021 4454 exhila-

433 4504 580 4550 ratus
622 4505 704 4550 est
746 4495 844 4549 sibi
887 4495 1043 4564 longe
1069 4493 1490 4564 jucundissimo,
1520 4508 1677 4562 quam
1709 4493 1831 4546 inde
1875 4507 2023 4547 rece-

433 4587 602 4642 deret.
625 4587 806 4658 Neque
833 4587 882 4641 id
909 4587 998 4641 Vir
1019 4597 1234 4641 sanctus
1259 4603 1322 4640 ex
1344 4585 1615 4640 communi
1639 4584 1772 4637 fama
1799 4593 2018 4652 tantum,

434 4679 528 4734 sed
559 4680 717 4734 etiam
755 4695 818 4734 ex
859 4679 1089 4748 propriis
1128 4677 1258 4732 Sixti
1288 4677 1352 4731 ad
1398 4677 1666 4730 Aurelium
1701 4675 1890 4732 litteris
1929 4691 2025 4745 per

435 4769 668 4828 Leonem
722 4772 988 4842 acolytum
1034 4771 1208 4824 allatis
1253 4769 1455 4824 didicit.
1505 4769 1578 4823 lbi
1628 4755 1697 4824 de
1739 4768 2024 4839 Pelagiano

435 4863 892 4936 perniciosissimo
942 4862 1226 4932 dogmate,
1255 4861 1335 4916 vel
1379 4869 1564 4915 contra
1603 4860 1670 4914 de
1718 4861 1882 4930 gratia
1929 4861 2023 4916 Dei

433 4941 560 5026 quid
588 4957 829 5024 sentiret,
853 4955 1153 5025 exponebat
1181 4953 1377 5020 Sixtus,
1405 4962 1459 5008 et
1487 4953 1538 5007 id
1565 4952 1776 5022 quidem
1805 4953 2021 5022 paucis:

435 5049 577 5106 unde
625 5050 859 5120 episcOpi
908 5057 1198 5120 praesentes
1239 5049 1356 5118 ejus
1399 5046 1678 5116 epistolam
1718 5046 2026 5102 describere

435 5139 796 5210 festinabant,
831 5150 976 5198 tanta
1005 5149 1120 5197 erat
1160 5155 1345 5196 eorum
1379 5140 1561 5196 ltetitia
1587 5157 1600 5208 ;
1631 5147 1686 5194 et
1719 5139 1862 5194 illam
1890 5154 2024 5194 cun-

436 5229 536 5281 ctis
559 5233 844 5289 ostendere
866 5235 1182 5305 gestiebant.

509 5317 564 5369 7.
587 5318 878 5390 Pelagianae
899 5327 1119 5384 haeresis
1135 5327 1532 5384 damnationem
1549 5327 2026 5398 subscriptionibus

439 5407 554 5460 suis
590 5407 866 5467 firmarunt
904 5421 1136 5490 episcopi
1175 5437 1365 5477 omnes
1403 5421 1684 5486 catholici;
1719 5437 1820 5492 qua
1861 5422 1926 5476 de
1966 5437 2026 5478 re

439 5501 718 5567 conquesti
743 5501 1010 5572 Pelagiani
1034 5510 1344 5568 dictitabant
1369 5532 1382 5568 :
1412 5511 1740 5583 Simplicibus
1761 5514 2022 5586 episcOpis,

437 5587 548 5642 sine
575 5594 957 5663 congregatione
982 5603 1180 5667 synodi,
1209 5605 1262 5656 in
1305 5605 1428 5660 locis
1471 5607 1573 5661 suis
1616 5607 1896 5662 sedentibus
1935 5625 2024 5662 ea:-

441 5685 574 5732 torta
607 5679 906 5752 subscriptio
939 5696 1012 5739 est
1039 5687 1246 5756 (Contra
1282 5694 1425 5751 Duas
1445 5699 1610 5768 Epist.
1633 5699 1834 5772 Pelag,
1856 5701 1942 5755 lib.
1969 5704 2022 5771 4,

437 5785 492 5826 n.
535 5773 664 5842 54).
696 5775 792 5842 Qui
837 5777 1246 5848 subscriptiones
1293 5799 1415 5841 suas
1463 5802 1795 5859 retusarunt,
1841 5811 2026 5852 unme-

1527 307 1684 363 VITA
1721 309 1776 363 S.
1819 303 2192 360 AUGUSTINI
2232 305 2578 362 EPISCOPI.‘

3603 317 3714 377 496

2117 432 2302 476 rantur
2335 423 2628 479 octodecim
2655 423 2840 495 (Ibid.,
2873 425 2960 480 lib.
2992 429 3044 496 1,
3072 445 3124 482 η.
3158 430 3224 500 5)
3247 445 3264 496 ;
3285 444 3518 500 quorum
3549 443 3710 490 ante-

2116 515 2372 585 signanus
2415 517 2554 572 haud
2596 517 2754 573 dubie
2798 518 2894 573 fuit
2939 509 3180 576 Julianus
3224 523 3505 596 episcopus
3548 525 3714 582 Ecla-

2117 608 2321 674 nensis,
2360 608 2496 664 hanc
2533 609 2601 664 ob
2629 624 2842 664 causam
2866 625 2896 664 a
2923 610 3134 668 Zosimo
3171 613 3450 672 damnatus
3481 615 3712 688 (Contra

2115 698 2405 768 lulianum,
2437 699 2521 755 lib.
2554 703 2606 768 1,
2637 719 2690 756 n.
2725 701 2851 774 15).
2893 703 2990 759 Hic
3030 721 3134 760 una
3170 722 3292 762 cum
3327 709 3437 764 suis
3475 726 3595 766 sese
3637 711 3714 766 ab

2117 791 2353 847 Ecclesia
2371 793 2630 849 catholica
2645 797 2940 868 segregavit
2955 795 3148 868 (Serm.
3169 799 3292 864 181,
3309 816 3362 854 n.
3377 799 3455 872 5),
3479 809 3714 856 testatus

2117 884 2218 940 sibi
2239 887 2455 958 suisque
2475 888 2744 946 decretum
2762 906 2900 958 esse,
2924 907 3030 948 non
3052 895 3450 950 communicare
3465 911 3583 951 cum
3603 895 3720 949 Ma-

2117 977 2335 1034 nichazis
2371 977 2594 1052 (Contra
2627 977 2772 1038 Duas
2807 982 3064 1053 Epistolas
3089 985 3504 1057 Pelagianorum,
3532 987 3619 1041 lib.
3651 989 3706 1054 1,

2117 1089 2204 1126 nn.
2225 1073 2278 1138 4,
2302 1073 2413 1144 42).
2433 1075 2766 1129 Audientiam
2787 1077 3052 1147 postulant
3068 1076 3251 1148 (Ibid.,
3270 1097 3322 1134 n.
3347 1080 3718 1151 42),datoque

2117 1163 2184 1219 ad
2203 1165 2469 1221 Zosimum
2491 1167 2668 1223 libello
2683 1181 2970 1243 provocant
2991 1171 3256 1244 Pelagiani
3272 1175 3501 1244 episcopi
3517 1175 3583 1228 ad
3605 1175 3726 1242 ple-

2116 1258 2320 1312 nariam
2355 1260 2614 1332 synodum
2657 1261 2922 1334 (Append.
2969 1265 3091 1318 tomi
3129 1265 3216 1332 10,
3261 1275 3393 1336 part.
3433 1266 3488 1330 2,
3527 1265 3716 1320 Libell.

2117 1350 2236 1420 ﬁdei
2263 1351 2322 1406 S.
2353 1352 2408 1406 J.
2441 1353 2552 1426 C.).
2589 1353 2726 1421 Quin
2765 1365 2821 1411 et
2857 1357 3029 1428 ipsum
3073 1357 3453 1428 Imperatorem
3497 1366 3712 1428 petunt,

2117 1457 2291 1498 causa:
2320 1459 2428 1499 sum
2454 1445 2660 1515 judices
2687 1447 2800 1501 dari
2821 1447 3004 1518 jubeat
3029 1447 3255 1520 (Contra
3281 1449 3422 1506 Duas
3451 1450 3719 1522 Epistolas

2117 1532 2531 1606 Pelagianorum,
2557 1537 2643 1592 lib.
2671 1540 2722 1604 1,
2753 1557 2804 1593 η.
2837 1539 2946 1610 42).
2993 1539 3178 1595 Verum
3202 1541 3331 1596 absit
3360 1559 3394 1595 a
3423 1541 3720 1596 christianis

2119 1626 2442 1694 potestatibus
2481 1637 2689 1683 terrena:
2717 1630 3034 1700 reipublicae,
3063 1631 3231 1698 inquit
3255 1633 3581 1702 Augustinus
3600 1674 3616 1699 ,
3659 1641 3721 1686 ut

2117 1716 2180 1770 de
2206 1719 2410 1790 antiqua
2436 1721 2683 1774 catholica
2709 1723 2811 1790 fide
2839 1723 3100 1791 dubitent;
3133 1733 3182 1779 et
3217 1725 3280 1779 ob
3317 1727 3410 1778 hoc
3445 1743 3720 1796 oppugna-
3749 1777 3752 1782 .

2117 1811 2306 1864 toribus
2323 1813 2450 1882 ejus,
2469 1813 2634 1867 locum
2653 1825 2699 1868 et
2716 1825 2909 1885 tempus
2929 1817 3176 1870 examinis
3192 1818 3462 1888 praebeant.
3483 1817 3718 1871 Istorum

2117 1919 2294 1974 nempe
2321 1904 2553 1974 superbia
2581 1906 2710 1959 hanc
2739 1908 2892 1962 etiam
2913 1909 3128 1978 gloriam
3155 1921 3360 1980 captare
3383 1909 3708 1979 intelligitur,

2117 2003 2172 2047 ut
2200 2006 2404 2066 prapter
2429 1997 2544 2051 illos
2577 1995 2796 2053 Orientis
2832 2009 2878 2053 et
2921 1999 3206 2055 Occidentis
3239 2001 3463 2072 synodus
3497 2019 3718 2072 congre-

2115 2095 2276 2156 getur.
2305 2087 2486 2142 Orbem
2516 2091 2701 2162 quippe
2738 2093 3070 2156 catholicum,
3100 2095 3338 2164 quoniam
3383 2092 3603 2146 Domino
3639 2093 3715 2147 eis

2117 2181 2372 2236 resistente
2397 2194 2670 2253 pervertere
2698 2197 2962 2256 nequeunt,
2991 2188 3166 2240 saltem
3188 2204 3496 2242 commovere
3519 2204 3717 2241 conan—

2119 2281 2241 2326 tur:
2265 2290 2378 2327 cum
2406 2277 2573 2345 potius
2613 2277 2872 2347 vigilantia
2907 2289 2953 2332 et
2995 2279 3255 2348 diligentia
3296 2279 3560 2350 pastorali,
3599 2290 3718 2350 post

2121 2369 2310 2436 factum
2352 2366 2414 2420 de
2453 2367 2556 2421 illis
2599 2379 2884 2439 competens
2923 2372 3267 2442 sufﬁciensque
3295 2374 3569 2445 judicium,
3601 2373 3718 2426 ubi-

2117 2475 2330 2529 cumque
2385 2461 2470 2515 isti
2511 2460 2620 2534 lupi
2681 2465 3044 2534 apparuerint,
3097 2468 3382 2520 conterendi
3419 2468 3519 2522 sint
3541 2509 3554 2532 ,
3611 2467 3720 2522 sive

2119 2562 2174 2607 ut
2242 2563 2484 2608 sanentur
2534 2563 2682 2626 atque
2739 2567 2994 2611 mutentur
3016 2601 3030 2624 ,
3119 2560 3220 2613 sive
3270 2569 3325 2613 ut
3377 2560 3438 2612 ab
3493 2560 3716 2613 aliorum

2117 2647 2278 2702 salute
2345 2656 2494 2721 atque
2549 2649 2832 2720 integritate
2880 2651 3096 2705 vitentur
3150 2650 3347 2724 (Ibid.,
3397 2653 3482 2706 lib.
3544 2654 3602 2718 4,
3651 2670 3712 2706 η.

2119 2737 2232 2810 54).
2293 2739 2406 2794 Hoc
2457 2741 2670 2810 petendi
2741 2743 2952 2798 concilii
3011 2745 3275 2814 generalis
3323 2744 3546 2800 obtentu
3607 2745 3718 2800 Ec-

2122 2831 2298 2885 clesiis
2335 2832 2587 2896 Orientis,
2650 2841 2708 2887 ut
2765 2849 2856 2888 eas
2907 2833 2962 2888 in
3023 2849 3147 2890 suas
3198 2845 3375 2904 partes
3413 2836 3710 2900 allicerent,

2121 2923 2388 2994 quomodo
2434 2925 2644 2980 molesti
2705 2927 3124 2992 intervenerint,
3174 2927 3331 2982 docet
3375 2929 3596 2998 epistola
3642 2927 3716 2982 ab

2121 3017 2414 3072 octodecim
2463 3019 2726 3088 episcopis
2771 3019 3096 3089 Pelagianis,
3140 3035 3171 3074 e
3213 3035 3436 3090 quorum
3487 3034 3715 3074 numero

2121 3106 2391 3174 Julianus,
2425 3109 2862 3164 Thessalonicam
2903 3109 2968 3163 ad
3013 3109 3202 3164 Rufum
3246 3111 3390 3164 urbis
3419 3111 3710 3164 antistitem

2123 3200 2284 3256 missa
2311 3200 2358 3273 (1
2369 3201 2496 3267 bid.,
2514 3201 2600 3256 lib.
2623 3203 2674 3267 1,
2693 3218 2746 3256 η.
2763 3199 2840 3272 5),
2865 3216 2967 3271 qua
2987 3200 3127 3256 illius
3147 3202 3260 3256 sive
3279 3201 3504 3256 aliorum
3525 3200 3718 3256 Orien-

2121 3295 2304 3348 talium
2335 3294 2624 3364 praesulum
2663 3295 2972 3350 societatem
3011 3295 3266 3350 adversus
3297 3295 3513 3364 impiam
3541 3294 3714 3348 Mani-

2122 3385 2394 3442 clueorum
2418 3386 2663 3442 haeresim
2690 3386 2978 3456 efﬂagitant
3007 3387 3190 3460 (Ibid.,
3210 3387 3296 3442 lib.
3316 3387 3371 3454 2,
3391 3405 3446 3440 η.
3471 3387 3546 3457 1).
3567 3387 3626 3440 In
3647 3401 3717 3456 eo

2122 3479 2317 3548 quippe
2360 3479 2462 3532 sita
2496 3488 2612 3533 erat
2653 3479 2828 3533 omnis
2869 3479 3077 3533 illorum
3121 3479 3203 3534 vis
3242 3494 3306 3534 ac
3341 3477 3619 3542 industria,
3656 3484 3718 3532 ut

2122 3570 2432 3624 orthodoxis
2467 3570 2714 3625 hzeresim
2758 3571 3140 3626 exsecrandam
3183 3571 3556 3641 impingerent,
3603 3583 3716 3640 quo

2121 3663 2200 3717 sic
2218 3661 2462 3732 proprios
2481 3663 2794 3732 obtegerent
2819 3678 3048 3730 errores,
3065 3679 3128 3718 ac
3153 3673 3376 3731 naturae,
3403 3665 3553 3734 legis,
3577 3664 3719 3718 libe-

2121 3753 2271 3822 rique
2301 3752 2504 3808 arbitrii
2529 3753 3012 3822 commendatione,
3041 3756 3263 3825 gratiam
3291 3756 3714 3812 condemnarent

2127 3842 2309 3914 (Ibid.,
2336 3843 2421 3897 lib.
2453 3845 2506 3908 4,
2529 3861 2582 3897 η.
2615 3843 2730 3914 26).
2759 3845 2917 3898 lstam
2950 3847 3245 3915 epistolam,
3269 3862 3428 3916 quam
3459 3847 3716 3918 Augusti-

2125 3951 2224 3990 nus
2253 3936 2420 3991 tribus
2449 3937 2839 4006 posterioribus
2867 3937 2934 3991 ad
2963 3935 3293 3991 Bonifacium
3321 3937 3468 3992 libris
3493 3937 3712 4004 refellit,

2125 4026 2238 4096 ipse
2263 4035 2524 4082 memorat
2549 4027 2892 4098 agnoscitque
2913 4028 3153 4083 Julianus
3183 4026 3402 4099 (Operis
3431 4030 3717 4104 imperfecti

2127 4117 2212 4173 lib.
2241 4117 2298 4186 2,
2320 4135 2436 4189 cap.
2463 4117 2612 4192 178).

2201 4211 2256 4266 8.
2297 4209 2548 4266 Victoria:
2566 4212 2635 4266 de
2671 4211 2968 4283 Pelagianis
2987 4221 3268 4284 reportatae
3290 4214 3510 4284 gloriam
3537 4215 3716 4286 Augu-

2132 4305 2274 4358 stino
2301 4305 2566 4374 praecipue
2591 4305 2848 4372 debitam,
2877 4305 3028 4375 cujus
3057 4306 3195 4360 inter
3232 4305 3364 4360 alios
3393 4321 3599 4372 omnes,
3623 4303 3717 4376 qui

2129 4396 2196 4451 ad
2225 4411 2318 4451 eos
2341 4397 2406 4452 de
2429 4396 2673 4452 Ecclesia
2703 4398 2976 4468 pellendos
3006 4413 3221 4468 operam
3253 4398 3606 4462 contulerunt,
3633 4397 3718 4450 in-

2134 4487 2342 4544 dustria
2364 4489 2554 4558 major,
2579 4490 2751 4560 majus
2793 4505 2926 4559 opus
2951 4489 3128 4556 fuerit,
3163 4489 3390 4559 Prosper
3411 4488 3546 4542 haud
3575 4489 3712 4556 inju-

2135 4581 2214 4633 ria
2275 4579 2528 4649 praedicat
2583 4579 2840 4650 (Carmine
2867 4581 2928 4634 de
2958 4579 3201 4652 Ingratis,
3241 4592 3382 4651 parte
3421 4581 3600 4651 1,cap.
3630 4579 3709 4647 5).

2133 4671 2402 4728 Caeterum
2451 4689 2556 4728 non
2609 4675 2854 4728 maximis
2881 4675 3242 4728 tantummodo
3291 4673 3574 4734 laboribus,
3619 4667 3714 4724 sed

2131 4767 2459 4838 gravissimis
2478 4784 2686 4838 quoque
2706 4769 2963 4823 molestiis
2977 4784 3039 4822 ea
3059 4777 3245 4823 sancto
3265 4767 3472 4820 Doctori
3489 4762 3710 4826 victoria

2131 4865 2303 4919 stetit:
2323 4863 2464 4934 quod
2481 4865 2834 4935 llicronymus
2849 4863 3123 4934 perspicue
3137 4863 3290 4918 docet
3305 4861 3356 4914 in
3375 4861 3562 4914 litteris
3575 4858 3638 4911 ad
3653 4855 3714 4910 il-

2131 4959 2241 5015 lum
2259 4959 2469 5014 circiter
2486 4960 2584 5014 hoc
2598 4968 2808 5030 tempus
2820 4959 2977 5014 datis.
2992 4957 3068 5013 lbi
3100 4975 3228 5028 quas
3245 4957 3328 5012 vel
3353 4957 3534 5010 Roma:
3561 4965 3714 5022 passa

2131 5053 2291 5108 fuerit
2317 5051 2514 5106 veritas
2543 5051 2880 5107 difficultates
2928 5051 3143 5112 indicat,
3167 5065 3288 5103 cum
3323 5048 3455 5103 dicit
3483 5063 3496 5099 :
3527 5044 3716 5100 Contra

2132 5147 2312 5218 ﬂantes
2336 5154 2504 5199 ventos
2523 5145 2704 5198 ardore
2729 5147 2849 5214 fidei
2871 5145 3148 5214 perstitisti.
3167 5143 3358 5196 Malum
3391 5141 3548 5194 etiam
3574 5133 3716 5207 quod

2133 5253 2162 5292 a
2189 5237 2389 5308 Pelagii
2417 5235 2764 5306 leestiique
2791 5236 3083 5290 fautoribus
3108 5233 3416 5288 imminebat
3451 5232 3716 5300 insupera-

2137 5329 2232 5385 bili
2254 5330 2436 5400 gratize
2454 5329 2666 5396 vindici,
2703 5335 2862 5398 atque
2887 5329 2952 5382 ab
2979 5329 3093 5396 ipso
3121 5326 3326 5382 fei'titcr
3352 5333 3715 5394 contemptum

2134 5421 2424 5494 signiﬁcat,
2457 5437 2578 5476 cum
2621 5420 2797 5476 subdit
2835 5439 2846 5474 :
2879 5419 3128 5485 Maluisti,
3179 5428 3420 5490 quantum
3445 5419 3496 5472 in
3527 5425 3572 5470 te
3597 5417 3714 5486 fuit,

2136 5517 2272 5572 solus
2291 5515 2494 5570 liberari
2524 5515 2585 5568 de
2609 5513 2866 5580 Sodomis,
2893 5529 3044 5584 quant
3073 5529 3188 5565 cum
3219 5509 3540 5581 pereuntibus
3581 5526 3720 5562 com-

2135 5611 2344 5664 morari.
2371 5609 2478 5664 Scit
2507 5608 2629 5678 quid
2653 5607 2820 5660 dicam
2845 5603 3113 5677 prudentia
3137 5614 3242 5658 tua.
3267 5603 3360 5658 His
3385 5603 3598 5658 demum
3621 5599 3720 5654 ad-

2129 5703 2244 5774 jicit
2281 5701 2441 5756 verba
2483 5701 2568 5754 illa
2607 5698 2884 5769 magniﬁca
2911 5709 2967 5753 et
2986 5695 3240 5768 praeclara
3275 5713 3290 5750 :
3319 5695 3489 5750 Macte
3504 5695 3712 5754 virtute,

2135 5799 2186 5850 in
2211 5796 2326 5850 orbe
2353 5792 2633 5847 celebraris.
2655 5789 2901 5844 Catholici
2948 5799 2994 5843 te
3021 5789 3328 5844 conditorem
3355 5787 3575 5856 antiqua
3599 5795 3714 5836 rur-
