4042 6360
317 317 416 376 ιθτ

319 455 424 494 sum
444 435 565 506 ﬁdei
600 442 899 490 venerantur
941 441 1089 501 atque
1134 427 1434 498 suspiciunt,
1463 434 1508 480 et
1538 423 1673 493 quod
1701 421 1900 493 signum

317 530 523 600 majoris
562 529 739 598 gloria:
760 534 852 589 est,
905 539 1076 578 omnes
1108 519 1326 574 hwretici
1357 518 1663 572 detestantur
1693 531 1710 568 :
1735 523 1781 567 et
1822 528 1902 566 me

317 624 425 695 pari
463 631 829 692 persequuntur
853 617 1002 682 odio;
1035 625 1086 668 ut
1115 630 1235 683 quos
1262 611 1442 683 gladiis
1473 617 1741 678 nequeunt,
1787 614 1900 660 voto

312 718 618 788 interﬁciant
659 712 834 786 (Apud
891 710 1259 783 Augustinum,
1307 705 1474 776 Epist.
1525 703 1671 773 195).
1713 699 1900 754 Eidem

313 814 430 870 aliis
447 820 573 882 post
592 808 801 878 scriptis
829 805 1022 862 litteris
1049 803 1116 858 de
1141 800 1374 872 jugulata
1399 813 1494 868 per
1520 798 1694 866 ipsum
1721 793 1898 849 Coele-

312 909 482 963 stiana
510 903 701 959 haeresi
718 901 1014 972 gratulatur
1045 894 1226 970 (Ibid.,
1258 891 1419 964 Epist.
1440 889 1566 953 202,
1594 907 1646 942 n.
1679 887 1751 958 1).

381 999 438 1054 9.
482 999 837 1064 Posteaquam
871 989 1148 1059 Pelagiana
1179 984 1398 1040 lneresis
1431 998 1550 1037 cum
1582 981 1690 1036 suis
1716 987 1902 1034 aucto—-

311 1091 459 1147 ribus
480 1105 511 1143 a
542 1087 758 1141 Zosimo
795 1099 950 1154 papa,
982 1095 1190 1136 necnon
1217 1079 1284 1132 ab
1322 1078 1638 1146 imperatore
1667 1071 1900 1126 Honorio

311 1183 562 1236 damnata
590 1187 692 1240 est,
724 1175 937 1244 scripsit
965 1171 1290 1242 Augustinus
1327 1169 1380 1222 in
1404 1166 1643 1237 ejusdem
1682 1163 1901 1217 haeresis

311 1284 558 1329 auctores
581 1272 750 1325 libros
777 1269 930 1332 duos,
981 1265 1046 1320 ad
1075 1263 1373 1326 Pinianum,
1403 1258 1650 1314 Albinam
1673 1257 1789 1327 ejus
1815 1271 1903 1311 so-

311 1381 462 1420 crum
481 1364 870 1433 conjugemque
888 1357 1165 1413 Melanium
1191 1353 1438 1429 (Retract.
1461 1352 1546 1406 lib.
1571 1351 1625 1416 2,
1656 1342 1771 1420 cap.
1801 1348 1898 1414 50;

315 1458 392 1512 De
428 1457 644 1511 Peccato
688 1453 946 1524 originali,
1005 1468 1058 1504 η.
1093 1448 1203 1520 18).
1238 1448 1300 1502 Hi
1330 1446 1575 1501 videlicet
1623 1450 1904 1500 suaserant

308 1550 544 1616 Pelagio,
576 1548 786 1617 quicum
829 1544 965 1600 forte
1021 1543 1073 1597 in
1113 1539 1401 1596 Palaestina
1430 1554 1526 1608 per
1552 1537 1603 1592 id
1647 1537 1903 1606 temporis

309 1641 682 1702 versabantur,
719 1646 774 1690 ut
803 1649 1149 1706 quaecumque
1197 1631 1450 1686 adversus
1499 1644 1620 1683 eum
1659 1627 1901 1682 diceren-

311 1744 420 1792 tur.
442 1732 638 1801 scripto
664 1729 944 1784 damnaret
969 1743 982 1780 :
1015 1726 1206 1797 quibus
1231 1725 1319 1778 ille
1344 1721 1695 1792 responderat
1714 1737 1774 1775 ea
1792 1720 1901 1776 cal-

311 1825 542 1886 liditate,
577 1838 694 1892 ane
722 1822 910 1886 cuivis,
968 1819 1090 1873 dum
1141 1833 1248 1871 non
1279 1817 1434 1886 plane
1481 1822 1790 1884 perspectus
1813 1826 1902 1867 es-

311 1926 396 1970 set
429 1917 543 1985 ejus
567 1915 794 1978 animus,
816 1912 966 1966 facile
989 1909 1348 1980 persuaderet,
1367 1909 1537 1977 ipsum
1565 1905 1692 1959 nihil
1723 1914 1904 1960 tenere

311 2009 416 2062 nisi
445 2023 657 2070 sanum,
689 2007 788 2060 nisi
833 2004 1152 2060 catholicum
1181 2000 1340 2073 (Vide
1381 2000 1596 2071 Prtefat.
1627 2000 1679 2052 in
1711 2009 1904 2053 tomum

316 2102 410 2168 10,
458 2118 570 2171 cap.
616 2099 744 2169 20).
778 2098 1062 2152 Enimvero
1099 2094 1336 2164 quisquis
1382 2093 1602 2162 gratiam
1636 2091 1747 2155 Dei,
1799 2104 1920 2162 qua,

311 2194 562 2248 Christus
589 2191 733 2246 venit
770 2191 822 2245 in
855 2191 992 2244 hunc
1020 2187 1272 2256 mundum
1304 2196 1604 2258 peccatores
1635 2185 1808 2240 salvos
1830 2184 1908 2238 fa-

257 2332 268 2341 .
311 2301 464 2351 cere,
494 2293 710 2354 negaret
733 2283 876 2336 omni
908 2289 1180 2336 momento
1201 2279 1451 2348 omnique
1479 2277 1618 2331 actui
1658 2291 1908 2331 necessa-

310 2379 475 2444 riam,
519 2376 644 2431 huic
680 2376 766 2430 ille
814 2373 1092 2428 anathema
1133 2372 1343 2427 dicebat
1368 2369 1469 2442 (De
1490 2368 1667 2424 Gratia
1695 2368 1902 2436 Christi,

308 2487 365 2523 η.
397 2468 481 2538 2).
532 2466 863 2538 Agnoscebat
887 2481 1052 2520 unum
1080 2465 1326 2534 idemque
1364 2462 1633 2531 Baptisma
1661 2476 1801 2527 esse,
1843 2474 1904 2515 ac

309 2559 504 2615 iisdem
544 2559 714 2614 verbis
743 2559 796 2612 in
825 2557 1112 2612 infantibus
1137 2555 1331 2626 quibus
1363 2554 1523 2609 etiam
1547 2554 1600 2606 in
1617 2551 1904 2622 majoribus

290 2655 696 2728 .celebrandum
721 2651 902 2725 (Ibid,
933 2670 982 2706 η.
1014 2652 1102 2722 55)
1133 2665 1396 2720 :cumque
1417 2648 1589 2702 adhuc
1616 2649 1910 2716 interroga-

309 2759 465 2806 retur
506 2748 748 2814 ulterius,
773 2746 1002 2800 infantes
1059 2746 1110 2798 in
1163 2752 1504 2813 peccatorum
1537 2739 1906 2794 remissionem

309 2842 643 2911 Baptismum
669 2839 944 2910 percipere
967 2838 1226 2891 fatebatur
1258 2853 1269 2888 :
1303 2827 1598 2888 doctrinam
1621 2830 1687 2884 de
1713 2845 1906 2900 parvu-

310 2936 488 2989 lorum
518 2934 786 3002 Baptismo
813 2947 960 2986 suam
992 2931 1058 2985 de
1088 2930 1288 2994 libello,
1333 2943 1489 2998 quem
1525 2927 1749 2980 Ruinam
1805 2924 1907 2978 mi-

313 3037 480 3090 serat,
516 3027 644 3096 ipsis
674 3026 903 3080 recitans
953 3023 1055 3095 (De
1093 3021 1312 3077 Peccato
1343 3020 1599 3091 originali,
1648 3037 1701 3074 n.
1737 3020 1812 3088 1).
1839 3017 1910 3072 Se

313 3123 516 3190 itaque,
558 3119 712 3188 cujus
756 3117 1056 3172 innocentia
1103 3118 1263 3170 etiam
1293 3115 1480 3169 fuisset
1533 3113 1587 3168 in
1626 3110 1910 3167 Palaestino

310 3214 517 3284 judicio
550 3212 790 3282 probata,
811 3209 1019 3264 dicebat
1051 3208 1236 3263 eadem
1267 3223 1387 3261 cum
1419 3204 1670 3260 leestio
1699 3211 1912 3258 sentcn-

315 3308 387 3360 tia
414 3322 522 3360 non
543 3305 792 3360 debuisse
813 3303 982 3358 teneri
1020 3301 1208 3375 (Ibid,
1238 3319 1290 3354 n.
1325 3300 1400 3369 9).
1435 3299 1549 3353 Non
1579 3313 1737 3368 parva
1768 3297 1913 3367 ipsos

319 3399 374 3453 id
398 3399 541 3469 quod
583 3397 828 3467 Pelagius
846 3396 1116 3466 professus
1146 3401 1278 3457 erat,
1315 3393 1496 3447 laetitia
1518 3391 1692 3446 affecit
1723 3410 1736 3446 :
1773 3397 1911 3444 atta-

317 3506 445 3544 men
480 3489 548 3544 de
572 3489 685 3558 ejus
713 3489 887 3543 verbis
935 3487 1292 3556 Augustinum
1323 3483 1708 3539 consulendum
1743 3482 1914 3537 adhuc

318 3597 442 3636 esse
461 3582 730 3635 duxerunt
755 3579 803 3653 (1
812 3579 940 3646 bid.,
966 3596 1018 3632 η.
1044 3576 1119 3650 5).
1143 3577 1498 3645 Quamobrem
1531 3575 1742 3644 scriptis
1767 3589 1914 3628 com-

323 3674 471 3728 muni
501 3672 717 3727 nomine
744 3671 956 3737 litteris,
987 3670 1111 3740 quid
1143 3670 1243 3739 ipsi
1271 3668 1339 3723 de
1367 3669 1469 3723 hoc
1496 3682 1744 3721 sermone
1763 3665 1912 3719 vide-

322 3778 502 3830 retur,
550 3765 801 3819 sciscitati
850 3772 993 3818 sunt.
1037 3763 1359 3818 Litterarum
1392 3760 1623 3830 perlator
1671 3767 1913 3814 sanctum

324 3856 631 3911 Antistitem
658 3853 978 3924 Carthagine
1027 3853 1244 3923 reperit,
1272 3853 1342 3906 ab
1385 3867 1556 3920 eoque
1584 3851 1656 3906 ibi
1689 3863 1918 3919 occupa-

329 3947 562 4002 tionibus
595 3946 720 4002 licet
745 3945 1080 4001 densioribus
1111 3943 1386 4014 impedito,
1417 3956 1732 4010 responsum
1760 3940 1913 3994 tulit:

331 4055 430 4094 nec
457 4040 619 4094 breve
647 4037 859 4108 quidem
882 4035 985 4109 (De
1010 4035 1187 4090 Gratia
1212 4034 1430 4098 Christi,
1447 4051 1499 4087 η.
1535 4034 1610 4104 1).
1637 4032 1767 4086 Nam
1795 4046 1918 4086 cum

327 4142 541 4187 sanctos
566 4131 686 4186 illos
711 4147 793 4193 ea,
830 4147 948 4201 quae
987 4129 1053 4184 ad
1088 4127 1490 4183 aedificationem
1521 4126 1604 4180 vel
1631 4125 1918 4180 confirma-

329 4226 527 4281 tionem
554 4224 678 4278 fidei
696 4223 1118 4285 conscribuntur,
1141 4220 1407 4289 inexpleto
1428 4233 1637 4286 semper
1653 4215 1919 4271 desiderio

331 4317 512 4388 legere
566 4324 897 4385 compertum
944 4314 1160 4369 haberet
1213 4311 1330 4386 (De
1376 4309 1591 4364 Peccato
1642 4307 1915 4380 originali,

331 4427 382 4464 n.
412 4411 523 4481 48),
559 4425 666 4464 non
692 4409 953 4463 dubitavit
979 4408 1178 4477 integra
1205 4406 1310 4460 duo
1338 4404 1629 4470 volumina,
1663 4417 1824 4456 unum
1851 4399 1920 4455 de

333 4503 514 4558 Gratia
546 4502 767 4566 Christi,
799 4502 1023 4556 alterum
1067 4500 1133 4555 de
1163 4500 1386 4554 Peccato
1405 4495 1670 4567 originali,
1693 4493 1759 4548 ad
1782 4493 1922 4562 ipsos

336 4591 572 4662 dirigere
603 4612 616 4648 :
649 4593 840 4664 quibus
879 4593 928 4646 in
977 4591 1125 4646 libris
1178 4605 1417 4662 quaenam
1448 4588 1517 4643 sit
1568 4586 1761 4656 Pelagii
1799 4599 1922 4638 vera

336 4700 492 4739 mens
515 4687 657 4739 circa
689 4685 791 4739 hoc
817 4693 1100 4753 utrumque
1124 4693 1302 4751 caput,
1337 4696 1401 4736 ex
1434 4679 1500 4734 iis
1522 4678 1652 4750 ipsis
1674 4675 1925 4747 operibus

337 4780 455 4850 ejus
482 4779 660 4844 docet,
689 4794 910 4848 quorum
944 4779 1028 4832 ille
1055 4792 1112 4831 se
1142 4773 1401 4845 purgandi
1430 4787 1589 4828 causa
1616 4772 1671 4825 in
1699 4768 1922 4840 epistola

336 4871 406 4926 ad
433 4869 796 4927 Innocentium
819 4871 966 4925 locos
991 4865 1333 4938 producebat.

887 4961 1116 5018 CAPUT
1156 4960 1298 5015 Xlll.

337 5056 367 5111 1
398 5056 713 5127 Augustinus
741 5055 1022 5110 Cwsaream
1048 5053 1108 5106 ob
1152 5051 1395 5105 Ecclesia:
1420 5049 1619 5120 negotia
1645 5047 1927 5118 proficisci-

416 5146 514 5190 tur.
536 5138 572 5192 2
593 5137 659 5192 In
679 5154 790 5192 eam
818 5135 988 5190 urbem
1013 5136 1323 5205 disputatum
1342 5149 1456 5186 cum
1489 5147 1547 5186 eo
1572 5131 1701 5184 venit
1730 5130 1930 5184 Emeri-

416 5224 636 5288 ωδ,ψο
679 5225 922 5286 praesente
967 5231 1024 5268 ac
1053 5215 1416 5268 obmutescente
1457 5211 1782 5265 concianatur
1825 5209 1930 5262 Au-

417 5300 666 5371 gustinus.
692 5300 726 5354 5
747 5299 918 5352 Altera
939 5298 1019 5350 die
1046 5295 1271 5349 Emerita
1298 5295 1430 5348 intra
1458 5292 1718 5348 ecclesiam
1742 5293 1929 5347 consti-

420 5389 526 5433 tuto
547 5391 593 5433 et
623 5387 965 5451 perseverante
1005 5377 1058 5430 in
1088 5376 1282 5430 silentio
1325 5392 1436 5440 suo,
1480 5373 1532 5426 id
1571 5375 1827 5427 commode
1865 5372 1932 5426 ad

422 5473 588 5511 causa:
624 5475 730 5522 sum
755 5457 1019 5510 utilitatem
1039 5456 1182 5510 vertit
1220 5462 1422 5508 sanctus
1444 5452 1745 5522 Episcopus.
1769 5452 1802 5506 4
1833 5451 1932 5505 Hic

421 5555 625 5609 pravam
647 5540 1048 5594 consuetudinem
1069 5538 1248 5592 civium
1273 5534 1660 5591 Cazsareensium
1680 5533 1847 5586 habita
1867 5533 1934 5586 ad

426 5621 615 5692 plebem
641 5637 867 5675 sermone
886 5621 1067 5674 abolet.
1101 5620 1134 5674 5
1157 5617 1233 5670 Ad
1264 5616 1503 5687 Optatum
1523 5617 1745 5671 rescribit
1783 5633 1932 5686 super
1955 5647 1957 5650 -

423 5703 697 5772 quastione
723 5703 784 5756 de
811 5703 993 5756 anima:
1015 5701 1228 5771 origine.
1255 5699 1288 5754 6
1320 5697 1468 5753 Idem
1496 5699 1760 5770 respondet
1795 5697 1851 5751 Μ
1857 5715 1936 5752 er-

430 5784 604 5838 catori.
637 5785 667 5839 7
711 5782 974 5841 Cwlestino
1015 5799 1209 5853 quoque
1260 5798 1321 5836 ac
1379 5780 1546 5838 Sixto.
1599 5781 1633 5836 8
1684 5779 1936 5835 Adversus

1637 302 1837 359 LIBER
1875 297 2232 357 SEPTIMUS.

3494 310 3602 370 498

2082 415 2267 485 Aptum
2297 417 2361 471 de
2415 416 2635 472 cavendo
2678 416 2948 475 Judaismo
2975 420 3147 477 scribit
3188 421 3255 477 ad
3299 423 3594 482 Asellicum.

2082 509 2132 561 1.
2174 507 2401 564 Sanctus
2416 508 2614 564 Prtesul
2651 526 2840 582 magna
2862 512 2948 566 illa
2979 515 3186 585 negotia
3211 557 3226 581 ,
3245 516 3435 586 quibus
3463 517 3598 574 Car—

2008 600 2220 671 thagine
2251 602 2419 658 fuerat
2459 612 2765 674 occupatus,
2805 621 2932 672 non,
2965 623 3070 680 quo
3095 624 3155 665 se
3184 611 3435 667 reﬁceret
3463 615 3599 670 ala-

2007 694 2135 750 bore
2160 695 2425 765 deseruit,
2481 697 2576 752 sed
2627 707 2684 753 ut
2726 700 2986 770 susceptis
3014 702 3163 757 novis
3189 703 3454 760 laboribus
3489 715 3602 762 stu-

2005 784 2149 840 dium
2198 786 2252 840 in
2301 787 2592 842 Ecclesiam
2642 803 2794 843 suum
2828 792 3091 859 probaret.
3121 793 3403 849 Enimvero
3430 812 3496 851 ex
3533 813 3596 853 ea

2006 879 2216 934 civitate
2236 879 2520 945 decedens,
2538 880 2637 934 iter
2659 880 2956 938 Cmsaream
2977 885 3301 940 Mauritania:
3318 903 3599 958 aggressus

2005 980 2087 1024 est
2119 987 2131 1022 :
2160 987 2260 1041 qua
2280 971 2331 1026 in
2351 972 2479 1026 urbe
2495 973 2703 1028 decimo
2722 984 2911 1044 quarto
2928 986 2980 1030 et
2997 976 3314 1032 duodecimo
3341 977 3598 1039 kalendas

2007 1063 2253 1120 octobrcs
2297 1065 2452 1135 hujus
2477 1067 2641 1136 ipsius
2667 1068 2791 1121 anni
2823 1070 3132 1124 versabatur
3155 1069 3256 1144 (De
3286 1071 3448 1126 Gestis
3478 1091 3595 1128 cum

2007 1156 2330 1224 Emerito,n.
2366 1160 2441 1228 l).
2477 1161 2643 1215 Porro
2680 1162 2870 1218 eadem
2917 1163 3044 1218 urbs
3089 1165 3377 1235 Algerium,
3407 1175 3463 1220 ut
3488 1169 3600 1222 exi-

2007 1248 2241 1313 stimant,
2272 1250 2428 1304 hodie
2477 1251 2688 1318 dicitur,
2717 1263 2931 1308 centum
2978 1256 3160 1326 viginti
3193 1258 3405 1312 circiter
3433 1258 3597 1314 leucis

2005 1340 2189 1395 dissita
2203 1342 2267 1396 ab
2289 1342 2767 1414 Hippone-Regio:
2797 1346 2936 1400 unde
2960 1361 3081 1402 cum
3107 1363 3201 1417 per
3234 1349 3369 1402 hanc
3403 1349 3504 1404 iter
3527 1350 3594 1406 ad

2007 1433 2148 1488 illam
2181 1445 2339 1501 esset,
2375 1436 2473 1490 hac
2521 1438 2777 1492 transisse
2804 1453 2928 1493 eum
2968 1455 3073 1493 non
3131 1440 3434 1495 dubitamus
3466 1458 3594 1496 :ve-

2007 1537 2307 1582 rumtamen
2352 1527 2757 1598 haudquaquam
2811 1545 2931 1583 eum
2967 1531 3037 1584 ibi
3082 1531 3169 1584 diu
3204 1543 3592 1586 commoratum

2006 1619 2188 1687 fuisse,
2207 1637 2272 1674 ex
2297 1621 2517 1690 epistola
2544 1622 2609 1675 ad
2631 1622 2978 1698 Mercatorem
3005 1624 3268 1692 conjicere
3294 1633 3377 1678 est
3399 1624 3593 1696 (Epist.

2007 1715 2128 1773 195.
2159 1732 2210 1768 n.
2243 1714 2316 1786 1).
2337 1715 2450 1770 Hoc
2470 1725 2644 1769 autem
2663 1716 2866 1770 itineris
2897 1727 2955 1770 ut
2973 1717 3088 1786 ipse
3109 1733 3227 1771 cum
3258 1719 3373 1772 aliis
3394 1718 3594 1788 aliquot

2006 1807 2270 1877 episcopis
2321 1809 2633 1877 susciperet,
2666 1808 2863 1862 Zosimi
2907 1824 3057 1878 papa:
3107 1809 3296 1862 litteris
3345 1811 3595 1864 inductus

2007 1911 2088 1955 est
2109 1899 2302 1970 (Epist.
2339 1901 2460 1968 190,
2491 1919 2543 1954 n.
2576 1903 2654 1972 1),
2684 1902 2930 1956 nimirum
2961 1900 3028 1955 ad
3055 1900 3382 1956 conficienda
3412 1902 3596 1970 gravia

2007 1993 2248 2062 quaedam
2298 1993 2551 2049 Ecclesiae
2591 1995 2822 2064 negotia,
2868 2009 2986 2064 quae
3029 1994 3327 2064 cujusmodi
3369 1993 3594 2062 fuerint,

2009 2084 2111 2138 nisi
2142 2084 2282 2154 quod
2311 2084 2379 2139 ad
2426 2085 2727 2140 Donatistas
2765 2101 2824 2140 ea
2875 2085 3006 2139 nihil
3055 2085 3375 2155 pertinuisse
3393 2093 3600 2140 certum

2009 2183 2092 2230 est
2130 2175 2441 2247 (Possidius,
2471 2176 2524 2230 in
2562 2175 2674 2230 Vita
2703 2177 2993 2247 Augustini,
3021 2193 3077 2231 n.
3108 2175 3219 2246 16),
3271 2176 3597 2246 ignoramus.

2010 2268 2145 2323 Eum
2175 2277 2320 2324 certe
2349 2285 2565 2324 omnem
2592 2270 2733 2324 illam
2756 2283 3072 2338 peragrasse
3100 2268 3375 2337 regionem
3403 2267 3598 2323 viden-

2011 2371 2097 2414 tur
2123 2361 2220 2414 ism
2242 2360 2539 2431 significare
2564 2379 2576 2414 :
2602 2359 2705 2413 Per
2729 2377 2852 2430 quas
2884 2369 3011 2413 totas
3039 2367 3198 2412 terras
3221 2374 3337 2412 cum
3360 2358 3601 2412 intentio-

2011 2469 2124 2506 nem
2147 2462 2369 2505 nostram
2391 2456 2487 2505 huc
2516 2462 2663 2521 atque
2691 2453 2833 2518 illuc,
2857 2447 3333 2520 quwingerebantur
3349 2449 3594 2516 sensibus,

2013 2548 2207 2601 diversa
2230 2556 2486 2616 raptarent
2509 2543 2702 2616 (Epist.
2728 2546 2850 2609 195,
2878 2561 2931 2597 n.
2956 2543 3030 2615 1).
3051 2542 3315 2597 Caeterum
3336 2542 3598 2597 Cursarem

2011 2639 2138 2709 quid
2160 2648 2364 2708 gestum
2396 2636 2578 2700 fuerit,
2608 2638 2842 2707 ignotum
2862 2643 2963 2689 est.
2992 2633 3370 2689 Convenerunt
3406 2632 3599 2688 eodem

2012 2731 2150 2785 inter
2169 2741 2391 2784 czeteros
2419 2729 2720 2795 Deuterius,
2735 2729 2850 2797 ejus
2877 2727 3045 2796 ipsius
3071 2726 3212 2780 sedis
3235 2725 3476 2792 antistes,
3506 2732 3598 2793 et,

2012 2822 2151 2892 quod
2175 2822 2409 2876 insolens
2444 2821 2496 2874 in
2540 2817 2742 2884 Africa,
2771 2818 3213 2887 metropolitanus
3238 2817 3440 2884 dictus,
3473 2816 3602 2886 Aly-

2013 2913 2131 2983 pius
2151 2912 2505 2982 Tagastensis,
2535 2910 2810 2965 Possidius
2824 2909 3176 2974 Calamensis,
3199 2907 3452 2962 Rusticus
3466 2907 3599 2962 Car-

2014 3007 2297 3072 tenitanus,
2318 3005 2582 3060 Palladius
2608 3005 2978 3074 Tigabitanus;
3007 3003 3231 3058 aliorum
3253 3003 3467 3055 nomina
3492 3014 3600 3055 non

2015 3107 2359 3154 recensentur
2384 3097 2482 3167 (De
2513 3095 2674 3150 Gestis
2697 3112 2810 3148 cum
2841 3095 3086 3160 Emerita,
3107 3111 3160 3148 n.
3193 3094 3269 3164 1).
3303 3090 3604 3148 Adfuerunt

2013 3189 2172 3244 etiam
2193 3189 2434 3259 ejusdem
2461 3187 2747 3257 provinciae
2764 3186 2998 3256 epis00pi
3017 3184 3262 3258 (Retract.
3281 3183 3320 3239 ι.
3347 3185 3400 3252 1,
3417 3200 3465 3238 c.
3485 3183 3600 3255 5i).

2084 3281 2139 3334 2.
2182 3280 2468 3335 Donatistis
2491 3278 2749 3332 Caesarea?
2771 3278 2920 3332 urbis
2934 3284 3160 3346 praeerat
3186 3276 3471 3342 Emeritus,
3498 3289 3601 3330 no-

2017 3373 2099 3428 bis
2119 3373 2228 3443 jam
2259 3379 2581 3425 memoratus
2613 3385 2716 3422 non
2749 3369 2936 3436 semel,
2973 3368 3218 3437 idemque
3239 3367 3415 3422 clarus
3435 3365 3601 3435 potis-

2018 3470 2210 3522 simum
2236 3467 2305 3522 ob
2326 3481 2411 3533 ea,
2469 3482 2588 3535 quae
2621 3480 2715 3535 pro
2747 3462 2987 3518 factionis
3014 3477 3123 3516 sua:
3144 3474 3302 3516 causa
3326 3468 3508 3529 egerat
3545 3459 3602 3514 in

2019 3558 2422 3629 Carthaginiensi
2452 3557 2758 3611 collatione.
2779 3553 2870 3608 llla
2892 3554 3035 3607 finita
3057 3553 3355 3608 Caesaream
3373 3550 3602 3619 repetie-

2019 3659 2119 3718 rat,
2141 3651 2228 3704 ubi
2251 3650 2492 3720 pertinax
2512 3648 2562 3701 in
2585 3646 2890 3707 schismate,
2905 3645 3063 3698 etiam
3089 3643 3273 3709 multa,
3295 3640 3487 3712 quibus
3515 3654 3602 3695 re-

2021 3745 2177 3798 latam
2219 3743 2285 3796 ab
2317 3739 2554 3795 Ecclesia
2583 3738 2858 3793 victoriam
2884 3738 3136 3803 elevaret,
3171 3734 3499 3790 conﬂuxerat
3513 3731 3600 3802 ja-

2019 3837 2330 3905 ctitaratque
2374 3832 2473 3903 (De
2502 3829 2665 3886 Gestis
2702 3847 2814 3883 cum
2849 3827 3096 3890 Emerita,
3152 3843 3204 3880 η.
3255 3826 3329 3897 ὅ).
3357 3825 3440 3880 Ad
3479 3838 3604 3879 eum

2020 3927 2302 3998 quamdam
2337 3925 2702 3994 scriptionem,
2753 3938 2871 3993 quae
2903 3921 3156 3990 temporis
3199 3918 3395 3988 injuria
3422 3915 3600 3986 periit,

2021 4021 2288 4076 direxerat
2340 4017 2696 4088 Augustinus;
2751 4015 2895 4069 illam
2942 4029 3071 4068 sane
3112 4026 3365 4082 perquam
3391 4009 3602 4078 utilem,

2022 4116 2216 4186 quippe
2243 4114 2294 4166 in
2334 4127 2493 4182 quam
2520 4118 2734 4164 sanctus
2757 4109 2972 4171 Doctor,
3015 4105 3268 4176 quidquid
3293 4103 3362 4158 ad
3400 4100 3607 4158 exstin-

2022 4206 2290 4278 guendum
2312 4205 2586 4259 discidium
2610 4202 2837 4265 valebat,
2871 4199 3017 4254 brevi
3058 4205 3221 4267 atque
3250 4194 3496 4266 expedita
3515 4207 3608 4249 ra-

2025 4299 2170 4353 tione
2185 4303 2450 4368 coegerat.
2473 4293 2818 4348 Elueubravit
2838 4289 2962 4344 illud
2984 4289 3161 4359 operis
3181 4286 3392 4342 circiter
3410 4299 3610 4340 annum

2024 4387 2600 4460 quadringentesimum
2617 4384 2880 4438 decimum
2902 4387 3108 4435 sextum
3141 4397 3154 4433 :
3177 4375 3612 4449 quandoquidem

2026 4482 2198 4550 ipsum
2229 4479 2365 4532 inter
2404 4492 2490 4542 ea,
2518 4491 2638 4545 quae
2671 4473 2738 4528 ad
2782 4472 3160 4541 Hieronymum
3184 4485 3325 4524 anno
3349 4466 3610 4539 quadrin-

2025 4571 2322 4642 gentesimo
2348 4567 2551 4622 decimo
2573 4565 2758 4635 quinto
2772 4563 2933 4626 misit,
2948 4570 3000 4616 et
3014 4560 3209 4616 librum
3228 4559 3296 4614 de
3310 4557 3488 4615 Gestis
3502 4557 3609 4613 Pe-
3659 4550 3664 4558 ’

2028 4665 2150 4734 lagii
2175 4663 2322 4734 ponit
2344 4660 2590 4732 (Retract.
2624 4657 2662 4711 ι.
2695 4657 2750 4724 2,
2770 4672 2815 4709 c.
2832 4653 2946 4726 46).
2965 4653 3162 4709 Verum
3187 4652 3287 4706 hoc
3314 4650 3461 4721 pacis
3477 4661 3613 4718 opus

2029 4773 2150 4813 cum
2175 4756 2340 4809 tilium
2367 4753 2509 4824 pacis
2529 4750 2819 4805 Emeritum
2854 4763 2961 4803 non
2986 4746 3306 4811 invenisset,
3337 4742 3405 4797 ad
3431 4749 3614 4796 aucto-

2030 4867 2145 4907 rem
2183 4864 2336 4904 sumn
2368 4847 2456 4902 illa
2493 4857 2707 4901 reversa
2736 4851 2838 4899 est.
2866 4840 3222 4896 Nihilominus
3268 4845 3444 4890 tamen
3469 4848 3613 4904 praa-
3663 4825 3668 4834 ’

2031 4944 2199 4999 sulem
2221 4956 2372 4996 suum
2400 4937 2588 4993 imitati
2616 4950 2724 4991 non
2749 4943 2874 4990 sunt
2897 4932 3268 4988 Caesareenses
3290 4925 3612 4994 Donatistae;

2033 5043 2212 5106 utpote
2225 5033 2313 5103 qui
2335 5031 2401 5086 ad
2430 5029 2743 5085 catholicam
2771 5023 3200 5082 communionem
3227 5020 3397 5075 ferme
3428 5031 3618 5073 omnes

2033 5145 2152 5186 sese
2181 5127 2478 5190 retulerint,
2526 5124 2651 5178 licet
2703 5136 2807 5175 non
2849 5117 3036 5174 eadem
3078 5128 3265 5171 omnes
3291 5110 3616 5168 sinceritate.

2035 5225 2202 5280 Erant
2226 5219 2485 5290 siquidem
2499 5216 2674 5270 adhuc
2695 5211 3018 5282 complures,
3047 5207 3136 5278 qui
3160 5207 3228 5262 de
3253 5203 3477 5261 veritate
3500 5217 3616 5258 am-

2035 5319 2303 5389 bigerem;
2327 5314 2434 5368 imo
2459 5319 2513 5367 et
2541 5307 2777 5364 nonnulli
2793 5321 2859 5361 ex
2875 5313 3098 5374 utroque
3119 5317 3250 5356 sexu
3273 5300 3453 5356 animo
3476 5313 3619 5354 sem-

2037 5388 2134 5479 per
2161 5422 2225 5462 ac
2253 5405 2522 5459 voluntate
2552 5397 2826 5454 sehismati
2871 5392 3306 5449 adhaerescebant
3331 5389 3432 5464 (De
3456 5388 3620 5444 Gestis

2038 5515 2152 5554 cum
2179 5495 2420 5557 Emerita,
2448 5508 2536 5546 nn.
2553 5492 2602 5557 1,
2631 5488 2686 5561 2)
2708 5495 2794 5542 :ut
2816 5495 2991 5542 autem
3012 5493 3067 5540 et
3086 5483 3140 5538 hi
3168 5482 3408 5538 czecitate
3436 5479 3627 5536 libera-

2040 5598 2242 5655 rentur,
2267 5597 2320 5643 et
2339 5585 2781 5640 confirmarentur
2801 5578 2896 5646 illi,
2923 5578 3062 5632 Deus
3091 5574 3164 5641 id,
3189 5572 3330 5645 quod
3355 5569 3622 5627 narraturi

2041 5697 2244 5747 sumus,
2274 5676 2533 5748 permisit.
2555 5673 2637 5728 Ab
2666 5673 2816 5738 urbe,
2834 5684 2954 5726 cum
2984 5666 3158 5724 isthuc
3179 5662 3482 5720 adventavit
3503 5661 3618 5716 Au-

2044 5775 2307 5846 gustinus,
2347 5768 2612 5826 Emeritus
2657 5765 2861 5833 aberat,
2891 5775 3053 5833 quem
3095 5767 3220 5814 tunc
3246 5753 3523 5826 temporis,
3551 5765 3624 5807 ne
