4042 6360
429 355 531 419 ιω

433 490 734 553 (inputetur,
759 476 1053 545 delituisse,
1098 474 1378 536 obscurum
1426 490 1529 532 non
1564 487 1664 532 est.
1688 472 1910 544 Verum,
1948 486 2003 531 ut

427 576 685 649 comperit
701 574 769 630 ibi
785 582 1096 645 pra'sentem
1119 584 1235 629 esse
1261 564 1651 642 Hippo‘nensem
1671 571 2000 639 episcopum,

428 680 497 723 eo
519 675 707 738 sperne
734 680 827 721 sua
859 666 1066 721 decimo
1086 675 1273 736 quarto
1313 658 1565 719 kalendas
1597 664 1828 719 octobris
1866 662 2003 717 illius

426 759 640 815 videndi
669 768 825 813 causa
867 753 1109 811 aecessit.
1155 753 1456 811 Nuntiatum
1501 764 1674 809 estex
1712 754 2003 825 improviso

428 852 725 923 Augustino
770 862 891 905 eum
940 847 1164 912 adesse;
1194 847 1259 901 ad
1312 862 1430 901 eum
1472 842 1754 901 videndum
1791 856 2003 901 sanctus

428 945 665 999 Antistes
683 943 934 997 continuo
965 938 1277 995 cumulavit.
1299 939 1474 1009 ipsum
1504 940 1557 992 in
1582 940 1747 1007 platea
1770 946 1999 995 stantem

423 1033 720 1100 offendens,
744 1039 863 1104 post
891 1031 1087 1102 printas
1122 1031 1335 1086 honoris
1357 1028 1772 1100 urbanitatisque
1796 1030 1999 1100 signiti-

424 1129 661 1184 Cationes
686 1127 859 1181 locum
882 1125 1026 1179 illum
1045 1124 1248 1193 utrique
1277 1133 1447 1192 neque
1469 1116 1803 1177 commodum
1829 1138 2007 1201 neque

430 1220 708 1276 decentem
745 1230 863 1272 esse
891 1211 1217 1269 commonuit
1246 1232 1258 1268 :
1291 1214 1537 1285 quocirca
1558 1226 1678 1270 eum
1723 1212 1924 1285 rogavit
1947 1215 1996 1269 in

429 1314 705 1369 ecclesiam
739 1320 916 1366 secum
967 1320 1068 1363 una
1100 1308 1280 1363 venire
1322 1323 1388 1363 ne
1441 1316 1767 1379 gravaretur.
1801 1304 2001 1363 Annuit

424 1401 514 1462 ille
534 1404 668 1460 haud
698 1404 908 1458 invitus.
935 1398 1081 1458 Unde
1101 1398 1449 1472 Augustinum
1471 1416 1593 1471 spes
1616 1400 1830 1457 incessit
1855 1417 1999 1456 com-

423 1498 726 1554 munionem
745 1495 1056 1551 catholicam
1072 1506 1192 1549 eum
1211 1494 1350 1548 bene
1370 1494 1657 1563 libentique
1677 1494 1854 1549 animo
1871 1494 1999 1563 jam-

418 1589 528 1658 jam
554 1587 939 1656 amplexurum.
978 1580 1087 1639 lino
1109 1590 1162 1639 et
1210 1586 1310 1642 huc
1335 1584 1402 1640 ab
1433 1586 1547 1654 ipso
1572 1586 1678 1655 jam
1704 1589 1995 1656 pi‘mstitum

419 1679 604 1745 fuisse,
635 1688 817 1731 rumor
862 1675 1095 1747 volgavit
1121 1676 1325 1747 (Cantru
1353 1674 1709 1741 Gaudentium,
1745 1677 1830 1732 ﬂb.
1858 1680 1908 1744 1,
1942 1697 1992 1731 η.

385 1834 389 1841 _
423 1768 535 1839 15).
560 1769 635 1823 Eo
659 1779 817 1841 pacto
843 1768 1073 1823 tutorum
1100 1776 1232 1834 erat,
1256 1778 1311 1822 ut
1335 1766 1610 1825 Deuterius
1637 1762 1890 1833 Eme‘rito,
1908 1772 1994 1840 qui

420 1861 529 1916 suis
558 1860 759 1914 civibus
781 1860 973 1915 charos
999 1862 1129 1924 erat,
1159 1856 1351 1915 cedere
1374 1860 1867 1931 episcopatu,sicuti
1898 1860 1994 1917 Ca-

416 1952 599 2007 tholici
646 1950 877 2006 facturos
907 1967 967 2006 se
1000 1946 1283 2005 Donatistis
1312 1960 1435 2005 ante
1480 1946 1829 2007 Collat'mncm
1874 1964 1997 2023 spo-

416 2044 735 2115 ponderant,
774 2044 890 2113 cogi
939 2048 1117 2112 pusset
1162 2052 1300 2112 :qua
1350 2050 1524 2097 tamen
1570 2044 1834 2099 retardata
1888 2058 1995 2099 non

418 2134 611 2191 fuisset
632 2134 1021 2197 reconciliatio;
1072 2130 1498 2203 quandoquidem
1534 2133 1599 2187 ad
1633 2134 1683 2187 itl
1721 2132 1989 2203 paratissi-

418 2240 540 2283 mus
559 2235 674 2283 erat
697 2222 971 2281 Deuterius
992 2240 1004 2289 ;
1026 2224 1355 2294 afﬁrmatquc
1377 2225 1721 2294 Angustinus,
1741 2225 1865 2279 olim
1893 2220 1997 2281 sibi

420 2325 603 2374 uotum
634 2326 755 2373 ϐεδε
790 2318 1028 2372 animum
1056 2316 1272 2385 hujusce
1305 2316 1563 2385 prmsulis,
1595 2317 1684 2386 qui
1713 2332 1820 2371 non
1858 2328 1998 2373 esset

418 2410 805 2465 commissurus
831 2416 1085 2477 unquam,
1132 2414 1189 2460 ut
1216 2404 1465 2461 Ecclesite
1494 2406 1702 2461 utilitati
1735 2409 1995 2477 privatum

423 2504 681 2560 honorem
729 2504 1077 2572 anteponeret
1118 2499 1308 2574 (Serm.
1337 2500 1406 2553 ad
1446 2494 1775 2555 Cwsarcattsis
1799 2499 1991 2555 Ecclus.

425 2596 638 2665 plebem,
667 2610 718 2648 η.
747 2594 821 2664 i).
846 2592 1041 2648 Verum
1096 2592 1149 2647 ei
1189 2592 1291 2644 hoc
1321 2602 1431 2647 suat
1478 2591 1685 2646 virtutis
1722 2593 1994 2660 specimen

420 2685 551 2740 dare
567 2694 662 2755 per
687 2684 978 2739 Emeritam
995 2698 1103 2737 non
1118 2681 1282 2737 licuit.
1313 2681 1411 2737 ilic
1434 2696 1535 2736 una
1561 2692 1681 2735 cum
1707 2684 2005 2753 Augustino

423 2791 483 2830 se
503 2776 787 2831 contuiitin
805 2776 1101 2841 ecclesiam,
1123 2786 1227 2844 quo
1257 2774 1483 2829 maxima
1510 2768 1787 2830 multitudo
1807 2772 1999 2829 utrius-

423 2878 525 2938 que
559 2868 948 2923 communionis
982 2866 1236 2922 conﬂuxit
1264 2866 1475 2936 (Contra
1512 2865 1786 2933 Gaudettt.,
1821 2864 1907 2921 tib.
1945 2862 1995 2933 1,

426 2972 481 3013 rt.
517 2961 615 3028 i5,
648 2964 695 3015 et
723 2958 948 3025 Possid.,
993 2958 1046 3013 in
1085 2958 1201 3013 Vita
1234 2958 1518 3029 Augustini,
1547 2968 1591 3013 ε.
1627 2958 1750 3029 Μ).
1784 2954 1878 3012 Vix
1910 2966 1995 3013 eo-

426 3052 547 3105 dem
577 3053 843 3121 ingressis
869 3058 970 3117 est,
1001 3062 1062 3104 ac
1092 3052 1261 3120 primo
1287 3060 1530 3105 sermone
1555 3052 1919 3120 compellatus,
1944 3054 2004 3105 ut

424 3142 687 3215 arnbiguis'
704 3138 849 3201 hisce
874 3144 1088 3199 voeiim's
1117 3145 1443 3213 respondet:
1476 3142 1597 3198 Noti
1625 3156 1825 3214 possum
1870 3140 2003 3197 nolle

423 3238 561 3310 quod
584 3238 751 3301 initus,
784 3238 873 3292 sed
898 3250 1103 3307 possim:
1129 3234 1255 3291 velte
1281 3235 1416 3307 quod
1440 3234 1555 3291 vota
1579 3236 1772 3306 (Serm.
1800 3238 1866 3290 ad
1887 3234 1999 3292 Cm-

425 3328 671 3383 :areeusis
696 3326 939 3381 Ecclesia
967 3327 1179 3398 plebem,
1212 3336 1263 3380 tt.
1286 3325 1359 3399 i).
1387 3326 1654 3382 Caeterum
1698 3336 1796 3381 nec
1818 3327 1868 3381 in
1896 3328 1997 3393 sui,

424 3434 525 3475 nec
551 3420 604 3475 in
632 3420 872 3474 factionis
900 3419 1259 3474 defensionem
1280 3419 1563 3488 quidquam
1593 3417 1787 3472 addere
1808 3416 1997 3482 vaiuit;

422 3511 521 3567 sed
559 3512 611 3565 in
647 3511 941 3567 recusanda
964 3511 1335 3565 communione
1366 3512 1739 3579 perseveravit.
1778 3508 2003 3564 Venerat

424 3605 601 3661 isthoc
630 3616 734 3659 non
762 3606 864 3659 alia
882 3604 1021 3658 haud
1042 3603 1198 3657 dubie
1225 3594 1291 3657 de
1330 3614 1509 3667 causa,
1536 3612 1692 3671 uuam
1733 3610 1790 3656 ut
1836 3596 2003 3657 schis-

422 3700 583 3756 matis
604 3700 683 3753 sui
706 3708 985 3768 patronum
1005 3700 1219 3767 ageret:
1243 3708 1425 3751 verum
1451 3704 1729 3766 antequam
1754 3696 2001 3751 meditata

422 3794 602 3860 posset
632 3788 799 3854 effari,
828 3789 945 3843 haec
988 3789 1054 3843 ab
1107 3787 1400 3857 Augustino
1445 3796 1540 3857 per
1582 3788 2004 3842 antecessionem

425 3880 561 3935 adeo
580 3880 813 3934 funditus
833 3894 1015 3934 eversa
1044 3872 1320 3944 intellexit,
1338 3885 1413 3944 ut,
1439 3878 1561 3949 quid
1594 3874 2000 3946 contratlicerct,

426 3982 535 4023 non
558 3968 817 4023 inveniret
835 3968 1045 4041 (Contra
1071 3968 1343 4033 Guudent.,
1372 3968 1457 4021 lib.
1493 3968 1544 4033 1,
1575 3984 1627 4021 n.
1659 3969 1778 4039 15).
1816 3968 1913 4024 Ubi
1934 3968 2006 4022 tia

426 4060 556 4114 dere
583 4059 684 4113 hoc
731 4060 866 4113 trahi
892 4060 1110 4124 diutius,
1142 4066 1367 4125 eumque
1395 4059 1532 4113 intra
1571 4060 1713 4129 ipsos
1766 4060 2006 4114 ecclesia:

425 4142 702 4205 catholicae
718 4151 948 4220 parietes
967 4152 1017 4204 in
1037 4151 1263 4205 discidio
1287 4159 1339 4204 et
1364 4151 1851 4221 h;ercsipersistere
1880 4164 2005 4207 con-

431 4248 716 4307 tumacem,
755 4243 1079 4312 Augustinus
1121 4241 1187 4296 ad
1241 4244 1490 4311 populum
1519 4238 1812 4297 adstantem
1846 4244 2006 4298 verba

425 4332 601 4387 facere
618 4338 901 4403 aggressus
926 4339 1029 4387 est.
1058 4328 1221 4386 Multa
1239 4334 1345 4386 dimi
1371 4330 1435 4386 de
1461 4342 1602 4403 pace,
1638 4335 1823 4403 inquit,
1850 4336 2007 4389 multa

425 4426 493 4477 de
508 4425 769 4490 churitate,
799 4427 959 4480 inulta
988 4426 1051 4479 de
1073 4434 1260 4480 sanch
1284 4426 1523 4490 Ecclesia:
1548 4428 1824 4492 catholicaz,
1855 4440 2006 4500 quam

431 4516 565 4573 Beas
594 4519 826 4588 prunam
865 4526 910 4572 et
932 4520 1180 4589 prta-stitit,
1208 4521 1414 4573 unitate.
1440 4518 1508 4573 In
1534 4532 1632 4592 quo
1654 4538 1761 4575 meo
1781 4534 2007 4577 sermone

424 4618 472 4663 et
494 4616 581 4664 vos
603 4609 908 4680 attaquebar,
944 4616 993 4665 et
1035 4610 1180 4664 illum
1224 4610 1565 4677 exhortabor;
1595 4622 1642 4665 et
1669 4624 1910 4683 quantum
1950 4615 2005 4668 in

424 4708 503 4754 me
517 4706 747 4774 poterant
768 4702 958 4756 uiscera
980 4701 1260 4768 t'ltdritatis,
1279 4712 1448 4757 arimos
1479 4703 1532 4756 in
1569 4698 1790 4773 periculo
1824 4707 2008 4760 animo!

423 4802 533 4849 sud
554 4794 851 4848 demutatio:
870 4794 924 4846 in
949 4793 1045 4846 tito
1069 4804 1181 4846 meo
1205 4808 1432 4847 sermone
1455 4796 1812 4863 parturiebam,
1837 4804 1881 4849 et
1912 4812 2002 4866 pa-

423 4896 535 4939 rere
559 4885 777 4940 Domine
805 4886 1065 4957 cupiebam
1093 4883 1195 4958 (De
1222 4883 1384 4939 Gentis
1412 4898 1527 4939 cum
1559 4887 1799 4955 Emerita,
1836 4900 1888 4941 η.
1923 4890 1998 4957 1).

421 4976 481 5033 In
505 4986 614 5032 tota
636 4978 893 5033 orationis
932 4978 1072 5033 serie
1104 4970 1219 5047 plus
1244 4977 1441 5031 Prttsul
1474 4986 1742 5046 nunquam
1777 4996 1883 5033 non
1911 4988 1997 5034 oss

424 5068 593 5122 tendit
618 5076 835 5139 sperare
852 5084 928 5136 se,
962 5068 1075 5123 fore
1096 5074 1151 5121 ut
1185 5068 1477 5122 Emeritam
1506 5070 1572 5123 ab
1616 5084 1796 5124 errore
1822 5071 1999 5125 divina

423 5150 704 5207 clementia
732 5163 963 5209 revocet.
996 5155 1062 5208 At
1087 5164 1564 5223 quantumcunique
1589 5156 1817 5209 studium
1846 5167 2002 5226 atque

424 5242 737 5298 industriam
774 5245 1075 5300 adhibuerit
1108 5246 1248 5300 illius
1296 5244 1548 5311 cbaritas,
1594 5246 1679 5300 hic
1705 5255 1826 5316 post
1854 5249 1999 5303 antlia

426 5343 535 5389 tam
559 5350 677 5390 eam
693 5339 1007 5394 concionem
1022 5340 1075 5392 in
1098 5339 1385 5409 pertinacia
1409 5350 1637 5394 mentem
1662 5341 1993 5398 obfirmavit:

425 5424 494 5479 de
522 5441 628 5494 quo
646 5434 817 5481 tamen
845 5436 943 5482 nec
962 5437 1087 5484 tunc
1102 5430 1311 5500 quidem
1334 5430 1629 5500 desperavit
1654 5432 1995 5501 Augustinus.

428 5513 751 5569 Concessum
782 5518 939 5570 etiam
993 5527 1078 5573 est
1123 5522 1369 5589 spatium,
1405 5532 1503 5591 per
1520 5522 1657 5591 quod
1712 5522 1765 5577 in
1791 5522 1921 5580 urbe
1947 5527 1995 5581 ei

424 5620 617 5660 securo
636 5621 753 5661 esse
766 5607 949 5662 liceret
977 5608 1183 5677 (Contra
1204 5611 1477 5679 Gaudent,
1507 5615 1591 5670 lib.
1628 5618 1678 5681 1,
1708 5618 1887 5688 12.15).

496 5698 548 5751 ὃ.
583 5698 793 5752 Duobus
812 5706 933 5768 post
955 5699 1159 5765 diebus,
1188 5703 1239 5756 id
1269 5713 1367 5771 est,
1388 5706 1513 5759 feria
1543 5718 1689 5762 sexta
1717 5711 1769 5763 in
1796 5710 1996 5766 duode—

381 5831 397 5846 ε
420 5789 620 5845 ciuium
647 5786 900 5846 kalendas
919 5792 1151 5847 octobris
1167 5794 1293 5847 anui
1311 5810 1339 5849 a
1362 5798 1877 5871 Quadringentesimo
1900 5803 1991 5859 de-

1528 358 1683 412 VITA
1724 355 1781 412 S.
1825 344 2193 410 AUGUSTYNI
2230 346 2546 411 EPISCOPL

3600 359 3704 421 500

2112 468 2232 527 ciml
2258 470 2431 527 octavi
2454 470 2746 541 incidente,
2789 470 3024 544 episcopi
3048 516 3063 543 ,
3098 468 3413 547 presbyteri,
3465 474 3702 547 diaconi,

2111 562 2284 619 clerus
2311 562 2586 622 universus
2611 583 2671 621 ac
2697 566 2844 636 plebs
2872 565 3296 638 frequentissima
3336 571 3388 625 in
3443 574 3699 642 majorem

2110 652 2382 711 basilicam
2412 657 2806 713 Ctesareensem
2850 660 3119 715 convenit.
3163 662 3437 717 Deuterius
3463 666 3700 721 omnium

2109 746 2309 816 primus
2336 757 2388 802 et
2408 756 2656 819 tanquam
2683 758 2964 805 conscSSus
3006 760 3201 820 praeses
3234 754 3554 809 nominatur.
3586 752 3702 810 Ad-

2108 842 2225 891 erat
2247 839 2406 893 etiam
2437 838 2706 894 Emeritos
2733 857 2745 893 :
2781 840 2992 905 notarii,
3020 854 3049 895 a
3071 838 3265 912 quibus
3290 845 3466 897 omnia
3494 846 3699 903 scribe—

2107 940 2308 995 rentur,
2342 932 2576 1002 atquein
2614 930 2823 988 tabulas
2854 928 3201 999 referrentur,
3247 934 3487 992 adhibiti.
3531 936 3703 992 Βαίας

2107 1035 2185 1100 e31
2233 1020 2555 1094 Augustinus
2590 1022 2879 1095 prudenter
2906 1039 2967 1081 ea
2995 1028 3246 1084 utendum
3278 1030 3580 1099 occasione,
3613 1034 3698 1088 sin

2104 1112 2278 1170 miritis
2312 1118 2376 1171 ad
2432 1116 2653 1173 Emeriti
2702 1121 2921 1173 salutem
2968 1108 3375 1191 procurandum,
3424 1126 3611 1179 saltem
3645 1126 3698 1181 in

2104 1206 2323 1278 gratiam
2369 1224 2572 1277 eorum,
2619 1213 2810 1281 quibus
2856 1210 3079 1270 clariore
3124 1210 3348 1285 quadam
3378 1214 3518 1272 circa
3540 1219 3698 1273 disci-

2103 1299 2248 1379 dium
2284 1298 2613 1370 expositione
2660 1314 2792 1372 0pus
2828 1308 2940 1359 erat
2985 1301 3083 1376 (De
3109 1304 3269 1361 Gestis
3307 1322 3421 1361 cum
3449 1308 3696 1377 Emerita,

2104 1408 2155 1445 η.
2192 1388 2266 1463 1).
2300 1392 2554 1459 Quoniam
2585 1394 2738 1465 igitur
2758 1408 2876 1449 ctrm
2905 1398 3015 1466 ipse
3043 1394 3326 1466 Emeritos,
3352 1408 3461 1455 tum
3492 1398 3577 1455 alii
3610 1401 3694 1457 fa-

2104 1483 2296 1540 etionis
2323 1486 2580 1555 ejusdem,
2613 1488 2899 1545 Marcellini
2938 1493 3251 1547 auctoritate
3297 1504 3414 1549 Sese
3459 1497 3509 1550 in
3537 1498 3700 1559 colla.

2104 1574 2246 1631 tione
2276 1575 2671 1649 Carthaginensi
2703 1590 3007 1657 Oppressus,
3041 1594 3139 1637 nec
3161 1598 3221 1637 ea
3240 1587 3437 1651 omnia,
3458 1600 3574 1656 quas
3594 1604 3690 1657 pro

2103 1682 2196 1724 sua
2236 1686 2393 1725 causa
2440 1673 2659 1727 dicenda
2706 1652 2996 1741 habebant:
3043 1686 3355 1745 capromcre
3410 1678 3700 1749 permissos

2101 1762 2457 1833 querebantur
2484 1762 2790 1838 (Possidius,
2816 1766 2866 1821 in
2910 1764 3019 1822 Vita
3044 1769 3329 1841 Augustini,
3360 1790 3404 1826 ε.
3436 1770 3553 1844 14);
3583 1777 3694 1830 Au-

2100 1858 2339 1924 gustinus
2382 1860 2637 1912 enarratis
2687 1864 3136 1917 numerosissimtc
3161 1860 3233 1917 illi
3262 1867 3521 1934 concioni,
3574 1886 3697 1939 qua:

2102 1945 2231 2000 feria
2263 1954 2445 2016 quarta
2474 1958 2616 2018 gesta
2638 1948 2864 2016 fuerant,
2883 1952 3171 2008 Emeritam
3193 1959 3410 2026 rogavit,
3435 1954 3693 2029 quidquid

2102 2038 2433 2109 potissimum
2463 2054 2641 2096 secum
2660 2044 3128 2114 facerejudicaret,
3157 2048 3206 2101 in
3229 2049 3457 2103 medium
3487 2053 3691 2119 profer-

2101 2141 2181 2185 ret
2216 2131 2325 2187 tati
2350 2132 2773 2204 respondentium
2823 2146 3056 2205 paratum
3108 2150 3224 2195 esse
3267 2152 3344 2204 se,
3381 2143 3695 2212 disputatio-

2102 2234 2227 2277 nem
2248 2224 2391 2278 illam
2423 2224 2693 2297 utriusque
2715 2229 2875 2297 partis
2897 2232 3093 2285 nemini
3123 2228 3427 2301 prmiudicio
3444 2236 3693 2299 loturam,

2102 2315 2297 2385 populo
2319 2322 2490 2371 tamen
2519 2318 2767 2386 przesenti
2786 2332 2891 2374 non
2922 2322 3036 2377 sine
3069 2319 3235 2376 fructu
3257 2318 3515 2378 abituram
3537 2345 3547 2379 :
3566 2322 3696 2381 nihil

2101 2416 2220 2461 esse
2244 2407 2381 2476 quod
2410 2406 2497 2463 ille
2528 2410 2729 2477 timeat,
2760 2408 2870 2466 fore
2900 2421 3075 2468 autem
3101 2412 3200 2484 ipsi
3220 2426 3329 2469 rem
3354 2418 3563 2487 plenam
3582 2418 3692 2489 glo-

2102 2498 2213 2559 rir,
2245 2500 2355 2553 sive
2384 2510 2561 2554 coram
2584 2501 2788 2557 civibus
2814 2502 2923 2558 Suis
2952 2505 3145 2573 vincat,
3168 2506 3277 2562 sive
3308 2508 3506 2564 victrici
3534 2496 3690 2566 cedat

2103 2589 2333 2641 veritati.
2364 2588 2559 2645 Retulit
2585 2586 2868 2657 Emeritos,
2898 2595 3064 2649 victor
3080 2611 3148 2650 an
3168 2598 3333 2652 vietus
3354 2600 3585 2667 abiisset,
3607 2619 3696 2655 ve-

2102 2680 2245 2733 ritati
2273 2690 2340 2734 an
2372 2682 2618 2750 potentiae
2640 2687 3014 2752 concessisset,
3032 2702 3093 2741 ex
3117 2684 3248 2742 actis
3269 2688 3697 2760 Carthagiucnsis

2102 2771 2399 2825 collationis
2422 2772 2561 2826 haud
2582 2772 2865 2829 difficulter
2886 2776 3123 2848 intelligi.
3152 2774 3249 2833 Hic
3270 2776 3562 2851 Augustino
3587 2783 3696 2837 sci-

2102 2862 2332 2927 scitanti,
2362 2862 2404 2917 si
2429 2863 2557 2917 nihil
2576 2863 2753 2919 dicere
2782 2868 3071 2935 statuisset,
3105 2871 3232 2939 quid
3256 2882 3381 2941 ergo
3431 2874 3695 2940 venisset;

2104 2954 2358 3021 reposuit,
2382 2967 2447 3007 eo
2469 2969 2526 3009 se
2555 2956 2731 3010 animo
2757 2957 2987 3024 venisse,
3016 2968 3071 3013 ut
3094 2959 3193 3014 hoc
3223 2962 3322 3031 ipsi
3352 2954 3494 3033 quod
3516 2960 3691 3035 requi-

2102 3040 2488 3099 rebatdiceret.
2521 3044 2755 3116 Urgente
2798 3047 2970 3102 adhuc
3012 3059 3198 3105 sancto
3238 3050 3386 3117 Viro,
3412 3064 3528 3123 quae
3552 3054 3704 3111 illum

2102 3147 2263 3189 causa
2290 3131 2615 3205 adduxisset,
2652 3145 2707 3192 et
2732 3148 3049 3207 responsum
3090 3143 3295 3196 notario
3324 3152 3702 3213 exsriectartte:

2105 3226 2234 3292 Fac,
2285 3227 2337 3281 id
2373 3236 2474 3295 est,
2507 3230 2686 3296 scribe,
2735 3230 2908 3299 inquit
2947 3232 3210 3287 Emeritos
3242 3234 3353 3304 (De
3382 3234 3542 3289 Gesti:
3585 3249 3703 3291 cum

2104 3318 2349 3387 Emerita,
2368 3337 2455 3375 nn.
2474 3321 2527 3385 2,
2554 3320 2607 3387 5,
2629 3331 2674 3376 et
2691 3321 2975 3389 Possidius,
2994 3325 3045 3378 in
3073 3324 3185 3379 Vita
3200 3326 3485 3398 Augustini,
3505 3342 3550 3382 c.
3575 3330 3692 3400 14);

2106 3419 2229 3479 post
2251 3411 2391 3481 quod
2415 3413 2631 3467 verbum
2659 3413 2823 3492 veluti
2847 3415 3234 3483 obmutescens,
3260 3420 3393 3473 ultra
3409 3420 3701 3489 responde-

2105 3519 2163 3557 re
2191 3504 2475 3573 quidquam
2519 3519 2617 3559 nec
2643 3506 2828 3569 voluit,
2863 3518 2962 3560 nec
2989 3509 3173 3575 potuit.
3208 3508 3551 3579 Augustinus,
3577 3522 3702 3565 eum

2105 3593 2279 3648 denuo
2306 3610 2508 3649 moram
2536 3596 2609 3650 illi
2638 3595 2876 3651 dedisset
2905 3590 2969 3651 ad
3012 3598 3353 3668 loquendum,
3392 3607 3445 3655 et
3484 3601 3701 3656 demum

2107 3687 2422 3757 intelligeret
2448 3688 2620 3757 ipsum
2651 3686 2703 3742 in
2732 3688 2948 3743 silentio
2972 3691 3297 3758 pertinacem
3318 3702 3454 3756 esse,
3479 3693 3699 3764 inctcpti

2107 3780 2171 3833 ad
2201 3780 2403 3848 plebem
2433 3782 2693 3836 sermonis
2718 3792 2937 3836 cursum
2962 3783 3306 3837 eoruiuuavit.
3346 3784 3606 3840 Disseruit
3631 3787 3698 3841 de

2107 3869 2508 3940 Carthaginiensi
2534 3872 2835 3937 collatione,
2857 3872 3007 3942 cujus
3031 3884 3146 3926 acta
3185 3883 3239 3927 ut
3276 3876 3558 3945 quotannis
3603 3884 3701 3946 per

2108 3964 2572 4034 Quadragesimam
2610 3966 2711 4036 legi
2756 3975 2994 4032 curaret,
3034 3967 3337 4022 Deuteriom
3379 3970 3694 4025 obsecravit.

2109 4053 2289 4108 Voluit
2310 4056 2379 4109 ab
2402 4056 2594 4125 Aiypio
2611 4056 2822 4110 recitari
2847 4055 3127 4129 epistolam
3142 4068 3279 4125 eam,
3305 4068 3406 4129 qua
3437 4060 3699 4115 Catholici

2109 4147 2370 4201 antistites
2392 4150 2535 4216 pacis
2560 4158 2615 4203 et
2652 4148 2871 4204 unitatis
2900 4152 3087 4204 intuitu
3124 4154 3435 4221 dignitatum
3478 4162 3695 4208 suarum

2109 4242 2453 4306 spontaneum
2483 4240 2871 4295 abdicationem
2923 4243 3206 4297 Donatistis
3236 4245 3535 4300 obtulerant
3561 4258 3573 4299 ε
3603 4247 3698 4300 cui

2110 4332 2407 4385 recitationi
2450 4332 2850 4387 observationes
2883 4342 2937 4389 et
2982 4336 3229 4407 exempla
3255 4336 3525 4391 castitatis
3550 4336 3698 4391 chri-

2110 4423 2399 4492 stiauthue
2444 4423 2755 4478 humilitatis
2780 4438 3035 4495 perquam
3068 4436 3275 4496 egregia
3300 4427 3521 4496 ipsemet
3557 4426 3703 4481 inse-i

2109 4515 2216 4569 ruit
2243 4517 2259 4584 (
2286 4513 2361 4568 De
2404 4514 2565 4570 Gestit
2605 4526 2719 4570 cum
2756 4517 3003 4581 Emerita,
3036 4535 3087 4571 π.
3112 4520 3145 4573 4
3167 4521 3205 4588 ).
3240 4520 3476 4589 Denique
3528 4526 3695 4573 totum

2108 4607 2564 4662 schismaticarum
2587 4610 2811 4678 partium
2843 4609 3239 4665 fundamentum
3260 4612 3451 4665 evertit
3487 4618 3699 4665 narratu

2108 4697 2617 4754 Maximianistarum
2646 4700 2885 4767 historia,
2914 4702 2969 4754 in
3002 4714 3105 4770 qua
3131 4702 3271 4756 haud
3296 4703 3698 4757 leriterimmo—

2108 4798 2270 4852 ratus,
2291 4802 2475 4844 vocem
2502 4793 2571 4845 ab
2590 4792 2827 4847 Emerito
2845 4793 3062 4856 nullam,
3096 4808 3199 4847 non
3230 4804 3384 4848 secus
3410 4804 3471 4847 ac
3488 4802 3698 4847 mutum

2106 4890 2247 4933 esset
2294 4881 2549 4936 allocutus
2575 4923 2588 4947 ,
2638 4884 2898 4952 expressit
2924 4882 3169 4955 (Retract.
3218 4885 3303 4939 tib.
3331 4882 3386 4951 ἱ,
3419 4897 3532 4957 cap.
3559 4879 3620 4941 51
3650 4883 3691 4957 ).

2108 4972 2257 5026 Illum
2285 4975 2489 5043 cognati
2516 4990 2578 5028 ac
2607 4975 2749 5029 cives
2779 4976 2880 5039 sui,
2912 4984 2970 5029 ut
2994 4988 3113 5030 cum
3144 4988 3325 5031 sancto
3344 4979 3569 5047 pra‘sule
3588 4980 3702 5032 col-

2107 5064 2343 5135 loquium
2362 5066 2537 5132 iniret,
2557 5066 2800 5121 olnestati
2814 5077 2935 5121 sunt
2953 5069 3251 5135 instantius,
3270 5070 3508 5140 polliciti,
3533 5071 3698 5125 modo

2105 5150 2411 5211 Gatlmliebs
2438 5165 2731 5226 superaret,
2760 5159 2889 5212 nihil
2922 5160 2975 5213 in
2999 5172 3055 5214 se
3082 5174 3242 5213 morm
3285 5160 3538 5228 futurum,
3572 5162 3697 5231 quin

2104 5248 2191 5303 vel
2224 5249 2577 5315 fortunarum,
2608 5249 2689 5303 vel
2717 5251 2875 5305 etiam
2905 5253 3023 5305 vita:
3050 5248 3303 5320 periculo,
3342 5262 3459 5307 Sese
3487 5260 3552 5306 ac
3582 5248 3698 5321 ejus

2104 5334 2365 5401 referrent
2392 5343 2819 5398 communienem
2849 5360 2861 5396 :
2890 5348 2943 5398 at
2976 5336 3116 5398 illius
3146 5342 3323 5399 animo
3359 5345 3528 5415 major
3560 5338 3701 5399 ditii-

2104 5434 2280 5490 dentia
2306 5435 2589 5500 insederat,
2613 5452 2769 5513 quam
2793 5448 2849 5490 ut
2876 5438 3042 5507 ipsum
3065 5438 3348 5509 quidquam
3373 5437 3580 5494 hiscere
3606 5446 3699 5493 aut

2102 5530 2300 5585 molire
2338 5530 2540 5585 sineret
2566 5528 2894 5603 (Possidius,
2936 5532 2989 5584 in
3041 5530 3155 5585 Vita
3183 5534 3471 5603 Augustini,
3490 5549 3536 5585 ε.
3569 5531 3693 5601 M).

2106 5620 2210 5676 Sed
2244 5622 2339 5676 hoc
2369 5633 2612 5693 quantum
2652 5624 2719 5677 ad
2762 5625 2921 5697 ipsius
2949 5625 3152 5677 mitium
3181 5634 3326 5694 atque
3366 5624 3693 5693 supplicium,

2105 5715 2178 5768 ait
2203 5716 2546 5783 Augustinus,
2577 5720 2769 5769 tantum
2811 5718 2879 5769 ad
2910 5717 3126 5771 aliorum
3168 5717 3597 5785 con/irritationem
3613 5724 3697 5773 Ia-

2102 5805 2353 5877 (manu
2380 5806 2607 5876 profecit.
2637 5800 2696 5864 Si
2712 5810 2842 5862 enim
2862 5808 3077 5863 viderent
3096 5807 3375 5861 Emeritam
3392 5807 3532 5861 nobis
3550 5814 3688 5859 com-
