4042 6360
425 224 534 283 505

429 377 533 432 ope
556 356 754 432 liquido
773 359 1080 431 explicatas.
1100 359 1284 433 Neque
1307 364 1410 419 alia
1430 364 1498 420 de
1515 380 1673 421 causa
1694 368 1853 422 etiam
1876 368 2021 425 illam

429 456 548 516 sine
566 456 902 511 contentione
919 472 1023 513 non
1041 459 1207 514 semel
1224 460 1484 526 tractavit,
1506 476 1573 515 an
1596 463 1793 518 scilicet
1807 465 1910 519 vivi
1936 480 2023 520 re-

426 551 562 619 perti
587 548 901 604 adveniente
921 551 1143 606 Domino
1164 552 1217 606 in
1245 553 1424 607 saeculi
1446 552 1549 609 line
1568 570 1631 609 ex
1656 555 1754 610 hac
1775 558 2017 612 mortali-

427 652 532 699 tate
550 644 614 698 ad
633 644 1081 701 immortalitatem
1109 648 1224 703 sine
1244 648 1416 703 media
1435 657 1605 703 morte
1629 652 1894 706 transituri
1912 654 2017 708 sint

426 734 617 806 (Epist.
642 736 762 801 195,
785 755 837 791 n.
862 738 894 792 9
920 755 1079 810 seqq,
1103 738 1231 793 etde
1247 738 1392 794 Civil.
1411 739 1525 807 Dei,
1549 742 1636 798 lib.
1653 743 1741 805 20.
1763 761 1875 815 cap.
1895 746 2008 817 20).

495 828 548 882 6.
594 830 919 899 Augustinus
956 830 1251 900 Hipponem
1291 848 1537 887 reversus
1579 834 1863 901 calamum,
1907 853 2012 907 quo

423 922 704 977 Mercatori
738 923 1072 991 rescriberet,
1100 923 1342 994 arripuit.
1373 924 1504 978 Nam
1528 924 1685 995 hujus
1711 928 1849 996 apud
1873 928 2007 984 Car-

416 1014 692 1084 thaginem
713 1010 733 1079 ,λ
763 1017 907 1084 prius
936 1031 1091 1085 quam
1114 1016 1410 1071 Caesaream
1438 1017 1887 1087 proficisceretur,
1917 1019 2007 1075 lit-

417 1115 562 1162 teras
594 1117 905 1176 acceperat,
938 1108 1126 1177 quibus
1150 1108 1475 1178 respondere
1500 1110 1734 1164 nondum
1762 1112 1860 1181 ipsi
1882 1129 2005 1183 gra-

415 1197 653 1253 vioribus
675 1199 897 1269 negotiis
919 1199 1324 1268 occupatissima
1345 1215 1407 1254 ac
1429 1200 1691 1255 interdum
1717 1203 2002 1272 perlatoris

414 1290 699 1345 occasione
727 1291 925 1345 carenti
955 1291 1197 1345 licuerat.
1225 1290 1511 1361 Propterea
1532 1294 1811 1363 Mercator,
1838 1313 1997 1366 quem

410 1381 526 1451 ejus
564 1383 761 1452 scripta
796 1381 1097 1437 vehementi
1136 1398 1198 1437 ac
1235 1383 1553 1452 praefervido
1587 1386 1798 1456 ingenio
1836 1387 1998 1445 fuisse

410 1471 679 1539 indicant,
717 1473 964 1527 secundis
1002 1474 1067 1528 ad
1108 1489 1229 1528 eum
1268 1474 1407 1529 datis
1442 1476 1657 1543 litteris,
1690 1479 1833 1549 quod
1863 1480 1995 1535 nihil

406 1566 697 1635 accepisset
722 1567 984 1635 responsi,
1013 1566 1233 1637 perinde
1263 1570 1605 1638 querebatur,
1633 1573 1783 1641 quasi
1811 1574 1992 1643 negle-

406 1666 523 1711 ctus
546 1658 932 1728 despectusque
953 1670 1094 1714 esset
1114 1662 1180 1714 ab
1206 1662 1500 1729 Augustino
1526 1681 1536 1715 :
1562 1663 1646 1717 cui
1672 1664 1813 1719 aliud
1833 1667 1989 1722 simul

402 1752 711 1819 opusculum
740 1741 1187 1808 adversus‘novos
1219 1754 1516 1818 haereticos,
1547 1756 1858 1828 Pelagianos
1882 1760 1987 1815 sci-

401 1840 546 1907 licet,
570 1842 636 1897 ab
658 1842 772 1913 ipso
793 1844 1235 1899 considerandum
1261 1846 1697 1917 probandumque
1722 1850 1982 1906 mittebat.

399 1933 495 1990 llis
542 1938 817 2005 perlectis,
860 1950 1075 1993 sanctus
1115 1939 1311 1994 Doctor
1347 1941 1508 1994 animi
1548 1945 1982 2013 commotionem,

397 2041 554 2095 quam
584 2027 654 2080 ibi
686 2028 946 2083 Mercator
970 2046 1079 2099 prae
1107 2045 1167 2085 se
1194 2030 1415 2095 ferebat,
1445 2047 1549 2086 non
1580 2034 1738 2089 modo
1764 2051 1870 2089 non
1898 2052 1981 2092 ac-

395 2118 537 2185 cepit
558 2118 611 2171 in
635 2119 826 2172 malam
854 2130 1078 2190 partem,
1098 2120 1193 2175 sed
1216 2131 1265 2175 et
1290 2123 1517 2177 maxime
1536 2134 1738 2192 gratam
1762 2126 1978 2194 habuit;

393 2216 552 2278 atque
594 2209 835 2279 ejusdem
882 2212 1239 2281 querimonias
1281 2215 1600 2269 sinceritatis
1640 2216 1980 2276 charitatisve

393 2299 585 2353 indicia
627 2315 745 2355 esse
786 2302 1041 2369 credidit,
1084 2318 1187 2357 non
1228 2303 1514 2360 iracundia;
1553 2307 1634 2361 vel
1669 2310 1974 2367 simultatis.

389 2388 569 2460 Itaque
616 2393 941 2447 rescribendi
992 2409 1089 2464 per
1133 2396 1381 2450 Albinum
1430 2399 1679 2455 Ecclesiae
1724 2403 1976 2460 Romana:

386 2482 689 2551 acolythnm
733 2486 1067 2541 occasionem
1111 2497 1329 2556 nactus,
1372 2490 1593 2545 dilatum
1634 2509 1970 2563 responsum,

384 2586 541 2645 prout
566 2578 801 2633 bonitate
836 2595 929 2632 sua
960 2590 1117 2649 atque
1148 2582 1444 2638 humilitate
1474 2584 1689 2653 dignum
1721 2598 1863 2653 erat,
1899 2592 1971 2646 illi

385 2678 691 2731 excusam;
724 2685 787 2724 ac
824 2671 999 2725 dubiis
1035 2672 1348 2742 quibusdam
1377 2676 1475 2729 sibi
1502 2676 1570 2731 ab
1595 2693 1659 2732 eo
1688 2684 1971 2751 propositis

380 2760 523 2816 circa
564 2760 615 2814 id
656 2762 796 2831 quod
838 2772 1063 2816 mortem
1110 2766 1310 2833 peccati
1349 2767 1597 2822 effectum
1644 2785 1707 2825 ac
1755 2788 1966 2841 poenam

381 2865 501 2906 esse
545 2853 810 2922 negabant
851 2854 1152 2924 Pelagiani,
1200 2859 1475 2914 satisfecit.
1531 2862 1816 2920 Enimvero
1874 2868 1969 2923 ob-

376 2946 632 3017 jiciebant
662 2948 757 3011 illi,
787 2964 959 3018 neque
990 2949 1264 3005 Enochum
1285 2994 1299 3017 ,
1333 2969 1504 3024 neque
1530 2956 1702 3011 Eliam
1730 2960 1960 3029 obiisse;

379 3052 588 3093 necnon
616 3052 921 3094 asseverare
950 3040 1171 3095 Paulum
1199 3057 1325 3110 eos,
1357 3045 1445 3114 qui
1476 3046 1687 3103 Christo
1717 3052 1964 3109 veniente

375 3132 691 3201 superstites
714 3141 885 3199 erunt,
916 3150 1024 3188 non
1056 3136 1359 3203 morituros,
1392 3140 1486 3193 Sed
1507 3141 1556 3195 ei
1578 3142 1725 3198 vivos
1750 3145 1959 3202 obviam

374 3233 583 3294 raptum
616 3224 683 3278 iri
712 3225 761 3279 in
789 3241 911 3280 aera
938 3245 950 3281 :
980 3226 1117 3282 unde
1141 3228 1459 3298 colligebant
1489 3231 1607 3300 ipsi,
1634 3249 1751 3288 cum
1774 3251 1961 3294 omnes

372 3314 620 3371 homines
651 3328 874 3372 mortem
908 3337 1012 3375 non
1048 3322 1304 3388 subeant,
1342 3332 1433 3378 aut
1465 3340 1557 3379 eos
1587 3328 1701 3381 sine
1741 3343 1958 3399 peccan

370 3415 526 3462 natos
546 3449 559 3472 ,
589 3408 731 3478 quod
758 3410 1017 3468 Catholici
1040 3412 1107 3468 de
1133 3415 1249 3469 solo
1272 3413 1487 3471 Christo
1513 3434 1672 3487 posse
1700 3420 1955 3479 aftirmari

368 3499 795 3567 contendebant;
825 3512 915 3556 aut
943 3518 1156 3573 pinnam
1190 3507 1386 3574 peccati
1419 3516 1643 3563 mortem
1676 3526 1779 3563 non
1812 3528 1951 3568 esse.

367 3588 728 3660 Objectionem
773 3593 910 3650 hanc
946 3596 1269 3665 Augustinus
1304 3598 1569 3668 explodit;
1601 3615 1666 3654 eo
1694 3603 1834 3669 quod
1868 3605 1952 3657 ni-

364 3682 580 3750 mirum,
607 3694 662 3737 ut
679 3685 908 3740 maxime
927 3695 1130 3741 certum
1152 3696 1296 3742 esset
1310 3703 1338 3741 a
1359 3690 1617 3745 moriendi
1634 3695 1951 3751 necessitate

363 3772 621 3841 quosdam
652 3774 768 3830 fore
800 3776 1097 3844 immunes,
1127 3778 1268 3833 haud
1297 3788 1471 3835 tamen
1500 3780 1786 3839 difﬁculter
1819 3801 1949 3842 con-

361 3863 467 3932 cipi
499 3866 699 3935 possit,
728 3867 780 3921 id
810 3868 1067 3938 singulari
1096 3871 1272 3942 aliquo
1298 3872 1390 3925 Dei
1420 3873 1695 3946 privilegio
1722 3892 1946 3935 conces-

358 3966 476 4007 sum
500 3955 583 4019 iri,
608 3972 733 4025 quo,
757 3959 799 4011 si
826 3958 1069 4023 voluerit,
1092 3961 1348 4030 quosdam
1372 3961 1495 4018 huic
1515 3980 1686 4034 paena:
1711 3969 1946 4028 eximere

356 4054 555 4115 potest,
580 4061 685 4102 non
708 4064 861 4104 secus
880 4066 942 4105 ac
963 4052 1144 4107 multis
1164 4054 1282 4108 aliis
1300 4070 1405 4109 non
1428 4057 1629 4112 eximit.
1649 4059 1944 4129 Epistolam

356 4152 507 4193 suam
540 4142 791 4195 terminat
819 4144 1151 4212 professione
1176 4146 1262 4203 illa
1290 4149 1571 4205 humilitati
1595 4152 1710 4221 ejus
1734 4164 1837 4209 tam
1865 4155 1941 4212 fa-

352 4231 544 4286 miliari
568 4274 583 4295 ,
629 4233 789 4289 malle
831 4250 890 4290 se
923 4250 988 4291 ex
1031 4238 1148 4293 aliis
1187 4242 1537 4309 quzestionum
1574 4245 1938 4305 abstrusarum

351 4323 671 4379 solutionem
704 4326 927 4393 discere,
958 4347 1115 4400 quam
1146 4347 1209 4387 ex
1240 4343 1409 4389 semet
1432 4351 1549 4391 eam
1576 4338 1680 4393 illis
1708 4342 1933 4399 tradere.

349 4411 484 4469 Plus
507 4432 642 4483 amo,
671 4419 765 4483 ait,
794 4420 1004 4488 discere,
1028 4440 1180 4495 quam
1207 4425 1401 4480 docere.
1430 4425 1497 4483 Ut
1517 4446 1634 4502 ergo
1660 4432 1933 4505 discamus,

347 4506 561 4563 invitare
582 4525 673 4563 nos
697 4510 841 4565 debet
866 4516 1087 4570 suavitas
1107 4518 1360 4586 veritatis;
1381 4530 1437 4574 ut
1457 4532 1625 4577 autem
1644 4525 1930 4596 doceamus,

346 4613 524 4669 cogere
551 4604 819 4657 necessitas
848 4605 1109 4661 charitatis
1131 4608 1323 4681 (Epist.
1352 4613 1473 4681 195,
1502 4632 1553 4669 η.
1591 4617 1698 4688 15).

418 4690 470 4744 7.
500 4691 724 4748 Albinus
758 4694 847 4750 ille
876 4698 1151 4769 acolythus
1178 4706 1466 4772 superioris
1493 4708 1730 4777 cpistola:
1760 4714 1933 4781 perla-

344 4790 451 4849 tor,
476 4782 606 4839 alias
633 4801 844 4857 quoque
868 4788 1002 4844 duas
1021 4790 1229 4858 detulit,
1255 4810 1410 4850 unam
1435 4796 1625 4870 (Epist.
1646 4803 1768 4871 192,
1796 4822 1847 4858 n.
1874 4805 1931 4879 1)

345 4877 414 4931 ad
442 4876 792 4935 Caelestinum
818 4882 1069 4939 Ecclesiae
1098 4886 1351 4943 Romanae
1380 4900 1502 4947 tunc
1530 4901 1781 4965 temporis
1810 4898 1928 4953 dia-

337 4985 534 5027 conum
554 5015 571 5042 ,
603 4990 667 5030 ac
698 4984 880 5045 postea
914 4981 1228 5049 praesulem;
1260 4999 1415 5053 quam
1444 4988 1720 5056 epistolam
1748 4992 1927 5062 Angu-

336 5062 510 5119 stinus
552 5065 666 5136 ejus
707 5068 899 5147 litteris
940 5070 1272 5142 Hipponem,
1315 5090 1436 5131 cum
1483 5077 1639 5150 ionge
1678 5082 1924 5152 abesset,

338 5152 515 5209 allatis
543 5156 805 5226 reddidit,
834 5168 892 5213 ut
916 5160 965 5215 ei
996 5172 1233 5218 mutuam
1260 5165 1683 5225 benevolentiam
1708 5181 1928 5229 testare-

336 5252 426 5300 tur
451 5264 465 5301 :
489 5246 706 5301 alteram
734 5259 911 5304 autem
938 5250 1132 5323 (Epist.
1164 5255 1288 5327 191)
1310 5257 1375 5311 ad
1405 5259 1643 5328 ejusdem
1672 5262 1925 5320 Ecclesiae

330 5339 706 5411 presbyterum
724 5382 738 5405 ,
767 5358 995 5414 eumque
1018 5346 1210 5403 deinde
1235 5347 1509 5407 leestini
1534 5354 1586 5408 in
1613 5357 1922 5429 episcopatu

332 5445 701 5487 successorem
728 5433 957 5503 Sixtum,
979 5440 1252 5511 scriptam,
1279 5460 1379 5513 qua
1407 5446 1476 5511 ei,
1503 5459 1560 5502 ut
1578 5448 1688 5518 jam
1714 5465 1742 5504 a
1769 5455 1921 5511 nobis

331 5522 698 5589 observatum,
724 5525 793 5581 ob
813 5538 1114 5598 susceptam
1135 5536 1317 5604 gratia:
1346 5536 1710 5598 defensionem
1736 5553 1918 5603 contra

327 5611 670 5686 Pelagianos,
694 5618 888 5689 quibus
910 5621 1082 5691 ipsum
1108 5624 1287 5683 favere
1312 5629 1448 5685 fama
1474 5642 1607 5701 erat,
1636 5636 1917 5705 plurimum

325 5707 627 5778 gratulatus
655 5719 762 5768 est.
786 5712 897 5769 Hac
917 5715 1141 5785 epistola
1166 5721 1510 5791 prolixiorem
1535 5728 1692 5784 aliam
1712 5745 1771 5787 se
1790 5733 1919 5789 mis-

1536 249 1690 307 VITA
1730 251 1787 308 S.
1828 253 2201 314 AUGUSTINI
2238 259 2562 321 EPISCOPI.

3617 294 3725 354 50L

2135 387 2321 431 surum
2360 394 2479 435 esse
2515 384 2895 453 pollicebatur:
2924 408 3082 464 quam
3120 399 3294 470 reipsa
3321 405 3479 473 paulo
3508 419 3627 478 post
3651 411 3721 469 ad

2128 483 2249 523 eum
2273 472 2641 541 perferendam
2663 479 2807 536 dedit
2831 481 3014 541 Firmo
3036 472 3348 563 presbytero
3372 472 3566 570 (Epist.
3590 504 3716 573 194,

2126 578 2177 616 n.
2201 565 2274 636 1).
2298 568 2441 624 llanc
2461 583 2675 630 sanctus
2696 576 2890 634 Doctor
2913 586 3291 651 posterioribus
3315 565 3501 664 gratiae
3528 600 3712 657 inimi-

2122 656 2199 712 cis
2228 659 2509 731 aliquando
2536 668 2680 722 velut
2706 670 2777 725 ob
2801 675 2986 730 oculos
3014 694 3217 746 ponens
3242 701 3254 736 :
3280 656 3585 761 Inspiciam,
3612 695 3711 763 ait,

2120 765 2272 817 quam
2303 752 2417 808 dedi
2451 757 2517 809 ad
2557 756 2763 815 Sixtum
2791 762 3038 823 Romana:
3074 770 3321 831 Ecclesia'
3344 752 3711 856 presbyterum;

2117 843 2320 907 quando
2340 846 2577 927 adversus
2601 850 2906 925 Pelagianos
2926 863 3171 918 acerrima
3193 870 3568 938 conﬂictatione
3589 893 3705 931 cer-

2117 935 2330 990 tavimus
2357 936 2377 1010 (
2392 937 2469 993 De
2493 940 2640 997 Dono
2668 953 3065 1021 perseverantior,
3094 972 3147 1012 η.
3182 959 3250 1013 55
3263 935 3306 1031 )’.
3341 962 3449 1019 Illic
3476 976 3528 1021 et
3552 969 3709 1027 solita

2111 1024 2302 1103 eﬂ‘ugia
2323 1030 2626 1089 intercludit
2654 1037 2969 1110 Pelagianis,
2994 1054 3048 1100 et
3068 1061 3250 1104 eorum
3264 1024 3457 1109 contra
3478 1059 3707 1128 gratiam

2110 1116 2314 1186 objecta
2340 1121 2613 1181 dissolvit:
2638 1131 2873 1202 petitque
2888 1144 3162 1205 postremo
3184 1140 3411 1212 Sixtum,
3435 1116 3508 1203 ιιῖ
3514 1151 3557 1204 si
3584 1167 3708 1222 qua:

2108 1208 2209 1263 alia
2238 1214 2444 1269 noverit
2463 1231 2555 1272 eos
2575 1219 2833 1278 adversus
2849 1227 3169 1286 catholicam
3195 1233 3352 1290 tidem
3375 1243 3702 1312 excogitare,

2108 1317 2316 1360 necnon
2357 1324 2711 1384 qumcumquc
2752 1316 3008 1376 adversus
3050 1326 3267 1381 eosdem
3310 1346 3405 1399 pro
3446 1334 3547 1390 fide
3587 1336 3705 1406 ipse

2104 1394 2434 1468 disseruerit,
2465 1416 2589 1461 nota
2620 1407 2773 1464 faciat
2803 1413 2903 1467 sibi
2935 1412 3128 1487 (Epist.
3157 1420 3281 1487 194,
3398 1425 3511 1499 47).

2172 1492 2226 1547 8.
2251 1493 2303 1548 Si
2326 1511 2427 1565 qua
2452 1515 2536 1553 res
2558 1500 2608 1555 id
2634 1506 2887 1573 temporis
2914 1507 3089 1564 locum
3112 1516 3374 1583 praeberet
3401 1492 3701 1592 Pelagiana:

2108 1583 2329 1641 hzeresis
2357 1591 2648 1657 perniciem
2672 1603 3150 1672 commonstrandi,
3169 1607 3494 1678 Augustinus
3519 1630 3579 1667 ea
3601 1631 3699 1684 op-

2098 1678 2421 1744 portunitate
2464 1684 2689 1741 solerter
2731 1690 2978 1746 utebatur
3021 1703 3076 1749 et
3117 1699 3460 1767 perlibenter.
3510 1678 3684 1776 Aptus

2095 1771 2306 1838 quidam
2329 1815 2343 1838 ,
2374 1775 2513 1831 idem
2558 1779 2647 1835 ille
2687 1782 2904 1838 forsitan
2946 1788 3227 1861 episcopus
3256 1809 3287 1849 e
3318 1808 3467 1866 parte
3503 1771 3691 1856 Donati

2095 1859 2474 1920 Tusurritanus
2491 1866 2696 1937 (Collat.
2719 1871 2985 1946 Carthag,
3010 1859 3299 1955 cap.'120),
3319 1859 3408 1957 qui
3431 1892 3686 1947 :emulum

2092 1967 2246 2008 suum
2273 1956 2326 2011 in
2354 1957 2649 2019 Collatione
2674 1970 2890 2037 agnovit
2915 1972 3237 2043 Asselicum,
3265 1979 3505 2038 Judaeum
3537 2001 3597 2041 se
3623 2002 3689 2043 ac

2091 2045 2381 2105 lsraelitam
2424 2055 2643 2111 vocitari
2684 2060 2933 2128 volebat;
2972 2081 3181 2123 necnon
3218 2071 3497 2132 Judaizare
3527 2077 3687 2133 Chri-

2088 2140 2309 2207 stianos,
2342 2144 2392 2198 id
2423 2156 2504 2202 est
2523 2190 2538 2214 ,
2566 2150 2836 2209 abstinere
2861 2156 2928 2210 ab
2957 2161 3094 2215 escis
3118 2162 3259 2233 Lege
3286 2167 3589 2236 prohibitis,
3621 2188 3686 2230 ac

2087 2241 2310 2289 cteteros
2337 2236 2586 2295 Judaicos
2616 2243 2749 2298 ritus
2776 2246 3062 2305 observare
3086 2252 3311 2310 docebat
3334 2257 3529 2329 (Epist.
3556 2263 3681 2330 196,

2084 2340 2141 2377 n.
2170 2325 2286 2397 16).
2312 2330 2570 2387 Asellicus
2596 2334 2793 2406 itaque,
2823 2340 2933 2395 sive
2960 2343 3247 2415 Asselicns,
3278 2325 3385 2418 ille,
3411 2325 3509 2408 nisi
3531 2325 3670 2411 fallis

2085 2435 2233 2486 mur,
2269 2422 2650 2483 Tusurritanus
2675 2433 2896 2489 antistes
2922 2436 3216 2497 catholicus
3236 2483 3248 2506 ,
3281 2446 3371 2514 qui
3400 2446 3681 2506 Collationi

2080 2526 2200 2566 cum
2225 2515 2363 2583 Apto
2385 2516 2741 2577 Tusurritano
2762 2526 3015 2597 episcopo
3044 2530 3313 2589 Donatista
3331 2537 3517 2603 adfuit,
3538 2540 3682 2596 litte—

2078 2618 2166 2658 ras
2193 2604 2261 2660 de
2285 2609 2505 2663 cavendi
2530 2610 2787 2669 Judaismi
2811 2617 3198 2689 disceptatione
3225 2626 3291 2679 ad
3320 2627 3676 2689 Donatianum

2078 2696 2351 2753 Bizaeenre
2393 2704 2681 2771 provincia:
2720 2724 2862 2764 anno
2899 2714 3425 2787 quadringentesimo
3462 2724 3676 2783 decimo

2074 2798 2264 2844 octavo
2290 2793 2567 2860 primatem
2591 2798 2773 2854 misit:
2799 2817 2929 2871 quas
2959 2805 3057 2861 iste
3082 2808 3148 2863 ad
3180 2812 3535 2883 Augustinum
3557 2834 3677 2889 per-

2072 2876 2321 2935 ferendas
2350 2887 2585 2953 curavit,
2619 2899 2677 2944 ut
2695 2891 2774 2947 eis
2798 2897 3171 2967 responderet,
3205 2904 3549 2965 vehementer
3570 2912 3672 2968 ob-

2070 2984 2287 3028 secrans
2314 2977 2332 3045 (
2354 2975 2516 3045 Ibid.,
2544 2998 2597 3036 n.
2630 2982 2719 3053 1).
2751 2985 2951 3043 Morem
2994 2995 3160 3063 gessit
3202 2998 3557 3069 Augustinus,
3606 3022 3672 3081 ac

2069 3062 2452 3124 demonstravit
2490 3070 2823 3132 Christianos
2863 3096 2990 3138 vere
3028 3083 3241 3142 Iudaeos
3279 3099 3335 3145 et
3378 3076 3663 3166 lsraelitas,

2067 3154 2353 3213 Abrahami
2381 3177 2593 3233 quoque
2620 3183 2683 3222 ac
2711 3168 2855 3225 Sane
2884 3173 3019 3229 filios
3045 3194 3152 3233 non
3181 3196 3344 3239 carne
3369 3227 3382 3249 ,
3414 3188 3507 3241 sed
3546 3192 3661 3259 spi-

2066 3249 2169 3304 ritu
2194 3266 2312 3306 esse
2337 3272 2349 3307 :
2380 3271 2478 3311 nec
2502 3265 2677 3315 tamen
2704 3264 2801 3332 eis,
2830 3267 2931 3322 nisi
2962 3286 3180 3339 perraro
3211 3274 3327 3333 haec
3353 3284 3659 3351 usurpanda

2063 3343 2353 3413 vocabula,
2399 3365 2497 3404 nec
2535 3367 2598 3407 ea
2640 3358 2949 3425 quotidiano
2989 3380 3088 3420 usu
3132 3366 3551 3441 frequentanda;
3596 3393 3664 3434 ne

2062 3434 2311 3494 videlicet
2335 3453 2549 3513 recepta
2584 3447 2711 3503 olim
2740 3457 3067 3511 consuetudo
3097 3434 3347 3531 loquendi
3380 3470 3661 3535 perturbe-

2063 3534 2168 3592 tur,
2212 3541 2265 3585 et
2299 3548 2419 3589 cum
2459 3536 2659 3595 Judmis
2700 3546 2899 3600 carnali
2942 3555 3285 3619 generatione
3326 3534 3393 3613 de
3429 3562 3657 3618 Abralue

2058 3622 2223 3692 stirpe
2275 3629 2604 3687 venientibus
2666 3637 3058 3697 confundantur
3108 3644 3392 3705 Christiani
3444 3652 3649 3725 (Ibid.,

2057 3728 2111 3765 η.
2139 3714 2292 3787 9-16)
2319 3736 2330 3772 τ
2355 3735 2383 3773 a
2412 3722 2603 3792 quibus
2635 3727 2722 3782 illa
2750 3731 2964 3800 quidem
2992 3751 3153 3806 opera
3182 3740 3356 3812 Legis,
3386 3714 3504 3815 qua:
3530 3714 3656 3806 sunt

2056 3803 2110 3859 in
2145 3810 2413 3868 veteribus
2453 3822 2834 3891 sacramentis,
2863 3842 3006 3883 nunc
3044 3833 3281 3889 revelato
3311 3836 3653 3899 Testamento

2053 3914 2212 3968 novo,
2236 3919 2568 3977 nequaquam
2591 3912 2919 3975 observanda
2943 3937 3080 3979 esse.
3101 3927 3169 3982 At
3190 3928 3275 3983 illa
3299 3947 3416 4002 qure
3436 3934 3488 3989 in
3506 3936 3648 4011 Lege

3316 3991 3329 4002 _
3533 3991 3541 3992 ,
3581 3991 3644 4011 υ-

2052 3991 2123 4046 ita
2151 4008 2412 4067 praecepta
2445 4014 2600 4069 sunt,
2635 4016 2690 4060 ut
2720 4010 2934 4068 valeant
2968 4016 3034 4071 ad
3075 4018 3441 4082 informandos
3471 4046 3648 4089 mores

2051 4082 2305 4155 fidelium,
2334 4089 2410 4144 sic
2433 4094 2735 4164 accipienda
2764 4111 2819 4156 et
2847 4104 3179 4166 observanda
3214 4114 3391 4183 docet,
3419 4131 3475 4174 ut
3494 4124 3649 4192 quid-

2047 4176 2171 4245 quid
2200 4178 2250 4232 in
2282 4182 2359 4235 eis
2388 4185 2611 4256 quisque
2639 4192 2845 4258 proficit
2866 4238 2879 4262 ,
2913 4214 3017 4254 non
3042 4202 3180 4272 sibi,
3207 4208 3301 4262 sed
3327 4176 3639 4282 gratiie'tri-

2045 4268 2171 4325 buat
2188 4269 2373 4345 (Ibid,
2396 4294 2449 4331 n.
2480 4280 2617 4353 1-8).
2641 4284 2772 4340 Nam
2796 4288 2859 4355 ii,
2882 4293 2969 4361 qui
2987 4311 3100 4350 cum
3121 4268 3451 4370 proﬁteantur
3467 4325 3520 4363 se
3542 4268 3648 4366 esse

2043 4358 2376 4429 Christianos,
2404 4369 2501 4440 ipsi
2522 4376 2698 4443 gratiae
2718 4377 2906 4436 Christi
2924 4385 2996 4439 sic
3015 4387 3366 4461 adversantur,
3394 4408 3450 4452 ut
3473 4417 3526 4455 se
3553 4403 3643 4455 Im-

2042 4456 2207 4509 manis
2243 4458 2427 4515 viribus
2466 4464 2636 4521 divina
2678 4472 2958 4530 existith
2994 4480 3205 4551 implere
3235 4491 3509 4558 mandata;
3543 4514 3639 4550 non

2039 4545 2241 4615 quidem
2267 4552 2502 4620 nomine,
2535 4557 2705 4628 inquit
2734 4574 2948 4623 sanctus
2978 4570 3203 4643 Doctor,
3233 4581 3322 4633 sed
3347 4600 3514 4640 errore
3546 4586 3634 4640 Ju-

2040 4638 2263 4695 daizant.
2293 4642 2407 4698 Hoc
2424 4664 2585 4718 genus
2614 4651 2906 4726 hominum,
2936 4662 3038 4730 ait,
3066 4669 3235 4737 capita
3259 4673 3356 4727 sibi
3380 4676 3645 4736 invenerat

2039 4728 2307 4804 Pelagium
2327 4745 2372 4790 et
2397 4736 2696 4809 Caelestium,
2723 4747 2994 4820 impietatis
3014 4728 3167 4827 ltujus
3186 4775 3456 4822 assertores
3480 4786 3622 4825 acer-
3666 4798 3682 4847 ι

2034 4824 2192 4881 rimas
2220 4843 2240 4881 :
2261 4831 2346 4899 qui
2374 4838 2558 4888 recenti
2581 4838 2777 4908 judicio
2809 4841 2936 4912 Dei,
2968 4866 3056 4917 per
3076 4824 3354 4925 diligentes
3378 4871 3425 4915 et
3453 4862 3630 4932 ﬁdeles
3666 4824 3677 4857 ξ

2034 4932 2201 4972 servos
2224 4922 2333 4990 ejus
2362 4925 2510 4978 etiam
2540 4930 2786 4986 catholica
2813 4943 3164 4997 communione
3190 4949 3371 5016 privati
3396 4965 3550 5022 sunt,
3580 4974 3621 5013 et

2033 5018 2238 5079 propter
2272 5029 2357 5066 cor
2395 5015 2729 5089 impaenitens,
2771 5027 2937 5083 adhuc
2960 5032 3014 5085 in
3040 5050 3132 5089 sua
3158 5038 3483 5100 damnatione
3510 5065 3628 5117 per-

2033 5099 2217 5154 sistunt
2247 5101 2431 5175 (Ibid.,
2463 5126 2515 5164 η.
2550 5111 2660 5184 15).

2668 5193 2895 5257 CAPUT
2935 5203 3075 5261 XIV.

2036 5261 2055 5315 1
2088 5262 2236 5317 Anno
2265 5269 2758 5342 quadringentesimo
2797 5282 2988 5339 decimo
3022 5304 3157 5343 nono
3192 5291 3448 5358 Honorius
3479 5323 3626 5360 man-

2102 5345 2277 5459 datpzt
2300 5350 2522 5459 Aurelio,
2550 5373 2744 5414 necnon
2766 5362 3047 5435 Augustino
3075 5373 3246 5443 mittit,
3275 5396 3373 5447 quo
3399 5387 3625 5459 ερξεεορί

2102 5427 2222 5459 ιηήὲ
2261 5438 2302 5459 ΔΙ
2323 5446 2375 5459 ρ..
2414 5435 2704 5459 -.....'...:--_-_
2736 5458 2773 5459 ρ
2827 5452 2837 5459 .
2925 5445 2959 5459 η
2998 5448 3008 5459 .
3082 5452 3091 5459 .
3277 5457 3283 5459 _

2100 5427 2302 5494 quilibet
2318 5431 2707 5505 subscriptiones
2723 5427 2899 5497 contra
2914 5427 3246 5520 Pelagiana";
3264 5427 3623 5522 lla'resilmsulls

2099 5506 2221 5558 dare
2242 5518 2519 5568 teneantur.
2544 5514 2579 5568 2
2600 5515 2849 5591 Prodigia
2872 5506 3210 5599 Jerosovlgma:
3227 5538 3444 5610 alibique
3463 5562 3624 5614 nuper

2099 5584 2201 5614 “Lm
2226 5599 2396 5614 ..,........
2435 5592 2634 5614 A-___,e.,-
2755 5600 2764 5609 ο
2958 5606 2967 5614 .
3216 5613 3220 5614 ,

2098 5584 2201 5637 visa
2226 5599 2396 5642 narrat
2418 5592 2731 5663 Augustinus
2748 5600 2799 5652 in
2824 5606 3063 5661 concione
3076 5584 3222 5680 bpud
3239 5584 3618 5693 Carr/tagine’in.

2099 5664 2129 5693 Εἰ
2162 5664 2489 5693 ιιιη......--.---η
2532 5674 2549 5693 Α
2703 5681 2732 5693 ,ι
2777 5682 2786 5691 -
2995 5690 3005 5693 -

2097 5664 2131 5717 5
2154 5664 2201 5717 11
2208 5667 2494 5740 ierouymus
2512 5674 2786 5748 Augustini
2804 5700 2974 5740 amore
2988 5664 3241 5763 incensus,
3260 5664 3539 5768 prwseiftim
3553 5707 3618 5762 ob

2420 5753 2430 5764 .
2498 5755 2509 5765 .
2728 5760 2759 5768 η
2815 5764 2824 5768 -
2909 5767 2913 5768 ν

2094 5745 2387 5816 jugulatam
2412 5753 2569 5822 ipsius
2596 5745 2692 5829 ope
2719 5760 3068 5826 Ctelestianam
