4042 6360
265 326 381 384 ιῖὓῦ

346 453 513 506 stinus
523 451 591 503 ad
606 448 920 522 Hesycliimn
941 447 1273 504 Salonensem
1291 447 1352 502 de
1367 449 1470 518 ﬁne
1487 447 1658 502 sa’culi
1675 446 1866 501 scribit.

345 546 381 601 5
415 544 537 599 Edit
571 543 754 598 librant
780 545 841 597 de
872 542 1081 610 Nuptiis
1108 552 1156 595 et
1180 539 1596 612 Concupiscentia
1627 541 1866 612 primum.

342 638 379 694 6
397 637 706 704 Quaestiones
721 646 766 690 et
781 635 1082 689 Locutiones
1096 635 1147 688 in
1163 633 1589 706 Heptateuchum.
1610 635 1640 686 7
1665 632 1872 687 Vincen-

1595 329 1794 385 [ΑΒΕῆ
1830 327 2188 389 SEPTIMUS.

3461 343 3566 401 506

1982 459 2126 518 ptum
2149 453 2304 509 fuerit
2327 455 2393 510 ab
2412 470 2552 510 anno
2575 455 3096 529 quadringentesimo
3123 461 3298 528 tertio,
3321 471 3411 516 aut
3431 477 3562 532 qua-

1977 541 2394 613 dringentesimo
2417 557 2624 616 quarto,
2649 564 2756 619 quo
2779 550 3096 621 gladiatores
3126 553 3352 607 abolevit
3384 554 3560 610 Hono-

1976 634 2088 690 rius
2105 635 2456 707 (Prudentius,
2482 640 2718 696 adversus
2740 643 3124 714 Symmachum,
3145 645 3231 700 lib.
3249 645 3304 712 2,
3329 658 3373 701 et
3394 646 3558 703 Theo-

342 729 447 782 tius
467 726 639 782 Victor
655 727 795 781 libris
810 727 872 782 de
888 725 1094 796 Origine
1106 723 1692 796 animteredurguiturab
1705 723 1870 794 Augu-
1975 727 2195 795 doretus,
2234 729 2370 786 Hist.
2399 732 2669 788 ecclesiast.
2695 735 2781 789 lib.
2813 738 2866 803 5,
2894 754 3007 808 cap.
3039 737 3150 808 25).

340 823 500 885 stino,
517 828 560 872 et
588 818 655 872 ad
676 819 956 872 revocanda
969 834 1231 888 perperam
1242 817 1302 870 ab
1316 834 1370 872 se
1382 816 1515 869 dicta
1526 815 1863 884 compellitur.

337 914 375 969 8
404 911 658 967 Pollentia
686 911 799 964 libri
820 911 881 964 de
900 908 1159 982 Conjugiis
1183 909 1480 963 adulterinis
1505 909 1606 962 duo
1635 907 1864 962 scribun-

337 1019 444 1061 tur.
469 1007 502 1063 9
525 1006 796 1080 Refellitur
814 1006 1129 1060 adversarius
1152 1003 1300 1076 Legis
1325 1013 1372 1058 et
1399 1002 1788 1074 PrOphetarum.

334 1100 393 1154 1.
426 1100 626 1168 Agitari
653 1100 930 1168 superiore
959 1112 1100 1152 anno
1127 1098 1290 1166 ccepit
1314 1095 1517 1166 Apiarii
1545 1110 1725 1160 causa,
1751 1109 1864 1164 pre-

254 1191 466 1262 sbyteri
506 1192 756 1246 nimirum
798 1191 938 1246 illius
976 1188 1276 1256 Siccensis,
1319 1189 1409 1259 qui
1453 1203 1547 1258 per
1590 1187 1859 1241 Urbanum

253 1285 575 1352 episc0pum
599 1297 753 1336 suum
781 1280 1292 1345 excommunicatus,
1316 1279 1485 1349 deque
1506 1292 1604 1333 suo
1623 1277 1860 1347 dejectus

250 1367 462 1446 gradu,
492 1375 557 1429 ad
595 1377 942 1446 apostolicam
977 1374 1171 1430 Sedem
1195 1416 1210 1440 ,
1243 1388 1364 1428 cum
1399 1383 1575 1426 tamen
1605 1371 1654 1424 id
1686 1371 1732 1424 ei
1765 1387 1860 1440 per

252 1472 532 1526 Africame
573 1471 824 1526 Ecclesia:
869 1468 1281 1524 consuetudines
1321 1477 1412 1520 aut
1452 1467 1594 1536 leges
1641 1465 1858 1521 minime

250 1563 449 1618 liceret
479 1561 684 1636 (Codice
709 1560 974 1616 Canonum
1003 1560 1192 1630 Afric.,
1225 1577 1339 1613 can.
1372 1559 1517 1630 125),
1549 1558 1851 1628 appellavit.

251 1655 328 1708 Ea
373 1670 462 1708 res
502 1654 937 1723 disceptationem
971 1653 1111 1706 inter
1139 1652 1437 1706 Romanum
1477 1652 1766 1705 antiSIitem
1802 1661 1856 1706 et

249 1748 542 1817 episcopos
574 1745 851 1799 Africanos
878 1733 1087 1814 longam
1121 1744 1326 1814 peperit
1354 1759 1416 1798 ac
1445 1743 1815 1813 permolestam
1835 1784 1850 1810 ,

247 1857 374 1909 qua:
415 1848 538 1892 ante
578 1844 848 1892 mortuum
886 1835 1148 1906 superiori
1168 1844 1394 1890 exeunte
1419 1850 1560 1889 anno
1584 1834 1851 1888 Zosiuium

249 1931 400 1984 finiri
435 1946 539 1984 non
569 1929 759 1999 potuit.
789 1928 984 1982 Zosimi
1015 1942 1294 1983 successor
1319 1926 1619 1981 Bonifacius
1646 1926 1851 1980 Africa-

247 2037 446 2077 norum
476 2021 671 2093 agendi
699 2021 960 2075 rationem
982 2063 996 2086 ,
1025 2028 1079 2074 et
1107 2019 1173 2074 ad
1201 2035 1259 2074 se
1282 2019 1431 2074 datas
1455 2019 1520 2072 ab
1552 2020 1678 2089 ipsis
1709 2020 1848 2074 litte-

245 2130 362 2180 ras,
386 2115 727 2185 quantumvis
746 2128 934 2184 graves
951 2122 1133 2168 essent
1150 2127 1212 2167 ac
1233 2113 1418 2179 fortes,
1445 2112 1848 2183 haudquaquam

245 2213 306 2263 in
333 2210 654 2265 deteriorem
684 2218 887 2277 partem
919 2209 1125 2277 accepit
1151 2225 1162 2262 :
1188 2207 1238 2261 id
1261 2206 1520 2277 siquidem
1546 2207 1849 2262 nullatenus

244 2302 558 2372 prohibuit,
600 2303 882 2372 quominus
916 2317 1034 2355 cum
1077 2299 1400 2370 Hipponensi
1444 2300 1716 2368 episcopo,
1757 2299 1849 2369 qui

245 2400 642 2453 celebratorum
664 2398 716 2450 in
747 2396 924 2451 Africa
946 2396 1012 2450 de
1035 2394 1235 2465 Apiarii
1263 2394 1475 2464 negotio
1503 2393 1847 2447 conciliorum

242 2507 376 2564 pars
398 2506 586 2561 magna
610 2489 724 2553 fuit,
751 2487 1199 2542 necessitudinem
1233 2486 1478 2540 habuerit
1504 2485 1843 2556 singularem.

245 2585 347 2638 llic
374 2591 572 2637 sanet-.c
603 2581 878 2636 memoriae
905 2595 1038 2650 papa
1067 2577 1310 2632 laudatur
1338 2594 1366 2631 a
1394 2579 1675 2647 Prospero,
1704 2577 1847 2647 quod

244 2687 438 2732 contra
468 2674 718 2729 inimicos
746 2672 930 2744 gratim
955 2671 1050 2726 Dei
1077 2686 1182 2726 non
1209 2670 1383 2726 solum
1411 2671 1724 2724 auctoritate
1751 2685 1846 2725 sua

242 2770 573 2837 apostolica,
616 2767 711 2822 sed
757 2766 918 2822 etiam
959 2766 1378 2835 lmperatorum,
1411 2781 1636 2834 quorum
1677 2765 1848 2835 pictas

242 2862 426 2917 studio
453 2861 596 2916 illius
616 2860 988 2929 opitulabatur,
1012 2858 1196 2912 edictis
1222 2857 1389 2926 egerit
1410 2855 1676 2928 (Prosper,
1706 2857 1839 2911 Con-

245 2966 327 3009 tra
353 2955 661 3009 Collatorem
682 2995 696 3018 ,
727 2969 783 3006 η.
813 2951 926 3021 57).
956 2949 1127 3019 Ipsius
1156 2965 1299 3003 cura:
1326 2947 1566 3002 fortassis
1600 2948 1728 3003 illud
1753 2949 1846 3002 ad-

243 3047 591 3104 scribendum
634 3045 900 3110 edictum,
939 3042 1080 3114 quod
1119 3041 1356 3107 Aurelio,
1394 3041 1480 3096 die
1509 3042 1695 3111 quinto
1729 3041 1846 3098 idus

239 3143 452 3211 juuias,
483 3155 626 3194 anno
664 3134 1192 3209 quadringentesimo
1217 3134 1425 3189 decimo
1457 3149 1618 3200 nono,
1651 3133 1844 3188 inscri-

245 3241 397 3302 ptum
429 3240 506 3285 est
533 3227 711 3300 (Apud
726 3228 964 3297 August,
999 3225 1165 3296 Epist.
1189 3222 1338 3295 201).
1372 3225 1636 3279 llonorius
1667 3224 1738 3278 ibi
1766 3224 1843 3278 si-

241 3327 492 3397 gnificat,
533 3324 763 3380 edictum
799 3323 1091 3394 superioris
1125 3322 1248 3376 anni
1279 3320 1537 3375 adversus
1567 3319 1842 3388 Pelagium

242 3426 408 3486 atque
446 3414 756 3471 leestium
797 3430 826 3470 a
869 3429 928 3470 se
966 3413 1170 3469 recenti
1208 3412 1484 3468 sanctione
1524 3419 1836 3466 renovatum

243 3524 394 3573 esse,
427 3509 692 3578 simulque
716 3507 1086 3572 constitutum,
1112 3515 1164 3560 ut
1190 3505 1429 3576 quisquis
1451 3520 1562 3568 eos,
1587 3518 1846 3574 quocum-

243 3616 350 3670 que
373 3599 591 3655 ditionis
607 3616 718 3656 sua:
736 3601 852 3654 loco
868 3599 1224 3665 constiterint,
1245 3599 1419 3652 sciens
1443 3612 1550 3650 non
1574 3596 1843 3666 proderet,

243 3703 337 3748 aut
372 3694 698 3763 expelleret,
733 3693 962 3765 ipsemet
995 3693 1047 3746 in
1079 3692 1322 3746 exsilium
1364 3691 1671 3761 pelleretur.
1714 3687 1844 3758 Epi-

245 3801 439 3858 sc0pos
467 3795 645 3841 autem
676 3786 764 3856 qui
799 3784 1015 3839 minime
1054 3783 1422 3837 obniterentur
1451 3781 1639 3858 iisdem
1669 3780 1842 3836 haere-

247 3857 384 3943 ticis,
421 3889 512 3932 aut
541 3894 660 3932 cum
690 3878 769 3932 eis
795 3877 955 3932 tacite
981 3876 1380 3940 consentirent,
1407 3873 1474 3927 ab
1497 3857 1715 3928 Aurelio
1744 3871 1841 3927 ad-

245 3973 453 4028 moneri
482 3972 636 4041 jubet
667 3971 823 4026 officii
865 3970 967 4024 sui.
998 3969 1118 4023 Vult
1149 3969 1285 4039 adigi
1323 3982 1512 4022 omnes
1551 3966 1840 4020 nniversim

245 4065 510 4118 antistites
541 4063 605 4117 ad
633 4061 1068 4117 subscribendam
1095 4060 1298 4130 Pelagii
1327 4059 1743 4124 damnationem,
1769 4057 1840 4112 ita

248 4169 305 4209 ut
329 4163 643 4210 recusantes
668 4154 925 4224 dignitate
949 4169 1043 4207 sua
1069 4160 1349 4218 cxuanlur,
1375 4161 1533 4218 atque
1563 4151 1616 4204 in
1649 4165 1838 4220 perpe-

249 4258 394 4302 tuum
424 4246 628 4316 expulsi
658 4245 960 4299 civitatibus
984 4245 1113 4309 suis,
1141 4243 1517 4297 communione
1542 4242 1835 4310 priventur.

250 4340 438 4393 Datum
478 4349 565 4394 est
601 4338 832 4393 edictum
873 4335 1011 4389 haud
1053 4335 1297 4390 absimile
1325 4334 1392 4388 ab
1422 4333 1746 4403 lmperatore
1771 4333 1838 4388 ad

247 4433 622 4504 Augustinum,
647 4432 737 4502 qui
760 4430 1002 4486 videlicet
1028 4430 1136 4484 suis
1158 4429 1362 4484 meritis
1387 4429 1757 4484 auctoritatem
1785 4437 1840 4485 et

248 4526 696 4580 existimationem
739 4539 857 4579 eam
901 4523 1001 4577 sibi
1051 4529 1487 4592 comparaverat,
1537 4531 1595 4575 ut
1635 4520 1839 4577 honore

249 4620 516 4692 primariae
545 4618 660 4674 sedi
688 4617 952 4672 Africana:
977 4615 1191 4686 proprio
1217 4614 1408 4684 dignus
1436 4613 1740 4668 haberetur.

317 4714 370 4768 2.
399 4710 808 4783 Carthaginensi
845 4709 1072 4765 concilio
1106 4708 1386 4778 prmsentis
1425 4708 1549 4761 anui
1591 4722 1710 4762 cum
1746 4706 1840 4761 ad-

247 4806 440 4861 fuisset
479 4805 842 4875 Augustinus,
875 4801 942 4856 ab
977 4801 1064 4854 illa
1101 4798 1320 4854 forsitan
1359 4797 1493 4852 urbe
1530 4799 1836 4868 priusquam

245 4900 451 4965 abiret,
478 4911 784 4953 sermonem
813 4894 865 4948 in
893 4893 1110 4947 basilica
1147 4891 1408 4946 Restituta
1442 4890 1586 4943 illum
1618 4889 1834 4958 habuit,

247 4993 300 5046 in
321 5007 430 5062 quo
449 4989 834 5060 prodigiorum,
857 5001 975 5055 qure
999 4983 1346 5054 Jerosolymre
1367 4996 1528 5047 anno,
1549 4980 1623 5034 uti
1644 4981 1839 5036 docent

244 5082 590 5152 Chronologi,
616 5076 1139 5151 quadringentesimo
1160 5075 1366 5130 decimo
1393 5089 1534 5128 nono
1557 5074 1668 5129 visa
1691 5083 1835 5140 sunt,

245 5185 496 5246 tanquam
525 5171 811 5228 admodum
843 5169 1138 5224 recentium
1164 5167 1424 5222 meminit.
1449 5166 1648 5222 Ibidem
1675 5166 1838 5221 etiam

245 5277 456 5335 narrat,
497 5265 802 5322 Sitifensem
844 5261 1112 5317 civitatem
1147 5260 1462 5331 gravissimo
1502 5268 1658 5314 terra:
1691 5269 1838 5314 motu

242 5374 562 5416 concussam
583 5355 748 5413 fuisse
769 5353 962 5428 (Serm.
989 5352 1076 5419 19,
1102 5370 1153 5406 η.
1176 5351 1252 5425 6).
1273 5352 1478 5407 Titulus
1498 5351 1697 5406 dictum
1719 5366 1840 5406 esse

246 5453 338 5508 die
377 5452 653 5507 Munerum
689 5449 898 5520 prodit;
946 5463 1011 5502 ex
1057 5462 1160 5518 quo
1200 5446 1446 5516 intelligit.
1487 5445 1836 5513 Sirmundus,

242 5546 546 5602 exhibitum
574 5544 680 5599 isto
703 5542 791 5598 die
817 5540 980 5595 fuisse
1007 5539 1377 5611 gladiatorium
1405 5547 1671 5592 certamen
1703 5556 1714 5590 :
1743 5537 1840 5593 sed

243 5641 427 5695 minus
450 5653 481 5692 a
507 5651 636 5693 vero
662 5635 937 5703 abhorret,
966 5632 1137 5688 notari
1169 5632 1252 5687 vel
1282 5640 1475 5685 statum
1506 5631 1840 5686 solummodo

241 5737 388 5795 diem
410 5779 428 5805 ,
458 5750 566 5808 quo
593 5733 724 5790 illud
751 5733 879 5789 olim
905 5729 1256 5787 exhibebatur
1275 5770 1288 5794 ,
1322 5727 1404 5783 vel
1437 5727 1587 5782 aliud
1605 5727 1840 5783 muneris

247 5843 445 5902 genus,
476 5827 621 5901 quod
648 5827 769 5886 loco
796 5823 1094 5896 gladiatorii
1123 5822 1428 5879 certaminis
1456 5820 1696 5878 exhiberi
1724 5835 1838 5877 εωέ

2047 820 2099 873 5.
2144 821 2243 887 Qui
2286 823 2656 879 Alexandriam
2689 844 2718 881 a
2755 845 2911 898 supra
2953 841 3246 887 memorato
3283 831 3558 907 Carthagi-

1972 913 2123 966 neusi
2164 914 2389 968 concilio
2430 917 2620 971 missus
2658 929 2741 973 est
2783 921 3120 977 Innocentius
3160 926 3453 996 presbyter,
3496 938 3555 983 ut

1971 1019 2124 1058 veros
2147 1021 2209 1059 ac
2231 1022 2511 1075 germanos
2540 1025 2774 1065 canones
2800 1013 2986 1082 synodi
3013 1014 3239 1068 Nicaeum
3261 1016 3327 1069 ab
3351 1018 3551 1088 Cyrillo

1968 1096 2248 1166 reciperet,
2279 1099 2413 1154 idem
2439 1101 2543 1166 ille,
2567 1114 2820 1172 quantum
2843 1106 3144 1176 conjectura
3171 1112 3379 1180 assequi
3409 1112 3549 1178 licet,

1967 1189 2243 1257 epistolam
2274 1191 2400 1246 illuc
2425 1193 2492 1246 ab
2521 1195 2814 1264 Augustino
2857 1208 3040 1253 contra
3087 1199 3394 1271 Pelagianos
3421 1206 3547 1258 scri-

1966 1288 2108 1349 ptam
2136 1281 2338 1337 detulit.
2372 1284 2426 1338 In
2457 1300 2516 1339 ea
2548 1298 2762 1341 sanctus
2791 1289 2983 1344 Doctor
3013 1291 3279 1360 Pelagium
3321 1295 3384 1347 ab
3427 1296 3551 1350 llie~

1964 1387 2190 1444 ronymo
2217 1375 2266 1428 in
2294 1376 2515 1446 dialogis
2539 1377 2930 1448 Scripturarum
2959 1399 3269 1452 oppressum
3301 1388 3546 1453 inolihuc,

1964 1474 2021 1518 ut
2040 1465 2281 1520 Julianus
2305 1468 2481 1533 tradit,
2513 1469 3064 1545 prtedicabat(0peris
3083 1475 3361 1546 imperfecti
3383 1478 3466 1530 lib.
3495 1479 3548 1544 4,

1961 1577 2074 1629 cap.
2097 1561 2208 1632 88).
2238 1561 2430 1617 Verum
2459 1564 2614 1633 periit
2643 1566 2756 1620 haec
2777 1567 3019 1636 cpistola,
3049 1585 3150 1622 non
3180 1586 3333 1625 secus
3358 1588 3420 1625 ac
3443 1573 3547 1626 alia

1959 1668 2116 1722 quam
2146 1661 2271 1708 tunc
2298 1654 2471 1709 eidem
2502 1655 2810 1712 Innocentio
2847 1659 3107 1715 dederunt
3141 1662 3464 1730 Augustinus
3494 1673 3548 1718 et

1959 1744 2180 1815 Alypius
2223 1747 2592 1815 perferendam
2637 1749 2704 1802 ad
2748 1749 3126 1822 Hieronymum
3152 1795 3164 1816 ,
3217 1755 3546 1810 sciscitantes

1959 1836 2178 1892 librisne
2227 1839 2491 1909 Pelagiani
2531 1841 2834 1911 cujusdam,
2879 1844 2966 1912 qui
3009 1859 3066 1899 se
3105 1844 3293 1899 Aniani
3335 1847 3546 1906 diaconi

1955 1929 2265 1986 Celedcnsis
2312 1933 2526 1988 nomine
2574 1933 2810 2000 ferebat,
2865 1935 3121 1991 adversus
3169 1937 3338 2006 ipsum
3388 1937 3545 1995 editis

1956 2024 2337 2094 respondisset.
2372 2025 2503 2080 Nam
2539 2043 2636 2097 per
2669 2027 2914 2083 eumdem
2956 2029 3322 2085 Innocentium
3353 2032 3547 2087 rescri-

1955 2116 2060 2185 psit
2105 2117 2207 2172 illis
2251 2117 2624 2190 Hieronymus,
2668 2135 2763 2190 per
2799 2120 3040 2176 dolorem
3083 2123 3150 2178 ab
3192 2123 3337 2178 obitu
3377 2124 3545 2180 beatze

1955 2205 2227 2261 Eustochii
2257 2219 2552 2277 acceptum,
2578 2209 2630 2263 id
2657 2211 2868 2280 aggredi
2897 2212 3122 2267 necdum
3148 2214 3247 2268 sibi
3279 2215 3545 2285 integrum

1953 2297 2152 2366 fuisse;
2197 2315 2414 2369 sperare
2455 2310 2627 2356 tamen
2651 2344 2666 2368 ,
2709 2302 2822 2357 fore
2861 2312 2917 2357 ut
2956 2319 3062 2359 non
3101 2321 3292 2376 magno
3331 2306 3544 2377 negotio

1954 2391 2085 2446 illud
2115 2402 2420 2461 prwstaret;
2461 2408 2522 2447 ac
2551 2395 2693 2463 ipsos
2722 2395 3064 2451 nihilominus
3091 2407 3296 2466 gratum
3328 2400 3428 2454 sibi
3459 2399 3540 2455 fa-

1951 2494 2164 2550 cturos,
2195 2486 2238 2539 si
2269 2485 2368 2540 hoc
2397 2486 2592 2542 laboris
2625 2488 2675 2540 iu
2709 2504 2768 2543 se
2797 2489 2993 2544 vellent
3036 2491 3294 2561 recipere.
3327 2493 3541 2548 Eisdem

1952 2578 2160 2632 Albinze
2182 2621 2197 2644 ,
2231 2579 2434 2634 Piniani
2456 2623 2471 2648 ,
2501 2579 2740 2635 Melania:
2771 2598 2833 2637 ac
2859 2583 3035 2638 Paula:
3063 2583 3292 2654 junioris
3326 2587 3540 2644 nomine

1953 2669 2176 2723 salutem
2205 2669 2525 2741 dicit(Apud
2546 2671 2781 2742 August.,
2816 2672 2980 2742 Epist.
3009 2674 3134 2739 202,
3167 2693 3218 2729 n.
3242 2675 3321 2746 2).
3350 2677 3538 2732 Hiero-

1953 2776 2145 2830 nymus
2169 2777 2310 2815 anno
2335 2763 2576 2832 sequenti
2603 2764 2849 2834 migravit
2873 2765 2939 2819 ad
2965 2782 3206 2836 superos.
3234 2768 3342 2822 Hac
3363 2769 3542 2841 itaque

1951 2862 2166 2908 sanctus
2194 2853 2482 2925 Presbyter
2501 2855 2720 2924 cpistola
2748 2872 2861 2924 sua,
2896 2869 2951 2912 ut
2984 2859 3209 2915 Baronio
3238 2861 3407 2916 visum
3435 2871 3538 2931 est,

1951 2947 2164 3014 ultima,
2195 2947 2430 3000 ultimam
2462 2948 2542 3001 sui
2571 2948 2624 3001 in
2648 2959 2861 3004 sanctos
2889 2950 3006 3005 illos
3035 2950 3315 3022 episcopos
3343 2954 3540 3009 amoris

1951 3036 2363 3092 declarationem
2401 3038 2659 3093 contineri
2701 3040 2869 3094 voluit
2910 3041 2962 3094 in
3004 3041 3119 3097 haec
3158 3043 3319 3098 verba
3353 3063 3366 3097 :
3405 3043 3542 3099 Mihi

1951 3130 2084 3184 enim
2127 3130 2288 3184 onmis
2329 3131 2522 3184 occasio
2567 3131 2854 3201 gratissima
2903 3142 2972 3187 est
2995 3177 3010 3200 ,
3057 3152 3146 3205 per
3186 3153 3336 3206 quam
3377 3137 3539 3194 scribo

1949 3233 2124 3278 vestrm
2140 3224 2478 3287 Reverentiaz;
2499 3234 2669 3278 testem
2688 3226 2926 3280 invocans
2947 3227 3128 3293 Deum,
3154 3230 3288 3300 quod
3307 3231 3350 3284 si
3373 3239 3540 3300 posset

1949 3317 2062 3386 fieri
2076 3359 2090 3384 ,
2120 3317 2389 3388 assumptis
2409 3317 2504 3370 alis
2529 3316 2800 3383 columbae,
2829 3320 3003 3373 vestris
3025 3321 3338 3390 amplexibus
3365 3322 3537 3393 implio

1949 3426 2127 3474 carer;
2157 3424 2353 3480 semper
2384 3409 2584 3477 quidem
2623 3426 2714 3480 pro
2748 3409 2926 3464 merito
2962 3411 3201 3465 uirtutum
3238 3423 3535 3484 vestrarum,

1947 3501 2036 3556 sed
2075 3517 2207 3554 nunc
2253 3500 2498 3567 maxime,
2547 3501 2667 3570 quia
2713 3501 3116 3572 c00peratoribns
3158 3513 3202 3558 et
3248 3506 3537 3560 auctoribus

1947 3592 2084 3647 vobis
2114 3592 2316 3646 liwresis
2344 3589 2641 3646 Cwlestiana
2659 3592 2901 3663 jugulata
2927 3602 2998 3646 est
3030 3592 3212 3664 (Ibid.,
3244 3612 3296 3648 n.
3331 3596 3408 3664 1).

2017 3685 2071 3738 4.
2123 3683 2448 3753 Augustinus
2492 3683 2558 3736 ad
2607 3683 2926 3754 llesychium
2971 3683 3212 3750 Salonae,
3255 3701 3373 3756 qua:
3414 3687 3538 3742 Dal-

1949 3777 2125 3832 matiae
2147 3776 2456 3845 metropolis
2477 3784 2578 3840 est,
2602 3776 2914 3843 antistitem,
2939 3777 3139 3832 litteras
3160 3777 3374 3833 circiter
3393 3778 3536 3835 hunc

1946 3883 2141 3923 annum
2167 3867 2331 3922 dedit.
2363 3867 2494 3922 Nam
2524 3883 2629 3938 quo
2658 3878 2900 3938 tempore
2927 3870 2975 3923 ei
3005 3870 3246 3942 scripsit,
3277 3885 3342 3925 eo
3365 3871 3474 3940 jam
3501 3886 3534 3928 a

1945 3961 2142 4016 Christi
2172 3958 2448 4016 nativitate
2477 3961 2601 4015 anni
2633 3961 2799 4017 ferme
2833 3962 3205 4032 quadringenti
3230 3972 3285 4018 et
3312 3963 3532 4034 viginti,

1944 4051 2012 4107 ab
2035 4052 2173 4106 illius
2199 4060 2378 4108 autem
2417 4053 2807 4108 resurrectione
2835 4053 2920 4107 vel
2951 4053 3262 4109 ascensione
3286 4055 3405 4126 plus
3432 4055 3534 4111 mi-

1943 4161 2044 4201 nus
2091 4146 2320 4202 trecenti
2369 4147 2654 4217 nonaginta
2702 4147 3119 4204 numerabantur
3159 4147 3357 4220 (Epist.
3408 4148 3530 4212 199.

1943 4259 1996 4296 n.
2023 4239 2146 4313 20).
2176 4241 2524 4311 Superstitem
2556 4241 2714 4296 etiam
2753 4242 3132 4314 Hieronymum
3168 4242 3342 4296 adhuc
3369 4243 3534 4299 fuisse

1943 4336 2229 4391 obscurum
2256 4350 2361 4390 non
2389 4343 2474 4389 est
2496 4332 2690 4406 (Epist.
2717 4335 2841 4403 197,
2865 4351 2955 4388 nn.
2980 4336 3031 4398 1,
3059 4336 3112 4402 5,
3141 4346 3185 4389 et
3213 4334 3378 4405 Epist.
3408 4336 3529 4404 198,

1941 4446 2030 4482 nn.
2064 4429 2116 4493 1,
2144 4429 2218 4498 7).
2248 4427 2588 4497 Contigerant
2629 4441 2696 4481 eo
2737 4435 2974 4497 tempore
3011 4427 3254 4497 quaedam
3295 4427 3532 4499 prodigia

1943 4519 2148 4592 (Epist.
2193 4518 2317 4584 198,
2364 4535 2416 4571 η.
2463 4519 2530 4582 5;
2571 4516 2902 4582 Pliilastrius,
2946 4517 3046 4583 12,
3092 4518 3155 4583 8;
3199 4517 3426 4588 ldacius,
3465 4521 3534 4575 ad

1942 4627 2131 4665 annum
2177 4609 2319 4676 418;
2370 4608 2700 4661 Marcellinus
2757 4617 2802 4662 ct
2850 4607 3150 4680 Prosper);
3202 4609 3324 4664 hinc
3373 4626 3533 4680 porro

1943 4703 2207 4774 llesychio
2256 4711 2376 4755 nata
2421 4699 2632 4755 occasio
2679 4700 2890 4755 videtur
2932 4701 2999 4755 ad
3046 4702 3394 4772 Augustinum
3437 4718 3533 4772 per

1943 4811 2105 4850 unum
2131 4809 2162 4848 e
2187 4793 2297 4849 suis
2332 4792 2692 4864 presbyteris,
2731 4793 2814 4846 cui
2858 4806 3051 4847 nomen
3089 4792 3360 4860 Cornuto,
3402 4795 3534 4848 scri-

1942 4888 2124 4955 bendi,
2151 4896 2209 4942 ut
2234 4887 2464 4941 disceret
2483 4902 2551 4940 ex
2570 4901 2658 4953 eo,
2687 4885 2943 4956 numquid
2969 4886 3242 4942 novissimi
3272 4886 3532 4942 adventus

1943 4981 2152 5036 Domini
2175 4989 2384 5050 tempus
2409 4979 2685 5033 imminere
2706 4993 2813 5032 non
2839 4987 3045 5047 putaret
3070 4995 3084 5032 :
3109 4978 3266 5048 idque
3291 4978 3423 5032 satis
3449 4978 3533 5032 in-

1942 5074 2230 5145 telligitur,
2278 5073 2446 5142 ipsum
2496 5071 2819 5142 Hesychium
2866 5071 3004 5126 idem
3046 5070 3174 5125 illud
3213 5079 3422 5139 tempus
3463 5085 3529 5125 ex

1940 5169 2272 5239 septuaginta
2317 5166 2549 5221 Danielis
2606 5165 3064 5230 hebdomadibus,
3112 5179 3244 5235 quas
3294 5164 3529 5220 secundo

1941 5260 2192 5316 adventui
2215 5258 2409 5313 Christi
2434 5257 2890 5323 accommodabat,
2918 5271 3106 5312 eruere
3130 5256 3363 5312 voluisse
3387 5272 3399 5308 :
3425 5272 3527 5326 qua

1942 5352 2008 5408 de
2027 5368 2086 5407 re
2110 5351 2461 5422 Augustinum
2489 5349 2805 5403 sententiam
2833 5349 3070 5418 rogabat.
3095 5348 3229 5402 Huic
3249 5349 3532 5418 sapientis-

1944 5445 2109 5499 simus
2135 5442 2337 5497 Prazsul
2369 5456 2463 5510 per
2483 5439 2729 5494 eumdem
2763 5439 3129 5510 presbyterum
3163 5440 3466 5511 respondit,
3495 5455 3528 5495 a

1942 5537 2148 5591 ratione
2177 5535 2405 5589 alienum
2435 5531 2622 5599 videri,
2653 5547 2770 5586 eam
2797 5547 2910 5587 rem
2939 5549 3198 5603 quaerere,
3227 5549 3383 5604 quam
3415 5535 3530 5604 ipse

1944 5630 2186 5686 Christus
2215 5636 2406 5683 tectam
2427 5641 2548 5681 esse
2567 5625 2851 5692 voluisset;
2875 5639 3048 5698 neque
3069 5626 3215 5681 aliud
3240 5627 3528 5698 quidquam

1944 5723 2140 5780 certius
2179 5720 2248 5777 de
2284 5719 2387 5776 hoc
2421 5717 2676 5774 affirmari
2707 5733 2863 5789 posse
2885 5760 2903 5788 ,
2930 5719 3034 5775 nisi
3059 5719 3198 5791 quod
3224 5720 3530 5792 evangelica

1945 5819 2032 5876 lex
2062 5814 2299 5872 nondum
2335 5828 2430 5884 per
2458 5812 2644 5870 orbem
2671 5812 2976 5872 universum
3001 5822 3145 5872 esset
3171 5813 3532 5901 promulgata.
