4042 6360
516 333 523 342 ι

508 394 613 451 De
647 390 979 464 septinginta
1015 397 1195 448 autem
1234 387 1583 447 hebdomadis
1608 402 1715 443 non
1744 386 1985 442 dubitare
2017 401 2107 453 se,

531 488 661 557 quin
707 501 801 541 eas
842 484 913 541 de
957 485 1129 554 primo
1171 483 1401 539 adventu
1444 481 1778 551 interpretari
1820 489 2106 551 oporteret.

532 579 665 637 Cum
686 594 812 636 vero
831 579 900 634 ab
921 578 1207 649 ilesychio,
1230 586 1289 632 ut
1307 576 1521 633 easdem
1544 575 1617 630 illi
1637 583 1944 643 exponeret,
1969 584 2110 630 esseet

528 684 764 746 rogatus,
788 675 853 729 ad
874 688 1027 741 eum,
1051 672 1189 743 quod
1213 671 1564 741 Hieronymus
1584 669 1635 723 in
1658 668 1928 724 Danielem
1950 682 2109 737 super

528 768 719 823 eodem
745 766 866 820 loco
887 772 1275 821 commentatus
1302 762 1491 826 fuerat,
1516 760 1675 823 misit,
1701 769 1887 829 petens
1906 767 1962 813 ιιι
1982 758 2106 828 quid

526 860 627 930 ipsi
661 859 729 912 de
757 857 861 911 hoc
884 856 1173 915 videretur,
1213 854 1312 910 sibi
1354 851 1690 907 rescriberet.
1732 852 1969 921 Epistula
2004 850 2106 905 hoc

527 947 881 1020 pulcherrimo
927 947 1029 1001 [ine
1063 945 1359 1000 clauditur:
1397 942 1606 997 Mollem
1653 944 1854 1014 quidem
1893 959 2100 1007 eorum,

521 1058 638 1116 quae
662 1059 693 1095 a
719 1059 796 1095 me
823 1040 1071 1110 inquisisti
1087 1081 1103 1101 ,
1141 1038 1323 1092 habere
1349 1037 1605 1091 scientiam
1629 1076 1645 1102 ,
1676 1053 1824 1106 quam
1858 1038 2102 1105 ignoran-

524 1137 681 1200 tiam;
710 1135 798 1189 sed
834 1135 953 1205 quia
989 1132 1043 1187 id
1079 1133 1303 1186 nonduin
1343 1131 1512 1202 potui,
1546 1131 1705 1200 magis
1743 1130 1871 1200 eligo
1905 1137 2103 1183 cautam

525 1226 867 1298 ignorantiam
903 1223 1163 1293 conﬁteri,
1200 1239 1350 1291 quam
1389 1222 1571 1294 falsam
1594 1222 1851 1275 scientiam
1878 1221 2103 1289 proﬁteri

522 1315 733 1388 (Epist.
781 1316 902 1380 i97,
955 1333 1009 1369 η.
1060 1312 1156 1385 5).
1205 1316 1392 1369 Exstat
1439 1314 1770 1385 Hesychiana
1822 1314 2100 1383 responsio

519 1410 699 1480 (Apud
736 1408 972 1480 Αιιρκδιη
1006 1409 1172 1480 Epist.
1204 1408 1357 1479 198),
1388 1423 1553 1477 eaque
1586 1407 1751 1463 ferme
1780 1409 1832 1461 in
1854 1407 1959 1462 hoc
1982 1423 2101 1461 ver-

515 1509 682 1565 satur,
708 1510 764 1555 ut
783 1517 957 1572 neque
972 1501 1135 1564 diem,
1167 1516 1339 1569 neque
1364 1516 1559 1554 annum
1581 1498 1765 1569 judicii
1794 1507 1972 1553 notum
2000 1498 2098 1555 ba-

512 1595 642 1650 bere
681 1612 779 1651 nos
822 1611 998 1666 posse,
1041 1611 1374 1667 nequaquam
1415 1603 1503 1650 eat
1540 1595 1774 1661 inﬁcias;
1812 1594 2100 1649 contendat

509 1702 641 1744 vero
664 1690 904 1760 ejusdem
930 1699 1138 1761 tempus
1165 1689 1395 1760 quodam
1426 1688 1584 1743 modo
1614 1688 1714 1743 sub
1740 1697 1977 1743 nostram
2004 1704 2095 1744 ca-

507 1783 648 1841 dere
663 1784 1040 1854 cognitionem,
1062 1784 1171 1839 imo
1188 1785 1350 1838 ctiam
1372 1798 1469 1837 uos
1485 1783 1548 1837 ad
1569 1783 1695 1838 illud
1711 1782 2094 1853 explorandum

510 1876 681 1931 teneri
706 1876 1010 1930 adstrictos.
1038 1876 1175 1930 Tum
1200 1876 1344 1930 addit
1378 1891 1441 1930 ex
1471 1876 1754 1946 prodigiis,
1784 1891 1904 1945 qua:
1930 1889 2095 1945 appao

513 1976 767 2035 merant,
806 1968 1034 2037 aliisque
1072 1968 1461 2022 calamitatibus
1499 1983 1563 2021 ac
1606 1967 1778 2033 bellis,
1825 1983 1944 2037 qua:
1993 1967 2095 2022 illis

509 2058 841 2127 temporibus
860 2059 1115 2113 continuo
1131 2059 1437 2123 smviebant,
1463 2058 1866 2129 haudquaquam
1892 2066 2095 2114 temere

507 2148 783 2211 concludi.
815 2149 941 2204 illud
967 2151 1077 2219 jam
1108 2165 1211 2204 non
1243 2166 1363 2206 esse
1389 2151 1799 2205 remotissimum
1827 2168 1840 2203 :
1871 2150 2094 2220 pepulos

505 2248 687 2294 autem
708 2282 721 2305 ,
752 2241 841 2310 qui
870 2242 1025 2295 fidem
1060 2242 1316 2297 hactenus
1360 2244 1589 2311 amplexi
1621 2258 1724 2297 non
1756 2241 1997 2307 fuerant,
2025 2241 2092 2297 ad

506 2345 627 2384 eam
666 2332 805 2387 intra
847 2333 1075 2404 spatium
1121 2349 1229 2388 non
1270 2335 1340 2388 ita
1384 2351 1630 2405 magnum
1676 2334 1864 2389 adduci
1912 2348 2088 2406 posse.

504 2423 659 2490 Quod
698 2424 765 2479 ad
802 2427 1134 2496 septuaginta
1174 2426 1573 2493 hebdomadas,
1611 2428 1993 2498 Hieronymum
2019 2428 2093 2483 ait

503 2513 639 2569 nihil
675 2515 898 2571 deﬁnire
917 2556 931 2581 ,
964 2525 1147 2587 utpote
1173 2517 1229 2572 in
1258 2518 1361 2573 hoc
1389 2518 1603 2573 dubium
1635 2534 1697 2573 ac
1727 2519 2087 2575 fluctuantem.

504 2604 588 2659 Ad
632 2615 931 2661 extremum
966 2608 1065 2673 iis,
1108 2608 1199 2678 qui
1236 2609 1451 2663 easdem
1490 2610 1662 2679 primo
1702 2610 1947 2664 adventui
1997 2609 2092 2665 ad-

504 2705 772 2766 eptarent,
802 2699 1165 2755 difﬁcultatem
1194 2716 1357 2756 unam
1392 2703 1632 2771 opponit,
1670 2719 1829 2772 quam
1864 2702 2086 2759 diluunt.

505 2789 664 2846 Hisce
713 2792 906 2846 litteris
956 2794 1279 2863 Augustinus
1325 2795 1546 2864 cpistola
1595 2795 1763 2850 altera
1805 2796 2091 2866 respondet

503 2882 698 2954 (Epist.
716 2868 857 2956 >199)
882 2903 898 2940 :
923 2900 986 2940 ac
1019 2886 1248 2955 primum
1276 2889 1513 2943 omnium
1539 2888 1857 2945 desiderium
1886 2889 2086 2947 adverb

502 2985 595 3031 tus
622 2977 880 3032 Dominici
918 2978 986 3032 ab
1022 2978 1361 3048 inquisitione
1396 2984 1647 3051 temporis
1667 3024 1681 3047 ,
1711 2997 1817 3051 quo
1846 2982 1934 3037 ille
1967 2984 2082 3048 ﬁet,

499 3068 809 3142 distinguit;
840 3074 1065 3128 alterum
1095 3073 1161 3129 ad
1193 3074 1613 3131 Christianorum
1650 3076 1886 3132 ofﬁcium
1921 3080 2085 3148 perti~

501 3177 633 3219 nere
668 3163 896 3232 docens,
925 3165 1148 3220 alterum
1193 3167 1479 3237 Evangelia
1511 3168 1813 3234 adversari;
1844 3170 2085 3240 quando~

502 3255 718 3325 quidem
755 3270 914 3312 nemo
941 3258 1039 3312 sibi
1067 3273 1319 3328 arrogare
1354 3259 1510 3315 debet
1544 3261 1899 3330 cognitionem
1930 3276 2084 3331 eam,

500 3360 663 3416 Quam
708 3348 981 3417 Apostolis
1016 3349 1127 3402 suis
1166 3358 1408 3420 negatam
1449 3350 1695 3405 Christus
1729 3352 1911 3407 voluit.
1957 3352 2085 3407 Dein
2138 3416 2143 3421 ,

496 3436 690 3492 fatetur
734 3439 949 3509 quidem
989 3456 1019 3493 ει
1062 3440 1277 3495 Christo
1315 3446 1443 3496 nato
1488 3443 1673 3498 horam
1717 3444 2083 3509 novissimam,

498 3527 599 3582 hoc
623 3538 721 3594 cst,
750 3541 1048 3585 extremum
1071 3522 1280 3602 tempus
1299 3533 1412 3603 agi;
1441 3542 1495 3588 at
1517 3550 1645 3588 vero
1670 3535 1920 3605 quamdiu
1945 3536 2083 3592 idem

496 3620 897 3688 producentiqu
945 3622 1054 3688 sit,
1100 3624 1368 3692 ignorari;
1420 3625 1639 3693 perinde
1687 3628 1855 3681 errari
1897 3629 1964 3682 ab
2005 3629 2085 3683 cis

495 3726 685 3780 posse.
722 3713 812 3782 qui
837 3711 1103 3768 Christum
1148 3715 1329 3781 brevi,
1369 3726 1528 3785 atque
1568 3717 1635 3771 ab
1674 3718 1753 3772 eis
1798 3720 1887 3789 qui
1936 3720 2084 3776 tarde

494 3812 779 3859 venturum
817 3806 1121 3872 crederent;
1152 3822 1352 3879 eosque
1388 3808 1649 3864 tutissime
1683 3809 1891 3877 facere,
1924 3823 2083 3883 atque

494 3898 563 3953 ab
600 3899 886 3969 Evangelio
921 3900 1172 3955 recedere
1214 3902 1464 3972 prepius,
1497 3902 1587 3972 qui
1618 3918 1647 3956 ιι
1687 3906 2081 3973 pronuntiando

493 4003 656 4058 super
687 4004 748 4043 ea
784 4005 842 4045 re
870 3990 1197 4045 abstinerent
1226 4006 1245 4044 :
1281 3991 1550 4048 afﬁrmare
1592 4004 1768 4048 autem
1807 3995 2080 4052 Christum

491 4081 799 4149 propediem
824 4081 1128 4137 adfuturum
1149 4124 1165 4146 ,
1193 4084 1455 4154 siquidem
1481 4086 1690 4140 nonnisi
1719 4097 1839 4157 post
1863 4088 2079 4159 longum

493 4174 826 4230 intervallum
865 4185 1010 4231 esset
1047 4186 1301 4232 venturus
1320 4216 1338 4244 ,
1368 4179 1720 4247 periculosum
1746 4194 1868 4238 esse
1892 4200 1908 4243 ι
1938 4184 2080 4239 cala-

491 4264 704 4320 mitates
727 4275 780 4321 et
808 4266 941 4321 bella
970 4267 1101 4322 nihil
1126 4268 1326 4323 distare
1351 4268 1421 4324 ab
1444 4269 1544 4334 eis,
1569 4286 1687 4340 quas
1715 4272 1816 4327 sub
1834 4271 2078 4330 Gallieno

490 4364 651 4426 atque
678 4358 796 4413 aliis
824 4359 1151 4428 temporibus
1174 4361 1286 4416 vise
1313 4359 1521 4416 fuerant
1546 4380 1559 4415 :
1588 4362 1751 4432 signis
1780 4364 1927 4429 item,
1955 4381 2075 4436 quae

490 4449 876 4517 vulgsliantur,
918 4450 1048 4505 nihil
1094 4451 1271 4507 inesse
1316 4460 1511 4521 praeter
1555 4469 1759 4508 morem
1805 4456 2019 4511 solitum
2056 4472 2073 4511 ε

486 4556 660 4612 nctjue
687 4545 843 4598 etiam
873 4560 900 4596 a
932 4546 1137 4599 ratione
1164 4545 1409 4601 aliennm-
1423 4547 1589 4602 videri
1613 4584 1629 4613 ,
1657 4562 1774 4618 qua:
1813 4560 1974 4619 super
2007 4565 2074 4608 ea

487 4648 547 4691 re
576 4636 822 4707 leguntur
848 4636 902 4690 in
931 4637 1221 4707 Evangelia
1239 4678 1255 4703 ,
1285 4638 1351 4692 ad
1384 4639 1708 4695 intellectum
1738 4640 2070 4708 spiritualem

486 4730 781 4785 traducere.
807 4730 887 4785 Ad
915 4739 1212 4785 extremum
1244 4731 1537 4798 contendit,
1568 4732 1621 4787 id
1648 4732 1788 4803 quod
1810 4749 1842 4788 a
1873 4735 2071 4790 Davide

482 4825 881 4895 pronuntiatum
902 4831 1005 4889 est,
1031 4823 1101 4878 In
1120 4841 1319 4878 omnem
1342 4834 1528 4879 tenam
1548 4826 1698 4880 exivit
1723 4836 1874 4882 sonus
1893 4842 2067 4884 eorum

484 4914 667 4989 (Psol.
713 4931 877 4982 xvm,
923 4916 1012 4984 5),
1045 4930 1139 4971 sua
1170 4926 1326 4971 astato
1359 4931 1467 4971 non
1502 4916 1665 4973 fuisse
1705 4921 2064 4989 completum,

481 5011 675 5064 nedum
717 5009 875 5064 fuerit
913 5008 1232 5080 Apostolicis
1271 5010 1618 5079 temporibus.
1650 5010 1817 5080 Hujus
1841 5011 1942 5067 loci
1966 5028 2066 5068 oc-

479 5102 695 5154 casione
721 5101 897 5165 docet,
922 5100 1153 5155 Africam
1180 5101 1479 5156 innumeris
1497 5100 1735 5156 barbaris
1763 5102 2066 5158 nationibus

480 5190 662 5257 incoli,
691 5191 883 5260 quibus
908 5190 1164 5245 hactenus
1195 5190 1541 5261 Evangelium
1567 5193 1892 5259 incognitum
1921 5208 2061 5261 esse,

479 5296 542 5333 ex
580 5282 642 5334 iis
675 5283 763 5352 qui
800 5283 1024 5337 Romam
1051 5283 1105 5337 in
1132 5283 1442 5338 servitutem
1485 5283 1606 5338 inde
1643 5283 2061 5352 abducelmntur,

477 5371 881 5439 deprehendere
906 5374 1141 5443 quotidie
1167 5374 1363 5429 licebat
1389 5371 1579 5447 (Epist.
1612 5373 1735 5439 i99,
1760 5391 1814 5428 η.
1844 5373 1957 5445 46).

547 5466 599 5518 5.
626 5464 965 5537 Nuncupatos
989 5468 1173 5523 comiti
1192 5468 1407 5524 Valerio
1432 5466 1598 5523 libros
1624 5468 1692 5524 de
1718 5467 1925 5539 Nuptiis
1946 5471 2058 5525 Au-

473 5558 714 5627 gnstinus
743 5558 795 5611 in
824 5559 935 5614 suis
962 5558 1445 5615 Retractatiouibtts
1478 5559 1713 5617 secundo
1750 5570 1868 5631 post
1897 5561 2060 5619 Gesta

472 5660 592 5703 eum
616 5649 871 5715 Emerita,
884 5667 1001 5721 qua:
1015 5651 1081 5705 ad
1098 5667 1295 5707 annum
1320 5651 1895 5722 quadringentesimum
1907 5652 2054 5709 deci-

432 5766 440 5773 ·
472 5755 621 5801 ω
640 5750 885 5803 aeterm
906 5744 1195 5818 perlitum,
1209 5744 1332 5805 loco
1350 5753 1595 5806 uocaset
1609 5744 1861 5833 (Retract.
1876 5745 1918 5804 ι.
1932 5746 1995 5817 2,
2006 5762 2055 5835 c.

1634 269 1788 328 VITA
1823 266 1882 326 Β.
1923 267 2288 331 cunmm
2335 267 2657 328 EPISCOPI.

2222 385 2333 456 55).
2363 387 2464 456 ipsi
2488 386 2674 442 beatus
2698 386 2897 443 Doctor
2921 388 3150 459 saepius,
3183 397 3239 444 et
3271 388 3408 446 forte
3428 390 3540 461 jam
3564 391 3634 447 ab
3657 408 3801 450 anno

2218 480 2741 551 quadringentesimo
2779 480 2988 537 decimo
3025 484 3252 553 septimo
3287 485 3606 554 scripserat,
3633 487 3707 542 ab
3730 504 3800 545 eo

2217 573 2357 629 nulla
2394 575 2740 642 responsione
2764 574 3115 641 resalutatus;
3145 577 3283 646 quod
3309 578 3358 631 ei
3384 579 3797 639 sollicitudinem

2213 664 2441 735 aliquam
2468 666 2760 721 afferebat:
2797 666 2892 722 sed
2935 667 3145 723 tandem
3178 670 3464 741 aliquando
3490 673 3660 727 tribus
3679 674 3797 745 ejus

2213 757 2450 824 epistolis
2472 757 2662 813 eodem
2692 758 2858 815 ferme
2877 768 3116 830 tempore
3140 760 3464 818 exhilaratus
3487 777 3603 829 est;
3625 767 3797 835 prima

2211 850 2311 904 sibi
2336 867 2428 920 per
2445 851 2826 909 Vindemialem
2851 853 3162 924 episcopum
3184 854 3412 921 reddita,
3435 873 3605 929 neque
3625 860 3796 913 multo

2214 953 2329 1012 post
2373 946 2605 1000 secunda
2647 955 2701 1000 et
2746 948 2899 1002 tertia
2932 963 3025 1017 per
3054 948 3289 1003 Firmum
3334 952 3735 1023 presbyterum,
3762 969 3793 1007 a

2160 1062 2164 1066 ~
2208 1055 2313 1106 quo
2334 1039 2466 1094 Si'xti
2488 1041 2690 1096 litteras
2709 1041 2886 1096 medio
2904 1042 3114 1097 circiter
3135 1058 3274 1097 anno
3301 1054 3415 1113 post
3439 1046 3796 1117 quadringen-

2211 1131 2453 1186 tesimum
2475 1132 2684 1188 decimo
2704 1145 2891 1188 octavo
2916 1144 3207 1205 receperat,
3234 1152 3498 1207 quemque
3521 1139 3794 1198 hominem

2208 1220 2300 1277 Dei
2333 1224 2525 1279 vocitat
2551 1224 2739 1295 (Epist.
2765 1225 2904 1291 200,
2929 1243 2983 1282 η.
3013 1227 3092 1298 1).
3116 1224 3390 1295 Comperit
3424 1244 3492 1285 eo
3529 1240 3791 1300 tempore,

2205 1329 2268 1368 ac
2298 1313 2431 1369 forte
2461 1316 2617 1371 etiam
2649 1333 2715 1371 ex
2744 1318 2931 1372 eodem
2969 1318 3060 1372 illo
3098 1320 3430 1390 presbytero,
3462 1322 3712 1378 incidisse
3738 1325 3794 1378 in

2206 1404 2398 1460 Valerii
2422 1424 2608 1463 manus
2628 1411 3129 1466 commentationem
3152 1413 3434 1482 quamdam
3453 1415 3789 1483 Pelagianam

2206 1498 2301 1567 ipsi
2334 1500 2407 1554 illi
2443 1503 2621 1556 comiti
2653 1504 2962 1573 inscriptam
2982 1544 2998 1569 ,
3024 1520 3127 1574 qua
3156 1507 3506 1575 Augustinum
3533 1510 3793 1578 originale

2204 1601 2478 1660 peccatum
2535 1595 2825 1650 astruendo
2884 1597 3095 1666 nuptias
3148 1598 3403 1654 damnare
3455 1600 3789 1669 jaclilabnttl.

2202 1683 2459 1751 Quamvis
2486 1685 2725 1741 Valerius
2764 1689 3081 1745 calumniam
3108 1690 3254 1744 illam
3286 1690 3388 1747 lide
3418 1692 3793 1751 l'Ol)llSI'iS>ilila

2203 1774 2456 1831 irrisisset
2473 1820 2487 1843 ,
2519 1780 2845 1848 Augustinus
2873 1788 3049 1835 tamen
3076 1780 3370 1836 doctrinam
3388 1778 3644 1837 Ecclesiae
3669 1801 3795 1838 con-

2204 1876 2282 1921 tra
2329 1870 2589 1937 ejusmodi
2630 1871 3060 1927 criminationem
3105 1874 3204 1927 sibi
3246 1873 3631 1930 defendendam
3660 1892 3791 1931 esse

2202 1963 2418 2030 putavit.
2450 1962 2559 2018 Hac
2586 1963 2745 2034 igitur
2768 1964 2837 2020 de
2864 1980 3025 2020 causa
3053 1966 3285 2037 primum
3322 1968 3623 2036 composuit
3647 1967 3787 2023 duo-

2198 2068 2317 2108 rum
2344 2054 2599 2110 librorum
2619 2098 2633 2122 ,
2658 2072 2791 2126 quos
2823 2056 2899 2111 De
2929 2057 3139 2126 Nuptiis
3167 2070 3213 2111 et
3234 2057 3657 2128 Concupiscentia
3702 2062 3788 2115 in-

2200 2144 2432 2214 scripsit.
2458 2145 2513 2199 ln
2544 2145 2644 2201 hoc
2674 2163 2789 2217 qua:
2810 2149 2915 2200 sint
2937 2150 3240 2218 nuptiarum
3269 2150 3407 2205 bona
3433 2151 3789 2219 demonstrat,

2200 2235 2314 2291 haec
2342 2238 2668 2307 distinguens
2696 2254 2726 2293 a
2751 2240 3203 2310 concupiscentia,
3232 2258 3388 2311 quam
3418 2258 3537 2296 esse
3563 2244 3787 2311 malum,

2199 2345 2308 2383 non
2337 2330 2403 2385 de
2432 2332 2733 2401 nuptiarum
2760 2342 2946 2386 natura
2968 2374 2987 2401 ,
3007 2333 3098 2387 sed
3128 2333 3179 2386 in
3204 2334 3415 2402 nuptias
3453 2350 3516 2388 ex
3555 2335 3787 2391 hominis

2197 2432 2414 2492 peccato
2439 2425 2731 2480 derivatum
2757 2426 2913 2481 docet
2945 2445 2957 2479 :
2990 2442 3097 2496 quo
3124 2436 3297 2481 tamen
3327 2428 3469 2483 male
3494 2429 3788 2499 conjugalis

2198 2515 2445 2584 pudicitia
2481 2516 2617 2572 bene
2652 2518 2817 2572 utitur
2841 2518 2905 2571 ad
2935 2519 3225 2573 liberorum
3254 2520 3697 2589 procreationem.
3731 2519 3789 2576 id

2195 2607 2372 2675 cperis
2399 2616 2516 2677 post
2537 2609 2803 2679 Pelagium
2824 2618 2981 2679 atque
3004 2610 3314 2665 leestium
3339 2611 3618 2666 damnatos
3638 2613 3789 2669 lucu-

2196 2697 2387 2767 bravit,
2418 2700 2647 2771 illudque
2675 2702 2995 2771 nuncupavit
3024 2700 3238 2756 Valerio
3256 2703 3470 2769 comiti,
3499 2712 3611 2758 tmn
3643 2706 3787 2774 quod

2196 2789 2334 2844 idem
2355 2792 2694 2860 scriptionem
2715 2808 2743 2845 a
2760 2792 3055 2863 Pelagianis
3075 2793 3173 2847 sibi
3196 2793 3453 2847 directam
3469 2796 3785 2865 recepisset;

2196 2890 2304 2935 tum
2332 2881 2472 2951 quod
2500 2884 2628 2953 ipsis
2652 2884 2756 2938 illis
2783 2883 3047 2939 haereticis
3076 2893 3384 2939 constanter
3403 2900 3467 2941 ac
3492 2885 3786 2941 efﬁcaciter

2194 2974 2508 3040 restitisset;
2540 2984 2648 3030 tum
2674 2975 2903 3048 denique
2931 2975 3074 3047 quod
3099 2976 3430 3047 conjugalem
3446 2980 3744 3034 castitatem
3765 3021 3783 3047 ,

2192 3080 2310 3136 quae
2334 3066 2399 3119 ad
2426 3065 2645 3136 hujusce
2670 3067 3040 3137 disputationis
3067 3079 3435 3137 argumentum
3465 3057 3784 3141 pertinebat,

2192 3158 2393 3212 coleret
2416 3173 2577 3228 quam
2609 3159 2944 3214 severissime
2976 3159 3077 3232 (De
3106 3158 3314 3232 Nuptiis
3337 3172 3384 3217 et
3406 3161 3783 3234 Concupiscet:-

2192 3249 2293 3315 tia,
2324 3249 2411 3303 lib.
2448 3250 2468 3302 i
2497 3290 2513 3317 ,
2541 3265 2595 3302 η.
2621 3249 2698 3321 5).
2730 3249 2970 3305 Remotis
2999 3251 3142 3306 enim
3175 3253 3333 3311 tantis
3359 3254 3620 3308 rationum
3659 3270 3784 3309 mo-

2193 3340 2421 3407 mentis,
2464 3340 2873 3412 haudquaquam
2910 3342 2955 3396 is
2989 3351 3133 3410 erat,
3165 3344 3254 3413 qui
3291 3345 3403 3399 viro
3432 3360 3495 3399 ea
3524 3331 3783 3415 dignitate

2191 3433 2497 3503 conspicuo,
2526 3448 2730 3490 necnon
2757 3435 3013 3505 impedito
3044 3436 3295 3506 negotiis,
3324 3438 3486 3492 libros
3516 3453 3642 3495 suos
3668 3456 3780 3496 non

2187 3524 2391 3607 petenti
2426 3525 2763 3592 obtruderct;
2793 3527 2934 3597 quod
2968 3527 3336 3597 impudentiae,
3363 3545 3521 3601 quam
3557 3530 3778 3587 urbani-

2191 3618 2313 3687 tati,
2356 3619 2571 3689 propius
2606 3619 2960 3675 existimabat.
2990 3620 3205 3675 Librum
3247 3621 3388 3676 hunc
3425 3622 3648 3692 epistola
3688 3641 3784 3682 co-

2188 3708 2370 3765 mitata
2411 3718 2494 3765 est
2529 3710 2745 3766 laudum
2773 3712 3011 3780 ejusdem
3042 3715 3252 3768 comitis
3284 3714 3466 3783 plena,
3493 3715 3546 3770 in
3575 3732 3682 3787 quo
3709 3734 3781 3773 ne

2188 3801 2428 3855 veritatis
2461 3801 2657 3857 limites
2696 3805 3038 3869 transdierit,
3074 3804 3365 3860 verendum
3396 3822 3500 3861 non
3530 3817 3631 3863 est.
3678 3808 3779 3863 Et-

2187 3892 2330 3945 enim
2348 3902 2699 3964 praeterquam
2725 3893 2865 3964 quod
2892 3895 3021 3950 nihil
3047 3904 3164 3951 erat
3179 3896 3295 3967 ejus
3318 3896 3582 3954 charitate
3607 3902 3778 3971 magis

2186 3983 2489 4053 sincerum,
2533 3985 2704 4055 ipsum
2748 3998 3003 4057 praeterea
3046 4002 3267 4053 cavere,
3301 3999 3358 4044 ut
3384 3991 3499 4061 ipse
3530 4000 3772 4060 testatur,

2185 4076 2482 4145 oportebat,
2503 4092 2570 4131 ne
2596 4080 2949 4149 suSpicioncm
2977 4080 3241 4136 adulantis
3261 4081 3554 4141 incurreret
3576 4082 3793 4157 (Epist..

2183 4165 2310 4234 200,
2339 4184 2391 4220 η.
2427 4165 2498 4239 i).
2525 4168 2593 4223 Et
2622 4185 2804 4224 revera
2826 4171 3094 4241 Pelagiani
3118 4173 3244 4229 hinc
3268 4174 3605 4231 occasionem
3636 4178 3775 4232 arri-

2184 4269 2413 4332 puerunt
2436 4261 2670 4332 jactandi
2691 4305 2705 4326 ,
2740 4264 2886 4319 illum
2918 4280 3023 4319 non
3050 4266 3155 4321 alio
3191 4268 3416 4324 consilio
3441 4271 3675 4325 scribere
3703 4273 3773 4328 ad

2180 4352 2462 4408 militarem
2484 4353 2677 4421 virum,
2695 4354 2792 4409 nisi
2818 4365 2871 4409 ut
2893 4355 3009 4426 ejus
3033 4359 3321 4427 potentiam
3353 4359 3608 4417 adversus
3625 4362 3772 4434 ipsos

2178 4445 2469 4500 concitaret
2491 4443 2698 4517 (Operis
2725 4447 3005 4518 imperfecti
3034 4450 3122 4505 lib.
3154 4449 3208 4511 2,
3238 4467 3354 4522 cap.
3384 4444 3494 4526 Li).

2248 4538 2299 4593 6.
2334 4537 2474 4594 Inter
2502 4540 2729 4610 primum
2774 4541 2915 4596 hunc
2948 4542 3145 4599 librum
3171 4543 3235 4598 ad
3270 4545 3535 4601 Valerium
3555 4586 3570 4614 ,
3594 4554 3649 4602 et
3675 4562 3736 4604 se

2176 4629 2406 4685 cundum
2434 4630 2501 4687 ad
2525 4631 2801 4700 eumdem,
2834 4636 3159 4705 Augustinus
3190 4638 3242 4691 in
3272 4638 3767 4697 lletractationibus

2174 4724 2284 4779 suis
2308 4741 2414 4780 non
2439 4740 2659 4796 parvum
2687 4726 2944 4783 librorum
2972 4746 3249 4786 numerum
3271 4731 3537 4804 interjicit.
3559 4734 3765 4792 Horum

2174 4815 2326 4886 primi
2356 4825 2499 4885 sunt,
2526 4818 2575 4871 in
2604 4827 2806 4889 septem
2836 4820 3036 4891 primos
3064 4822 3256 4878 divinae
3281 4822 3565 4895 Scriptura:
3592 4827 3758 4884 libros

2174 4908 2392 4962 totidem
2437 4909 2786 4965 Locutionum
2836 4912 2995 4977 libri,
3042 4915 3230 4983 quibus
3274 4924 3328 4971 et
3368 4928 3570 4986 septem
3624 4919 3762 4975 alios

2171 5000 2534 5067 Qumstionum
2549 5003 2600 5056 in
2628 5003 2847 5059 eosdem
2858 5005 3063 5060 divinos
3076 5007 3238 5063 libros
3249 5008 3312 5062 ad
3313 5009 3488 5079 jnuxit
3503 5006 3755 5081 (Retract.

2170 5091 2256 5145 lib.
2273 5091 2327 5157 r2,
2348 5110 2496 5164 capp.
2518 5095 2615 5160 54,
2634 5093 2746 5167 55).
2776 5097 3116 5153 incumbebat
3142 5101 3330 5156 eodem
3360 5112 3596 5173 tempore
3622 5110 3757 5161 utri-

2169 5201 2271 5256 que
2297 5188 2465 5256 operi.
2494 5186 2684 5242 Libros
2720 5188 3112 5259 Quaestionum,
3143 5209 3260 5262 qua:
3288 5193 3341 5248 iu
3367 5195 3752 5255 Locutionibns

2166 5296 2272 5335 non
2317 5281 2479 5335 semel
2509 5281 2756 5346 citantur,
2785 5285 3080 5355 composuit
3107 5285 3332 5357 legendo
3361 5298 3571 5344 sanctas
3602 5291 3751 5346 Seri-

2165 5380 2347 5443 pturas
2376 5374 2594 5445 (Quam.
2618 5375 2672 5428 in
2702 5374 3101 5445 Heptateuchum
3131 5380 3217 5433 lib.
3246 5380 3301 5447 2,
3330 5390 3509 5452 quwst.
3537 5382 3635 5449 61;
3656 5386 3745 5439 lib.

2164 5463 2218 5529 6,
2238 5475 2415 5537 quam.
2446 5466 2551 5531 29;
2579 5464 2665 5522 lib.
2696 5468 2749 5534 7,
2779 5478 2975 5539 quaestt.
3008 5470 3099 5538 49,
3125 5472 3217 5543 5i)
3252 5482 3305 5527 et
3339 5476 3481 5527 varia
3513 5474 3747 5545 Septua-

2160 5557 2304 5629 ginta
2342 5558 2692 5628 interpretum
2733 5561 3055 5630 exemplaria
3098 5565 3446 5634 conferendo,
3476 5567 3745 5622 interdum

2161 5653 2322 5710 etiam
2351 5653 2592 5723 adjuncta
2611 5695 2627 5721 ,
2655 5670 2775 5709 cum
2814 5657 3145 5713 versiouibus
3173 5660 3378 5731 Aquitc
3408 5677 3470 5716 ac
3498 5644 3763 5734 SymmaJ
3782 5708 3799 5734 τῆ

2156 5708 2280 5837 chi,
2329 5708 2662 5804 traductione
2703 5708 2773 5803 cs
3778 5708 3803 5774 ﬁ
