4042 6360
284 344 411 411 Μ

283 470 611 543 Hieronymi
650 472 783 526 hanc
824 480 942 526 esse
987 475 1089 525 non
1143 464 1484 535 dubitamus;
1532 468 1743 541 quando
1785 470 1884 528 alia

279 563 435 621 nulla
461 564 561 621 hoc
581 561 732 622 titulo
756 565 1000 621 exstabat
1018 560 1162 636 apud
1179 562 1412 630 Latinos,
1441 568 1497 619 et
1521 574 1640 620 eum
1666 562 1883 637 Vulgata

278 668 477 715 nostra
496 650 729 715 editione
748 660 1084 714 consentiunt
1098 675 1157 713 ca
1171 675 1286 729 qum
1303 673 1369 715 ex
1386 658 1568 715 eadem
1584 655 1667 714 illa
1684 657 1884 731 profert

277 756 618 825 Augustinus
638 756 1027 831 (Qat‘vstionum,
1055 754 1107 810 in
1133 750 1469 827 Heptateuch.
1492 749 1597 819 1.5,
1621 752 1820 825 qu.‘20;
1842 756 1877 809 Ι.

277 848 343 916 6',
370 858 569 920 quam.
592 840 641 915 7,
668 846 752 906 {5.
776 846 860 913 l9,
879 844 969 915 24,
988 846 1141 909 25:1.
1165 846 1219 913 7,
1241 854 1436 917 qua’stt.
1460 842 1550 915 Ξῖ,
1720 840 1881 917 igitur

274 959 406 997 cum
438 959 497 999 ea
525 944 731 1000 ratione
751 942 1037 1013 Scriptura:
1057 952 1266 998 vacaret
1288 938 1517 1007 lectioni,
1540 940 1720 995 statuit
1742 936 1879 1012 apud

273 1046 365 1096 se,
389 1030 644 1105 quidquid
669 1022 996 1089 difficultatis
1023 1038 1350 1100 'occurreret,
1368 1033 1566 1089 chartis
1595 1033 1876 1100 mandare;

270 1137 567 1184 Contentus
607 1129 816 1184 interim
853 1125 1103 1182 nonnulla
1145 1128 1427 1194 adnotare,
1459 1127 1656 1183 cursim
1683 1142 1880 1196 expen-

273 1220 414 1276 dere
442 1221 565 1286 alia,
585 1229 639 1276 et
656 1226 713 1276 ea
738 1220 995 1277 duntaxat
1013 1219 1284 1291 etpedire,
1307 1236 1425 1292 qure
1443 1216 1695 1291 longioris
1710 1236 1874 1275 mora:

273 1328 392 1367 non
444 1310 757 1383 indigerent.
807 1312 1141 1384 Quapropter
1192 1308 1693 1368 eomntentationem
1740 1310 1876 1368 hanc

272 1406 653 1474 Quarstionum
685 1404 834 1461 titulo
863 1404 1026 1461 voluit
1054 1406 1362 1478 inscriptam
1391 1426 1402 1461 :
1430 1407 1635 1462 tametsi
1665 1407 1871 1462 illarum

276 1494 550 1569 pleraeque
580 1498 650 1553 ibi
688 1499 761 1552 sie.
793 1494 1072 1571 disputata:
1108 1500 1461 1569 reperiantur,
1488 1507 1544 1553 ut
1572 1499 1779 1553 abunde
1806 1498 1872 1554 il-

272 1590 518 1646 lustrata!
542 1592 935 1660 enucleatmque
962 1587 1124 1645 videri
1153 1600 1366 1660 queant.
1399 1590 1502 1644 Sed
1533 1608 1597 1645 ne
1629 1590 1729 1646 illa;
1758 1590 1875 1662 qui-

275 1681 436 1746 dem.
470 1696 599 1753 quas
640 1683 838 1752 scripto
878 1680 1191 1752 consignare
1235 1680 1362 1737 satis
1405 1678 1620 1747 habuit,
1655 1682 1872 1737 omnino

274 1782 375 1828 sna
407 1774 632 1829 utilitate
654 1770 1041 1840 destituuntur;
1071 1791 1189 1828 cum
1219 1772 1286 1829 sit
1312 1774 1611 1829 inveniendi
1641 1775 1867 1840 initium,

274 1864 407 1937 quid
439 1865 860 1939 investigandum
893 1866 961 1921 sit
986 1872 1331 1938 cognoscere.
1352 1864 1600 1938 Coeperat
1624 1869 1674 1922 in
1706 1867 1871 1922 libros

273 1956 483 2031 Regum
513 1958 700 2016 eadem
731 1960 934 2015 ratione
977 1960 1279 2030 inquirere;
1312 1970 1364 2014 at
1395 1974 1512 2014 cum
1547 1956 1781 2015 nonnihil
1815 1961 1867 2014 iu

271 2068 348 2110 eo
384 2050 565 2109 labore
608 2052 991 2123 promovisset,
1027 2068 1146 2107 eum
1185 2050 1252 2106 ab
1296 2048 1384 2106 illo
1416 2050 1656 2124 quredam
1705 2051 1870 2122 magis

277 2149 583 2203 necessaria
614 2156 933 2203 revocarunt
962 2147 1209 2219 (Retract.
1244 2144 1330 2200 lib.
1355 2145 1419 2212 2,
1448 2163 1563 2215 cap.
1596 2145 1684 2212 53,
1709 2164 1757 2199 η.
1794 2144 1866 2218 l).

276 2234 437 2309 Quod
462 2256 592 2295 vero
616 2237 685 2295 ad
710 2236 874 2294 libros
898 2236 1246 2294 Locutionum
1270 2281 1284 2305 ,
1313 2237 1555 2294 collectio
1593 2245 1674 2292 est
1712 2236 1869 2305 phra-

273 2332 416 2387 sium
451 2328 737 2401 Scriptura:
763 2331 1092 2403 propriarum
1115 2374 1129 2395 ,
1162 2347 1280 2403 quae
1311 2347 1414 2385 non
1446 2328 1680 2397 aliunde,
1713 2345 1867 2400 quam

278 2438 348 2478 ex
380 2424 584 2479 ratione
607 2416 870 2493 modoque
893 2418 1156 2476 idiomatis
1185 2423 1340 2492 grmci
1369 2420 1453 2475 vel
1479 2414 1674 2475 hehrmi
1695 2461 1710 2487 ,
1742 2435 1867 2489 pro-

278 2512 583 2579 fluxerunt;
612 2529 731 2584 quae
762 2510 1008 2569 videlicet
1035 2528 1154 2567 cum
1200 2513 1251 2570 in
1290 2510 1452 2567 latina
1486 2511 1870 2568 consuetudine

276 2606 457 2661 minus
479 2607 686 2662 usitata:
710 2602 841 2674 sint,
862 2606 1194 2663 Occasionem
1222 2604 1460 2677 prmbent
1482 2612 1664 2675 parum
1686 2602 1872 2659 adver-

279 2698 546 2765 tentibus,
580 2694 652 2755 ibi
681 2699 938 2772 quosdam
970 2698 1224 2773 mysticos
1262 2714 1448 2753 sensus
1476 2699 1739 2769 captandi.
1770 2697 1869 2767 Qui

277 2809 676 2863 nonnunquam,
723 2788 797 2846 ait
836 2802 1051 2848 sanctus
1091 2786 1637 2861 Doctor,cxsculpunt
1682 2786 1875 2860 aliquid

277 2884 414 2955 quod
449 2901 480 2937 a
508 2886 714 2939 ueritate
747 2880 948 2954 quidem
991 2902 1091 2938 non
1132 2884 1427 2951 abhorreat;
1472 2900 1572 2937 non
1613 2888 1776 2937 tanien
1818 2882 1876 2936 id

277 2980 492 3032 sensisse
517 2988 714 3041 auctor,
743 2995 774 3031 a
801 2996 899 3049 quo
923 2978 1015 3031 hoc
1039 2977 1281 3049 scriptum
1306 2972 1867 3047 est,invenitur(1bid.,

276 3086 393 3140 cap.
429 3066 545 3139 54).
589 3062 801 3124 Putavit
838 3068 997 3139 igitur
1034 3068 1101 3123 ad
1145 3066 1514 3140 intelligendos
1550 3068 1699 3124 locos
1738 3066 1871 3123 bene

278 3160 497 3229 multos,
531 3160 721 3230 quibus
762 3155 961 3231 aliquid
999 3158 1339 3216 obscuritatis
1375 3160 1550 3216 inesse
1573 3154 1867 3227 videbatur,

278 3247 409 3307 nihil
436 3250 577 3307 aliud
608 3253 838 3323 requiri,
871 3269 1030 3325 quam
1064 3270 1170 3324 quo
1211 3269 1368 3308 sensu
1399 3254 1451 3307 in
1483 3252 1603 3307 aliis
1645 3268 1870 3323 usurpa-

275 3354 467 3398 rentur
508 3340 638 3399 locis
678 3356 902 3414 qnerum
941 3342 1214 3413 expeditus
1243 3352 1387 3399 esset
1414 3342 1743 3411 intellectus,
1773 3343 1871 3399 ob-

276 3451 531 3505 servare,
570 3445 628 3491 ut
672 3436 811 3492 idem
853 3438 1063 3513 quoque
1108 3436 1281 3491 minus
1323 3436 1478 3492 claris
1518 3434 1871 3492 loculio‘uibus

275 3528 734 3585 accommodetur.
784 3526 931 3584 Dedit
961 3530 1072 3600 ipse
1099 3530 1314 3599 operam
1348 3528 1696 3599 excerpendis
1726 3528 1867 3598 ejus-

278 3620 427 3677 modi
456 3616 709 3691 loquendi
736 3608 921 3675 formis
949 3637 1040 3675 seu
1070 3616 1355 3675 idiotismis
1376 3636 1441 3676 ex
1467 3614 1699 3692 quinque
1724 3615 1871 3674 libris

278 3712 479 3784 Moysis
525 3722 577 3768 et
619 3729 683 3768 ex
726 3708 888 3769 IoSue
929 3728 992 3768 ac
1025 3704 1325 3777 Iudicibus;
1373 3704 1511 3766 unde
1553 3711 1755 3781 septem
1798 3705 1871 3763 illi

280 3800 436 3871 libri,
467 3806 557 3876 qui
599 3795 950 3861 Locutionum
990 3803 1143 3862 titulo
1183 3804 1563 3873 inscribuntur,
1604 3814 1867 3861 constant.

278 3892 553 3954 Interdum
596 3892 811 3955 easdem
861 3896 1156 3956 locutiones
1196 3896 1562 3955 tantummodo
1589 3898 1868 3965 exscribit;

280 3994 546 4049 interdum
579 4010 707 4049 vero
733 3993 997 4049 enucleat.

304 4158 307 4159 ν
354 4086 405 4139 7.
449 4076 751 4140 Mcmoratis
804 4084 1167 4152 Quiestionum
1218 4098 1280 4139 ac
1333 4074 1679 4137 LoCutionitm
1721 4074 1871 4135 libris

277 4177 494 4249 subjicit
532 4188 759 4249 quatuor
792 4179 912 4232 illus
952 4177 1230 4232 occasione
1268 4168 1529 4231 Vincentii
1558 4173 1787 4229 Victoris
1816 4173 1869 4227 in

278 4270 452 4325 lucem
484 4270 654 4326 editos
677 4314 692 4338 ,
721 4264 809 4340 qui
841 4262 912 4322 De
939 4266 1121 4323 Anima
1149 4262 1196 4323 et
1221 4269 1328 4340 ejus
1353 4267 1544 4338 origine
1570 4260 1868 4320 inscribun-

281 4370 366 4417 tur
392 4360 577 4436 (llﬁd.,
606 4381 721 4435 cap.
748 4360 858 4434 56).
884 4354 1006 4415 Erat
1032 4356 1119 4416 hic
1146 4355 1453 4416 Vincentius
1470 4356 1871 4428 Victorjuvcnis

279 4454 333 4509 in
363 4455 672 4510 Mauritania
709 4454 1040 4510 Cmsareensi
1080 4462 1234 4508 natus
1258 4494 1271 4515 ,
1306 4447 1363 4507 et
1389 4468 1453 4507 ex
1478 4446 1868 4521 Rogatistarum
1932 4504 1941 4517 η

279 4544 535 4612 factione,
562 4563 681 4616 qua:
712 4547 1101 4603 Donatistarum
1128 4545 1383 4616 particula
1403 4551 1456 4597 et
1477 4544 1705 4597 scissura
1734 4549 1867 4608 erat,

281 4639 349 4695 ad
372 4640 664 4695 Ecclesium
691 4656 981 4697 conversus
1004 4659 1017 4694 :
1039 4639 1126 4709 qui
1146 4653 1264 4692 cum
1283 4636 1420 4713 apud
1438 4636 1650 4690 Petrum
1679 4651 1872 4705 quem-

280 4731 403 4787 dam
434 4733 804 4805 presbyterum
824 4731 1114 4801 llispanum
1136 4738 1302 4795 esset,
1318 4722 1502 4785 Incidit
1524 4728 1578 4782 in
1595 4728 1871 4797 Angustini

278 4825 786 4880 commentationem
811 4865 827 4892 ,
870 4841 971 4894 qua
1014 4823 1107 4878 Vir
1149 4832 1364 4877 sanctus
1421 4822 1680 4876 fatebatur
1732 4822 1871 4891 (qua:

283 4915 451 4985 ipsius
482 4926 599 4971 erat
619 4904 1162 4989 modestia)ignorare
1180 4924 1257 4977 se;
1278 4931 1343 4967 an
1373 4928 1560 4970 omnes
1586 4912 1778 4967 animm
1805 4913 1872 4967 ab

289 5022 388 5061 una
429 5008 618 5064 Adami
660 5007 836 5062 anima
867 5015 1306 5079 propagarentur,
1334 5020 1471 5060 anve
1500 5005 1719 5075 singulis
1750 5005 1868 5073 qni-

282 5098 488 5169 busque
510 5099 813 5154 hominibus
840 5099 1177 5153 nascentibus
1203 5097 1435 5167 singulas
1463 5096 1603 5151 Deus
1629 5103 1868 5161 crearet;

283 5186 506 5246 minime
538 5198 714 5246 tamen
752 5182 1028 5257 dubitare,
1067 5182 1194 5259 quin
1235 5188 1408 5242 anima
1447 5187 1661 5257 Spiritus
1694 5184 1869 5251 esset,

284 5300 391 5338 non
425 5298 642 5355 corpus.
684 5276 955 5354 Displicuit
984 5298 1049 5336 ex
1080 5294 1232 5351 aequo
1256 5277 1484 5345 Victori,
1517 5286 1569 5333 et
1594 5275 1732 5348 quod
1766 5274 1873 5331 Au-

283 5377 526 5446 gustinus
561 5393 669 5432 non
696 5375 914 5431 doceret
940 5368 1053 5430 sine
1079 5373 1413 5427 cunctatione
1438 5370 1561 5441 quid
1589 5369 1657 5425 de
1682 5370 1872 5425 animze

284 5469 490 5538 origine
531 5468 818 5523 tenendum
849 5467 948 5530 sit,
982 5460 1078 5521 sed
1116 5463 1544 5535 propagatioucm
1578 5460 1871 5516 animarum

282 5562 629 5617 verisimilem
641 5577 761 5617 esse
780 5561 1016 5625 duceret;
1036 5568 1089 5614 et
1106 5546 1245 5629 quod
1259 5550 1448 5609 aninu'e
1465 5562 1702 5608 naturam
1716 5552 1871 5609 indu-

288 5651 515 5707 bitanter
543 5654 745 5708 diceret
781 5653 1163 5722 incorporean‘t.
1196 5644 1333 5720 Ergo
1362 5640 1566 5703 hanciu
1596 5662 1704 5702 rem
1723 5644 1875 5701 binos

244 5738 261 5810 Σ
288 5738 373 5800 ille
402 5736 467 5799 ad
497 5732 747 5800 eumdem
777 5743 988 5800 Petrum
1016 5738 1377 5816 presbyterum
1407 5736 1590 5805 libros,
1611 5732 1704 5795 sed
1721 5732 1874 5793 Pela-

289 5832 458 5910 gianis
482 5828 687 5908 aliquot
710 5828 918 5909 placitis
942 5832 1163 5908 aliisque
1183 5828 1452 5896 erroribus
1468 5827 1717 5902 refertos,
1739 5830 1875 5892 ceu-‘1

1640 326 1843 404 Lmen
1880 296 2267 406 sum.
2310 324 2315 331 ’

3471 356 3581 416 510

1993 470 2207 545 scripsit
2227 470 2330 546 (De
2353 472 2537 531 Anima
2561 480 2610 531 et
2636 477 2745 549 ejus
2769 474 2979 551 origine,
3015 463 3099 535 lib.
3126 476 3181 550 3,
3209 484 3262 538 ἡ.
3284 464 3363 557 2).
3392 480 3572 540 Cmsa-

1993 582 2095 620 reae
2114 577 2237 622 tunc
2256 569 2442 639 agebat
2456 564 2689 625 Renatus
2705 568 2994 629 monachus
3013 566 3260 648 (Retract.
3276 576 3431 642 lib.2,
3452 595 3569 650 cap.

1991 654 2104 731 56'),
2130 660 2269 717 idem
2307 662 2444 718 forte
2486 662 2593 735 qui.
2614 673 2797 720 sancto
2825 665 3117 737 Augustino
3143 666 3195 724 in
3222 665 3408 726 eadem
3437 669 3570 726 urbe
3628 662 3633 669 ’

1989 752 2163 823 Optati
2204 755 2270 811 de
2312 756 2500 811 animae
2544 754 2747 829 origine
2790 758 3102 829 inquirentis
3122 762 3398 831 epistolam
3429 778 3568 820 anno

1988 844 2508 919 quadringentesimo
2538 848 2745 905 decimo
2775 862 2959 906 octavo
2994 851 3307 910 exhibuerat
3331 872 3342 906 :
3367 853 3413 910 is
3440 866 3568 926 ergo

1988 938 2109 996 licet
2133 957 2197 997 ex
2229 941 2480 996 laicorum
2508 942 2711 1011 ordine,
2744 943 2845 999 title
2871 953 3044 1000 tamen
3072 945 3354 1001 admodum
3380 946 3568 1001 Ortho-

1986 1032 2142 1103 σου,
2166 1050 2284 1090 cum
2317 1032 2513 1103 libros,
2546 1052 2768 1108 quorum
2804 1037 3096 1092 doctrinam
3130 1040 3345 1093 minime
3377 1039 3566 1110 proba-

1986 1127 2095 1193 bat,
2114 1129 2238 1183 etin
2260 1128 2450 1199 quibus
2471 1130 2815 1201 Augustinum
2840 1130 3051 1202 indigne
3071 1132 3302 1187 habitum
3326 1130 3562 1200 videbat,

1985 1216 2324 1286 olTeutlisset,
2355 1240 2446 1277 eos
2475 1223 2752 1296 diligenter
2778 1226 3070 1296 descriptos
3092 1225 3157 1281 ad
3188 1226 3331 1280 illum
3363 1226 3567 1281 curavit

1985 1310 2206 1384 perferri
2239 1314 2345 1385 (De
2362 1313 2542 1369 Anima
2573 1327 2617 1371 et
2642 1319 2748 1388 ejus
2778 1318 2987 1390 origine,
3018 1317 3102 1372 lib.
3127 1314 3181 1383 2,
3208 1336 3259 1371 n.
3290 1316 3313 1373 l
3341 1335 3354 1385 ;
3387 1316 3474 1371 lib.
3507 1314 3560 1386 Ι,

1982 1423 2035 1461 η.
2060 1402 2171 1477 55).
2199 1402 2383 1461 Libros
2408 1407 2621 1462 eosdem
2650 1406 2885 1464 Caesarea
2907 1408 3197 1480 llipponem
3224 1406 3564 1465 transmissos
3596 1414 3615 1487 ξ

1981 1498 2161 1555 tesliva
2190 1509 2501 1569 tempestate
2523 1544 2536 1565 ,
2571 1504 2777 1556 nonnisi
2804 1512 3040 1557 extremo
3072 1513 3246 1558 tamen
3278 1513 3552 1567 autumno,

1980 1592 2185 1662 accepit
2204 1592 2557 1662 Augustinus;
2578 1611 2694 1648 cum
2719 1594 2963 1649 videlicet
2986 1612 3076 1665 per
3099 1606 3263 1649 totum
3288 1592 3412 1649 illud
3436 1603 3564 1650 tem-

1978 1699 2078 1755 pus
2100 1727 2113 1749 ,
2143 1684 2209 1739 ob
2251 1684 2349 1739 iter
2390 1684 2671 1756 quodpiam
2712 1685 2863 1739 nobis
2898 1687 3259 1757 incognitum,
3284 1684 3556 1741 abfuisset.

1978 1775 2075 1830 llic
2096 1775 2306 1830 solitam
2327 1786 2379 1830 et
2403 1776 2712 1846 sapientiam
2737 1787 2786 1831 et
2809 1777 3158 1831 humilitatem
3183 1777 3419 1834 exhibuit
3439 1793 3563 1833 san-

1978 1872 2093 1921 ctus
2127 1868 2355 1923 Doctor:
2382 1885 2496 1939 qure
2538 1868 2588 1923 in
2636 1886 2694 1925 se
2728 1866 2910 1924 Victor
2952 1886 3232 1941 aggressus
3263 1872 3403 1938 erat,
3432 1869 3561 1927 boni

1977 1958 2240 2015 Consuluit
2261 2003 2275 2026 ,
2298 1962 2758 2034 gratissimumque
2785 1962 2985 2027 habuit,
3010 1965 3146 2034 quod
3178 1981 3297 2019 cum
3330 1964 3419 2019 ille
3440 1981 3561 2018 sen-

1978 2053 2138 2107 tentia
2167 2053 2233 2107 ab
2260 2069 2317 2109 se
2342 2054 2642 2121 dissideret,
2667 2067 2894 2111 mentem
2919 2072 3066 2110 suam
3089 2052 3411 2111 declarasset
3431 2056 3562 2111 scri-

1978 2146 2081 2215 ptis
2110 2146 2268 2200 etiam
2297 2147 2471 2202 editis.
2512 2148 2746 2201 ltehatur
2783 2147 2921 2201 enim
2953 2146 3096 2201 illum
3137 2142 3352 2202 forsitan
3396 2146 3562 2201 bene-

1979 2236 2225 2291 volentia:
2269 2254 2425 2292 causa
2470 2237 2519 2293 id
2560 2235 2781 2305 fecisse,
2814 2248 2872 2293 ut
2905 2236 3075 2309 ipsum
3107 2240 3173 2293 ab
3203 2254 3416 2307 errore,
3456 2254 3562 2310 quo

1978 2328 2149 2384 teneri
2182 2330 2484 2400 judicabat,
2524 2333 2813 2404 expediret.
2846 2332 2977 2387 Nam
3026 2333 3127 2387 sibi
3168 2349 3283 2387 eam
3325 2332 3563 2404 regulam

1978 2422 2071 2476 Vir
2097 2432 2311 2477 sanctus
2339 2423 2719 2491 constituerat,
2757 2432 2815 2479 ut
2852 2426 3059 2497 quoties
3101 2426 3332 2479 animum
3378 2422 3558 2495 cujus-

1978 2531 2135 2584 quam
2167 2515 2341 2571 miuus
2374 2517 2704 2588 exploratum
2731 2512 2983 2583 haberet,
3014 2517 3128 2587 ejus
3153 2515 3432 2571 consilium
3464 2531 3561 2586 po-

1979 2606 2081 2662 tius
2110 2609 2429 2677 approbaret
2453 2617 2713 2684 tanquam?
2733 2609 2949 2673 bonum,
2969 2623 3125 2679 quam
3147 2622 3243 2676 pro
3275 2602 3415 2660 malo
3435 2620 3561 2660 con-

1978 2698 2274 2754 demnaret.
2299 2698 2397 2755 Ubi
2417 2702 2547 2754 enim
2567 2744 2580 2766 ,
2606 2700 2698 2764 ait,
2720 2699 2843 2753 mihi
2867 2700 3065 2753 animus
3094 2713 3211 2770 erga
3242 2715 3320 2752 me
3344 2692 3560 2751 hominis

1977 2791 2178 2863 ignotus
2202 2800 2271 2844 est
2296 2800 2341 2844 et
2367 2792 2586 2845 incertus
2604 2834 2619 2859 ,
2651 2791 2829 2844 melius
2857 2790 3071 2843 arbitror
3106 2789 3317 2843 meliora
3345 2786 3559 2852 sentire,

1976 2900 2127 2956 quant
2165 2883 2485 2954 inexplorata
2526 2883 2733 2952 culpare
2766 2878 2950 2954 (Ibid.,
2976 2880 3061 2934 lib.
3111 2870 3175 2943 ἰ,
3220 2896 3272 2932 n.
3293 2874 3374 2950 2).
3407 2872 3561 2944 Quod

1980 2976 2160 3030 Victor
2196 2976 2284 3029 alii
2324 2976 2533 3046 potius,
2579 2991 2739 3046 quam
2779 2972 2913 3041 sibi,
2947 2983 3006 3028 ut
3043 2973 3293 3036 decebat,
3330 2978 3561 3026 mentem

1977 3074 2289 3135 aperuerat,
2340 3068 2439 3121 hoc
2484 3065 2619 3120 illius
2658 3065 2817 3120 dabat
2859 3062 3132 3119 modestiae
3164 3080 3178 3119 :
3215 3071 3565 3133 prmterquam

1978 3154 2119 3228 quod
2149 3174 2269 3212 eum
2290 3200 2303 3224 ,
2327 3157 2417 3228 qui
2443 3157 2743 3227 Opinionem
2776 3171 2925 3210 suam
2960 3156 3177 3210 minime
3207 3152 3419 3209 dubiam
3446 3166 3566 3209 esse

1977 3244 2251 3316 crederet,
2294 3248 2361 3304 ad
2399 3265 2457 3304 se
2492 3246 2873 3303 consulendum
2912 3244 3137 3317 obligari
3176 3244 3414 3317 potuisse
3460 3261 3566 3301 non

1978 3336 2222 3395 ducebat.
2259 3341 2312 3395 Si
2352 3352 2526 3395 autem
2564 3338 2746 3409 juveni
2784 3338 2951 3405 laico,
2978 3339 3116 3392 inter
3146 3334 3520 3406 disputandum
3544 3378 3561 3404 ,

1950 3432 2191 3503 .aliquod
2224 3432 2273 3485 in
2304 3428 2582 3503 Augustini
2609 3426 2983 3486 contumeliam
3013 3426 3237 3483 verbum
3262 3427 3560 3492 exciderat,

1980 3524 2031 3581 id
2059 3542 2179 3580 eum
2209 3534 2420 3579 sanctus
2456 3518 2748 3595 Episcopus
2776 3539 2879 3577 non
2906 3519 3253 3577 conviciantis
3293 3518 3565 3577 voluntate

1978 3612 2259 3682 Credebat,
2292 3615 2383 3671 sed
2423 3614 2629 3670 diversa
2668 3612 2945 3670 sentientis
2989 3612 3307 3668 necessitate
3350 3605 3561 3665 fecisse.

1978 3704 2225 3763 Attamen
2255 3716 2311 3761 ut
2338 3705 2496 3761 animi
2522 3704 2776 3761 modestia
2799 3710 2851 3759 et
2872 3702 3165 3758 humilitate
3184 3703 3250 3757 ad
3270 3701 3565 3757 emendau-

1978 3792 2103 3855 dum
2142 3798 2366 3861 malum,
2392 3792 2534 3868 quod
2554 3794 2653 3850 sibi
2691 3797 2825 3850 forte
2855 3792 3062 3851 haerere
3090 3800 3322 3863 poterat,
3352 3800 3567 3847 sanctus

1977 3891 2215 3947 Antistes
2253 3886 2661 3960 impellebatur:
2687 3886 2757 3942 ita
2790 3884 2900 3942 veri
2932 3898 3080 3940 amor
3108 3896 3208 3938 ttou
3241 3882 3477 3946 sinebat,
3510 3887 3568 3939 ιη

1977 3978 2119 4054 quod
2134 3988 2320 4036 sanum
2338 3988 2471 4041 erat,
2496 3978 2825 4034 indefens‘u‘tit
2854 3976 3174 4047 relinqueret
3195 3968 3378 4047 (Ibid.,
3398 3972 3483 4027 tib.
3508 3974 3561 4041 4,

1978 4066 2030 4129 n.
2058 4072 2110 4144 l)
2136 4090 2146 4126 :
2174 4070 2329 4140 hujus
2359 4074 2534 4125 autem
2562 4068 2771 4141 generis
2802 4074 2984 4135 erant,
3012 4084 3131 4139 qua:
3158 4084 3187 4121 a
3217 4067 3429 4122 Victore
3463 4067 3565 4120 im-

1976 4160 2364 4236 pugualmhlur.
2390 4160 2566 4228 Quare
2604 4177 2699 4232 pro
2736 4160 3087 4231 responsione
3112 4170 3205 4213 sua
3235 4162 3460 4227 quatuor
3495 4155 3564 4211 li-

1977 4257 2101 4311 bros
2124 4255 2374 4319 reddidit,
2403 4272 2567 4310 unum
2595 4253 2660 4308 ad
2690 4251 2949 4308 Renatum
2982 4252 3320 4314 monachum,
3340 4250 3562 4303 alterum

1978 4352 2043 4407 ad
2067 4352 2279 4406 Petrum
2307 4349 2700 4421 presbyterum,
2732 4358 2785 4402 et
2812 4347 2945 4399 duos
2966 4344 3030 4399 ad
3062 4347 3230 4415 ipsum
3264 4342 3560 4398 ViCtorcm':

1978 4432 2279 4515 quanquam
2305 4439 2371 4495 ad
2403 4438 2615 4496 Petrum
2648 4432 2868 4509 epistola
2897 4440 3041 4501 erat,
3066 4436 3157 4491 sed
3186 4430 3303 4489 libri
3329 4442 3523 4489 nomen
3543 4475 3560 4501 ,

1978 4534 2098 4609 quia
2130 4532 2362 4606 separari
2389 4550 2419 4588 a
2448 4532 2658 4588 cmleris
2686 4549 2787 4587 non
2811 4522 3054 4593 debebat,
3085 4528 3289 4609 accepit
3313 4524 3560 4598 (Retract.

1978 4608 2066 4686 lib.
2094 4628 2150 4696 2,
2184 4645 2296 4699 cap.
2320 4624 2431 4699 56).
2465 4625 2519 4679 In
2548 4625 2632 4679 his
2657 4634 2832 4679 autem
2873 4622 3118 4676 omnibus
3156 4608 3332 4686 libris,
3366 4620 3418 4672 in
3441 4608 3563 4689 qui-

1976 4722 2077 4779 bus
2119 4721 2279 4776 multa
2317 4721 2452 4775 scitu
2497 4718 2795 4774 neeessaria
2831 4717 3182 4779 disseruntur,
3219 4712 3452 4767 defendit
3496 4710 3565 4765 de

1978 4814 2179 4886 origine
2220 4813 2543 4877 animarum,
2589 4826 2707 4882 qum
2743 4809 2960 4879 singulis
3007 4806 3307 4886 hominibus
3346 4804 3561 4868 dantur,

1978 4881 2366 4962 'curictationem
2397 4906 2543 4958 Suam
2562 4947 2576 4971 ,
2608 4881 2662 4958 et
2694 4896 2888 4957 multos
2908 4894 3131 4954 Victoris
3163 4881 3372 4952 crimes
3401 4900 3562 4965 atque

1978 4999 2264 5067 pravitates
2294 4994 2719 5066 praesumptionis
2752 4994 2869 5063 ejus
2888 4991 3151 5053 ostendit;
3187 4991 3356 5061 ipsum
3385 4996 3558 5040 tamen

1975 5089 2220 5160 juvenem
2263 5103 2369 5142 non
2411 5101 2747 5157 praepropere
2794 5083 3193 5145 detestandum,
3244 5078 3338 5134 sed
3385 5078 3558 5131 adhuc

1978 5180 2275 5236 decennium
2300 5188 2508 5249 putans,
2528 5172 2823 5247 prmsertim
2841 5173 2963 5243 quia
2984 5171 3224 5226 audierat
3248 5184 3368 5224 eum
3388 5182 3561 5238 nuper
3602 5214 3613 5231 ,

1979 5267 2295 5326 catholicum
2312 5266 2527 5334 factum,
2543 5276 2733 5337 quanta
2752 5268 2929 5337 potest
2944 5260 3157 5319 lenitate
3173 5258 3558 5333 tractat(lbid.,

1978 5368 2027 5420 et
2059 5360 2121 5416 de
2151 5360 2331 5415 Anima
2359 5368 2405 5415 et
2431 5358 2541 5433 ejus
2571 5355 2793 5429 origine,
2832 5350 2918 5410 tib.
2952 5352 3004 5419 t,
3045 5364 3099 5408 η.
3129 5350 3188 5426 2)
3213 5368 3226 5407 :
3249 5358 3406 5423 atque
3440 5352 3561 5409 huic

1979 5452 2167 5528 agendi
2195 5454 2383 5509 rationi
2411 5462 2465 5513 et
2493 5450 2659 5507 labori
2694 5448 2863 5505 sancti
2894 5448 3135 5504 Doctoris
3166 5452 3270 5501 tam
3314 5446 3436 5500 felix
3467 5456 3557 5499 re-

1981 5546 2192 5619 Spondit
2231 5544 2431 5611 exitus,
2456 5550 2513 5598 ut
2537 5544 2603 5597 ab
2635 5540 2822 5597 eodem
2849 5538 3063 5595 Victore
3088 5540 3343 5608 rescripta
3378 5544 3560 5593 corrc—

1980 5641 2170 5696 ctiouis
2191 5636 2303 5709 ejus
2336 5636 2598 5707 acceperit
2626 5630 2878 5705 (Retract.
2899 5626 2985 5688 lib.
3007 5626 3064 5698 '2,
3090 5644 3204 5702 cap.

2052 5732 2104 5790 8.
2148 5734 2276 5788 Post
2300 5731 2465 5786 libros
2500 5731 2566 5784 de
2590 5724 2803 5799 Origine
2831 5729 3049 5792 animm,
3082 5724 3189 5781 duo
3212 5724 3281 5780 de
3302 5718 3561 5792 conjugiis

1982 5822 2293 5888 adulterinis
2315 5825 2381 5884 ad
2415 5818 2732 5885 Ponendum
2765 5816 2893 5882 libri
2920 5818 3095 5881 iocum
3122 5816 3179 5881 in
3202 5804 3560 5879 ﬂammeo.
