4042 6360
459 339 558 398 511

462 454 620 514 nibus
645 455 946 528 proximum
973 458 1256 525 occupant.
1285 450 1578 506 Pollentius
1602 460 1779 506 autem
1810 451 1902 506 ille
1931 451 2050 519 quis

461 548 652 614 fuerit,
687 561 945 618 nusquam
976 545 1250 616 reperias:
1277 543 1330 598 id
1357 543 1530 598 solum
1561 557 1687 597 vere
1712 541 1933 606 dixeris,
1966 541 2049 596 vi-

461 659 582 700 rum
603 642 797 714 pietate
817 639 980 695 fuisse
995 639 1276 709 insignem,
1301 653 1458 707 quem
1481 635 1727 692 videlicet
1746 636 2049 706 religiosum

463 735 681 790 fratrem
711 733 948 789 nominat
975 731 1299 802 Augustinus
1321 730 1339 793 ί
1348 729 1420 783 De
1439 727 1700 800 Conjugiis
1730 729 2048 798 adulterinis,

462 830 548 884 lib.
573 827 628 894 2,
655 845 707 880 n.
742 824 817 898 1).
845 826 936 881 Ille
971 825 1129 896 igitur
1153 839 1273 880 cum
1301 823 1566 878 evolveret
1595 837 1685 876 eas
1719 831 2047 878 commenta-

463 923 668 986 tiones,
699 919 893 990 quibus
921 917 1008 973 hic
1034 926 1157 972 ante
1187 917 1438 987 plurimos
1465 930 1634 969 annos
1659 930 1966 970 sermonem
1996 914 2050 971 in

464 1022 646 1069 monte
675 1028 704 1066 a
736 1009 960 1066 Domino
988 1009 1224 1063 habitum
1251 1015 1606 1076 exposuerat,
1643 1005 1932 1061 admiratus
1971 1017 2055 1062 est

462 1104 788 1161 contendere
810 1147 825 1169 ,
856 1112 1096 1157 sanctum
1129 1099 1416 1154 Prmsulem
1435 1139 1449 1163 ,
1480 1098 1794 1153 mulieribus
1821 1097 2053 1166 legitime

464 1198 722 1267 separatis
747 1196 814 1250 ab
838 1193 1092 1249 adulteris
1119 1191 1434 1261 conjugibus
1457 1206 1562 1245 non
1597 1190 1778 1256 licere,
1802 1190 1974 1260 quoad
1998 1190 2053 1246 hi

469 1289 667 1345 fuerint
691 1286 1025 1357 superstites,
1050 1285 1167 1339 aliis
1196 1283 1427 1347 nubere,
1459 1282 1552 1336 sed
1586 1282 1714 1352 ipsis
1739 1282 2051 1336 servandam

465 1398 586 1438 esse
625 1380 1027 1436 continentiam.
1073 1376 1411 1447 QuaprOpter
1453 1377 1803 1446 Augustinum
1851 1376 2056 1446 rogavit

465 1489 562 1544 per
586 1474 788 1526 litteras
816 1479 871 1524 ut
901 1469 1047 1522 illam
1079 1468 1180 1522 sibi
1210 1467 1593 1522 dubitationem
1623 1468 1879 1522 eximeret
1905 1483 1920 1520 :
1953 1467 2054 1522 sibi

465 1543 606 1622 enim
632 1567 699 1619 ita
731 1564 903 1634 potius
932 1561 1136 1626 videri,
1162 1561 1432 1624 mulieres,
1463 1576 1582 1630 quae
1616 1561 1684 1615 ob
1711 1561 1865 1615 aliam
1895 1543 2083 1631 quam.

464 1655 828 1711 fornicationis
848 1669 1065 1709 causam
1095 1668 1124 1706 a
1153 1652 1282 1706 viris
1315 1651 1684 1716 discederent,
1724 1653 1863 1706 solas
1899 1667 2051 1719 esse,

465 1751 652 1819 quibus
679 1765 772 1819 per
799 1748 988 1802 horum
1015 1747 1177 1800 vitam
1223 1745 1456 1800 secundo
1495 1744 1738 1815 conjugio
1777 1745 2058 1802 interdice-

465 1855 632 1899 retur.
686 1842 936 1911 Idemque
982 1855 1103 1894 cum
1147 1838 1438 1908 accepisset
1484 1839 1632 1892 illum
1678 1838 1909 1907 parando
1955 1837 2057 1893 sibi

467 1950 725 2006 restionso
766 1934 895 1988 dare
938 1947 1154 2002 operam
1177 1973 1192 1998 ,
1224 1931 1479 2001 quasdam
1507 1930 1719 1998 insuper
1765 1929 1831 1983 de
1870 1929 2058 1984 eadem

469 2025 688 2080 materia
708 2039 872 2079 novas
889 2022 1209 2093 qurestiones
1233 2021 1297 2075 ad
1314 2036 1433 2075 eum
1458 2020 1599 2074 misit
1620 2018 1670 2088 (1
1677 2017 1826 2089 bid.).
1847 2019 1938 2074 His
1953 2020 2059 2073 Au-

468 2120 699 2192 gustino,
725 2126 1001 2188 postquam
1023 2129 1156 2185 opus
1176 2130 1329 2168 suum
1348 2113 1458 2183 jam
1480 2113 1795 2176 absolverat,
1818 2111 2054 2179 redditis,

469 2214 794 2284 cogitaverat
822 2210 916 2264 Vir
940 2216 1157 2263 sanctus
1198 2207 1378 2260 addito
1413 2207 1784 2276 supplemento
1828 2205 1930 2260 illis
1968 2221 2058 2260 re-

470 2305 766 2376 spondere:
792 2317 976 2357 verum
999 2317 1121 2356 cum
1149 2301 1264 2369 ejus
1286 2299 1421 2354 liber
1449 2299 1600 2353 citius
1618 2341 1632 2365 ,
1656 2314 1812 2368 quam
1839 2307 2059 2368 optave-

468 2406 576 2463 rat,
602 2397 669 2452 ab
698 2396 884 2450 amicis
907 2404 1050 2450 esset
1073 2394 1365 2464 evulgatus,
1397 2407 1592 2446 novum
1621 2408 1942 2461 componere
1971 2408 2063 2448 co-

471 2500 618 2543 actus
653 2496 751 2543 est.
795 2487 852 2541 In
891 2487 974 2540 his
1010 2487 1186 2556 itaque
1231 2485 1438 2538 duobus
1478 2483 1631 2538 libris
1667 2483 2062 2551 Scripturarum

470 2581 783 2636 auctoritate
825 2578 1172 2648 qutestioncm
1207 2575 1274 2630 de
1313 2575 1559 2644 conjugio
1585 2575 1885 2638 examinat,
1919 2574 2060 2628 illam

473 2670 721 2741 quidem,
747 2669 912 2738 ipsius
938 2667 1139 2736 judicio
1160 2708 1174 2731 ,
1202 2665 1567 2720 difficillimam
1601 2665 1846 2736 (Retract.
1878 2664 1964 2717 lib.
1995 2663 2060 2732 2,

405 2747 411 2752 ’
476 2781 591 2834 cap.
611 2759 1188 2831 57),obscurissimam,
1211 2757 1683 2826 itnplicatissimam
1715 2755 1816 2827 (De
1847 2754 2061 2826 Conjug.

475 2854 717 2915 adulter.,
743 2853 829 2905 lib.
851 2853 903 2917 1,
927 2868 980 2904 η.
1008 2849 1120 2920 32).
1145 2849 1278 2904 Cum
1299 2857 1471 2901 autem
1491 2847 1538 2900 ei
1556 2856 1912 2916 opponeretur
1929 2847 2067 2901 inter

475 2946 576 3000 alia
596 2987 611 3012 ,
641 2945 788 2999 viros
815 2943 883 2997 ab
912 2941 1166 2997 uxoribus
1199 2948 1502 3010 separatos,
1532 2939 1913 2993 continentiam
1947 2955 2065 2994 ser-

475 3053 602 3094 vare
630 3053 734 3092 non
761 3051 950 3107 posse;
982 3034 1338 3103 objectionem
1368 3031 1558 3086 evertit
1583 3030 1810 3085 adducto
1837 3047 2064 3100 praeser-

478 3133 571 3188 tim
599 3131 844 3200 exemplo
872 3129 1209 3191 clericorum,
1236 3125 1429 3196 quibus
1458 3125 1800 3179 continentiae
1827 3126 2065 3178 necessi-

476 3231 576 3290 tas,
603 3223 770 3292 iisque
798 3233 1166 3290 saepenumero
1188 3215 1254 3270 ad
1276 3215 1642 3284 accipiendum
1669 3214 1926 3270 honorem
1955 3214 2066 3268 cle-

475 3313 691 3370 ricalem
715 3312 1000 3382 improvisa
1021 3310 1069 3363 vi
1097 3308 1296 3363 coactis
1319 3307 1718 3376 imponebatur;
1745 3307 1833 3376 qui
1863 3315 2063 3372 tamen,

475 3406 650 3461 divina
668 3405 836 3475 gratia
853 3403 1167 3474 epitulante,
1189 3401 1327 3456 istud
1349 3400 1546 3464 oneris,
1577 3399 1644 3455 de
1665 3415 1772 3470 quo
1792 3399 2069 3456 subeundo

475 3499 838 3570 cogitaverant
894 3511 1205 3566 nunquam,
1262 3493 1663 3564 religiosissime
1730 3492 2069 3562 perferebant

481 3588 663 3662 (Ibid.,
695 3588 782 3644 lib.
811 3588 868 3654 2,
899 3586 1086 3658 12.22).
1107 3587 1307 3641 Pratter
1335 3584 1449 3638 hzec
1479 3585 1830 3654 Augustinum
1860 3594 2070 3654 rogarat

477 3683 800 3747 Pollentius,
845 3678 1101 3749 numquid
1143 3677 1470 3747 Baptismum
1513 3675 1947 3740 catechutnenis,
1976 3677 2070 3747 qui

477 3775 664 3830 morbo
704 3774 931 3843 correpti
977 3773 1125 3827 illum
1165 3781 1346 3841 petere
1373 3786 1476 3826 non
1507 3779 1754 3839 possent,
1784 3769 2068 3826 conferen-

478 3865 606 3921 dum
644 3865 888 3920 crederet
929 3863 1113 3935 (lbid.,
1143 3862 1230 3916 lib.
1267 3863 1327 3929 Ι,
1357 3878 1409 3914 n.
1445 3861 1560 3929 33).
1607 3860 1834 3916 Sanctus
1877 3863 2071 3918 Doctor

481 3957 767 4026 unicuique
795 3955 1013 4009 liberam
1040 3969 1159 4010 esse
1187 3954 1298 4008 vult
1325 3953 1424 4008 hac
1452 3953 1505 4007 in
1534 3969 1593 4008 re
1617 3953 1903 4022 sequendi,
1927 3955 2070 4025 quod

480 4047 579 4102 sibi
611 4048 866 4115 optimum
891 4043 1173 4108 videbitur,
1203 4041 1507 4098 facultatem
1535 4061 1547 4098 :
1572 4043 1684 4112 ipse
1711 4059 1835 4099 vero
1863 4043 1913 4098 id
1941 4061 2074 4114 prac-

479 4149 622 4193 stare
666 4138 963 4201 existimat,
1003 4147 1058 4190 ut
1097 4135 1234 4190 idem
1276 4145 1664 4191 sacramentum
1697 4137 1834 4202 illis,
1863 4139 2072 4194 etiamsi

481 4240 635 4284 antea
668 4229 866 4284 nullatu
901 4229 1042 4282 illius
1068 4227 1364 4296 accipiendi
1400 4227 1725 4282 voluntatem
1767 4228 1926 4282 aliam
1962 4243 2072 4298 prze

483 4337 542 4378 se
570 4320 807 4386 tulerint,
832 4335 988 4390 quam
1020 4335 1138 4389 qure
1171 4319 1221 4372 in
1252 4333 1434 4372 eorum
1465 4317 1569 4372 lide
1607 4327 1730 4373 nota
1757 4330 1858 4385 est,
1888 4318 2072 4375 confe-

485 4422 653 4470 ratur.
684 4412 763 4466 Ad
789 4428 946 4482 quam
978 4411 1296 4466 sententiam
1325 4410 1490 4466 multo
1519 4410 1790 4466 efﬁcacius
1813 4412 1955 4468 valet
1981 4411 2033 4466 id
2053 4453 2070 4480 ,

488 4505 626 4576 quod
671 4507 842 4560 amico
883 4504 1089 4560 cuidam
1135 4519 1233 4560 suo
1267 4503 1510 4560 evenisse
1550 4503 1603 4558 in
1639 4503 2074 4561 Confessionibus

491 4618 821 4634 η

1523 332 1686 391 vrrA
1723 333 1782 416 s,
1823 331 2190 392 AUGUSTINI
2225 331 2546 390 EPISCOPI.

3639 336 3751 396 512

2159 450 2271 506 suis
2297 458 2561 506 memorat
2589 449 2834 523 (Confess.
2856 451 2943 505 lib.
2975 453 3100 519 4,n.
3130 451 3336 521 8).Imo
3349 461 3404 508 et
3431 455 3652 526 gratiam
3678 457 3748 513 il-

2158 543 2263 598 lam
2292 543 2360 598 ad
2385 559 2478 598 eos
2502 560 2715 614 quoque
2740 544 3000 612 extendit,
3024 548 3136 616 qui,
3165 562 3285 601 cum
3310 549 3572 604 retineant
3597 548 3754 607 adul-

2159 635 2326 689 terina
2344 636 2630 700 consortia,
2646 636 2711 690 ad
2734 637 3083 706 Baptismum,
3105 639 3148 694 si
3166 640 3279 694 sani
3303 655 3525 710 corpore
3542 653 3746 712 essent,

2161 741 2264 780 non
2297 725 2723 782 admitterentur.
2769 728 3026 799 Quodque
3042 722 3120 786 'de
3145 731 3472 801 baptizandis
3492 735 3754 790 catechu-

2160 818 2331 872 menis
2361 819 2650 883 constituit,
2682 819 2818 874 idem
2851 821 2904 874 in
2931 823 3341 878 reconciliandis
3368 827 3755 894 paenitentibus

2160 910 2477 965 servandum
2505 911 2652 966 dicit.
2679 911 2788 966 Nec
2818 913 2958 983 ipsos
2985 915 3118 968 enim
3138 957 3152 981 ,
3177 917 3251 970 ait
3268 958 3282 983 ,
3307 933 3370 970 ea:
3394 917 3489 970 hac
3514 918 3612 971 vita
3641 920 3756 974 sine

2160 1005 2313 1057 arrha
2357 1022 2462 1058 sua:
2500 1007 2640 1074 pacis
2675 1009 2809 1060 exire
2849 1009 2972 1062 velle
3013 1009 3155 1063 debet
3195 1020 3352 1064 mater
3389 1011 3615 1066 Ecclesia
3649 1011 3755 1084 (De

2119 1103 2122 1107 ’
2161 1097 2421 1171 Conjugiis
2448 1100 2636 1166 adult.,
2668 1101 2753 1154 lib.
2791 1102 2840 1166 1,
2869 1119 2922 1155 η.
2954 1101 3068 1173 35).

2232 1190 2284 1246 9.
2309 1191 2543 1262 Contigit
2585 1193 2684 1248 sub
2725 1193 2864 1248 idem
2890 1204 3116 1264 tempus,
3137 1195 3526 1266 utCartbagine
3554 1213 3756 1253 venum

2161 1292 2548 1352 proponeretur
2567 1285 2736 1340 codex
2752 1301 3046 1356 anonymus
3061 1287 3413 1342 Marcionistm
3430 1289 3754 1358 cujuSpiam,

2162 1383 2250 1428 aut
2271 1374 2488 1428 alterius
2514 1390 2545 1430 e
2575 1377 2733 1430 sectis
2773 1377 2896 1441 illis,
2926 1395 3042 1447 quze
3066 1395 3185 1432 cum
3215 1379 3521 1434 Manichmis
3553 1381 3756 1451 Legem

2160 1481 2224 1520 ac
2247 1466 2538 1536 PrOphetas
2566 1468 3014 1536 condenmabant,
3043 1481 3095 1524 et
3119 1481 3374 1541 praeterea
3398 1472 3577 1525 mundi
3604 1488 3760 1528 crea-

2163 1563 2358 1616 tionem
2389 1563 2646 1627 dzcmoni,
2681 1580 2786 1618 non
2820 1565 2958 1630 Deo,
2987 1565 3126 1634 quod
3158 1565 3348 1636 dogma
3379 1567 3608 1620 alienum
3641 1576 3762 1622 erat

2162 1669 2191 1707 a
2210 1654 2534 1718 Manichceis,
2557 1656 2854 1709 tribuebant
2875 1656 3118 1725 (Retract.
3140 1658 3226 1712 lib.
3246 1659 3299 1722 2,
3315 1675 3430 1726 cap.
3464 1659 3550 1722 58;
3567 1659 3762 1713 Contra

2165 1746 2431 1801 Adversar.
2462 1747 2610 1819 Legis
2636 1759 2681 1802 et
2710 1747 2931 1818 Proph.,
2963 1747 3050 1802 lib.
3080 1751 3132 1815 1,
3157 1767 3208 1803 η.
3236 1748 3311 1820 1).
3339 1751 3434 1805 Hic
3459 1751 3762 1808 doctrinam

2165 1855 2312 1892 suam
2338 1854 2367 1892 a
2395 1837 2637 1895 Fabricio
2657 1840 2918 1909 quodam,
2962 1839 3013 1894 in
3047 1856 3207 1910 quem
3252 1840 3435 1894 Roma:
3465 1842 3758 1911 inciderat,

2165 1941 2219 1986 et
2249 1931 2399 2000 cujus
2425 1947 2482 1986 se
2512 1931 2825 2001 discipulum
2857 1947 2978 1986 esse
3003 1933 3349 2002 gloriabatur,
3382 1934 3480 1986 sibi
3511 1935 3762 1988 traditam

2166 2023 2325 2076 fuisse
2342 2023 2609 2077 narrabat.
2625 2022 2733 2078 Sibi
2754 2035 3099 2093 proposuerat
3119 2025 3486 2079 auctoritatem
3510 2025 3764 2080 detrahe-

2166 2131 2223 2169 re
2242 2115 2418 2169 Veteri
2450 2114 2792 2169 Testamento
2809 2157 2822 2178 ,
2848 2115 3008 2170 variis
3037 2099 3288 2170 adhibitis
3311 2132 3430 2170 cum
3453 2133 3515 2171 ex
3538 2117 3756 2183 eodem,

2169 2217 2276 2261 tttm
2307 2211 2464 2261 etiam
2493 2223 2523 2262 e
2552 2207 2701 2262 Novo
2730 2209 3045 2263 testimoniis
3072 2208 3290 2280 (Contra
3313 2209 3579 2263 Adversar.
3611 2209 3764 2280 Legis

2167 2309 2210 2352 ct
2240 2297 2462 2369 Pr0plt.,
2489 2300 2577 2354 lib.
2605 2299 2659 2365 2,
2691 2318 2778 2353 nn.
2804 2301 2857 2364 3,
2879 2301 2994 2370 40).
3019 2299 3274 2357 Utebatur
3291 2302 3604 2356 auctoritate
3623 2300 3764 2355 scri-

2168 2401 2375 2460 ptorum
2399 2391 2820 2463 apocryphorum
2853 2391 3035 2463 (Ibid.,
3059 2411 3112 2445 η.
3140 2393 3266 2462 14);
3299 2408 3504 2448 necnon
3529 2392 3580 2446 in
3616 2393 3766 2447 calce

2168 2485 2345 2552 operis
2390 2485 2635 2538 haeresim
2675 2500 2826 2538 suam
2865 2499 2895 2538 a
2937 2486 3202 2554 paucitate
3255 2493 3578 2539 Sectatorum
3620 2499 3768 2540 com-

2169 2575 2454 2630 mendabat
2501 2575 2684 2648 (Ibid.,
2723 2594 2777 2630 η.
2819 2577 2931 2648 41).
2980 2578 3110 2635 Cum
3153 2578 3397 2633 volumen
3453 2577 3555 2632 hoc
3609 2592 3768 2631 erro-

2169 2669 2316 2722 ribus
2382 2670 2634 2724 relertum
2698 2678 2998 2737 prostarct,
3064 2669 3368 2740 complures
3456 2669 3769 2724 curiositate

2169 2759 2314 2814 ducti
2343 2776 2406 2815 ac
2447 2761 2797 2816 delectatione
2852 2761 3323 2830 periculosissima,
3376 2760 3459 2814 vel
3497 2759 3626 2813 illud
3684 2759 3766 2815 lc-

2174 2853 2396 2922 gebant,
2451 2852 2534 2906 vel
2589 2852 2883 2923 legentibus
2930 2868 3087 2906 aures
3137 2851 3478 2922 pncbebant:
3518 2866 3624 2920 quo
3669 2866 3768 2906 00-.-

2172 2945 2320 3015 gnilo
2368 2944 2550 3001 lideles
2609 2944 2823 3014 quidam
2900 2944 3080 2999 animo
3136 2960 3260 2998 vere
3313 2943 3638 3011 christiano,
3703 2943 3772 2996 Ii-

2173 3037 2328 3092 brum
2378 3039 2445 3093 ad
2483 3039 2833 3108 Augustinum
2889 3038 3168 3104 miserunt,
3228 3047 3468 3106 petentes
3509 3045 3566 3090 ut
3615 3035 3772 3091 illum

2175 3134 2372 3203 scripto
2423 3133 2817 3203 quamprimum
2871 3133 3143 3186 refutaret.
3214 3130 3398 3184 Paruit
3438 3131 3612 3200 itaque
3667 3143 3772 3184 eo-

2173 3240 2292 3277 rum
2337 3224 2630 3290 voluntati,
2698 3237 2955 3294 suamque
3004 3223 3130 3292 ipsis
3191 3222 3626 3290 responsionem,
3677 3221 3773 3277 cui

2176 3315 2385 3370 titulum
2436 3316 2591 3381 fecit,
2634 3315 2824 3369 Contra
2858 3315 3214 3368 Adversarium
3252 3313 3400 3384 Legis
3435 3323 3480 3366 et
3530 3311 3769 3382 Prophe-

2174 3418 2361 3472 tarum,
2389 3408 2676 3477 inscripsit.
2712 3407 2859 3461 Hanc
2896 3407 2981 3461 ille
3013 3406 3228 3460 utilitati
3281 3405 3538 3458 lectorum
3576 3417 3773 3457 consu-

2173 3502 2311 3569 lens,
2343 3501 2396 3556 in
2426 3501 2578 3555 binos
2607 3501 2771 3555 libros
2798 3500 3020 3570 partitus
3055 3506 3136 3553 est
3173 3516 3186 3552 :
3221 3511 3452 3568 quorum
3499 3495 3553 3549 in
3594 3495 3771 3565 primo

2174 3610 2268 3650 eos
2303 3594 2450 3649 locos
2489 3593 2685 3648 veteris
2722 3591 3061 3646 Instrumenti
3085 3630 3099 3654 ,
3126 3605 3260 3660 quos
3286 3589 3386 3643 iste
3423 3587 3618 3641 nebulo
3648 3585 3774 3640 irri-

2173 3683 2362 3750 debat,
2391 3682 2523 3738 nihil
2559 3682 2834 3736 continere
2869 3697 3040 3750 neque
3082 3679 3206 3734 ntali
3234 3693 3406 3748 neque
3435 3676 3645 3731 ridiculi
3674 3674 3765 3730 de-

2177 3774 2369 3838 fendit;
2405 3775 2457 3827 in
2491 3773 2728 3828 secundo
2752 3782 2930 3827 autem
2962 3770 3204 3826 Fcederis
3247 3769 3370 3824 novi
3412 3767 3765 3836 testimoniis,

2175 3883 2292 3936 qua:
2325 3865 2580 3920 adversus
2617 3873 2799 3929 vetus,
2834 3863 2975 3918 idem
3013 3862 3297 3916 htereticus
3333 3859 3652 3924 adhibebat,
3683 3873 3765 3913 re-

2176 3958 2422 4028 spondet.
2449 3959 2506 4012 In
2531 3958 2703 4027 primo
2725 3957 2862 4012 libro
2888 3965 3132 4026 quartum
3160 3953 3427 4009 decimum
3452 3953 3517 4006 tle
3540 3950 3772 4008 Civitate

2179 4050 2273 4104 Dei
2296 4050 2423 4104 citat
2460 4049 2645 4122 (Ibid.,
2667 4049 2754 4103 lib.
2776 4049 2828 4114 1,
2856 4066 2908 4102 n.
2940 4047 3051 4119 18).
3083 4047 3249 4102 Porro
3278 4047 3320 4100 si
3349 4055 3574 4114 quatuor
3602 4043 3771 4098 libros

2178 4142 2246 4196 de
2269 4141 2484 4212 Origine
2505 4142 2695 4195 anima:
2716 4140 2818 4196 sub
2838 4150 3134 4194 extremum
3159 4147 3469 4192 autumnum
3487 4137 3612 4190 anni
3632 4150 3769 4205 qua-

2179 4233 2581 4304 dringentesimi
2604 4233 2796 4287 decimi
2817 4233 2942 4288 noni
2963 4229 3272 4299 Iucubrarit,
3296 4230 3578 4300 quominus
3605 4228 3772 4283 hosce

2179 4327 2312 4382 duos
2341 4328 2552 4382 circiter
2571 4329 2837 4381 ineuntem
2863 4325 3435 4396 quadringentesimum
3455 4323 3770 4392 vigesimum

2179 4419 2480 4490 scripserit,
2501 4417 2769 4473 afﬁrmare
2794 4416 2925 4471 nihil
2952 4415 3268 4486 prohibebit.

827 4601 3752 4632 Μ

1455 4694 1936 4800 LIBER
2033 4694 2782 4803 OCTAVUS.

578 4893 646 4937 De
676 4887 879 4950 reliquis
895 4885 1144 4949 Augustini
1163 4883 1282 4934 actis
1299 4883 1362 4933 ab
1381 4881 1553 4932 Christi
1573 4893 1698 4930 anno
1719 4879 2200 4944 quadringentesimo
2237 4884 2499 4948 vigesimo,
2518 4881 2578 4932 ad
2595 4894 2772 4932 annum
2791 4879 3329 4946 quadringentesimum
3351 4876 3676 4941 trigesimum.

1919 5031 2342 5086 Θ(Μῦ

527 5211 530 5214 .
1025 5155 1249 5213 CAPUT
1289 5152 1573 5209 PRIMUM.

495 5257 522 5310 1
564 5255 843 5310 Donatista:
890 5252 1094 5324 praprio
1132 5253 1303 5323 furore
1344 5247 1584 5316 exagitati
1620 5261 1672 5298 se
1701 5243 1991 5296 interimunt
2035 5248 2082 5295 et

565 5348 878 5402 comburunt.
906 5347 941 5399 2
976 5343 1227 5398 Dulcitius
1255 5341 1482 5395 tribunus
1511 5348 1557 5393 et
1585 5337 1811 5392 notarius
1839 5333 2080 5389 Gauden-

567 5442 691 5494 tium
732 5456 793 5493 επ
833 5437 1022 5490 Donati
1049 5447 1189 5506 parte
1213 5435 1499 5506 episcopum
1535 5449 1565 5483 α
1591 5429 1798 5483 consilio
1823 5426 2081 5508 cremandi

569 5548 800 5586 revocare
828 5530 1013 5593 studet,
1042 5539 1189 5600 atque
1225 5530 1289 5582 ab
1316 5529 1426 5598 ipso
1455 5524 1691 5596 epistolas
1719 5523 1845 5575 duas
1873 5521 2076 5591 accipit.

571 5628 606 5680 3
646 5625 851 5679 Dulcitit
906 5632 1083 5694 rogatu
1124 5621 1406 5676 Gaudentio
1443 5618 1707 5691 respondet
1742 5616 2076 5688 Augustinus.

569 5718 607 5774 4
634 5717 840 5772 Librum
865 5714 1130 5772 Consentio
1156 5715 1323 5768 scribit
1351 5723 1526 5767 contra
1553 5711 1902 5773 mendacium,
1947 5706 2082 5780 quod

572 5827 634 5870 eo
663 5829 756 5869 nec
777 5812 845 5867 ad
869 5809 1237 5882 investigandos
1266 5805 1686 5863 Priscillianistas
1709 5805 1784 5859 uti
1811 5803 1961 5859 liceat
1981 5799 2082 5858 Ca-

2259 5153 2478 5208 tholicis.
2507 5154 2541 5210 5
2571 5153 2815 5224 Ejusdem
2841 5154 3092 5208 Consenti:
3119 5155 3418 5222 qutestt'ones
3455 5152 3696 5226 explicat,
3721 5154 3777 5209 in

2259 5246 2436 5314 primis
2460 5254 2627 5299 utrum
2663 5263 2794 5300 nunc
2817 5263 2999 5315 corpus
3037 5245 3242 5300 Domini
3265 5262 3379 5320 assa
3402 5254 3451 5300 et
3479 5246 3776 5316 sanguinem

2261 5337 2462 5405 habeat,
2500 5347 2546 5391 et
2574 5339 2765 5408 reliqua
2801 5339 2969 5392 carnis
3008 5338 3328 5391 lineamenta.
3357 5336 3390 5391 6
3417 5337 3496 5390 Ad
3525 5335 3776 5390 Ceretium

2259 5431 2431 5484 scribit
2468 5440 2642 5484 contra
2693 5428 3114 5483 Priscillianistas
3165 5431 3426 5500 scripturis
3467 5426 3776 5500 apocryphis

2259 5520 2514 5575 abutentes
2543 5539 2601 5574 ac
2631 5521 2872 5593 perjurio.

2262 5615 2312 5669 1.
2350 5613 2587 5669 Vidimus
2614 5614 2722 5684 jam
2751 5623 2873 5669 ante
2897 5628 3028 5684 quos
3058 5627 3369 5684 progressus
3393 5613 3442 5666 in
3476 5611 3784 5666 Donatista~

2187 5724 2306 5763 rum
2336 5707 2586 5772 schisma,
2621 5716 2729 5762 tum
2755 5705 3185 5776 Carthaginensis
3214 5705 3530 5771 collationis,
3561 5713 3672 5759 tum
3704 5702 3782 5757 Ie-

2187 5815 2316 5872 gum
2337 5799 2406 5857 ab
2425 5799 2660 5858 Honorio
2677 5797 2978 5857 muniendis
2994 5798 3135 5855 illius
3149 5797 3379 5855 decretis
3399 5797 3623 5854 latarum
3645 5809 3777 5866 ope,
