4042 6360
259 373 374 430 518

261 485 454 545 ferierit
483 482 746 540 catholica
773 479 1034 537 Ecclesia.
1062 477 1302 534 Vidimus
1322 477 1537 547 insuper
1562 474 1860 546 cujusmodi

259 581 498 636 violenta
546 577 780 632 facinora
837 575 1103 646 pepererit
1139 589 1320 628 eorum
1363 572 1536 639 dolor,
1577 573 1665 642 qui
1711 587 1860 625 suam

260 671 560 744 expugnari
587 670 978 725 contumaciam
1007 669 1112 737 pati
1139 667 1426 721 noluerunt
1451 684 1462 718 :
1485 666 1630 736 alqui
1667 665 1861 721 furoris

261 767 506 837 ipsorum
535 779 871 834 nequaquam
914 762 1012 817 fuit
1057 761 1147 816 hic
1190 761 1466 815 terminus.
1509 760 1655 814 Sicut
1685 759 1815 814 enim
1842 799 1858 826 ,

259 858 344 911 ait
367 857 719 928 Augustinus,
751 855 975 910 charitas
1005 853 1199 908 laborat
1225 852 1469 907 Ecclesiae
1486 853 1559 907 sic
1585 869 1666 907 eos
1683 852 1744 904 ab
1769 851 1862 906 illa

261 951 547 1020 perditione
573 951 804 1016 liberare,
835 958 887 1002 ut
915 965 1087 1003 eorum
1113 963 1254 1001 nemo
1283 947 1565 1017 moriatur;
1589 946 1661 999 sic
1689 961 1862 998 eorum

261 1045 464 1098 laborat
504 1045 688 1113 furor,
747 1053 834 1097 aut
877 1061 968 1097 nos
1025 1042 1268 1105 occidere,
1313 1050 1366 1094 ut
1405 1056 1512 1095 stite
1551 1037 1862 1093 crudelitatis

263 1146 480 1205 pascant
509 1135 790 1201 libidinem,
818 1143 903 1188 aut
929 1135 1076 1188 etiam
1114 1150 1166 1186 se
1198 1134 1352 1204 ipsos,
1384 1149 1446 1186 ne
1479 1132 1755 1201 perdidisse
1791 1131 1865 1184 vi-

261 1228 483 1281 deantur
507 1228 895 1281 occidendoruni
916 1226 1172 1280 hominum
1203 1233 1494 1294 potestatem
1517 1223 1706 1294 (Epist.
1735 1222 1856 1290 185,

203 1375 224 1390 Q
260 1337 324 1372 rs.
356 1318 466 1390 11).
494 1318 629 1374 Sunt
665 1320 823 1390 igitur
847 1319 900 1372 in
929 1333 1080 1372 usum
1120 1325 1381 1370 revocata}
1413 1330 1570 1370 neces
1601 1315 1704 1368 ill-.n
1735 1313 1861 1366 hor-

217 1389 224 1394 ’
261 1389 456 1464 ribiles
486 1425 548 1463 ac
575 1389 849 1479 lugenda),
883 1423 1014 1478 quas
1044 1408 1115 1460 illi
1161 1405 1427 1476 quondam
1471 1412 1822 1460 exercuerant
1844 1443 1859 1468 ,

262 1503 564 1572 quibusque
580 1501 1080 1556 Circumcellionum
1114 1515 1306 1552 nomen
1331 1514 1422 1566 per
1440 1499 1622 1552 orbem
1651 1497 1864 1551 univer-

261 1609 384 1650 sum
412 1594 546 1648 adeo
569 1594 781 1648 celebre
820 1593 1012 1647 factum
1060 1591 1248 1657 fuerat,
1280 1591 1385 1645 imo
1413 1601 1466 1645 et
1497 1590 1796 1644 hominibus
1833 1605 1863 1644 e

262 1699 409 1743 secta
429 1704 523 1742 sua
553 1689 707 1758 paulo
723 1686 1168 1741 moderatioribus
1200 1685 1461 1738 odiosum.
1486 1683 1777 1752 Imperator
1806 1684 1860 1736 in

266 1790 366 1828 eos
395 1775 512 1828 solo
547 1774 736 1827 exsilio
761 1763 1219 1826 animadvertebat
1245 1770 1450 1843 (Contra
1477 1769 1751 1836 Gaudent,
1773 1769 1858 1822 lib.

266 1864 500 1933 i,n.2l)
522 1883 534 1916 :
553 1863 810 1918 Catholici
837 1880 960 1918 vero
981 1863 1195 1918 eosdem
1217 1863 1378 1916 latere
1407 1863 1737 1930 patiebantur
1756 1878 1859 1915 non

264 1954 415 2009 inviti
449 1954 636 2028 (lbid.,
667 1972 720 2008 n.
750 1956 861 2025 ιιι),
892 1955 1084 2024 quippe
1111 1969 1244 2024 quos
1275 1954 1325 2006 in
1351 1954 1593 2007 exsilium
1619 1952 1738 2022 pelli
1762 1954 1861 2006 hoc

263 2047 442 2101 solum
483 2047 663 2100 animo
693 2045 1070 2116 postulabant,
1121 2062 1186 2099 ne
1229 2045 1454 2098 aliorum
1487 2045 1640 2097 saluti
1680 2053 1862 2098 essent

269 2139 655 2207 impedimento
674 2136 856 2208 (lbid.,
878 2155 927 2191 n.
955 2137 1066 2206 l2).
1090 2137 1459 2190 Verumtamen
1479 2152 1596 2189 cum
1624 2146 1859 2190 extrema

271 2233 532 2301 supplicia
561 2231 753 2285 merito
782 2231 1136 2300 jure'illorum
1168 2228 1491 2283 facinoribus
1514 2229 1856 2295 deberentur,

275 2323 392 2378 hare
438 2325 489 2377 in
534 2341 591 2379 se
623 2325 721 2395 ipsi
749 2333 802 2379 et
827 2324 1125 2378 statuebant
1160 2333 1212 2377 et
1249 2324 1702 2392 exsequebantur,
1739 2323 1858 2376 facti

269 2419 350 2472 sui
375 2419 612 2488 ipsorum
637 2419 842 2488 judices
863 2419 1089 2473 simulet
1111 2418 1406 2472 carniﬁces.
1431 2417 1673 2487 Cumque
1691 2418 1856 2470 sancti

263 2521 528 2581 martyres
584 2528 680 2581 pro
755 2511 976 2566 veritate
1037 2519 1262 2565 mortem
1311 2519 1602 2579 oppetant,
1657 2509 1709 2562 hi
1755 2525 1860 2580 quo

268 2603 638 2672 prohiberent,
665 2619 733 2657 ne
760 2604 954 2657 veritas
983 2603 1406 2666 aununtiaretnr,
1439 2616 1506 2656 ne
1544 2601 1738 2654 veritas
1778 2610 1858 2654 lc-

264 2705 502 2759 neretur,
523 2712 587 2750 ne
607 2697 783 2751 unitas
807 2704 1092 2760 amaretur,
1123 2711 1190 2748 ne
1217 2695 1448 2748 Charitas
1470 2695 1850 2763 susciperetur,

265 2803 334 2843 ne
389 2798 792 2857 compararetur
839 2787 1128 2852 :eteruitas,
1180 2780 1464 2840 interibant
1494 2786 1685 2855 (Serm.
1728 2788 1850 2850 525,

263 2896 322 2932 η.
351 2879 432 2949 2).
465 2879 524 2934 Si
554 2880 686 2934 lides
717 2879 958 2934 habenda
988 2878 1303 2942 Gaudentio,
1336 2879 1592 2932 inﬁnitam
1616 2881 1853 2934 multitu-

263 2970 440 3026 dinem
479 2972 698 3027 abstulit
736 2971 789 3026 id
820 2972 1005 3026 mortis
1032 2987 1198 3041 genus
1221 2971 1433 3040 (Contra
1461 2971 1730 3036 Gaudent.,
1767 2975 1854 3028 lib.

268 3063 320 3128 1,
346 3081 399 3116 n.
435 3063 549 3137 52).
578 3065 648 3118 At
668 3080 796 3119 vero
816 3064 1143 3135 Augustinus
1172 3064 1441 3118 contendit
1466 3081 1567 3117 non
1595 3064 1757 3119 fuisse
1783 3073 1858 3119 tot

266 3153 634 3225 homines,qui
661 3156 760 3210 sibi
787 3171 974 3210 manus
998 3155 1254 3210 violentas
1274 3155 1544 3221 afferrent,
1568 3165 1694 3226 quot
1716 3155 1852 3226 pagi,

261 3257 393 3318 quot
417 3247 632 3318 Oppida,
665 3255 796 3318 quot
825 3248 984 3302 urbes
1015 3248 1232 3317 integrae
1259 3263 1321 3301 ac
1347 3247 1524 3316 pepuli
1554 3247 1725 3316 legum
1758 3247 1859 3300 im-

262 3339 540 3408 perialium
589 3348 736 3394 metu
782 3355 813 3394 a
863 3338 1152 3393 schismate
1200 3339 1534 3392 deﬁciebant.
1580 3338 1654 3392 Illi
1696 3354 1856 3408 porro

260 3444 382 3484 cum
414 3445 473 3486 se
516 3429 716 3486 ferrum
759 3431 812 3485 in
856 3431 1018 3485 vitam
1060 3432 1328 3502 propriam
1370 3446 1746 3494 conversuros,
1795 3447 1856 3486 ac

261 3525 558 3594 praecipitio
587 3525 673 3580 vel
711 3525 818 3596 igni
851 3525 1134 3580 tradituros
1164 3524 1532 3591 minabantur,
1572 3524 1855 3579 Catholicis

260 3617 362 3672 hac
401 3628 516 3672 arte
552 3617 908 3687 persequendi
947 3633 1151 3672 moram
1195 3633 1257 3671 se
1294 3617 1610 3685 injecturos,
1649 3632 1854 3670 necaou

260 3722 446 3764 eorum
475 3707 720 3763 ardorem
751 3709 1125 3763 imminuturos
1151 3708 1439 3777 sperabant
1464 3726 1476 3760 :
1501 3707 1591 3761 sed
1635 3707 1853 3760 videba-

263 3810 344 3854 tur
359 3801 652 3855 Catholicis
677 3801 843 3854 satius
871 3815 990 3855 esse
1014 3814 1209 3868 paucos
1246 3799 1508 3868 exstingui
1536 3799 1768 3866 perditos
1794 3814 1856 3852 ac

261 3891 596 3962 desperatos,
628 3908 787 3962 quam
823 3894 874 3946 in
905 3891 1152 3946 lethil‘ero
1185 3891 1406 3945 discidio
1434 3883 1739 3944 iumuueros
1768 3905 1854 3943 re-

261 3985 450 4055 linqui,
467 4001 600 4056 quos
624 3985 748 4040 inde
773 3985 968 4054 legum,
993 3999 1111 4053 qua:
1137 3998 1240 4036 non
1263 3983 1378 4036 sine
1400 3982 1578 4036 divino
1600 3992 1726 4035 nutu
1755 3981 1853 4035 sibi

262 4079 647 4148 suppetebant,
692 4078 954 4133 beneﬁcio
982 4092 1170 4131 eruere
1199 4076 1494 4145 potuissent
1517 4075 1708 4145 (Epist.
1727 4075 1851 4139 204,

263 4189 353 4225 nn.
373 4171 520 4244 1,2).
545 4172 781 4239 Quorum
809 4171 1034 4225 consilio
1057 4170 1132 4223 sic
1158 4169 1412 4237 aspiravit
1431 4168 1663 4222 coalestis
1685 4167 1850 4232 lavor,

262 4271 321 4315 ut
362 4262 574 4315 nemine
603 4261 706 4315 sibi
736 4276 923 4316 necem
957 4259 1346 4325 consciscente,
1389 4259 1573 4328 ingens
1603 4273 1854 4312 numerus

266 4363 376 4408 tum
407 4355 458 4408 in
479 4353 746 4420 Numidia,
767 4363 876 4407 tum
897 4355 948 4407 in
975 4353 1196 4422 reliquis
1216 4354 1255 4404 Α
1267 4351 1407 4405 frica:
1429 4351 1713 4420 provinciis
1733 4366 1852 4404 cum

264 4450 502 4504 Ecclesia
534 4450 584 4502 in
614 4463 798 4518 pacem
831 4447 1067 4502 redierit.
1109 4445 1200 4500 Sin
1227 4453 1406 4498 autem
1439 4444 1491 4497 in
1529 4444 1708 4512 aliquo
1736 4442 1855 4496 loco

268 4541 319 4594 id
341 4541 462 4594 mali
489 4542 845 4609 contingeret,
877 4537 1136 4602 Ecclesia,
1167 4535 1378 4590 Davidis
1405 4536 1569 4588 instar
1595 4533 1661 4587 de
1687 4533 1854 4586 Absa-

269 4633 385 4687 lone
413 4633 692 4688 interfecto
713 4633 1023 4686 minstitiam
1053 4645 1204 4685 suam
1236 4644 1364 4698 pace
1393 4628 1541 4698 regni
1566 4628 1644 4680 sui
1667 4625 1852 4696 acqui-

268 4725 364 4778 sita
396 4725 723 4779 cousolautis
744 4765 760 4791 ,
792 4724 1032 4778 dolorem
1066 4721 1292 4775 materni
1315 4719 1489 4775 cordis
1511 4717 1767 4780 leniebat,
1801 4723 1858 4770 et

269 4818 491 4870 sanabat
519 4815 900 4870 instauratione
925 4814 1142 4869 unitatis
1162 4827 1225 4866 ac
1252 4821 1517 4866 tantorum
1544 4808 1856 4863 liberatione

272 4910 606 4978 pepulorum.
653 4908 880 4972 Quorum
908 4907 950 4959 si
977 4905 1145 4959 videas
1167 4946 1180 4971 ,
1208 4904 1282 4958 ait
1309 4901 1374 4957 ad
1404 4899 1734 4957 Bonifacium
1755 4942 1771 4968 ,
1802 4900 1856 4954 in

271 4996 456 5053 Christi
485 5017 609 5070 pace
637 4998 858 5065 ltetitias,
882 4999 1204 5068 frequentius,
1229 4995 1544 5062 alacritates,
1581 5004 1628 5048 et
1661 4999 1727 5047 ad
1764 4993 1857 5064 hy-

276 5109 420 5146 mnos
434 5092 714 5146 audiendos
739 5099 784 5144 et
803 5089 1077 5155 canendos,
1101 5099 1147 5142 et
1165 5089 1232 5141 ad
1249 5088 1448 5141 verbum
1464 5085 1557 5140 Dei
1579 5085 1859 5156 percipien-

272 5185 393 5237 dum
435 5187 646 5240 celebres
686 5183 970 5254 hilaresque
1005 5191 1293 5248 conventus,
1319 5181 1686 5251 multorumque
1713 5179 1767 5232 in
1787 5179 1858 5233 eis

274 5292 388 5329 cum
432 5277 605 5330 dolore
629 5293 813 5348 magno
842 5273 1239 5329 recordationem
1285 5273 1525 5344 prieteriti
1563 5272 1769 5338 erroris,
1812 5279 1858 5325 et

276 5384 389 5421 cum
436 5369 620 5438 gaudio
658 5367 1106 5422 considerationem
1144 5365 1358 5435 cognita:
1399 5365 1641 5428 veritatis,
1669 5373 1860 5418 etcum

275 5459 620 5530 indignatione
666 5468 715 5512 et
749 5459 1074 5512 detestatione
1103 5455 1418 5509 mendacium
1459 5456 1817 5526 magistrorum
1839 5498 1854 5524 ,

278 5551 412 5619 quod
441 5551 589 5604 modo
614 5558 916 5620 cognoscant
937 5549 1000 5602 de
1018 5548 1199 5601 nostris
1219 5548 1542 5601 sacramentis
1557 5564 1706 5617 quam
1727 5548 1860 5618 falsa

270 5639 612 5710 jactaverint;
638 5641 912 5693 multorum
939 5641 1089 5692 etiam
1130 5639 1182 5692 in
1227 5639 1297 5692 eis
1341 5639 1695 5708 confessiones,
1726 5640 1861 5709 quod

285 5733 408 5786 olim
430 5733 612 5788 uellent
635 5750 742 5789 esse
769 5732 1035 5801 Catholici,
1068 5749 1156 5786 nec
1175 5733 1305 5786 inter
1327 5733 1549 5787 homines
1571 5734 1694 5787 tanti
1720 5737 1862 5804 furo-

279 5823 351 5878 ris
392 5825 634 5880 auderent
676 5841 694 5879 :
733 5826 909 5880 harant
947 5842 1066 5896 ergo
1108 5823 1412 5896 populorum
1455 5826 1862 5898 congregationes

1591 362 1792 418 LlBER
1827 361 2162 420 OCTAVUS.

3438 372 3550 431 5N

1972 493 2060 547 per
2085 477 2330 548 plurimas
2358 477 2545 547 Africa:
2562 477 2788 551 regiones
2816 480 2878 534 ab
2902 481 2994 536 illa
3018 484 3296 551 perditione
3311 485 3549 546 liberato-

1970 585 2105 638 rum,
2128 570 2173 624 si
2196 570 2287 624 sub
2315 589 2416 625 uno
2443 582 2708 643 conspectu
2746 573 2970 638 videres;
2990 584 3106 630 tunc
3143 578 3352 646 diceres,
3385 582 3564 650 nimitc

1975 663 2132 733 fuisse
2168 665 2498 733 crudelitatis,
2535 667 2578 721 si
2606 666 2726 722 dum
2757 669 3012 724 timeretur
3041 689 3102 726 ne
3127 672 3351 729 homines
3380 675 3557 747 despe-

1969 758 2090 824 rati,
2118 767 2164 812 et
2190 759 2401 813 istorum
2429 761 2785 817 innumerabili
2826 765 3138 820 multitudini
3164 768 3307 822 nulla
3335 771 3555 825 wstima-

1974 847 2110 903 tione
2133 851 2484 921 comparandi,
2513 853 2616 907 suis
2641 864 2687 908 et
2711 856 3006 911 voluntariis
3042 859 3240 928 ignibus
3275 878 3554 916 cremaren-

1969 947 2072 1008 tur,
2113 941 2194 996 isti
2236 944 2289 997 in
2334 955 2576 999 aeternum
2613 949 2875 1018 perdendi,
2921 961 2968 1006 et
2993 954 3309 1023 sempiternis
3346 956 3545 1028 ignibus

1969 1034 2228 1088 cruciandi
2249 1038 2646 1110 relinquerentur
2675 1042 2868 1113 (Epist.
2895 1044 3017 1112 185,
3049 1063 3100 1100 n.
3127 1047 3242 1120 52).

2038 1125 2092 1179 2.
2137 1127 2193 1182 1η
2243 1129 2348 1184 illis
2392 1142 2603 1198 autem,
2643 1151 2870 1206 quorum
2913 1141 3144 1196 amentia
3186 1144 3414 1199 maxime
3459 1144 3557 1200 fuit

1970 1215 2213 1287 insignis,
2260 1221 2556 1277 nobilitavit
2599 1239 2657 1280 se
2720 1225 3051 1285 Gaudentius
3100 1231 3555 1303 Thamugadensis

1971 1308 2274 1380 episcopus,
2309 1313 2530 1368 celebris
2559 1315 2699 1371 illius
2725 1319 2898 1388 Optati
2926 1320 3229 1378 Gildoniani
3256 1340 3550 1392 successor,

1970 1411 2024 1456 et
2049 1419 2184 1457 unus
2211 1421 2240 1458 e
2270 1416 2494 1475 septem,
2529 1425 2662 1478 quos
2691 1411 2978 1467 Donatista:
3007 1430 3221 1470 suarum
3252 1419 3474 1487 partium
3501 1421 3552 1475 in

1970 1495 2252 1552 collatione
2297 1497 2701 1570 Carthaginiensi
2748 1514 2998 1573 patronos
3042 1508 3313 1579 elegerant
3343 1511 3554 1582 (Contra

1973 1582 2246 1651 Gaudent.,
2274 1589 2358 1642 lib.
2389 1591 2438 1656 l,
2459 1608 2510 1644 n.
2527 1592 2624 1653 52;
2644 1593 2866 1648 Retract.
2882 1597 3038 1666 lib.2,
3053 1617 3166 1670 cap.
3187 1600 3298 1673 59).
3317 1603 3364 1656 Is
3384 1604 3554 1672 primo

1969 1693 2089 1733 cum
2111 1680 2347 1749 fugisset,
2368 1685 2703 1752 postmodum
2721 1689 2950 1744 redierat
2972 1691 3138 1761 (Cant.
3167 1694 3442 1760 Gaudent,
3462 1697 3550 1752 lib.

1970 1771 2090 1833 l,n.
2126 1773 2236 1842 l7),
2265 1773 2529 1844 dejerans,
2557 1777 2602 1832 si
2627 1789 2903 1847 cogeretur
2928 1785 3321 1840 communicare
3350 1786 3552 1842 Catho-

1969 1861 2106 1928 lieis,
2135 1879 2193 1918 se
2224 1865 2436 1920 incensa
2468 1870 2680 1939 propria
2710 1871 2934 1926 ecclesia
2955 1889 3075 1928 cum
3106 1875 3222 1930 aliis
3241 1877 3442 1947 aliquot
3467 1880 3548 1933 fu-

1969 1952 2145 2020 riosis,
2179 1957 2264 2025 qui
2294 1958 2467 2013 adhuc
2505 1961 2677 2016 eidem
2703 1963 3076 2032 adhaerebant,
3106 1967 3550 2040 conﬂagraturum

1969 2043 2155 2113 (Ibid,
2171 2063 2223 2100 n.
2241 2047 2292 2113 1,
2308 2058 2355 2102 et
2369 2048 2589 2104 Retract.
2606 2052 2692 2106 lib.
2707 2053 2761 2119 2,
2779 2071 2890 2126 cap.
2907 2054 3018 2128 59).
3039 2057 3303 2113 Honorius
3319 2061 3552 2130 impera-

1967 2145 2051 2190 tor
2079 2137 2252 2208 legum
2279 2153 2374 2208 pro
2404 2143 2602 2198 unitate
2627 2144 2848 2199 latarum
2877 2162 3060 2202 curam
3084 2149 3308 2205 Dulcitio
3331 2152 3552 2206 manda-

1967 2237 2135 2294 verat,
2172 2229 2307 2284 laico
2337 2241 2392 2285 et
2420 2233 2631 2288 militari
2662 2236 2796 2301 viro,
2826 2238 3102 2295 catholica:
3140 2244 3551 2313 communionis,

1967 2321 2184 2392 quique,
2220 2335 2276 2376 ut
2303 2325 2484 2392 paucis
2525 2336 2650 2382 ante
2693 2330 2845 2383 annis
2884 2331 3239 2400 Marcellinus,
3272 2335 3464 2390 tribuni
3491 2352 3553 2392 ac

1967 2415 2154 2469 notarii
2186 2415 2441 2486 dignitate
2461 2428 2680 2474 ornatus
2709 2430 2826 2476 erat
2856 2421 3065 2494 (Contra
3089 2423 3364 2494 Gaudent,
3389 2428 3472 2481 lib.
3497 2429 3549 2497 1,

1965 2520 2018 2557 η.
2051 2505 2158 2575 12).
2196 2506 2328 2560 Huic
2375 2510 2608 2564 muneris
2639 2511 2720 2564 sui
2761 2513 2894 2566 ratio
2929 2529 3032 2568 non
3074 2515 3410 2586 irrogandam
3447 2519 3552 2575 illis

1966 2595 2151 2662 capitis
2175 2611 2405 2665 pinnam,
2431 2599 2524 2654 sed
2554 2609 2754 2654 tantum
2777 2603 2966 2666 exsilii,
2998 2606 3336 2673 permittebat
3359 2608 3548 2681 (Epist.

1964 2684 2091 2752 204,
2125 2703 2177 2739 n.
2226 2688 2302 2756 '5).
2345 2687 2518 2743 luerat
2560 2690 2658 2760 ipsi
2704 2692 2935 2747 lenitatis
2982 2695 3301 2764 plurimum;
3333 2698 3552 2769 ejusque

1965 2791 2124 2845 opera
2148 2794 2251 2832 non
2283 2796 2477 2849 paucos
2499 2797 2529 2836 a
2555 2781 2840 2839 schismate
2861 2785 2926 2839 ad
2954 2786 3269 2842 catholicam
3297 2791 3552 2846 unitatem

1968 2869 2108 2923 Deus
2136 2871 2457 2926 traduxerat.
2481 2871 2614 2928 Cum
2643 2884 2825 2930 essent
2851 2875 3318 2948 Thamugadenses
3344 2886 3553 2937 creteris

1965 2961 2366 3031 pertinaciores,
2403 2965 2658 3020 Dulcitius
2700 2967 2959 3023 adversus
3001 2985 3094 3024 eos
3124 2973 3549 3041 mansuetudine,

1963 3066 2020 3111 ut
2046 3057 2288 3123 decebat,
2322 3060 2395 3112 uti
2427 3061 2684 3130 cogitans,
2736 3062 2855 3116 illos
2899 3063 3057 3120 ofﬁcii
3101 3065 3181 3120 sui
3225 3066 3399 3120 edicto
3437 3083 3554 3121 mo-

1965 3150 2112 3213 nuit;
2139 3151 2188 3204 in
2219 3167 2323 3220 quo
2347 3151 2484 3205 inter
2511 3152 2632 3217 alia,
2664 3167 2784 3206 cum
2814 3168 2910 3208 eos
2938 3155 3098 3210 sciret
3135 3171 3255 3212 sese
3280 3159 3552 3214 cremandi

1961 3244 2193 3298 animum
2225 3243 2443 3310 habere,
2466 3244 2790 3312 declarabat,
2823 3247 2967 3316 ipsos
2989 3258 3236 3316 mortem,
3259 3267 3416 3321 quam
3438 3267 3551 3306 mc-

1961 3345 2241 3402 rerentur,
2290 3337 2608 3392 toleraturos
2650 3342 2810 3409 :"quo
2856 3341 3102 3395 nimirum
3143 3342 3285 3396 dicto
3324 3359 3545 3409 necem,

1961 3444 2118 3498 quam
2154 3429 2383 3498 propriis
2407 3429 2651 3483 manibus
2671 3429 2772 3483 sibi
2801 3431 2929 3500 ipsis
2951 3431 3204 3486 afferrent
3226 3475 3240 3500 ,
3279 3435 3546 3504 signiﬁca-

1962 3520 2053 3575 bat
2083 3539 2094 3574 :
2131 3521 2204 3574 illi
2236 3531 2412 3576 autem
2446 3521 2545 3576 hoc
2575 3522 2645 3575 ita
2682 3531 2805 3576 sunt
2830 3523 3187 3593 interpretati,
3219 3526 3372 3594 quasi
3401 3526 3547 3596 capi-

1962 3615 2066 3668 tale
2109 3615 2422 3684 supplicium
2459 3615 2588 3684 ipsis
2626 3616 2957 3671 intentasset.
2995 3618 3065 3671 At
3101 3617 3214 3687 ipse
3239 3619 3342 3672 alio
3371 3619 3548 3675 edicto

1963 3706 2294 3775 promulgato
2339 3715 2569 3761 mentem
2610 3707 2921 3778 explicatius
2951 3708 3176 3778 aperuit.
3218 3709 3354 3776 Quin
3383 3711 3547 3766 etiam

1962 3797 2166 3850 litteras
2190 3798 2256 3852 ad
2281 3797 2634 3853 Gaudentium
2656 3840 2670 3865 ,
2715 3800 2902 3869 quibus
2929 3816 3050 3855 eum
3079 3801 3144 3855 ad
3171 3803 3427 3859 unitatem
3452 3818 3542 3859 ca-

1964 3887 2214 3943 tholicam
2237 3889 2628 3957 adhortaretur,
2659 3899 2711 3944 et
2738 3891 3062 3957 incendium,
3091 3909 3197 3962 quo
3232 3908 3290 3948 se
3326 3909 3389 3948 ac
3421 3909 3548 3950 suos

1962 3994 2081 4032 cum
2114 3980 2225 4048 ipsa
2257 3980 2306 4032 in
2337 3996 2440 4049 qua
2470 3990 2585 4035 erat
2613 3981 2835 4036 ecclesia
2873 3996 3185 4037 consumere
3223 3984 3542 4052 minabatur,

1961 4069 2291 4124 dissuaderet
2315 4071 2558 4140 (Retract.
2576 4072 2662 4125 lib.
2677 4072 2729 4137 2,
2750 4088 2864 4143 cap.
2879 4071 2991 4144 59).
3010 4073 3223 4128 Dicebat
3240 4090 3358 4130 esse
3375 4076 3446 4130 ibi
3466 4077 3549 4132 in-

1971 4172 2250 4230 nocentes,
2279 4180 2412 4234 quos
2440 4165 2527 4219 ille
2552 4164 2619 4218 ad
2638 4162 2857 4217 exitium
2888 4173 3094 4220 teneret
3122 4167 3333 4236 invitos,
3361 4169 3414 4222 id
3438 4179 3542 4238 est,

1963 4255 2052 4323 qui
2082 4255 2180 4309 nisi
2203 4256 2532 4309 auctoritatis
2553 4253 2671 4324 ejus
2695 4257 3140 4326 contemplatione
3162 4275 3225 4314 ac
3247 4261 3544 4318 reverentia

1962 4346 2344 4407 inhibereutur,
2387 4341 2454 4396 ad
2487 4345 2798 4400 catholicam
2835 4348 3122 4404 Ecclesiam
3166 4363 3356 4423 sponte
3417 4356 3543 4412 red-

1962 4434 2614 4504 irent(ContraGaudent.,
2632 4437 2717 4490 lib.
2735 4439 2784 4501 1,
2805 4456 2855 4492 n.
2876 4440 2954 4509 6).
2977 4443 3453 4513 Addebat,caveret
3476 4466 3545 4507 ne

1961 4535 2166 4581 tantum
2195 4527 2426 4581 basilicae
2446 4527 2749 4595 aediﬁcium,
2781 4530 2870 4584 ubi
2896 4534 3090 4603 saepius
3114 4551 3304 4593 nomen
3335 4540 3428 4595 Dei
3455 4541 3540 4596 in-

1962 4630 2260 4685 vocaverat,
2304 4629 2698 4674 concrematum
2745 4623 2812 4677 ab
2857 4623 2972 4694 ipso
3017 4625 3182 4683 fuisse
3229 4630 3540 4688 diceretur:

1961 4714 2197 4768 laetatum
2244 4729 2320 4777 se,
2351 4711 2573 4782 quodin
2604 4714 2926 4782 provinciam
2969 4726 3060 4772 aut
3105 4719 3240 4774 forte
3285 4723 3443 4778 etiam
3487 4724 3542 4778 in
3573 4713 3587 4766 ι’

1963 4804 2148 4859 urbem
2198 4803 2692 4875 Thamugadensem
2737 4807 3025 4863 adveniens
3065 4809 3338 4865 absentem
3393 4791 3585 4895 illum(

1962 4899 2250 4969 reperisset
2281 4916 2292 4951 :
2325 4908 2510 4954 contra
2541 4916 2690 4965 vero,
2721 4901 2861 4972 quod
2889 4917 3158 4958 reversum
3192 4905 3438 4960 eumdem
3463 4907 3544 4960 vi-

1963 4989 2132 5056 deret,
2163 4991 2386 5046 moleste
2410 4990 2580 5059 lerre;
2618 4993 2758 5048 nolle
2777 4993 3036 5064 siquidem
3067 4995 3167 5049 sibi
3208 4996 3323 5065 ejus
3362 5012 3542 5066 perse-

1964 5083 2148 5154 quenti
2175 5084 2508 5139 occasionem
2534 5085 2668 5151 dari,
2695 5101 2867 5155 neque
2887 5087 3026 5141 illius
3051 5088 3382 5156 praesentiam
3429 5089 3544 5143 obi-

1963 5194 2080 5233 cem
2107 5178 2297 5233 all‘erre
2327 5179 2482 5232 saluti
2508 5179 2730 5233 aliorum
2757 5195 2770 5231 :
2795 5179 2838 5233 si
2865 5195 2926 5234 se
2949 5180 3037 5233 ille
3058 5181 3392 5236 innocentem
3421 5197 3543 5238 cre-

1963 5269 2157 5339 deret,
2206 5270 2410 5341 fugeret
2456 5271 2630 5340 potius
2653 5270 2801 5339 juxta
2835 5269 3157 5325 dominicum
3184 5283 3505 5345 praeceptum
3525 5311 3542 5340 ,

1964 5378 2122 5432 quam
2167 5378 2224 5417 se
2252 5363 2364 5432 ipse
2402 5360 2877 5431 cremaret(1bid.,
2907 5378 2960 5416 n.
2993 5363 3104 5434 12).
3136 5364 3453 5422 Testabatur
3484 5381 3545 5423 se

1965 5453 2312 5522 quorumdam
2342 5453 2510 5508 relatu
2533 5451 2864 5524 cognovisse,
2895 5453 3067 5509 virum
3096 5456 3245 5512 illum
3274 5473 3394 5514 esse
3419 5475 3547 5529 pru-

1966 5543 2142 5598 dentia
2196 5544 2506 5614 prmditum;
2568 5560 2632 5600 ac
2685 5561 2898 5617 semper
2943 5563 3064 5604 eum
3111 5549 3545 5608 honoriﬁcentius

1969 5637 2246 5704 tractabat,
2278 5653 2432 5705 quam
2478 5637 2783 5692 lia-relicum
2827 5639 3045 5696 deberet
3088 5643 3377 5697 catholicus
3405 5660 3419 5696 :
3446 5642 3542 5699 sed

1967 5727 2109 5783 hunc
2163 5744 2221 5783 ea
2271 5729 2474 5784 ratione
2517 5729 2780 5784 redditum
2829 5731 2893 5785 iri
2947 5731 3254 5800 dociliorem
3298 5734 3544 5803 sperabat

1969 5822 2151 5895 (Ibid,
2166 5841 2215 5877 η.
2236 5823 2292 5893 5)
2339 5823 2561 5894 Accepta
2579 5823 2902 5880 Gaudentius
2928 5824 3026 5882 hac
3047 5826 3288 5896 epistola,
3311 5833 3545 5882 actutum
