4042 6360
505 345 620 435 sis

513 487 841 557 brevissime,
874 505 940 544 ne
966 503 1187 554 moram,
1219 493 1276 542 ut
1297 485 1522 550 dicebat,
1553 485 1765 540 atl'crret
1801 481 2081 558 perlatori-

509 587 633 650 btts,
663 585 932 654 rescripsit
957 583 1164 652 (Contra
1181 581 1374 648 Gaud.,
1393 581 1428 636 ι.
1449 581 1558 646 1,η.
1583 577 1689 648 12).
1715 578 1790 634 Ibi
1810 577 1898 632 ille
1921 575 2081 648 proﬁ—

515 680 740 744 tebatur,
772 677 874 732 sibi
897 677 1107 746 quidem
1131 674 1404 728 deﬁnitum
1428 681 1480 726 et
1503 671 1846 726 constitutum
1869 685 2008 740 esse,
2037 669 2082 722 si

515 773 620 826 vim
637 771 797 824 ullam
815 770 1178 834 imminentem
1198 773 1459 828 cerneret,
1481 765 1615 818 intra
1633 763 1893 818 dominica
1913 771 2082 818 castra

515 864 634 916 vitm
653 861 850 916 exitum
877 861 1182 920 terminare,
1209 857 1308 910 hoc
1321 863 1422 921 est,
1443 863 1608 909 semet
1623 869 1742 909 cum
1761 853 1986 910 ecclesia
2007 855 2086 905 in—

515 969 742 1007 cendere
773 970 784 1004 :
813 951 948 1022 quod
967 965 1092 1004 vero
1121 949 1184 1002 ad
1201 949 1347 1010 alios,
1365 957 1568 999 tantum
1596 945 1802 1010 abesse,
1827 954 2086 1014 utcogere

516 1045 639 1098 illos
665 1045 762 1097 sibi
795 1049 1131 1110 proponeret,
1163 1051 1218 1092 ut
1249 1039 1420 1108 potius
1457 1037 1722 1104 omnibus,
1769 1037 1856 1106 qui
1893 1051 1956 1090 ex
1998 1050 2101 1090 ec-.

515 1137 668 1190 clesia
700 1135 957 1188 decedere
983 1139 1252 1202 caperent,
1285 1139 1468 1184 auctor
1497 1129 1701 1190 fuiSsct,
1743 1127 1872 1180 illud
1913 1126 2083 1198 palam

517 1243 575 1280 ac
605 1229 767 1281 libere
795 1227 1124 1280 declararent
1153 1221 1336 1294 (Ibid,
1370 1240 1421 1276 η.
1451 1221 1524 1290 7).
1561 1219 1822 1274 Postridie
1849 1219 1961 1288 ejus
1981 1217 2085 1272 diei

515 1320 656 1372 aliud
685 1333 994 1388 responsum
1025 1317 1180 1385 priori
1211 1315 1481 1368 verbosius
1506 1313 1644 1378 fecit,
1671 1313 1720 1364 in
1751 1327 1854 1380 quo
1883 1310 2086 1363 niteba-

513 1421 599 1465 tur
637 1411 866 1464 furorem
903 1424 1051 1462 suum
1089 1405 1375 1478 Seriptnrm
1409 1403 1694 1458 defendere
1725 1400 2041 1454 testimoniis
2068 1441 2083 1465 ,

517 1501 564 1554 in
597 1501 780 1570 hisque
803 1499 1042 1568 exetnplo
1067 1498 1231 1558 Razii,
1257 1497 1404 1562 cujus
1427 1503 1650 1548 mortem
1673 1493 1805 1546 liber
1826 1491 2089 1546 secundus

513 1591 932 1646 Machabmorum
987 1597 1166 1642 narrat
1214 1587 1394 1656 (Ibid.,
1423 1603 1476 1639 n.
1515 1583 1619 1656 12).
1669 1581 1992 1636 Memorabat
2033 1581 2086 1634 id

513 1699 742 1754 quoque,
791 1683 930 1752 quod
977 1681 1212 1736 Emerito
1251 1681 1576 1749 contigerat,
1609 1693 1730 1731 cum
1765 1677 2088 1746 Augustinus

514 1787 752 1832 vertente
781 1791 920 1829 anno
947 1773 1466 1845 quadringentesimo
1487 1771 1692 1824 decimo
1715 1779 1902 1822 octavo
1917 1765 2090 1820 C:esa-

515 1885 658 1924 ream
675 1869 913 1936 petierat;
933 1867 1024 1920 sed
1041 1867 1114 1920 rei
1135 1865 1460 1920 dissimulata
1475 1863 1695 1918 veritate
1711 1859 1889 1931 (Ibid.,
1909 1877 1957 1911 n.
1975 1857 2085 1928 15).

585 1961 638 2016 5.
687 1961 943 2013 Dulcitius
995 1969 1270 2024 utramque
1302 1955 1576 2026 cpis'olam
1627 1953 1917 2022 Augustino
1943 1949 2089 2004 defe-

515 2051 732 2106 rendam
774 2051 994 2114 curavit,
1043 2065 1200 2103 orans
1227 2049 1342 2102 illas
1374 2057 1428 2100 ut
1457 2047 1754 2112 rct'ellerct(
1777 2043 1992 2096 Retract.
2023 2041 2086 2094 li-

517 2141 604 2196 bro
629 2143 819 2211 2,rap.
851 2143 980 2211 59),
1009 2155 1070 2194 ac
1115 2141 1214 2192 sibi
1261 2140 1584 2207 perciperet,
1635 2151 1739 2206 quo
1791 2143 1944 2204 pacto
1991 2133 2088 2202 ipsi

515 2243 657 2288 esset
699 2233 959 2286 haereticis
997 2229 1420 2299 respondendum
1445 2227 1646 2297 (Epist.
1669 2227 1792 2288 220i,
1823 2225 1920 2278 n.l
1949 2222 1968 2296 )
2001 2222 2090 2276 :id

517 2331 616 2388 est,
649 2323 748 2376 nisi
773 2337 868 2376 nos
891 2321 1020 2374 fallit
1041 2320 1367 2390 conjectura,
1388 2333 1543 2388 quam
1569 2319 1824 2371 rationem
1845 2331 1964 2369 cum
1995 2315 2090 2366 ba-

513 2415 640 2472 bere
668 2423 936 2484 oporteret
985 2415 1266 2476 minarum,
1313 2413 1504 2482 quibus
1547 2411 1598 2464 in
1657 2425 1713 2463 se
1759 2410 1902 2477 ipsos
1953 2407 2092 2460 ferro

513 2506 833 2576 flammaque
859 2521 1052 2560 usuros
1079 2505 1408 2573 jactitabant.
1473 2501 1550 2554 Ad
1601 2500 1704 2555 hoc
1743 2499 1924 2554 retulit
1973 2513 2095 2552 sau-

517 2607 635 2655 ctus
661 2599 915 2660 Antistes,
945 2587 1116 2651 minias
1141 2595 1446 2666 bujusmodi
1478 2593 1626 2648 nihili
1663 2592 1963 2656 faciendas;
1995 2605 2090 2644 ne-

515 2705 618 2760 que
637 2690 831 2745 debere
859 2689 1005 2741 illum
1031 2697 1172 2740 metu
1195 2685 1340 2740 exitii
1359 2687 1671 2738 miserorum
1689 2684 1888 2752 aliquot
1913 2683 2092 2736 deter-

515 2783 642 2848 reri,
670 2776 951 2851 quominus
975 2779 1196 2832 aliorum
1219 2777 1396 2842 saluti,
1415 2775 1586 2846 quoad
1621 2775 1733 2844 ejus
1759 2773 1870 2828 fieri
1901 2781 2088 2842 potest,

517 2873 774 2929 consulat.
823 2872 899 2925 De
927 2869 1227 2924 refellendis
1282 2875 1456 2922 autem
1509 2865 1785 2921 Gaudentii
1835 2863 2091 2932 epistolis,

517 2966 590 3019 ait
611 2965 660 3019 id
683 2964 780 3018 sibi
807 2977 900 3032 per
918 2961 1289 3030 occupationes
1307 2961 1388 3011 vix
1421 2957 1598 3022 licere,
1643 2955 1862 3025 aliisque
1885 2955 1936 3008 in
1965 2969 2094 3022 ope-

517 3055 664 3110 ribus
686 3053 796 3124 jam
839 3068 898 3107 se
925 3050 1266 3120 respondisse
1299 3049 1366 3102 iis
1415 3045 1762 3118 argumentis,
1811 3062 1928 3115 quae
1979 3043 2096 3098 ista:

519 3145 849 3199 continerent
871 3141 1054 3211 (Ibid,
1087 3158 1139 3194 η.
1171 3137 1240 3212 4)
1271 3159 1284 3194 :
1315 3138 1432 3192 illas
1459 3147 1634 3192 tamen
1663 3151 1722 3192 se
1740 3147 1944 3200 exacte,
1975 3151 2093 3191 cum

520 3239 636 3306 ejus
663 3247 820 3306 atque
847 3235 1102 3298 Eleusini,
1145 3233 1232 3302 qui
1259 3231 1402 3286 idem
1423 3247 1452 3283 a
1473 3247 1530 3284 sc
1563 3229 1880 3298 postulabat,
1904 3229 2092 3298 gratia,

511 3339 630 3384 tum
645 3345 738 3384 sua
757 3329 806 3382 in
827 3325 1312 3396 'l'hamngadensem
1333 3323 1580 3392 populant
1597 3321 1852 3376 cbaritate
1867 3319 2098 3373 confuta-

519 3432 694 3476 turum
721 3423 738 3489 (
765 3419 922 3484 Ibid.,
943 3435 992 3471 η.
1015 3419 1050 3472 9
1069 3418 1105 3486 ).
1127 3417 1262 3482 Quin
1282 3416 1438 3468 etiam
1465 3413 1698 3474 easdem,
1719 3421 1876 3482 atque
1899 3413 1948 3464 in
1985 3413 2094 3480 pri-

521 3513 620 3566 mis
645 3511 928 3566 adductum
983 3508 1126 3561 Razii
1157 3505 1481 3574 exemplum,
1513 3505 1732 3558 strictim
1780 3503 2018 3556 dissolvit
2045 3503 2095 3555 in

513 3617 580 3656 ea
611 3603 720 3670 ipsa
747 3601 812 3654 ad
833 3599 1108 3654 Dulcitium
1135 3597 1380 3666 epistola.
1411 3597 1561 3649 Hunc
1581 3611 1736 3664 porro
1763 3593 2092 3658 Eleusinum,

513 3709 674 3762 quem
701 3693 1022 3762 Augustinus
1047 3687 1412 3744 ltonorabilem
1439 3695 1492 3740 ct
1531 3686 1902 3740 charissimum
1935 3685 2097 3738 lilium

519 3801 674 3840 suum
695 3793 871 3849 vocat,
905 3797 1106 3836 necnon
1149 3779 1288 3850 apud
1341 3779 1811 3848 Tbanmgadenses
1859 3777 2096 3831 tribuna—

515 3887 630 3932 tum
677 3878 872 3930 aluisse
921 3883 1160 3937 testatur,
1211 3871 1350 3926 haud
1401 3871 1626 3926 absurde
1676 3871 1794 3940 quis
1845 3869 2101 3939 putaverit

513 3969 764 4024 eumdem
809 3967 954 4020 illutn
1011 3981 1129 4019 esse
1181 3964 1506 4028 Eleusinum,
1539 3963 1708 4016 virum
1747 3962 2096 4026 tribunitium,

521 4062 608 4132 qui
635 4060 885 4130 pr:edium
927 4059 980 4111 in
1022 4071 1149 4126 agro
1191 4055 1514 4126 Hipjmnensi
1565 4053 1883 4122 possidebat,
1933 4053 2018 4106 ubi
2047 4063 2100 4107 et

509 4155 658 4208 beati
677 4151 940 4220 ‘Stepha-ni
957 4149 1174 4204 :cdicula
1197 4164 1288 4201 seu
1313 4145 1564 4200 memoria
1593 4153 1724 4198 erat.
1745 4143 1796 4198 ls
1821 4145 1984 4198 lilium
2009 4144 2102 4198 ad—

521 4245 628 4298 lruc
659 4243 990 4304 intautulum,
1023 4237 1314 4309 quimorbo
1343 4236 1511 4291 fuerat
1528 4235 1784 4300 sublatus,
1809 4251 1966 4304 super
1988 4251 2100 4290 me-

523 4337 767 4400 moriam,
797 4351 891 4389 seu
917 4335 1050 4388 forte
1074 4332 1348 4386 aediculam
1375 4345 1554 4386 sacras
1587 4329 1831 4400 Martyris
1856 4329 2102 4398 reliquias

517 4431 878 4484 continentem
909 4427 1084 4497 posuit
1112 4441 1127 4489 ;
1155 4439 1382 4495 cumque
1411 4425 1521 4478 Deo
1547 4423 1772 4476 ubertim
1805 4421 2103 4490 lacrymans

523 4521 889 4590 supplicasset,
913 4517 1156 4572 eumdem
1187 4517 1364 4570 vivum
1411 4531 1472 4570 ac
1513 4515 1768 4584 sospitem
1795 4513 2010 4586 retulit(
2027 4513 2104 4568 Dc

515 4612 670 4666 (linit.
707 4611 818 4674 Dei,
839 4611 925 4664 lib.
949 4610 1173 4678 €2,cap.
1201 4609 1252 4670 8,
1277 4625 1329 4661 η.
1363 4607 1488 4676 19).
1515 4607 1702 4660 Narrat
1725 4607 1940 4675 insuper
1977 4621 2101 4660 san-

515 4713 640 4756 ctus
663 4701 878 4766 Prae-sul,
913 4701 1160 4756 dilectum
1190 4707 1346 4768 atque
1369 4697 1734 4752 ltonorabilem
1753 4697 1918 4751 lilium
1949 4713 2103 4752 suum

525 4796 832 4849 Eleusinum
853 4789 1174 4862 ll'ipponensi
1197 4790 1514 4845 monasterio
1535 4789 1711 4843 villam
1733 4789 1874 4842 dono
1894 4789 2104 4844 dedisse

521 4887 545 4958 (
572 4889 738 4943 Serm.
765 4887 888 4952 336,
921 4903 973 4939 η.
999 4885 1066 4938 15
1095 4883 1148 4956 );
1179 4899 1334 4954 quam
1356 4882 1438 4938 vel
1485 4883 1608 4936 hinc
1649 4881 1909 4950 intelligas
1939 4879 2104 4938 fuisse

525 4985 812 5047 movent-us
837 4993 940 5031 non
969 4973 1270 5036 mediocris,
1291 4971 1432 5042 quod
1455 4973 1496 5026 is
1521 4973 1664 5026 illam
1683 4973 1948 5027 diceretur
1973 4989 2102 5028 ven-

525 5067 742 5135 didisse,
769 5085 888 5121 cum
923 5067 1020 5120 hoc
1045 5065 1282 5119 minueris
1303 5063 1369 5116 ab
1385 5077 1456 5116 eo
1479 5064 1638 5132 gratis
1671 5062 1960 5131 profectum
2007 5079 2102 5118 ne-

519 5169 616 5209 mo
643 5155 796 5211 facile
817 5157 1060 5212 crederet
1089 5173 1102 5209 :
1127 5156 1220 5210 sed
1243 5156 1386 5208 hunc
1420 5167 1688 5207 rumorem
1719 5153 1904 5207 falsum
1929 5153 2108 5209 deela-

529 5249 682 5310 ravit,
711 5257 868 5318 atque
905 5250 1060 5319 hujus
1093 5247 1392 5302 donationis
1423 5255 1614 5300 testem
1643 5261 1700 5300 se
1729 5245 1994 5314 professus
2023 5257 2106 5302 est

529 5336 869 5404 August-inus.
905 5339 952 5394 Is
985 5349 1040 5393 ut
1069 5341 1294 5408 primunt
1319 5337 1418 5392 sibi
1463 5337 1628 5400 licuit,
1663 5336 1820 5391 tidem
1863 5353 2010 5392 suam
2037 5339 2105 5395 de

521 5427 859 5483 confutandis
881 5429 1164 5485 Gaude-atii
1207 5432 1410 5485 duabus
1435 5430 1675 5498 epistolis
1723 5430 1985 5498 liberavit,
2019 5431 2104 5485 iu-

517 5531 632 5586 πιθ
671 5533 788 5572 eam
837 5533 950 5573 rem
979 5519 1172 5574 librum
1201 5537 1362 5576 unum
1391 5521 1736 5586 elucubravit,
1771 5523 1820 5574 in
1851 5539 1955 5592 quo
1981 5541 2106 5592 pra:-

529 5609 748 5664 missum
771 5609 1060 5664 adversarii
1085 5621 1389 5666 contextum
1410 5629 1503 5668 sua
1521 5615 1686 5684 ipsius
1713 5617 1991 5684 responsio
2019 5635 2105 5672 se-

527 5701 818 5769 quebatur;
853 5709 910 5755 ut
953 5701 1160 5755 scilicet
1203 5703 1612 5771 imperitioribus
1661 5721 1869 5776 quoque
1906 5707 2105 5762 clarum

519 5791 698 5862 ﬁeret,
729 5809 760 5850 a
787 5809 844 5850 se
865 5795 981 5852 sine
1005 5809 1262 5864 responso
1285 5795 1415 5850 nihil
1435 5799 1854 5867 pratermissum
1877 5799 1896 5870 (
1919 5799 2107 5857 Contra

1613 368 1770 426 VITA
1807 366 1864 424 S.
1907 361 2276 422 AUGUSTINI
2315 363 2636 426 EPISCOPI.

3661 369 3772 428 516

2192 477 2470 550 Gaudent,
2509 481 2598 536 tib.
2622 483 2672 544 l,
2703 499 2755 537 η.
2780 479 2869 556 l).
2917 481 3081 540 Lecto
3109 483 3212 538 hoc
3251 481 3386 556 libro
3436 483 3773 540 Gaudentius

2191 571 2404 642 ipsimet
2431 575 2722 646 Augustino
2751 575 3038 646 rescripsit,
3069 591 3170 632 non
3199 593 3321 632 eum
3351 585 3408 632 ut
3431 575 3756 642 confutaret,

2189 664 2281 719 sed
2309 667 2670 720 tantummodo
2697 682 2762 721 ne
2805 667 3104 722 convictum
3145 685 3204 723 se
3255 667 3465 722 silentio
3495 685 3591 724 suo
3613 669 3774 730 fateri

2189 759 2495 814 crederetur
2532 759 2720 831 (Ibid,
2771 759 2855 818 lib.
2885 761 2940 828 2,
2967 779 3024 818 η.
3055 762 3076 815 1
3109 779 3123 826 ;
3159 749 3384 818 Πειναει.
3417 763 3502 816 lib.
3547 761 3604 825 2,
3651 779 3772 832 cap.

2190 849 2312 922 59).
2345 849 2720 906 Verumtamen
2750 849 2872 906 dum
2903 851 3192 907 infirmitati
3237 869 3346 907 sua:
3375 853 3548 910 velum
3575 853 3776 908 obten-

2191 940 2316 998 dere
2361 943 2642 1012 cogitabat,
2691 943 2830 997 illam
2881 943 3046 998 multo
3071 944 3488 999 manifestiorem
3519 943 3773 1004 reddidit.

2191 1031 2394 1102 Quippe
2422 1033 2870 1088 animadvertebat
2901 1035 3142 1104 quilibet,
3159 1037 3392 1090 voluisse
3411 1035 3626 1106 quidem
3647 1051 3777 1090 eum

2191 1127 2530 1198 respondere,
2566 1135 2795 1182 attamen
2826 1128 2953 1182 nihil
2982 1130 3095 1184 sani
3136 1139 3222 1184 aut
3253 1129 3406 1184 solidi
3437 1129 3776 1202 opposuisse.

2187 1219 2306 1286 Quo
2335 1219 2509 1284 fiebat,
2541 1229 2594 1272 ut
2633 1220 2962 1289 desperatam
2995 1219 3158 1292 ipsius
3197 1235 3408 1275 causam
3439 1235 3559 1276 esse
3603 1220 3782 1274 ambi-

2193 1321 2338 1379 geret
2357 1326 2530 1364 nemo.
2557 1310 2702 1364 Haud
2733 1321 2844 1365 erat
2873 1313 3044 1382 magni
3069 1311 3262 1382 negotii
3292 1313 3448 1366 etiam
3489 1309 3783 1366 mediocris

2193 1400 2484 1468 prudentim
2507 1402 2654 1464 viris,
2679 1417 2832 1470 quam
2857 1403 3030 1470 inepte
3053 1403 3343 1474 Augustino
3371 1403 3458 1456 ille
3475 1401 3776 1471 responde-

2193 1503 2292 1556 ret,
2319 1493 2523 1546 collatis
2551 1495 2824 1562 utriusquc
2851 1495 3061 1564 scriptis
3103 1509 3428 1562 cognoscere
3457 1512 3470 1546 :
3503 1493 3645 1548 istud
3675 1509 3782 1546 au-

2193 1593 2298 1638 tem
2331 1593 2384 1637 ut
2425 1601 2516 1654 per
2553 1585 2754 1656 singula
2781 1588 2952 1658 capita
2991 1587 3467 1650 demonstraretur,
3497 1585 3782 1657 prolixiori

2193 1675 2550 1744 disputatione
2581 1677 2866 1748 indigebat.
2901 1679 3026 1736 Erat
3079 1679 3407 1752 Augustinus
3446 1679 3510 1732 ad
3539 1677 3680 1732 hunc
3703 1677 3788 1732 la—

2191 1765 2460 1828 borcm,si
2477 1769 2746 1823 videretur
2775 1770 2845 1822 ita
2869 1770 3249 1836 necessarium,
3293 1769 3690 1840 paratissimus:
3727 1773 3786 1826 at

2197 1875 2262 1913 ne
2293 1861 2500 1914 interim
2556 1861 2670 1916 sine
2721 1877 2979 1932 reSponso
3003 1861 3328 1916 Gaudentius
3361 1861 3784 1936 relinqueretur,

2193 1953 2560 2008 brevissimum
2580 1955 2742 2020 dedit,
2773 1956 2858 2026 qui
2891 1955 3155 2008 secundus
3177 1955 3332 2010 estin
3355 1953 3600 2007 eumdem
3621 1951 3782 2005 liber.

2195 2047 2274 2102 Eo
2303 2049 2627 2102 satisfactum
2659 2065 2777 2102 esse
2797 2049 3072 2104 hominum
3105 2045 3488 2117 exspectationi
3507 2045 3630 2100 inde
3651 2059 3785 2098 con—

2193 2143 2362 2212 jieias,
2387 2141 2526 2210 quod
2553 2143 2645 2196 Vir
2669 2151 2881 2200 sanctus
2899 2143 2946 2196 ei
2963 2141 3096 2198 nihil
3123 2151 3300 2210 postea
3322 2139 3616 2214 reperiatur
3631 2135 3786 2190 addi-

2197 2234 2357 2290 disse.
2417 2235 2522 2287 llos
2567 2233 2654 2288 ille
2699 2233 2831 2288 duos
2861 2233 3024 2288 libros
3054 2232 3200 2302 quasi
3237 2231 3534 2286 Gaudentio
3567 2228 3785 2298 ipsimet

2197 2325 2476 2396 inscriptos
2503 2333 2779 2380 memorat.
2815 2325 3052 2380 Possidio
3071 2340 3196 2379 vero
3225 2325 3276 2376 in
3307 2323 3540 2376 lndiculo
3559 2335 3786 2390 separa-

2199 2417 2290 2468 tim
2333 2425 2558 2478 notatur,
2597 2415 2992 2484 Responsionum
3019 2423 3194 2467 contra
3223 2413 3458 2483 epistolas
3483 2413 3607 2464 duas
3633 2409 3778 2464 Gau-

2199 2506 2354 2559 dentii
2383 2508 2601 2578 episcopi
2633 2506 3031 2568 Donatistarum,
3067 2504 3190 2558 liber
3239 2521 3404 2566 unus;
3433 2512 3506 2568 et,
3539 2501 3620 2554 Ad
3643 2499 3789 2555 Gau—

2199 2598 2418 2652 dentium
2443 2598 2818 2653 Donatistarum
2841 2599 3150 2669 cpiscoPum,
3173 2595 3382 2666 epistola
3397 2613 3494 2648 una
3515 2594 3787 2664 (Possid.,

2197 2693 2249 2744 in
2275 2691 2466 2756 Μαῖα,
2497 2709 2611 2762 cap.
2635 2693 2668 2745 5
2691 2692 2730 2762 ).
2762 2691 2896 2760 Quid
2925 2691 3219 2746 Gaudentio
3265 2691 3580 2759 czcterisque
3607 2689 3788 2743 Dona-

2199 2782 2336 2836 tistis
2365 2781 2485 2836 inde
2512 2782 2578 2836 ad
2623 2791 2850 2836 mortem
2879 2798 3045 2854 usque
3073 2781 3346 2852 Augustini
3377 2779 3571 2836 factum
3599 2777 3783 2846 fuerit,

2201 2892 2458 2946 nusquam
2493 2877 2802 2945 reperimus.

2271 2967 2323 3020 4.
2355 2967 2490 3020 Dum
2533 2967 2856 3038 Augustinus
2885 2965 3180 3021 Gaudentio
3223 2963 3594 3034 respondebat,
3621 2963 3786 3017 simul

2201 3057 2359 3112 etiam
2403 3073 2620 3126 Operam
2666 3059 2822 3112 dabat
2869 3057 3004 3112 libro
3032 3067 3214 3112 contra
3244 3048 3784 3124 Mendacium,'quem

2203 3147 2508 3213 Consentio,
2535 3165 2638 3203 non
2671 3148 2852 3218 procul
2883 3147 3017 3202 forte
3047 3147 3112 3202 ab
3141 3147 3414 3216 Hispania,
3443 3145 3532 3200 ubi
3558 3145 3786 3198 Priscil-

2201 3237 2528 3294 lianistarum
2561 3240 2780 3293 lnercsis
2826 3239 3048 3307 vigebat,
3089 3239 3286 3308 agenti,
3337 3233 3654 3304 destinavit(
3685 3233 3792 3288 Ile-

2204 3343 2348 3388 tract.
2385 3333 2470 3386 lib.
2503 3335 2556 3396 9.,
2599 3351 2711 3400 cap.
2737 3333 2864 3402 ϐο).
2901 3333 3000 3386 llic
3053 3331 3346 3400 Augustino
3381 3327 3600 3396 legenda
3621 3327 3789 3382 multa

2203 3427 2444 3490 miserat,
2473 3441 2639 3494 eaque
2661 3426 2724 3478 de
2755 3423 3264 3478 Prisciliianistarum
3285 3419 3636 3490 dogmatibus,
3669 3433 3790 3488 quae

2203 3516 2523 3584 singillatim.
2569 3525 2684 3583 post
2733 3522 3030 3568 accuratam
3085 3511 3476 3582 inquisitionem
3523 3518 3576 3564 et
3627 3523 3790 3578 quam

2203 3607 2432 3674 plurima
2455 3621 2518 3658 ex
2541 3604 2764 3674 quodam
2789 3603 3056 3657 Frontone
3077 3603 3304 3672 cognita,
3333 3601 3596 3654 referebat
3615 3597 3636 3672 (
3657 3597 3795 3654 Con-

2204 3703 2281 3748 tra
2312 3695 2662 3760 Mendacium,
2695 3711 2782 3747 nn.
2813 3695 2864 3758 1,
2895 3693 2984 3764 4).
3017 3693 3096 3747 Ad
3129 3693 3286 3746 hosce
3323 3692 3604 3746 luereticos
3639 3691 3794 3746 iuve-

2203 3787 2492 3857 stigaudos,
2521 3788 2606 3856 qui
2649 3786 2894 3840 hazresim
2926 3801 3073 3839 suam
3125 3801 3232 3838 non
3265 3783 3536 3838 mendacio
3565 3793 3792 3848 tantum,

2205 3880 2294 3932 sed
2329 3879 2558 3946 perjurio
2599 3893 2807 3946 quoque
2854 3877 3090 3930 adhibito
3119 3875 3492 3930 existimabant
3517 3875 3794 3928 occultan-

2205 3971 2344 4030 dam,
2377 3969 2650 4022 vidcbatur
2679 3969 2964 4022 Consentio
3019 3967 3356 4020 simulatione
3387 3963 3642 4019 utendum
3673 3979 3796 4019 esse

2203 4057 2509 4120 Catholieis,
2563 4057 2808 4127 tingendo
2853 4073 2910 4112 se
2947 4045 3070 4112 esse
3103 4055 3554 4120 Priscillimnistas,
3587 4069 3694 4124 quo
3713 4054 3794 4108 sie

2203 4169 2388 4208 eorum
2435 4153 2659 4206 latebras
2693 4161 3050 4220 pcttetrarcnt.
3083 4150 3139 4204 Id
3199 4165 3418 4219 prorsus
3467 4147 3792 4218 improbavit

2217 4245 2558 4313 Augustinus,
2585 4244 2784 4312 scripto
2814 4243 2948 4296 banc
2969 4243 3018 4294 in
3053 4257 3162 4296 rem
3195 4241 3346 4304 libro,
3373 4240 3456 4294 cui
3491 4239 3698 4292 titulum
3721 4237 3799 4290 in-

2207 4337 2358 4402 didit,
2407 4337 2592 4390 Contra
2621 4335 2940 4388 Mendacium
2970 4333 2988 4406 (
3013 4335 3234 4388 Retract.
3281 4333 3366 4388 lib.
3401 4335 3454 4398 1,
3486 4349 3600 4402 cap.
3647 4329 3758 4400 27}
3779 4374 3794 4396 ,

2209 4445 2272 4483 co
2293 4427 2432 4498 quod
2461 4441 2644 4497 aperto
2673 4437 2844 4482 marte
2861 4427 2962 4482 hoc
2987 4427 3170 4480 vitium
3197 4425 3552 4496 aggrediatur,
3577 4423 3799 4476 solvens

2207 4521 2496 4589 Scriptura:
2521 4520 2666 4574 locos
2695 4535 2807 4584 eos,
2857 4519 3048 4588 quibus
3087 4517 3348 4578 nutmulli,
3379 4527 3430 4570 et
3451 4515 3500 4568 in
3529 4514 3611 4566 his
3635 4513 3799 4566 forsi-

2211 4617 2297 4665 tan
2325 4611 2438 4679 ipse
2483 4610 2823 4674 Consentius,
2851 4611 3022 4664 eidem
3071 4609 3388 4679 patrocinari
3419 4606 3794 4660 moliebantur.

2205 4702 2314 4756 Sed
2337 4702 2462 4755 illud
2489 4701 2540 4754 in
2569 4703 2752 4770 primis
2777 4701 3126 4764 demonstrat,
3167 4709 3224 4755 ut
3253 4700 3482 4754 maxime
3509 4713 3690 4753 verum
3711 4711 3800 4751 es-

2211 4804 2292 4847 set
2342 4794 2632 4863 aliquando
2689 4795 2900 4848 mentiri
2959 4793 3158 4847 licitum
3205 4807 3346 4858 esse,
3401 4791 3452 4844 id
3503 4800 3680 4844 tamen
3741 4790 3800 4842 in

2209 4884 2405 4946 rebus,
2451 4899 2570 4953 quae
2635 4883 2698 4937 ad
2771 4883 3078 4952 religionem
3133 4883 3430 4952 pertinent,
3497 4881 3634 4932 baud
3697 4893 3800 4932 nis-

2213 4989 2370 5042 qnam
2404 4975 2518 5026 sine
2573 4987 2766 5042 magno
2821 4973 3042 5026 crimine
3091 4985 3152 5025 ac
3191 4971 3429 5042 periculo
3455 4985 3614 5038 posse
3639 4983 3800 5022 usur-

2215 5067 2344 5138 pari.
2401 5065 2654 5118 Hortatur
2695 5064 3065 5128 Consentium,
3119 5073 3176 5116 ut
3219 5071 3405 5118 contra
3449 5059 3798 5116 Priscilliani-

2213 5169 2341 5224 stas,
2384 5158 2597 5229 quando
2623 5157 2826 5212 virilms
2867 5157 2934 5211 ad
2975 5156 3112 5210 lianc
3143 5171 3254 5209 rem
3281 5153 3594 5210 necessariis
3622 5167 3652 5205 a
3683 5153 3798 5206 Deo

2213 5261 2354 5306 esset
2381 5253 2684 5316 instructus,
2715 5253 2834 5304 stilo
2885 5250 3158 5314 decertet;
3189 5263 3308 5302 cum
3335 5261 3800 5316 supervacaneum

2213 5343 2372 5406 foret,
2397 5343 2604 5396 illorum
2634 5343 2912 5410 explorare
2937 5351 3096 5408 atque
3117 5355 3308 5394 eruere
3323 5337 3592 5408 dogmata,
3613 5336 3660 5389 si
3679 5337 3801 5390 sine

2209 5434 2574 5488 eonfutatione
2603 5433 3028 5502 relinquerentur
3049 5431 3268 5502 (Contra
3297 5427 3556 5493 diendam,
3583 5443 3636 5479 η.
3661 5425 3799 5496 25).

2215 5527 2282 5582 At
2311 5541 2439 5582 vero
2467 5525 2518 5578 id
2557 5535 2680 5578 ante
2723 5523 2898 5578 omnia
2951 5522 3120 5592 jubet,
3179 5536 3364 5576 eorum
3403 5518 3700 5573 doctrinam
3721 5513 3803 5572 de

2215 5619 2494 5674 mendacio
2523 5619 2572 5671 iu
2601 5631 2760 5672 causa
2783 5615 3053 5686 religionis
3081 5614 3384 5683 usurpando
3409 5619 3695 5683 oppugnet,
3713 5609 3800 5664 in—

2215 5727 2320 5782 que
2345 5727 2462 5764 eam
2491 5725 2602 5764 rem
2633 5709 2840 5764 Dictinii
2875 5709 3110 5776 episeOpi
3133 5707 3545 5762 Priscillianistae
3573 5704 3793 5770 librum,

2215 5805 2304 5860 cui
2319 5803 2492 5858 Librae
2509 5817 2721 5868 nomen,
2739 5800 2944 5857 refellat
2965 5799 3149 5871 (MM,
3167 5797 3316 5871 νώ).
3335 5797 3464 5854 illud
3489 5811 3646 5868 pono
3663 5809 3792 5850 oon-
