4042 6360
469 388 574 448 519

472 508 565 566 bat
604 504 799 563 hmrcsi
823 516 934 557 suae
975 499 1187 565 favere,
1229 492 1555 567 proponebat
1581 490 1789 563 (Contra
1821 487 2053 555 Iuliam,

470 602 558 661 lib.
590 602 624 658 6
644 643 658 666 ,
688 618 740 653 η.
768 597 881 667 69).
912 594 1146 663 Denique
1186 606 1243 645 se
1272 586 1594 659 argumentis
1632 584 1876 639 omnibus
1901 596 1929 635 a
1959 579 2059 635 Ca-

475 693 686 750 tholicis
733 690 797 745 ad
824 685 1147 759 probandam
1171 680 1476 749 originalem
1508 678 1712 746 culpam
1741 675 1909 728 allatis
1940 688 2055 727 res-

476 800 766 857 ponsurum
812 778 1157 851 pollicebatur
1211 772 1413 845 (Operis
1448 772 1648 840 imperf.
1683 767 1768 821 lib.
1798 768 1849 833 1,
1878 785 1931 821 η.
1976 766 2053 838 1.)

473 880 581 936 Hos
619 886 844 948 quatuor
872 875 1033 928 libros
1065 868 1354 924 Turbantio
1381 862 1719 932 nuncupavit,
1744 877 1854 916 sua:
1876 860 2058 915 factio-

474 973 556 1027 nis
600 972 848 1039 episc0po
878 986 889 1021 :
920 980 1075 1036 quem
1119 963 1287 1018 virum
1330 973 1520 1029 magno
1557 957 1807 1010 virtutum
1854 954 2057 1024 fulgore

476 1063 820 1131 conspicuum
862 1055 1114 1128 praedicat
1162 1054 1211 1108 in
1252 1051 1366 1105 aliis
1400 1050 1466 1103 ad
1508 1046 1725 1101 Florum
1774 1046 1940 1099 libris.
1988 1045 2057 1099 At

471 1156 713 1227 proxime
754 1160 872 1221 post
910 1148 1081 1204 editos
1124 1145 1283 1199 hosce
1322 1141 1642 1212 posteriores
1686 1139 1877 1204 libros,
1907 1144 2057 1207 post-

470 1264 575 1317 que
609 1246 704 1300 has
728 1261 755 1298 a
782 1243 992 1299 Juliano
1016 1239 1215 1300 laudes,
1240 1236 1486 1293 eumdem
1513 1232 1862 1288 Turbautium
1882 1231 2052 1297 Deus,

472 1338 722 1394 Ecclesim
765 1350 861 1405 pro
903 1334 992 1387 illo
1033 1330 1279 1402 precibus
1330 1334 1607 1391 exoratus,
1654 1324 1720 1378 ab
1774 1322 2055 1391 Pelagiano

470 1444 653 1485 errore
695 1427 970 1481 liberatum
992 1465 1005 1485 ,
1036 1421 1112 1496 ad.
1133 1420 1288 1473 fidem
1329 1417 1639 1472 catholicam
1669 1430 1761 1467 sua
1792 1411 2055 1481 operatio-

469 1540 537 1579 ne
578 1532 630 1577 et
674 1519 1011 1574 miseratione
1055 1513 1334 1579 convertit,
1362 1511 1452 1565 illo
1482 1511 1597 1579 ipso
1634 1506 1856 1561 forsitan
1897 1503 1963 1559 ad
2003 1504 2053 1557 id

467 1631 597 1670 usus
645 1629 833 1684 opere,
862 1626 966 1681 quo
1006 1624 1126 1664 eum
1167 1606 1405 1661 Julianus
1451 1603 1503 1657 in
1547 1600 1737 1656 haeresi
1773 1599 2055 1654 obﬁrmare

466 1707 743 1762 studuerat
774 1703 958 1776 (Ibid.,
978 1699 1111 1755 lib.2
1129 1740 1143 1765 ,
1169 1715 1283 1769 cap.
1310 1697 1396 1759 11,
1417 1704 1461 1747 et
1480 1692 1564 1747 lib.
1582 1693 1633 1759 5,
1662 1691 1804 1761 n.4).
1834 1689 2055 1745 Sanctus

468 1802 597 1872 forte
627 1796 950 1860 Turbantius,
974 1793 1049 1847 ait
1075 1790 1417 1860 Augustinus,
1446 1787 1555 1856 ipso
1600 1800 1749 1854 apere
1790 1792 1874 1835 tua
1906 1782 2051 1846 lecto,

466 1889 602 1960 quod
626 1889 693 1943 ad
721 1905 832 1941 eum
859 1896 905 1939 te
930 1882 1189 1954 scripsisse
1212 1892 1589 1939 commemoras,
1616 1875 1762 1927 etiam
1793 1881 2055 1943 prapterea

466 1982 520 2036 in
551 1981 850 2035 catholicam
877 1977 1029 2047 ﬁdem
1052 1972 1333 2044 respiravit,
1364 1969 1600 2041 quoniam
1630 1976 1675 2019 te
1701 1967 1752 2019 in
1783 1965 1873 2019 tali
1902 1980 2057 2018 causa

470 2074 714 2144 defecisse
736 2070 963 2141 cognovit
994 2066 1175 2141 (Ibid.,
1198 2064 1282 2119 lib.
1307 2063 1360 2129 4,
1402 2079 1453 2115 η.
1479 2059 1587 2130 50).
1620 2057 1933 2125 Conscripto
1955 2056 2057 2110 hoc

470 2180 633 2235 Opere
658 2162 916 2227 Julianus,
944 2169 1177 2214 actutum
1204 2155 1479 2225 epistolam
1507 2153 1559 2206 in
1576 2150 1772 2206 Urbem
1800 2148 1942 2201 misit
1963 2163 2057 2217 per

469 2272 629 2328 quam
672 2270 803 2325 quos
833 2260 1045 2323 posset,
1069 2260 1127 2305 ut
1153 2250 1282 2304 dicit
1306 2256 1520 2301 sanctus
1550 2246 1743 2299 Doctor
1763 2284 1777 2309 ,
1803 2256 1928 2295 suos
1965 2249 2056 2295 aut

468 2347 750 2411 inveniret,
776 2353 864 2398 aut
890 2344 1084 2397 faceret
1106 2339 1273 2410 (Cant.
1293 2339 1434 2391 Duas
1454 2338 1617 2408 Epist.
1644 2334 1821 2406 Pelag.
1840 2376 1854 2399 ,
1881 2332 1966 2386 lib.
2002 2333 2053 2398 1,

468 2456 523 2494 n.
543 2440 615 2509 5).
640 2437 838 2493 Ibidem
865 2434 1165 2500 audientim,
1184 2433 1286 2487 hoc
1303 2443 1383 2487 est
1408 2430 1616 2503 synodi,
1640 2444 1797 2498 quam
1822 2426 2058 2495 Pelagia-

468 2548 535 2587 na
566 2531 721 2585 factio
746 2526 1293 2599 ﬂagitabat,meminit
1317 2524 1477 2595 (Ibid.
1500 2565 1514 2589 ,
1538 2541 1589 2577 n.
1618 2522 1728 2594 12).
1763 2521 1911 2575 llanc
1941 2519 2056 2589 rpi-

469 2625 658 2678 stolam
687 2623 1013 2692 Augustinus
1049 2620 1216 2689 primo
1237 2633 1333 2673 suo
1364 2618 1498 2672 libro
1527 2616 1592 2670 ad
1612 2615 1939 2670 Bonifacium
1967 2628 2055 2668 re-

468 2716 618 2771 fellit.
660 2715 973 2783 Quanquam
1018 2712 1227 2765 videtur
1268 2710 1508 2765 Julianus
1543 2724 1677 2763 vana
1725 2706 1949 2777 quadam
1991 2705 2058 2762 de

469 2822 628 2863 causa
653 2805 885 2861 voluisse
913 2805 1053 2858 illam
1080 2803 1328 2858 abdicare
1352 2818 1366 2869 ;
1394 2816 1494 2856 nec
1515 2800 1781 2871 prohibuit
1808 2798 2061 2869 Augusti-

469 2914 606 2953 nus:
636 2898 696 2953 Si
734 2913 878 2962 eam,
908 2895 1109 2966 inquit,
1141 2910 1243 2949 non
1288 2893 1521 2963 agnoscis
1544 2934 1559 2959 ,
1583 2909 1696 2948 ecce
1737 2909 1837 2945 non
1870 2891 1935 2945 sit
1973 2899 2059 2943 tua

475 2989 681 3062 (Operis
706 2990 912 3060 imperf.
937 2988 1023 3043 lib.
1052 2988 1103 3054 1,
1137 3004 1189 3042 η.
1221 2987 1329 3056 18).
1361 2986 1416 3039 1η
1438 2985 1623 3040 eadem
1660 2984 1881 3054 epistola
1920 2985 2058 3039 istud

470 3082 643 3152 ipsum
666 3082 843 3152 legere
867 3090 999 3145 erat,
1022 3079 1161 3149 quod
1181 3079 1579 3150 Pelagianorum
1617 3076 1911 3143 octqdecim
1942 3075 2058 3146 epi-

471 3186 753 3242 scoporum
774 3170 989 3225 nomine
1006 3169 1070 3223 ad
1083 3169 1609 3224 Thessalonicensem
1630 3168 1914 3222 antistitem
1932 3167 2059 3222 mis-

471 3278 529 3318 sa
555 3265 775 3333 epistola
806 3262 1130 3325 continebat,
1157 3260 1358 3315 scilicet
1384 3261 1663 3330 Augustini
1696 3260 1835 3314 dicta
1861 3258 1929 3312 ab
1949 3258 2059 3313 suis

469 3355 704 3427 ipsorum
723 3356 951 3410 inimicis
974 3355 1023 3408 in
1042 3354 1219 3409 odium
1236 3354 1475 3408 veritatis
1490 3368 1609 3408 esse
1630 3361 1873 3422 suscepta
1886 3350 2056 3421 (Cant.

472 3446 792 3518 DuasEpist.
818 3446 997 3515 Pelag.
1023 3447 1111 3500 lib.
1132 3447 1183 3510 1,
1201 3445 1520 3511 η.9;1ἰὸ.ι1,
1541 3463 1593 3498 n.
1614 3444 1707 3514 20)
1731 3459 1865 3513 :quo
1890 3444 2059 3497 eloco

471 3546 721 3607 utrasque
744 3536 843 3591 sub
865 3536 966 3591 hoc
993 3537 1131 3591 idem
1155 3545 1363 3606 tempus
1380 3537 1605 3605 scriptas
1626 3535 1787 3590 fuisse
1808 3535 2059 3604 conjicias

471 3629 623 3684 licet:
645 3630 788 3700 atqui
811 3630 913 3685 hoc
943 3630 1130 3685 saltem
1153 3630 1370 3683 minime
1395 3629 1697 3695 ambiguum
1720 3638 1820 3695 est,
1844 3627 2057 3682 easdem

472 3720 877 3792 haudquaquam
908 3721 1107 3775 tardius
1138 3722 1188 3775 in
1219 3721 1391 3775 lucem
1423 3720 1702 3788 prodiisse.

544 3812 599 3867 2.
641 3812 774 3867 Cum
821 3822 1042 3883 utraque
1080 3813 1193 3867 hinc
1233 3811 1455 3881 epistola
1502 3812 1553 3866 in
1580 3816 1776 3867 manus
1805 3812 2059 3867 Bonifacii

472 3919 645 3974 papae,
677 3920 779 3958 non
811 3919 938 3959 sane
963 3904 1066 3959 nisi
1099 3902 1493 3974 vigilantissima
1524 3901 1917 3957 Catholicorum
1947 3903 2056 3959 Ro-

473 4008 752 4049 manorum
782 3994 1083 4065 diligentia,
1115 3996 1347 4049 venisset
1377 3992 1536 4067 (Ibid.
1556 3994 1675 4060 ,lib.
1708 3995 1759 4060 1,
1793 4013 1844 4048 η.
1864 3996 1917 4066 ὅ)
1940 4011 1954 4060 ;
1974 3994 2059 4050 hic

473 4085 593 4139 illas
620 4088 910 4156 Augustino
938 4086 1143 4141 curavit
1180 4086 1495 4141 deferendas
1528 4102 1623 4156 per
1665 4096 1904 4141 sanctum
1932 4087 2060 4158 Aly-

472 4179 638 4247 pium,
662 4180 748 4248 qui
781 4180 1187 4234 transmarinam
1212 4179 1589 4248 profectionem
1618 4178 1717 4234 hac
1745 4187 2059 4248 tempestate

473 4285 568 4323 cur
593 4271 914 4338 susceperit,
945 4269 1099 4324 nobis
1142 4270 1377 4339 ignotum
1405 4279 1505 4324 est.
1547 4269 1696 4324 Tunc
1735 4285 1897 4340 porro
1934 4270 2055 4339 ipsi,

474 4376 592 4413 cum
618 4360 886 4415 Ravenna:
912 4370 1073 4427 esset,
1093 4360 1295 4415 litteras
1321 4361 1385 4415 ad
1412 4362 1759 4432 Augustinum
1790 4362 1935 4417 dedit
1961 4363 2058 4417 Va-

475 4451 636 4505 lerius
676 4467 890 4519 comes,
922 4452 1114 4522 quibus
1161 4461 1214 4507 et
1260 4452 1457 4522 gratias
1490 4452 1559 4508 de
1585 4455 1746 4507 misso
1786 4453 1887 4508 sibi
1922 4454 2059 4508 libro

472 4546 663 4613 agebat
683 4552 867 4599 sancto
889 4545 1121 4610 Doctori,
1140 4554 1192 4600 et
1212 4561 1332 4600 eum
1354 4545 1513 4599 simul
1534 4545 1873 4611 admonebat,
1890 4555 1945 4600 ut
1967 4561 2060 4616 per

473 4646 826 4689 memoratum
842 4636 1085 4706 Alypium
1099 4636 1456 4705 audiret,quid
1470 4635 1701 4691 hmretici
1715 4646 1895 4691 contra
1908 4652 2060 4707 quos-

474 4726 595 4781 dam
620 4727 776 4797 hujus
805 4726 923 4781 libri
953 4726 1097 4780 locos
1121 4727 1491 4798 jactarent(De
1524 4727 1689 4797 Nupt.
1729 4738 1775 4780 et
1809 4727 2056 4798 Cancup.,

474 4822 561 4875 lib.
592 4822 647 4888 2,
681 4838 729 4876 n.
767 4818 843 4895 1).
874 4820 1057 4875 Eidem
1086 4820 1274 4891 Alypio
1304 4820 1552 4875 Ravenna
1586 4821 1806 4889 posthac
1834 4820 2057 4874 Romam

470 4914 712 4984 profeCto
739 4914 982 4968 Valerius
1010 4911 1302 4967 chartulam
1329 4912 1472 4967 misit
1496 4912 1563 4967 ad
1589 4914 1935 4983 Augustinum
1962 4912 2057 4967 de-

472 5006 767 5072 ferendam,
788 5023 889 5078 qua
910 5006 1318 5062 continebantur
1342 5009 1617 5062 sententiae
1639 5008 1705 5063 de
1729 5006 1864 5064 libro
1891 5011 2059 5079 primo

472 5097 689 5168 Juliani,
706 5116 803 5171 per
826 5100 1127 5170 quempiam
1149 5098 1216 5154 ad
1240 5100 1445 5155 libitum
1470 5100 1740 5154 nonnullis
1760 5101 1916 5155 etiam
1940 5119 2056 5156 mu-

474 5191 598 5243 tatis
621 5192 905 5260 decerptae,
934 5200 1092 5261 atque
1117 5191 1181 5245 ad
1213 5190 1457 5247 cumdcm
1486 5192 1765 5257 Comitem,
1790 5201 1847 5245 ut
1879 5194 2058 5263 Augu-

474 5281 596 5334 stini
616 5282 747 5335 libro
760 5298 1077 5352 responsum
1098 5283 1309 5338 brevius
1324 5293 1479 5353 atque
1502 5283 1798 5353 expeditius
1815 5283 2054 5353 haberet,

474 5374 799 5429 transmissae
824 5376 1031 5445 (Operis
1055 5378 1255 5450 imperi.
1272 5375 1478 5449 Prw/2).
1499 5378 1601 5431 llas
1622 5393 1747 5447 ergo
1769 5379 2059 5433 sententias

474 5463 816 5534 perferendas
836 5467 901 5520 ad
923 5469 1270 5539 Augustinum
1292 5470 1513 5535 curavit,
1531 5478 1718 5540 petens
1740 5480 1796 5524 ut
1817 5470 2055 5537 easdem,

473 5573 631 5628 quam
655 5559 885 5614 maxima
907 5570 1087 5630 posset
1105 5564 1398 5632 celeritate,
1414 5564 1688 5620 refutaret.
1718 5566 1937 5637 Alypius
1952 5564 2060 5619 Ro-

473 5668 577 5708 ma:
606 5668 636 5707 a
662 5652 933 5708 Bonifacio
961 5670 1095 5724 papa
1138 5655 1516 5727 benignissime
1556 5667 1802 5728 acceptus
1839 5666 1940 5725 est,
1969 5658 2059 5712 ubi

474 5759 595 5799 cum
617 5760 684 5801 eo
709 5746 1014 5813 convivens,
1044 5761 1206 5817 parvo
1230 5748 1354 5803 licet
1377 5758 1636 5821 tempore,
1658 5766 1849 5820 magno
1868 5751 1917 5806 ei
1938 5751 2058 5820 jun-

471 5845 591 5893 ctus
618 5836 829 5907 atl'ectu,
854 5838 1101 5895 eumdem
1130 5838 1230 5910 ipsi
1257 5854 1469 5913 quoque
1492 5843 1785 5912 Augustino
1811 5843 2055 5900 amicitiae

1554 376 1711 429 VlTA
1752 375 1808 429 S.
1852 368 2219 428 AUGUSTINI
2256 366 2580 428 EPISCOPI.

3653 369 3764 428 520

2166 488 2500 542 strictissimo
2538 502 2677 542 nexu
2704 485 2955 555 obligavit
2986 486 3152 558 (Cant.
3182 486 3327 541 Duas
3353 487 3517 559 Epist.
3551 488 3760 564 Pelag,

2165 580 2253 634 lib.
2285 583 2335 643 1,
2362 599 2411 634 η.
2440 580 2517 650 1).
2561 581 2895 650 Quapropter
2933 580 3237 636 Bonifacius
3264 581 3456 653 Alypio
3485 582 3615 637 duas
3642 582 3762 639 illas

2164 675 2414 744 epistolas
2439 716 2451 739 ,
2482 683 2541 728 ut
2570 689 2598 726 a
2629 673 2781 727 nobis
2816 672 2925 743 jam
2955 674 3314 735 observatum,
3346 674 3569 728 alteram
3599 691 3761 745 quam

2163 767 2402 822 Julianus
2426 768 2670 833 Romam,
2694 768 2918 821 alteram
2940 782 3097 837 quam
3121 766 3415 822 octodecim
3442 767 3674 837 episcopi
3690 767 3763 822 ad

2163 862 2358 916 Rufum
2392 861 2921 917 Thessalonicensem
2954 861 3296 930 scripserant,
3340 861 3408 915 ob
3438 860 3537 915 hoc
3562 862 3760 930 prazci-

2162 972 2265 1027 puc
2289 955 2531 1021 tradidit,
2564 955 2703 1025 quod
2732 956 2782 1010 in
2821 962 3042 1024 utraque
3080 965 3321 1009 sanctum
3365 954 3643 1009 Doctorcm
3669 970 3761 1009 ca-

2112 1094 2115 1097 .
2162 1048 2422 1103 lumniose
2447 1047 2679 1102 habitum
2700 1054 2948 1102 cerneret
2973 1045 3128 1118 (Ibid.
3151 1088 3165 1110 ,
3194 1046 3281 1101 lib.
3303 1045 3359 1112 2,
3387 1063 3440 1100 n.
3474 1046 3552 1117 3).
3580 1046 3765 1102 Rediit

2164 1142 2341 1212 itaque
2367 1143 2587 1213 Alypius
2616 1142 2668 1195 in
2700 1141 2932 1196 Africam
2964 1141 3172 1196 duobus
3198 1141 3344 1196 hisce
3371 1142 3521 1196 libris
3550 1157 3610 1195 ac
3638 1156 3762 1195 me-

2162 1242 2365 1287 morata
2392 1236 2770 1288 sententiarum
2802 1232 3039 1287 chartula
3069 1243 3313 1287 onustus.
3355 1233 3462 1286 Has
3500 1232 3760 1303 Augusti-

2161 1342 2263 1381 nus
2281 1328 2569 1381 sententias
2585 1342 2649 1380 ex
2669 1326 2815 1380 libris
2830 1325 3022 1381 Juliani
3040 1325 3290 1379 collectas
3307 1339 3424 1379 esse
3443 1318 3761 1392 conjiciens,

2162 1421 2349 1476 melius
2378 1419 2491 1474 fore
2514 1419 2815 1490 judicabat,
2849 1417 2895 1472 si
2921 1419 3168 1472 universo
3203 1417 3302 1486 ipsi
3345 1416 3493 1485 operi
3522 1416 3636 1484 ejus
3666 1430 3761 1469 re-

2162 1512 2390 1568 fellendo
2428 1513 2580 1567 daret
2625 1526 2842 1582 operam
2879 1519 3289 1565 :verumtamen
3339 1509 3629 1561 arbitratus
3675 1515 3764 1561 est

2160 1604 2261 1660 sibi
2309 1603 2692 1669 festinandum,
2723 1615 2779 1657 ut
2807 1602 3022 1658 Valerio
3065 1602 3245 1656 comiti
3293 1600 3625 1655 satisfaceret
3657 1599 3764 1671 (De

2163 1695 2330 1768 Nupt.
2362 1706 2409 1750 et
2444 1696 2665 1766 Concup.
2692 1736 2705 1760 ,
2738 1695 2824 1749 lib.
2849 1696 2904 1759 2,
2934 1712 2985 1748 η.
3011 1695 3092 1765 3).
3126 1693 3479 1761 Quamobrem
3549 1693 3600 1746 in
3640 1692 3762 1747 illas

2162 1789 2450 1845 sententias
2472 1788 2695 1842 alterum
2717 1788 2888 1841 cidem
2903 1786 3117 1841 Valerio
3138 1786 3349 1848 librum,
3369 1785 3555 1840 eodem
3579 1785 3760 1850 titulo,

2163 1881 2240 1935 De
2268 1881 2477 1953 Nuptiis
2520 1891 2563 1935 et
2592 1880 3005 1952 Cancupiscentia
3024 1922 3038 1942 ,
3068 1880 3377 1948 inscriptum
3397 1921 3412 1947 ,
3445 1878 3765 1948 quantocius

2162 1974 2347 2040 edidit,
2380 1990 2519 2029 anno
2562 1974 2673 2044 jam
2713 1989 2742 2027 a
2788 1973 2943 2043 primi
2974 1972 3094 2026 libri
3134 1971 3366 2026 editione
3395 1986 3502 2025 uno
3542 1971 3765 2025 circiter

2163 2078 2349 2122 exacto
2372 2087 2384 2122 :
2405 2079 2561 2137 atque
2583 2067 2653 2120 ibi
2678 2064 2963 2121 confutatis
2983 2064 3177 2119 Juliani
3201 2064 3478 2118 calumniis
3500 2062 3757 2130 ostendit,

2162 2160 2478 2213 catholicum
2506 2158 2695 2228 dogma
2721 2156 2788 2211 de
2807 2156 3047 2226 originali
3076 2156 3217 2209 malo
3244 2155 3312 2209 ab
3338 2155 3758 2209 Maniclueornm

2163 2249 2353 2304 hatresi
2382 2250 2685 2319 longissime
2711 2248 2927 2303 distare.
2959 2248 3147 2302 Libros
3177 2248 3338 2302 etiam
3367 2256 3595 2317 quatuor
3622 2248 3760 2301 dua-

2161 2338 2261 2395 bus
2288 2341 2594 2395 memoratis
2624 2339 2863 2410 epistolis
2888 2338 3191 2393 refellendis
3212 2339 3569 2401 elucubravit;
3600 2339 3673 2391 ita
3698 2346 3763 2393 ut

2164 2435 2334 2505 primo
2355 2435 2490 2489 libro
2513 2434 2789 2503 epistolam
2809 2449 2925 2503 qua:
2944 2432 3125 2501 ipsius,
3151 2440 3205 2485 ut
3227 2431 3515 2497 ferebatur,
3534 2431 3756 2497 Juliani,

2165 2528 2332 2582 tribus
2355 2528 2700 2597 sequentibus
2722 2526 2901 2590 aliam,
2926 2542 3043 2595 quzc
3069 2524 3361 2579 octodecim
3387 2525 3763 2595 episcOporum

2163 2628 2297 2685 erat,
2326 2620 2687 2689 redargueret.
2732 2618 3016 2671 Enimvero
3041 2631 3161 2671 cum
3209 2616 3389 2685 gratia:
3426 2615 3764 2669 adversarios

2163 2725 2191 2764 a
2223 2710 2566 2765 sollicitandis
2588 2726 2681 2781 per
2705 2692 2880 2763 varias
2902 2709 3378 2764 commentationes
3407 2707 3762 2761 infirmiorum

2163 2802 2355 2855 animis
2380 2800 2583 2856 videret
2610 2816 2716 2855 non
2754 2800 3197 2870 interquiescere,
3227 2800 3384 2853 oﬂicii
3416 2800 3495 2853 sui
3525 2814 3647 2854 esse
3668 2799 3764 2869 ju-

2163 2895 2373 2958 dicavit,
2401 2894 2588 2949 iisdem
2612 2893 2797 2948 cadem
2820 2893 3026 2947 ratione
3051 2907 3369 2956 occurrere;
3396 2900 3505 2945 tum
3531 2906 3629 2946 nec
3655 2888 3763 2945 Ca-

2165 2986 2480 3041 tholicorum
2524 3001 2841 3058 quemquam
2881 2985 3053 3054 decipi
3102 2985 3169 3039 ab
3215 2984 3279 3038 iis
3323 2992 3610 3054 pateretur,
3648 2991 3765 3037 tum

2165 3096 2231 3134 ne
2277 3080 2372 3150 ipsi
2417 3095 2476 3135 se
2515 3080 2598 3134 vel
2642 3094 2767 3134 suos
2795 3080 2845 3132 in
2889 3079 2978 3132 illo
3008 3075 3211 3133 nefario
3253 3092 3435 3131 errore
3465 3061 3741 3131 firmarent

2164 3172 2293 3227 Illud
2322 3174 2498 3241 operis
2524 3172 2624 3243 ipsi
2652 3171 2986 3242 potissimum
3018 3169 3289 3224 Bonifacio
3313 3170 3518 3223 mittere
3544 3166 3757 3223 consti-

2164 3265 2283 3332 tuit,
2311 3274 2369 3319 ut
2394 3263 2667 3329 illud,non
2689 3272 2793 3317 tam
2820 3260 3059 3316 discendi
3082 3262 3250 3330 gratia
3279 3261 3567 3325 evolveret,
3591 3274 3759 3330 quam

2164 3356 2499 3411 examinandi
2521 3354 2966 3425 emendandique,
2993 3354 3199 3424 quoties
3222 3354 3271 3406 in
3298 3353 3469 3408 locum
3498 3353 3759 3423 aliquem,

2165 3448 2255 3518 qui
2283 3448 2383 3503 sibi
2410 3449 2585 3501 minus
2612 3447 2943 3517 probaretur,
2974 3445 3246 3500 incideret.
3281 3446 3414 3499 Dum
3440 3445 3510 3500 ibi
3535 3445 3761 3515 injurio-

2164 3554 2277 3593 sam
2324 3540 2508 3607 illam,
2538 3554 2640 3609 qua
2680 3553 2860 3593 secum
2906 3538 3129 3607 agebant
3174 3537 3471 3607 Pelagiani,
3500 3537 3765 3594 rationem

2164 3640 2584 3687 commemorat:
2610 3630 2802 3702 Spero,
2833 3629 3032 3699 inquit,
3062 3629 3126 3682 de
3162 3628 3380 3682 Domino
3412 3628 3519 3682 Dea
3561 3638 3755 3694 nostra,

2165 3724 2297 3794 quod
2318 3740 2418 3777 non
2440 3724 2548 3776 sine
2571 3722 2815 3787 mercede,
2843 3737 2956 3791 qua:
2975 3722 3028 3774 in
3049 3719 3185 3774 cwlis
3208 3729 3302 3787 est,
3326 3720 3403 3773 illi
3424 3736 3503 3773 me
3527 3721 3761 3774 lacerant

2165 3819 2311 3871 dente
2336 3816 2579 3869 maledica
2598 3857 2612 3881 ,
2641 3815 2820 3886 quibus
2845 3831 2924 3869 me
2954 3831 3045 3884 pro
3077 3814 3320 3884 parvulis,
3353 3830 3415 3867 ne
3440 3814 3618 3885 fallaci
3648 3815 3766 3867 lau-

2165 3909 2332 3962 datori
2354 3906 2566 3977 Pelagio
2592 3906 2775 3975 perditi
2802 3906 3172 3978 relinquantur,
3199 3905 3287 3959 sed
3314 3907 3475 3959 veraci
3504 3906 3765 3961 Saluatori

2164 4001 2363 4057 Christo
2390 4000 2637 4054 liberandi
2669 3998 2974 4069 o/ferantur,
3002 4017 3203 4071 appono
3231 3999 3398 4074 (Cant.
3421 3999 3566 4055 Duas
3594 4000 3761 4071 Epist.

2164 4092 2346 4165 Pelag.
2366 4133 2384 4160 ,
2411 4092 2498 4147 lib.
2520 4093 2572 4160 1,
2599 4110 2687 4146 nn.
2708 4091 2765 4158 2,
2795 4092 2874 4165 5).

2235 4187 2289 4241 5.
2331 4185 2553 4257 Alypius
2576 4185 2628 4238 in
2649 4185 2851 4239 Italiam
2882 4185 3070 4240 iterum
3094 4185 3193 4240 sub
3219 4186 3456 4257 ejusdem
3480 4186 3603 4239 anni
3625 4202 3762 4255 qua-

2165 4275 2563 4346 dringentesimi
2586 4276 2825 4346 vigesimi
2851 4276 3007 4330 tinem
3031 4289 3120 4332 aut
3146 4277 3245 4331 sub
3269 4278 3507 4348 proxime
3529 4294 3760 4346 sequen-

2165 4369 2234 4421 tis
2276 4369 2481 4421 initium
2515 4368 2783 4437 trajicicns
2804 4411 2816 4433 ,
2848 4384 3012 4422 novas
3044 4369 3161 4422 illas
3187 4368 3465 4438 Augustini
3505 4368 3759 4421 adversus

2166 4460 2477 4531 Pelagianos
2502 4460 2916 4523 lucubrationes,
2950 4470 3174 4530 quatuor
3200 4461 3402 4515 scilicet
3442 4459 3507 4513 ad
3546 4458 3759 4512 Bonifa-

2165 4551 2303 4605 cium
2353 4551 2515 4605 libros
2562 4550 2766 4623 (Operis
2804 4551 3006 4621 imperf.
3041 4551 3128 4605 lib.
3168 4554 3228 4619 1,
3258 4569 3310 4605 η.
3339 4550 3444 4623 85)
3476 4560 3527 4605 et
3563 4566 3761 4606 secun-

2164 4642 2287 4698 dum
2316 4642 2379 4697 ad
2410 4642 2675 4697 Valerium
2703 4685 2717 4708 ,
2746 4643 2950 4714 ,detulit
2983 4642 3175 4714 (Ibid.,
3204 4660 3255 4696 η.
3284 4643 3358 4713 7).
3405 4642 3596 4697 Contra
3639 4657 3760 4697 mo-

2164 4735 2477 4790 lestissimos
2523 4734 2767 4789 inimicos
2807 4736 2989 4803 gratim
3030 4736 3133 4811 Dei/
3158 4736 3342 4790 venire
3374 4746 3496 4791 tunc
3535 4750 3760 4790 necesse

2165 4835 2311 4886 erat,
2340 4826 2551 4896 quando
2582 4827 2633 4880 in
2663 4826 2765 4880 illis
2793 4828 3023 4881 maxime
3054 4828 3289 4897 partibus
3320 4827 3564 4882 haeresim
3603 4842 3758 4882 suam

2164 4917 2233 4971 ab
2262 4918 2477 4971 interitu
2515 4917 2789 4972 vindicare
2819 4918 2965 4971 omni
3005 4920 3180 4973 studio
3218 4920 3563 4973 conabantur.
3608 4919 3758 4973 lianc

2164 5025 2294 5066 sane
2320 5010 2510 5081 Alypio
2540 5011 2623 5065 vel
2653 5013 2819 5065 solam
2846 5012 2927 5066 vel
2973 5014 3292 5081 praécipuam
3320 5014 3571 5069 iterandze
3598 5013 3756 5067 navi-

2163 5103 2390 5173 gationis
2414 5118 2627 5157 causam
2651 5103 2813 5158 fuisse
2833 5104 3069 5157 arbitrati
3103 5105 3195 5170 illi,
3215 5104 3336 5159 hinc
3364 5105 3427 5160 ad
3446 5106 3757 5160 obtrectan-

2164 5195 2291 5249 dum
2323 5194 2633 5249 orthodoxis
2663 5211 2843 5249 ansam
2873 5196 3233 5265 arripuerunt,
3257 5198 3447 5252 Juliani
3478 5198 3601 5251 stilo
3631 5213 3754 5253 eam

2163 5286 2218 5340 in
2247 5302 2359 5340 rem
2386 5286 2697 5341 insolentius
2733 5286 3031 5341 abutentes.
3072 5288 3461 5344 Criminabatur
3490 5290 3599 5355 ille,
3624 5290 3757 5362 Aly-

2166 5379 2308 5448 pium
2340 5378 2439 5433 hac
2466 5378 2793 5449 profectione
2818 5380 3083 5450 octoginta
3114 5390 3167 5435 et
3196 5381 3419 5451 amplius
3449 5396 3614 5452 equos
3643 5390 3755 5436 tota

2168 5472 2345 5526 Africa
2368 5472 2635 5543 saginatos
2652 5472 2878 5527 tribunis
2905 5472 3187 5528 adduxisse
3220 5472 3402 5544 (Ibid.,
3426 5490 3477 5527 n.
3500 5472 3589 5544 42)
3612 5490 3625 5539 ;
3652 5474 3756 5529 sibi

2163 5578 2292 5618 vero
2316 5563 2505 5618 exinde
2531 5563 2900 5618 blandiebatur
2932 5565 2983 5617 in
3024 5562 3165 5618 hunc
3205 5564 3420 5618 modum
3448 5580 3461 5610 ε
3485 5564 3748 5633 Amplissi-

2164 5674 2299 5711 mam
2328 5674 2431 5712 esse
2456 5658 2612 5711 nostri
2642 5657 2827 5728 negotii
2858 5658 3171 5728 dignitatem,
3205 5667 3258 5710 ut
3287 5658 3397 5727 ipsa
3425 5672 3597 5711 rerum
3626 5672 3755 5710 con-

2165 5751 2402 5804 sideratio
2423 5759 2469 5803 et
2488 5750 2728 5820 appensia
2747 5750 2956 5815 indicat,
2972 5765 3096 5820 quas
3118 5758 3332 5814 tuemur,
3346 5750 3416 5802 ita
3433 5749 3583 5802 etiam
3596 5757 3759 5802 vester

2166 5857 2363 5912 pavor;
2391 5842 2476 5912 qui
2517 5852 2692 5897 contra
2744 5850 3029 5897 nostrarum
3070 5842 3384 5912 sanguinem,
3429 5829 3771 5915 pecuniarum
