  <div class='ocr_page' id='page_1' title='image "/cluster/home/n/w/nwhite01/storage/ocr_20150623/32/hvd.32044015706328/276.png"; bbox 0 0 4042 6360; ppageno 0'>
   <div class='ocr_carea' id='block_1_1' title="bbox 240 521 1824 605">
    <p class='ocr_par' dir='ltr' id='par_1_1' title="bbox 240 521 1824 605">
     <span class='ocr_line' id='line_1_1' title="bbox 240 521 1824 605; baseline -0.013 -13"><span class='ocrx_word' id='word_1_1' title='bbox 240 536 504 605; x_wconf 70' lang='grc' dir='ltr'><strong><em>ιπωίοηε,</em></strong></span> <span class='ocrx_word' id='word_1_2' title='bbox 525 532 875 589; x_wconf 58' lang='lat' dir='ltr'><strong><em>hereditatum</em></strong></span> <span class='ocrx_word' id='word_1_3' title='bbox 898 529 1151 602; x_wconf 73' lang='lat' dir='ltr'><strong><em>largitate,</em></strong></span> <span class='ocrx_word' id='word_1_4' title='bbox 1170 540 1407 595; x_wconf 87' lang='lat' dir='ltr'><strong><em>equorum</em></strong></span> <span class='ocrx_word' id='word_1_5' title='bbox 1427 521 1824 585; x_wconf 85' lang='lat' dir='ltr'><strong><em>transmissione,</em></strong></span> 
     </span>
    </p>
   </div>
   <div class='ocr_carea' id='block_1_2' title="bbox 241 617 1825 701">
    <p class='ocr_par' dir='ltr' id='par_1_2' title="bbox 241 617 1825 701">
     <span class='ocr_line' id='line_1_2' title="bbox 241 617 1825 701; baseline -0.011 -19"><span class='ocrx_word' id='word_1_6' title='bbox 241 628 543 701; x_wconf 84' lang='lat' dir='ltr'><strong><em>populorum</em></strong></span> <span class='ocrx_word' id='word_1_7' title='bbox 568 626 837 690; x_wconf 73' lang='lat' dir='ltr'><strong><em>seditione,</em></strong></span> <span class='ocrx_word' id='word_1_8' title='bbox 861 629 1163 694; x_wconf 70' lang='lat' dir='ltr'><strong><em>potestatum</em></strong></span> <span class='ocrx_word' id='word_1_9' title='bbox 1185 617 1504 685; x_wconf 80' lang='lat' dir='ltr'><strong><em>corruptione</em></strong></span> <span class='ocrx_word' id='word_1_10' title='bbox 1530 622 1825 684; x_wconf 74' lang='lat' dir='ltr'><strong><em>pugnantes,</em></strong></span> 
     </span>
    </p>
   </div>
   <div class='ocr_carea' id='block_1_3' title="bbox 240 706 1830 793">
    <p class='ocr_par' dir='ltr' id='par_1_3' title="bbox 240 706 1830 793">
     <span class='ocr_line' id='line_1_3' title="bbox 240 706 1830 793; baseline -0.01 -19"><span class='ocrx_word' id='word_1_11' title='bbox 240 730 285 774; x_wconf 86' lang='lat' dir='ltr'><strong><em>et</em></strong></span> <span class='ocrx_word' id='word_1_12' title='bbox 322 719 745 787; x_wconf 73' lang='lat' dir='ltr'><strong><em>ﬁdem‘oestram,</em></strong></span> <span class='ocrx_word' id='word_1_13' title='bbox 769 729 887 793; x_wconf 78' lang='lat' dir='ltr'><strong><em>qua:</em></strong></span> <span class='ocrx_word' id='word_1_14' title='bbox 912 729 945 767; x_wconf 81' lang='grc' dir='ltr'><strong><em>α</em></strong></span> <span class='ocrx_word' id='word_1_15' title='bbox 975 711 1117 766; x_wconf 89' lang='lat' dir='ltr'><strong><em>nobis</em></strong></span> <span class='ocrx_word' id='word_1_16' title='bbox 1160 710 1485 782; x_wconf 85' lang='lat' dir='ltr'><strong><em>impugnatur</em></strong></span> <span class='ocrx_word' id='word_1_17' title='bbox 1507 748 1522 774; x_wconf 94' lang='lat'><strong><em>,</em></strong></span> <span class='ocrx_word' id='word_1_18' title='bbox 1545 706 1830 761; x_wconf 87' lang='lat' dir='ltr'><strong><em>erubescitis</em></strong></span> 
     </span>
    </p>
   </div>
   <div class='ocr_carea' id='block_1_4' title="bbox 240 798 1832 881">
    <p class='ocr_par' dir='ltr' id='par_1_4' title="bbox 240 798 1832 881">
     <span class='ocr_line' id='line_1_4' title="bbox 240 798 1832 881; baseline -0.008 -17"><span class='ocrx_word' id='word_1_19' title='bbox 240 810 471 881; x_wconf 73' lang='lat' dir='ltr'><strong><em>proﬁteri</em></strong></span> <span class='ocrx_word' id='word_1_20' title='bbox 491 808 679 880; x_wconf 81' lang='lat' dir='ltr'><strong><em>(Oper.</em></strong></span> <span class='ocrx_word' id='word_1_21' title='bbox 698 805 835 877; x_wconf 88' lang='lat' dir='ltr'><strong><em>Imp.</em></strong></span> <span class='ocrx_word' id='word_1_22' title='bbox 854 806 891 859; x_wconf 83' lang='grc' dir='ltr'><strong>ι.</strong></span> <span class='ocrx_word' id='word_1_23' title='bbox 911 806 962 871; x_wconf 91' lang='grc'><strong><em>1,</em></strong></span> <span class='ocrx_word' id='word_1_24' title='bbox 984 820 1040 857; x_wconf 92' lang='lat' dir='ltr'><strong><em>n.</em></strong></span> <span class='ocrx_word' id='word_1_25' title='bbox 1057 801 1171 874; x_wconf 77' lang='grc'><strong>74).</strong></span> <span class='ocrx_word' id='word_1_26' title='bbox 1192 804 1267 856; x_wconf 82' lang='lat' dir='ltr'><strong><em>Ac</em></strong></span> <span class='ocrx_word' id='word_1_27' title='bbox 1286 809 1403 871; x_wconf 91' lang='lat' dir='ltr'><strong><em>post</em></strong></span> <span class='ocrx_word' id='word_1_28' title='bbox 1429 800 1589 854; x_wconf 88' lang='lat' dir='ltr'><strong><em>multa</em></strong></span> <span class='ocrx_word' id='word_1_29' title='bbox 1612 798 1677 852; x_wconf 90' lang='lat' dir='ltr'><strong><em>ad</em></strong></span> <span class='ocrx_word' id='word_1_30' title='bbox 1695 812 1832 852; x_wconf 85' lang='lat' dir='ltr'><strong><em>eam-</em></strong></span> 
     </span>
    </p>
   </div>
   <div class='ocr_carea' id='block_1_5' title="bbox 238 888 1831 962">
    <p class='ocr_par' dir='ltr' id='par_1_5' title="bbox 238 888 1831 962">
     <span class='ocr_line' id='line_1_5' title="bbox 238 888 1831 962; baseline -0.009 -7"><span class='ocrx_word' id='word_1_31' title='bbox 238 901 359 956; x_wconf 70' lang='lat' dir='ltr'><strong><em>deus</em></strong></span> <span class='ocrx_word' id='word_1_32' title='bbox 374 897 733 953; x_wconf 76' lang='lat' dir='ltr'><strong><em>calumniandi</em></strong></span> <span class='ocrx_word' id='word_1_33' title='bbox 758 910 970 951; x_wconf 84' lang='lat' dir='ltr'><strong><em>causam</em></strong></span> <span class='ocrx_word' id='word_1_34' title='bbox 986 908 1231 949; x_wconf 77' lang='lat' dir='ltr'><strong><em>reversus</em></strong></span> <span class='ocrx_word' id='word_1_35' title='bbox 1248 909 1261 946; x_wconf 92' lang='lat'>:</span> <span class='ocrx_word' id='word_1_36' title='bbox 1278 889 1380 947; x_wconf 87' lang='lat' dir='ltr'><strong><em>Cur</em></strong></span> <span class='ocrx_word' id='word_1_37' title='bbox 1395 906 1533 962; x_wconf 86' lang='lat' dir='ltr'><strong><em>ergo.</em></strong></span> <span class='ocrx_word' id='word_1_38' title='bbox 1562 889 1653 955; x_wconf 85' lang='lat' dir='ltr'><strong><em>ait,</em></strong></span> <span class='ocrx_word' id='word_1_39' title='bbox 1679 888 1831 942; x_wconf 88' lang='lat' dir='ltr'><strong><em>tantis</em></strong></span> 
     </span>
    </p>
   </div>
   <div class='ocr_carea' id='block_1_6' title="bbox 241 978 1829 1059">
    <p class='ocr_par' dir='ltr' id='par_1_6' title="bbox 241 978 1829 1059">
     <span class='ocr_line' id='line_1_6' title="bbox 241 978 1829 1059; baseline -0.008 -14"><span class='ocrx_word' id='word_1_40' title='bbox 241 999 395 1046; x_wconf 75' lang='lat' dir='ltr'><strong><em>totam</em></strong></span> <span class='ocrx_word' id='word_1_41' title='bbox 405 988 615 1044; x_wconf 84' lang='lat' dir='ltr'><strong><em>Italiam</em></strong></span> <span class='ocrx_word' id='word_1_42' title='bbox 629 986 925 1059; x_wconf 77' lang='lat' dir='ltr'><strong><em>factionibus</em></strong></span> <span class='ocrx_word' id='word_1_43' title='bbox 946 983 1316 1038; x_wconf 78' lang='lat' dir='ltr'><strong><em>commovistis?</em></strong></span> <span class='ocrx_word' id='word_1_44' title='bbox 1334 998 1423 1035; x_wconf 88' lang='lat' dir='ltr'><strong><em>cur</em></strong></span> <span class='ocrx_word' id='word_1_45' title='bbox 1436 980 1700 1036; x_wconf 87' lang='lat' dir='ltr'><strong><em>seditiones</em></strong></span> <span class='ocrx_word' id='word_1_46' title='bbox 1720 978 1829 1033; x_wconf 83' lang='lat' dir='ltr'><strong><em>Ro-</em></strong></span> 
     </span>
    </p>
   </div>
   <div class='ocr_carea' id='block_1_7' title="bbox 242 1070 1830 1148">
    <p class='ocr_par' dir='ltr' id='par_1_7' title="bbox 242 1070 1830 1148">
     <span class='ocr_line' id='line_1_7' title="bbox 242 1070 1830 1148; baseline -0.008 -13"><span class='ocrx_word' id='word_1_47' title='bbox 242 1097 337 1135; x_wconf 65' lang='lat' dir='ltr'><strong><em>me</em></strong></span> <span class='ocrx_word' id='word_1_48' title='bbox 354 1079 615 1134; x_wconf 83' lang='lat' dir='ltr'><strong><em>conductis</em></strong></span> <span class='ocrx_word' id='word_1_49' title='bbox 641 1078 842 1148; x_wconf 89' lang='lat' dir='ltr'><strong><em>populis</em></strong></span> <span class='ocrx_word' id='word_1_50' title='bbox 866 1074 1165 1130; x_wconf 69' lang='lat' dir='ltr'><strong><em>excitastis?</em></strong></span> <span class='ocrx_word' id='word_1_51' title='bbox 1191 1089 1280 1127; x_wconf 89' lang='lat' dir='ltr'><strong><em>cur</em></strong></span> <span class='ocrx_word' id='word_1_52' title='bbox 1308 1072 1369 1127; x_wconf 88' lang='lat' dir='ltr'><strong><em>de</em></strong></span> <span class='ocrx_word' id='word_1_53' title='bbox 1395 1070 1675 1140; x_wconf 86' lang='lat' dir='ltr'><strong><em>sumptibus</em></strong></span> <span class='ocrx_word' id='word_1_54' title='bbox 1699 1084 1830 1141; x_wconf 84' lang='lat' dir='ltr'><strong><em>pau-</em></strong></span> 
     </span>
    </p>
   </div>
   <div class='ocr_carea' id='block_1_8' title="bbox 244 1160 1832 1242">
    <p class='ocr_par' dir='ltr' id='par_1_8' title="bbox 244 1160 1832 1242">
     <span class='ocr_line' id='line_1_8' title="bbox 244 1160 1832 1242; baseline -0.009 -16"><span class='ocrx_word' id='word_1_55' title='bbox 244 1188 417 1242; x_wconf 76' lang='lat' dir='ltr'><strong><em>perum</em></strong></span> <span class='ocrx_word' id='word_1_56' title='bbox 441 1169 711 1241; x_wconf 86' lang='lat' dir='ltr'><strong><em>saginastis</em></strong></span> <span class='ocrx_word' id='word_1_57' title='bbox 735 1183 823 1238; x_wconf 89' lang='lat' dir='ltr'><strong><em>per</em></strong></span> <span class='ocrx_word' id='word_1_58' title='bbox 851 1175 1004 1220; x_wconf 85' lang='lat' dir='ltr'><strong><em>totam</em></strong></span> <span class='ocrx_word' id='word_1_59' title='bbox 1032 1180 1163 1236; x_wconf 90' lang='lat' dir='ltr'><strong><em>pene</em></strong></span> <span class='ocrx_word' id='word_1_60' title='bbox 1186 1160 1412 1233; x_wconf 81' lang='lat' dir='ltr'><strong><em>Africam</em></strong></span> <span class='ocrx_word' id='word_1_61' title='bbox 1456 1176 1693 1230; x_wconf 86' lang='lat' dir='ltr'><strong><em>equorum</em></strong></span> <span class='ocrx_word' id='word_1_62' title='bbox 1718 1175 1832 1230; x_wconf 90' lang='lat' dir='ltr'><strong><em>gre-</em></strong></span> 
     </span>
    </p>
   </div>
   <div class='ocr_carea' id='block_1_9' title="bbox 243 1250 1832 1334">
    <p class='ocr_par' dir='ltr' id='par_1_9' title="bbox 243 1250 1832 1334">
     <span class='ocr_line' id='line_1_9' title="bbox 243 1250 1832 1334; baseline -0.008 -18"><span class='ocrx_word' id='word_1_63' title='bbox 243 1278 347 1334; x_wconf 83' lang='lat' dir='ltr'><strong><em>ges,</em></strong></span> <span class='ocrx_word' id='word_1_64' title='bbox 384 1276 511 1330; x_wconf 81' lang='lat' dir='ltr'><strong><em>quos</em></strong></span> <span class='ocrx_word' id='word_1_65' title='bbox 556 1266 880 1329; x_wconf 84' lang='lat' dir='ltr'><strong><em>prosequente</em></strong></span> <span class='ocrx_word' id='word_1_66' title='bbox 903 1255 1087 1326; x_wconf 77' lang='lat' dir='ltr'><strong><em>Alypio</em></strong></span> <span class='ocrx_word' id='word_1_67' title='bbox 1130 1253 1342 1308; x_wconf 85' lang='lat' dir='ltr'><strong><em>tribunis</em></strong></span> <span class='ocrx_word' id='word_1_68' title='bbox 1381 1260 1427 1306; x_wconf 88' lang='lat' dir='ltr'><strong><em>et</em></strong></span> <span class='ocrx_word' id='word_1_69' title='bbox 1463 1250 1832 1305; x_wconf 85' lang='lat' dir='ltr'><strong><em>centurionibus</em></strong></span> 
     </span>
    </p>
   </div>
   <div class='ocr_carea' id='block_1_10' title="bbox 245 1339 1831 1411">
    <p class='ocr_par' dir='ltr' id='par_1_10' title="bbox 245 1339 1831 1411">
     <span class='ocr_line' id='line_1_10' title="bbox 245 1339 1831 1411; baseline -0.008 -5"><span class='ocrx_word' id='word_1_70' title='bbox 245 1349 531 1406; x_wconf 73' lang='lat' dir='ltr'><strong><em>destinastis</em></strong></span> <span class='ocrx_word' id='word_1_71' title='bbox 550 1349 576 1403; x_wconf 67' lang='grc' dir='ltr'><strong><em>Ρ</em></strong></span> <span class='ocrx_word' id='word_1_72' title='bbox 603 1364 692 1402; x_wconf 90' lang='lat' dir='ltr'><strong><em>cur</em></strong></span> <span class='ocrx_word' id='word_1_73' title='bbox 730 1356 1075 1400; x_wconf 88' lang='lat' dir='ltr'><strong><em>matronarum</em></strong></span> <span class='ocrx_word' id='word_1_74' title='bbox 1100 1343 1282 1400; x_wconf 87' lang='lat' dir='ltr'><strong><em>oblatis</em></strong></span> <span class='ocrx_word' id='word_1_75' title='bbox 1321 1339 1695 1397; x_wconf 63' lang='lat' dir='ltr'><strong><em>hereditatibus</em></strong></span> <span class='ocrx_word' id='word_1_76' title='bbox 1734 1357 1831 1411; x_wconf 87' lang='lat' dir='ltr'><strong><em>po-</em></strong></span> 
     </span>
    </p>
   </div>
   <div class='ocr_carea' id='block_1_11' title="bbox 245 1432 1833 1507">
    <p class='ocr_par' dir='ltr' id='par_1_11' title="bbox 245 1432 1833 1507">
     <span class='ocr_line' id='line_1_11' title="bbox 245 1432 1833 1507; baseline -0.005 -12"><span class='ocrx_word' id='word_1_77' title='bbox 245 1448 443 1495; x_wconf 81' lang='lat' dir='ltr'><strong><em>testates</em></strong></span> <span class='ocrx_word' id='word_1_78' title='bbox 493 1438 667 1493; x_wconf 68' lang='lat' dir='ltr'><strong><em>seaculi</em></strong></span> <span class='ocrx_word' id='word_1_79' title='bbox 716 1437 1009 1507; x_wconf 86' lang='lat' dir='ltr'><strong><em>corrapistis</em></strong></span> <span class='ocrx_word' id='word_1_80' title='bbox 1032 1478 1047 1503; x_wconf 97' lang='lat'><strong><em>,</em></strong></span> <span class='ocrx_word' id='word_1_81' title='bbox 1078 1444 1135 1489; x_wconf 91' lang='lat' dir='ltr'><strong><em>ut</em></strong></span> <span class='ocrx_word' id='word_1_82' title='bbox 1186 1437 1239 1489; x_wconf 89' lang='lat' dir='ltr'><strong><em>in</em></strong></span> <span class='ocrx_word' id='word_1_83' title='bbox 1282 1450 1374 1490; x_wconf 87' lang='lat' dir='ltr'><strong><em>nos</em></strong></span> <span class='ocrx_word' id='word_1_84' title='bbox 1415 1433 1603 1504; x_wconf 79' lang='lat' dir='ltr'><strong><em>stipula</em></strong></span> <span class='ocrx_word' id='word_1_85' title='bbox 1645 1432 1833 1505; x_wconf 80' lang='lat' dir='ltr'><strong><em>furoris</em></strong></span> 
     </span>
    </p>
   </div>
   <div class='ocr_carea' id='block_1_12' title="bbox 247 1524 1834 1603">
    <p class='ocr_par' dir='ltr' id='par_1_12' title="bbox 247 1524 1834 1603">
     <span class='ocr_line' id='line_1_12' title="bbox 247 1524 1834 1603; baseline -0.003 -20"><span class='ocrx_word' id='word_1_86' title='bbox 247 1531 432 1603; x_wconf 76' lang='lat' dir='ltr'><strong><em>publici</em></strong></span> <span class='ocrx_word' id='word_1_87' title='bbox 473 1530 713 1583; x_wconf 84' lang='lat' dir='ltr'><strong><em>arderet?</em></strong></span> <span class='ocrx_word' id='word_1_88' title='bbox 748 1545 839 1582; x_wconf 90' lang='lat' dir='ltr'><strong><em>cur</em></strong></span> <span class='ocrx_word' id='word_1_89' title='bbox 879 1528 1162 1599; x_wconf 86' lang='lat' dir='ltr'><strong><em>dissipastis</em></strong></span> <span class='ocrx_word' id='word_1_90' title='bbox 1202 1526 1545 1581; x_wconf 86' lang='lat' dir='ltr'><strong><em>Ecclesiarum</em></strong></span> <span class='ocrx_word' id='word_1_91' title='bbox 1583 1524 1834 1594; x_wconf 78' lang='lat' dir='ltr'><strong><em>quietem?</em></strong></span> 
     </span>
    </p>
   </div>
   <div class='ocr_carea' id='block_1_13' title="bbox 248 1617 1835 1690">
    <p class='ocr_par' dir='ltr' id='par_1_13' title="bbox 248 1617 1835 1690">
     <span class='ocr_line' id='line_1_13' title="bbox 248 1617 1835 1690; baseline -0.003 -14"><span class='ocrx_word' id='word_1_92' title='bbox 248 1638 335 1676; x_wconf 86' lang='lat' dir='ltr'><strong><em>cur</em></strong></span> <span class='ocrx_word' id='word_1_93' title='bbox 358 1620 583 1690; x_wconf 82' lang='lat' dir='ltr'><strong><em>religiosi</em></strong></span> <span class='ocrx_word' id='word_1_94' title='bbox 610 1618 869 1687; x_wconf 85' lang='lat' dir='ltr'><strong><em>Principis</em></strong></span> <span class='ocrx_word' id='word_1_95' title='bbox 899 1628 1123 1687; x_wconf 90' lang='lat' dir='ltr'><strong><em>tempora</em></strong></span> <span class='ocrx_word' id='word_1_96' title='bbox 1151 1619 1551 1689; x_wconf 87' lang='lat' dir='ltr'><strong><em>persecutionum</em></strong></span> <span class='ocrx_word' id='word_1_97' title='bbox 1579 1617 1835 1686; x_wconf 83' lang='lat' dir='ltr'><strong><em>impietate</em></strong></span> 
     </span>
    </p>
   </div>
   <div class='ocr_carea' id='block_1_14' title="bbox 248 1706 1832 1777">
    <p class='ocr_par' dir='ltr' id='par_1_14' title="bbox 248 1706 1832 1777">
     <span class='ocr_line' id='line_1_14' title="bbox 248 1706 1832 1777; baseline -0.003 -12"><span class='ocrx_word' id='word_1_98' title='bbox 248 1709 582 1765; x_wconf 75' lang='lat' dir='ltr'><strong><em>maculosus?</em></strong></span> <span class='ocrx_word' id='word_1_99' title='bbox 626 1706 797 1777; x_wconf 81' lang='lat' dir='ltr'><strong><em>(Ibid.</em></strong></span> <span class='ocrx_word' id='word_1_100' title='bbox 819 1749 834 1773; x_wconf 95' lang='lat'><strong><em>,</em></strong></span> <span class='ocrx_word' id='word_1_101' title='bbox 864 1708 949 1761; x_wconf 88' lang='lat' dir='ltr'><strong><em>lib.</em></strong></span> <span class='ocrx_word' id='word_1_102' title='bbox 980 1707 1033 1774; x_wconf 83' lang='lat'><strong><em>5,</em></strong></span> <span class='ocrx_word' id='word_1_103' title='bbox 1062 1723 1115 1761; x_wconf 91' lang='lat' dir='ltr'><strong><em>n.</em></strong></span> <span class='ocrx_word' id='word_1_104' title='bbox 1152 1708 1265 1777; x_wconf 76' lang='lat'><strong><em>35.)</em></strong></span> <span class='ocrx_word' id='word_1_105' title='bbox 1318 1706 1423 1763; x_wconf 88' lang='lat' dir='ltr'><strong><em>Sed</em></strong></span> <span class='ocrx_word' id='word_1_106' title='bbox 1472 1707 1832 1776; x_wconf 75' lang='lat' dir='ltr'><strong><em>impotentiam</em></strong></span> 
     </span>
    </p>
   </div>
   <div class='ocr_carea' id='block_1_15' title="bbox 249 1799 1833 1872">
    <p class='ocr_par' dir='ltr' id='par_1_15' title="bbox 249 1799 1833 1872">
     <span class='ocr_line' id='line_1_15' title="bbox 249 1799 1833 1872; baseline -0.003 -13"><span class='ocrx_word' id='word_1_107' title='bbox 249 1803 479 1859; x_wconf 88' lang='lat' dir='ltr'><strong><em>hominis</em></strong></span> <span class='ocrx_word' id='word_1_108' title='bbox 504 1812 663 1872; x_wconf 90' lang='lat' dir='ltr'><strong><em>atque</em></strong></span> <span class='ocrx_word' id='word_1_109' title='bbox 689 1802 948 1871; x_wconf 74' lang='lat' dir='ltr'><strong><em>insignem</em></strong></span> <span class='ocrx_word' id='word_1_110' title='bbox 978 1800 1357 1871; x_wconf 89' lang='lat' dir='ltr'><strong><em>impudentiam</em></strong></span> <span class='ocrx_word' id='word_1_111' title='bbox 1381 1801 1706 1871; x_wconf 78' lang='lat' dir='ltr'><strong><em>Augustinus</em></strong></span> <span class='ocrx_word' id='word_1_112' title='bbox 1733 1799 1833 1855; x_wconf 88' lang='lat' dir='ltr'><strong><em>hac</em></strong></span> 
     </span>
    </p>
   </div>
   <div class='ocr_carea' id='block_1_16' title="bbox 249 1891 1835 1965">
    <p class='ocr_par' dir='ltr' id='par_1_16' title="bbox 249 1891 1835 1965">
     <span class='ocr_line' id='line_1_16' title="bbox 249 1891 1835 1965; baseline -0.004 -14"><span class='ocrx_word' id='word_1_113' title='bbox 249 1895 595 1965; x_wconf 87' lang='lat' dir='ltr'><strong><em>responsione</em></strong></span> <span class='ocrx_word' id='word_1_114' title='bbox 622 1894 856 1949; x_wconf 89' lang='lat' dir='ltr'><strong><em>retundit</em></strong></span> <span class='ocrx_word' id='word_1_115' title='bbox 884 1911 897 1946; x_wconf 91' lang='lat'><strong>:</strong></span> <span class='ocrx_word' id='word_1_116' title='bbox 930 1896 1030 1946; x_wconf 85' lang='lat' dir='ltr'><strong><em>Aut</em></strong></span> <span class='ocrx_word' id='word_1_117' title='bbox 1053 1893 1397 1955; x_wconf 88' lang='lat' dir='ltr'><strong><em>calumniaris,</em></strong></span> <span class='ocrx_word' id='word_1_118' title='bbox 1417 1901 1503 1945; x_wconf 90' lang='lat' dir='ltr'><strong><em>aut</em></strong></span> <span class='ocrx_word' id='word_1_119' title='bbox 1528 1892 1685 1946; x_wconf 88' lang='lat' dir='ltr'><strong><em>nescis</em></strong></span> <span class='ocrx_word' id='word_1_120' title='bbox 1711 1891 1835 1963; x_wconf 88' lang='lat' dir='ltr'><strong><em>quid</em></strong></span> 
     </span>
    </p>
   </div>
   <div class='ocr_carea' id='block_1_17' title="bbox 249 1983 1832 2059">
    <p class='ocr_par' dir='ltr' id='par_1_17' title="bbox 249 1983 1832 2059">
     <span class='ocr_line' id='line_1_17' title="bbox 249 1983 1832 2059; baseline -0.006 -15"><span class='ocrx_word' id='word_1_121' title='bbox 249 1988 469 2059; x_wconf 75' lang='lat' dir='ltr'><strong><em>loquaris</em></strong></span> <span class='ocrx_word' id='word_1_122' title='bbox 497 1996 582 2040; x_wconf 90' lang='lat' dir='ltr'><strong><em>:et</em></strong></span> <span class='ocrx_word' id='word_1_123' title='bbox 610 1987 721 2040; x_wconf 88' lang='lat' dir='ltr'><strong><em>ideo</em></strong></span> <span class='ocrx_word' id='word_1_124' title='bbox 742 1994 829 2039; x_wconf 87' lang='lat' dir='ltr'><strong><em>aut</em></strong></span> <span class='ocrx_word' id='word_1_125' title='bbox 855 1986 1091 2049; x_wconf 72' lang='lat' dir='ltr'><strong><em>mendax,</em></strong></span> <span class='ocrx_word' id='word_1_126' title='bbox 1115 1995 1202 2038; x_wconf 84' lang='lat' dir='ltr'><strong><em>aut</em></strong></span> <span class='ocrx_word' id='word_1_127' title='bbox 1223 1985 1512 2038; x_wconf 89' lang='lat' dir='ltr'><strong><em>temerarius</em></strong></span> <span class='ocrx_word' id='word_1_128' title='bbox 1536 1985 1632 2038; x_wconf 91' lang='lat' dir='ltr'><strong><em>ista</em></strong></span> <span class='ocrx_word' id='word_1_129' title='bbox 1658 1983 1832 2053; x_wconf 82' lang='lat' dir='ltr'><strong><em>loque—</em></strong></span> 
     </span>
    </p>
   </div>
   <div class='ocr_carea' id='block_1_18' title="bbox 250 2072 1837 2145">
    <p class='ocr_par' dir='ltr' id='par_1_18' title="bbox 250 2072 1837 2145">
     <span class='ocr_line' id='line_1_18' title="bbox 250 2072 1837 2145; baseline -0.006 -12"><span class='ocrx_word' id='word_1_130' title='bbox 250 2081 338 2133; x_wconf 86' lang='lat' dir='ltr'><strong><em>ris.</em></strong></span> <span class='ocrx_word' id='word_1_131' title='bbox 382 2077 521 2145; x_wconf 83' lang='lat' dir='ltr'><strong><em>Quid</em></strong></span> <span class='ocrx_word' id='word_1_132' title='bbox 551 2086 597 2131; x_wconf 92' lang='lat' dir='ltr'><strong><em>te</em></strong></span> <span class='ocrx_word' id='word_1_133' title='bbox 640 2087 803 2130; x_wconf 88' lang='lat' dir='ltr'><strong><em>autem</em></strong></span> <span class='ocrx_word' id='word_1_134' title='bbox 841 2077 1067 2144; x_wconf 88' lang='lat' dir='ltr'><strong><em>nequius,</em></strong></span> <span class='ocrx_word' id='word_1_135' title='bbox 1098 2075 1141 2128; x_wconf 90' lang='lat' dir='ltr'><strong><em>si</em></strong></span> <span class='ocrx_word' id='word_1_136' title='bbox 1170 2074 1275 2128; x_wconf 66' lang='lat' dir='ltr'><strong><em>haec</em></strong></span> <span class='ocrx_word' id='word_1_137' title='bbox 1316 2075 1423 2143; x_wconf 87' lang='lat' dir='ltr'><strong><em>ipse</em></strong></span> <span class='ocrx_word' id='word_1_138' title='bbox 1454 2073 1689 2141; x_wconf 71' lang='lat' dir='ltr'><strong><em>ﬁnxisti?</em></strong></span> <span class='ocrx_word' id='word_1_139' title='bbox 1715 2072 1837 2142; x_wconf 85' lang='lat' dir='ltr'><strong><em>quid</em></strong></span> 
     </span>
    </p>
   </div>
   <div class='ocr_carea' id='block_1_19' title="bbox 252 2162 1838 2239">
    <p class='ocr_par' dir='ltr' id='par_1_19' title="bbox 252 2162 1838 2239">
     <span class='ocr_line' id='line_1_19' title="bbox 252 2162 1838 2239; baseline -0.007 -13"><span class='ocrx_word' id='word_1_140' title='bbox 252 2171 502 2235; x_wconf 79' lang='lat' dir='ltr'><strong><em>stolidius,</em></strong></span> <span class='ocrx_word' id='word_1_141' title='bbox 526 2170 570 2223; x_wconf 91' lang='lat' dir='ltr'><strong><em>si</em></strong></span> <span class='ocrx_word' id='word_1_142' title='bbox 590 2169 891 2239; x_wconf 79' lang='lat' dir='ltr'><strong><em>ﬁngentibus</em></strong></span> <span class='ocrx_word' id='word_1_143' title='bbox 916 2167 1171 2221; x_wconf 86' lang='lat' dir='ltr'><strong><em>credidisti</em></strong></span> <span class='ocrx_word' id='word_1_144' title='bbox 1193 2167 1218 2219; x_wconf 86' lang='lat'><strong><em>?</em></strong></span> <span class='ocrx_word' id='word_1_145' title='bbox 1244 2163 1365 2219; x_wconf 73' lang='lat' dir='ltr'><strong><em>lam</em></strong></span> <span class='ocrx_word' id='word_1_146' title='bbox 1393 2181 1503 2217; x_wconf 88' lang='lat' dir='ltr'><strong><em>vero</em></strong></span> <span class='ocrx_word' id='word_1_147' title='bbox 1531 2162 1663 2233; x_wconf 88' lang='lat' dir='ltr'><strong><em>quod</em></strong></span> <span class='ocrx_word' id='word_1_148' title='bbox 1690 2164 1838 2217; x_wconf 85' lang='lat' dir='ltr'><strong><em>etiam</em></strong></span> 
     </span>
    </p>
   </div>
   <div class='ocr_carea' id='block_1_20' title="bbox 247 2254 1840 2327">
    <p class='ocr_par' dir='ltr' id='par_1_20' title="bbox 247 2254 1840 2327">
     <span class='ocr_line' id='line_1_20' title="bbox 247 2254 1840 2327; baseline -0.004 -13"><span class='ocrx_word' id='word_1_149' title='bbox 247 2260 460 2314; x_wconf 83' lang='lat' dir='ltr'><strong><em>scribere</em></strong></span> <span class='ocrx_word' id='word_1_150' title='bbox 484 2274 638 2312; x_wconf 87' lang='lat' dir='ltr'><strong><em>ausas</em></strong></span> <span class='ocrx_word' id='word_1_151' title='bbox 662 2274 711 2310; x_wconf 88' lang='lat' dir='ltr'><strong><em>es</em></strong></span> <span class='ocrx_word' id='word_1_152' title='bbox 731 2298 746 2323; x_wconf 92' lang='lat'><strong><em>,</em></strong></span> <span class='ocrx_word' id='word_1_153' title='bbox 786 2273 941 2327; x_wconf 87' lang='lat' dir='ltr'><strong><em>neque</em></strong></span> <span class='ocrx_word' id='word_1_154' title='bbox 968 2256 1151 2310; x_wconf 83' lang='lat' dir='ltr'><strong><em>veritus</em></strong></span> <span class='ocrx_word' id='word_1_155' title='bbox 1190 2272 1250 2309; x_wconf 91' lang='lat' dir='ltr'><strong><em>ne</em></strong></span> <span class='ocrx_word' id='word_1_156' title='bbox 1277 2254 1343 2307; x_wconf 92' lang='lat' dir='ltr'><strong><em>ad</em></strong></span> <span class='ocrx_word' id='word_1_157' title='bbox 1368 2271 1426 2308; x_wconf 89' lang='lat' dir='ltr'><strong><em>ea</em></strong></span> <span class='ocrx_word' id='word_1_158' title='bbox 1446 2255 1556 2307; x_wconf 85' lang='lat' dir='ltr'><strong><em>loca</em></strong></span> <span class='ocrx_word' id='word_1_159' title='bbox 1582 2254 1695 2306; x_wconf 89' lang='lat' dir='ltr'><strong><em>libri</em></strong></span> <span class='ocrx_word' id='word_1_160' title='bbox 1726 2270 1840 2322; x_wconf 86' lang='lat' dir='ltr'><strong><em>per-</em></strong></span> 
     </span>
    </p>
   </div>
   <div class='ocr_carea' id='block_1_21' title="bbox 251 2344 1837 2417">
    <p class='ocr_par' dir='ltr' id='par_1_21' title="bbox 251 2344 1837 2417">
     <span class='ocr_line' id='line_1_21' title="bbox 251 2344 1837 2417; baseline -0.004 -14"><span class='ocrx_word' id='word_1_161' title='bbox 251 2351 469 2404; x_wconf 78' lang='lat' dir='ltr'><strong><em>uenirent</em></strong></span> <span class='ocrx_word' id='word_1_162' title='bbox 499 2349 594 2415; x_wconf 87' lang='lat' dir='ltr'><strong><em>tui,</em></strong></span> <span class='ocrx_word' id='word_1_163' title='bbox 611 2363 725 2417; x_wconf 67' lang='lat' dir='ltr'><strong><em>qua:</em></strong></span> <span class='ocrx_word' id='word_1_164' title='bbox 759 2358 891 2402; x_wconf 88' lang='lat' dir='ltr'><strong><em>terra</em></strong></span> <span class='ocrx_word' id='word_1_165' title='bbox 934 2348 1157 2415; x_wconf 87' lang='lat' dir='ltr'><strong><em>marique</em></strong></span> <span class='ocrx_word' id='word_1_166' title='bbox 1199 2354 1536 2398; x_wconf 85' lang='lat' dir='ltr'><strong><em>transeuntem</em></strong></span> <span class='ocrx_word' id='word_1_167' title='bbox 1582 2360 1671 2397; x_wconf 89' lang='lat' dir='ltr'><strong><em>seu</em></strong></span> <span class='ocrx_word' id='word_1_168' title='bbox 1698 2344 1837 2397; x_wconf 81' lang='lat' dir='ltr'><strong><em>veni-</em></strong></span> 
     </span>
    </p>
   </div>
   <div class='ocr_carea' id='block_1_22' title="bbox 252 2435 1839 2509">
    <p class='ocr_par' dir='ltr' id='par_1_22' title="bbox 252 2435 1839 2509">
     <span class='ocr_line' id='line_1_22' title="bbox 252 2435 1839 2509; baseline -0.005 -14"><span class='ocrx_word' id='word_1_169' title='bbox 252 2452 411 2496; x_wconf 86' lang='lat' dir='ltr'><strong><em>entem</em></strong></span> <span class='ocrx_word' id='word_1_170' title='bbox 454 2437 700 2509; x_wconf 83' lang='lat' dir='ltr'><strong><em>collegam</em></strong></span> <span class='ocrx_word' id='word_1_171' title='bbox 747 2453 911 2491; x_wconf 87' lang='lat' dir='ltr'><strong><em>meum</em></strong></span> <span class='ocrx_word' id='word_1_172' title='bbox 952 2437 1195 2507; x_wconf 82' lang='lat' dir='ltr'><strong><em>Alypium</em></strong></span> <span class='ocrx_word' id='word_1_173' title='bbox 1235 2444 1585 2505; x_wconf 85' lang='lat' dir='ltr'><strong><em>susceperunt,</em></strong></span> <span class='ocrx_word' id='word_1_174' title='bbox 1616 2435 1699 2488; x_wconf 89' lang='lat' dir='ltr'><strong><em>ubi</em></strong></span> <span class='ocrx_word' id='word_1_175' title='bbox 1743 2436 1839 2505; x_wconf 88' lang='lat' dir='ltr'><strong><em>legi</em></strong></span> 
     </span>
    </p>
   </div>
   <div class='ocr_carea' id='block_1_23' title="bbox 254 2524 1840 2600">
    <p class='ocr_par' dir='ltr' id='par_1_23' title="bbox 254 2524 1840 2600">
     <span class='ocr_line' id='line_1_23' title="bbox 254 2524 1840 2600; baseline -0.003 -17"><span class='ocrx_word' id='word_1_176' title='bbox 254 2529 571 2600; x_wconf 80' lang='lat' dir='ltr'><strong><em>apertissime</em></strong></span> <span class='ocrx_word' id='word_1_177' title='bbox 594 2536 683 2581; x_wconf 89' lang='lat' dir='ltr'><strong><em>tua</em></strong></span> <span class='ocrx_word' id='word_1_178' title='bbox 711 2527 1022 2597; x_wconf 81' lang='lat' dir='ltr'><strong><em>falsiloquia,</em></strong></span> <span class='ocrx_word' id='word_1_179' title='bbox 1046 2528 1155 2581; x_wconf 87' lang='lat' dir='ltr'><strong><em>sine</em></strong></span> <span class='ocrx_word' id='word_1_180' title='bbox 1179 2537 1265 2580; x_wconf 89' lang='lat' dir='ltr'><strong><em>tua</em></strong></span> <span class='ocrx_word' id='word_1_181' title='bbox 1292 2526 1541 2591; x_wconf 88' lang='lat' dir='ltr'><strong><em>irrisione,</em></strong></span> <span class='ocrx_word' id='word_1_182' title='bbox 1572 2524 1647 2579; x_wconf 81' lang='lat' dir='ltr'><strong><em>vel</em></strong></span> <span class='ocrx_word' id='word_1_183' title='bbox 1676 2527 1840 2595; x_wconf 82' lang='lat' dir='ltr'><strong><em>potius</em></strong></span> 
     </span>
    </p>
   </div>
   <div class='ocr_carea' id='block_1_24' title="bbox 254 2617 1837 2688">
    <p class='ocr_par' dir='ltr' id='par_1_24' title="bbox 254 2617 1837 2688">
     <span class='ocr_line' id='line_1_24' title="bbox 254 2617 1837 2688; baseline -0.001 -15"><span class='ocrx_word' id='word_1_184' title='bbox 254 2620 614 2683; x_wconf 84' lang='lat' dir='ltr'><strong><em>detestatione,</em></strong></span> <span class='ocrx_word' id='word_1_185' title='bbox 653 2635 754 2672; x_wconf 89' lang='lat' dir='ltr'><strong><em>non</em></strong></span> <span class='ocrx_word' id='word_1_186' title='bbox 797 2628 1044 2688; x_wconf 84' lang='lat' dir='ltr'><strong><em>possunt;</em></strong></span> <span class='ocrx_word' id='word_1_187' title='bbox 1086 2618 1166 2670; x_wconf 84' lang='lat' dir='ltr'><strong><em>cui</em></strong></span> <span class='ocrx_word' id='word_1_188' title='bbox 1210 2633 1311 2670; x_wconf 88' lang='lat' dir='ltr'><strong><em>non</em></strong></span> <span class='ocrx_word' id='word_1_189' title='bbox 1346 2618 1456 2669; x_wconf 89' lang='lat' dir='ltr'><strong><em>dico</em></strong></span> <span class='ocrx_word' id='word_1_190' title='bbox 1495 2617 1837 2687; x_wconf 62' lang='lat' dir='ltr'><strong><em>impudentia,</em></strong></span> 
     </span>
    </p>
   </div>
   <div class='ocr_carea' id='block_1_25' title="bbox 254 2707 1844 2780">
    <p class='ocr_par' dir='ltr' id='par_1_25' title="bbox 254 2707 1844 2780">
     <span class='ocr_line' id='line_1_25' title="bbox 254 2707 1844 2780; baseline -0.003 -13"><span class='ocrx_word' id='word_1_191' title='bbox 254 2713 337 2767; x_wconf 85' lang='lat' dir='ltr'><strong><em>sed</em></strong></span> <span class='ocrx_word' id='word_1_192' title='bbox 356 2713 620 2767; x_wconf 72' lang='lat' dir='ltr'><strong><em>dementia:</em></strong></span> <span class='ocrx_word' id='word_1_193' title='bbox 646 2711 1010 2780; x_wconf 83' lang='lat' dir='ltr'><strong><em>comparatur?</em></strong></span> <span class='ocrx_word' id='word_1_194' title='bbox 1026 2710 1186 2780; x_wconf 87' lang='lat' dir='ltr'><strong><em>(Ibid.</em></strong></span> <span class='ocrx_word' id='word_1_195' title='bbox 1211 2750 1223 2772; x_wconf 92' lang='lat'><strong><em>,</em></strong></span> <span class='ocrx_word' id='word_1_196' title='bbox 1251 2708 1337 2763; x_wconf 85' lang='lat' dir='ltr'><strong><em>lib.</em></strong></span> <span class='ocrx_word' id='word_1_197' title='bbox 1372 2709 1424 2775; x_wconf 98' lang='grc'><strong><em>1,</em></strong></span> <span class='ocrx_word' id='word_1_198' title='bbox 1449 2724 1563 2779; x_wconf 90' lang='lat' dir='ltr'><strong><em>cap.</em></strong></span> <span class='ocrx_word' id='word_1_199' title='bbox 1594 2707 1703 2779; x_wconf 70' lang='grc'><strong>42.)</strong></span> <span class='ocrx_word' id='word_1_200' title='bbox 1742 2709 1844 2763; x_wconf 89' lang='lat' dir='ltr'><strong><em>De-</em></strong></span> 
     </span>
    </p>
   </div>
   <div class='ocr_carea' id='block_1_26' title="bbox 254 2798 1836 2872">
    <p class='ocr_par' dir='ltr' id='par_1_26' title="bbox 254 2798 1836 2872">
     <span class='ocr_line' id='line_1_26' title="bbox 254 2798 1836 2872; baseline -0.002 -16"><span class='ocrx_word' id='word_1_201' title='bbox 254 2803 409 2872; x_wconf 89' lang='lat' dir='ltr'><strong><em>nique</em></strong></span> <span class='ocrx_word' id='word_1_202' title='bbox 434 2801 732 2871; x_wconf 83' lang='lat' dir='ltr'><strong><em>improbam</em></strong></span> <span class='ocrx_word' id='word_1_203' title='bbox 749 2800 946 2856; x_wconf 80' lang='lat' dir='ltr'><strong><em>Juliani</em></strong></span> <span class='ocrx_word' id='word_1_204' title='bbox 970 2798 1301 2855; x_wconf 83' lang='lat' dir='ltr'><strong><em>dieaeitatem</em></strong></span> <span class='ocrx_word' id='word_1_205' title='bbox 1328 2811 1538 2854; x_wconf 82' lang='lat' dir='ltr'><strong><em>rursum</em></strong></span> <span class='ocrx_word' id='word_1_206' title='bbox 1558 2798 1836 2869; x_wconf 77' lang='lat' dir='ltr'><strong><em>castigans,</em></strong></span> 
     </span>
    </p>
   </div>
   <div class='ocr_carea' id='block_1_27' title="bbox 252 2891 1843 2965">
    <p class='ocr_par' dir='ltr' id='par_1_27' title="bbox 252 2891 1843 2965">
     <span class='ocr_line' id='line_1_27' title="bbox 252 2891 1843 2965; baseline -0.004 -15"><span class='ocrx_word' id='word_1_207' title='bbox 252 2896 324 2950; x_wconf 80' lang='lat' dir='ltr'><strong><em>ait</em></strong></span> <span class='ocrx_word' id='word_1_208' title='bbox 343 2914 358 2950; x_wconf 89' lang='lat'><strong>:</strong></span> <span class='ocrx_word' id='word_1_209' title='bbox 381 2896 530 2951; x_wconf 75' lang='lat' dir='ltr'><strong><em>Sicut</em></strong></span> <span class='ocrx_word' id='word_1_210' title='bbox 550 2895 685 2965; x_wconf 66' lang='lat' dir='ltr'><strong><em>falsa</em></strong></span> <span class='ocrx_word' id='word_1_211' title='bbox 708 2902 825 2949; x_wconf 84' lang='lat' dir='ltr'><strong><em>sunt</em></strong></span> <span class='ocrx_word' id='word_1_212' title='bbox 848 2894 1062 2949; x_wconf 87' lang='lat' dir='ltr'><strong><em>crimina</em></strong></span> <span class='ocrx_word' id='word_1_213' title='bbox 1079 2908 1192 2963; x_wconf 79' lang='lat' dir='ltr'><strong><em>qua:</em></strong></span> <span class='ocrx_word' id='word_1_214' title='bbox 1215 2891 1391 2962; x_wconf 85' lang='lat' dir='ltr'><strong><em>objicis</em></strong></span> <span class='ocrx_word' id='word_1_215' title='bbox 1411 2891 1590 2955; x_wconf 87' lang='lat' dir='ltr'><strong><em>nobis;</em></strong></span> <span class='ocrx_word' id='word_1_216' title='bbox 1614 2893 1683 2945; x_wconf 89' lang='lat' dir='ltr'><strong><em>ita</em></strong></span> <span class='ocrx_word' id='word_1_217' title='bbox 1712 2891 1843 2963; x_wconf 76' lang='lat' dir='ltr'><strong><em>falsa</em></strong></span> 
     </span>
    </p>
   </div>
   <div class='ocr_carea' id='block_1_28' title="bbox 254 2980 1839 3059">
    <p class='ocr_par' dir='ltr' id='par_1_28' title="bbox 254 2980 1839 3059">
     <span class='ocr_line' id='line_1_28' title="bbox 254 2980 1839 3059; baseline -0.004 -17"><span class='ocrx_word' id='word_1_218' title='bbox 254 2997 365 3043; x_wconf 77' lang='lat' dir='ltr'><strong><em>sunt</em></strong></span> <span class='ocrx_word' id='word_1_219' title='bbox 388 2988 635 3059; x_wconf 88' lang='lat' dir='ltr'><strong><em>dogmata</em></strong></span> <span class='ocrx_word' id='word_1_220' title='bbox 658 3001 770 3057; x_wconf 67' lang='lat' dir='ltr'><strong><em>qua;</em></strong></span> <span class='ocrx_word' id='word_1_221' title='bbox 796 2984 984 3056; x_wconf 78' lang='lat' dir='ltr'><strong><em>ﬁngitis</em></strong></span> <span class='ocrx_word' id='word_1_222' title='bbox 1008 2985 1144 3039; x_wconf 73' lang='lat' dir='ltr'><strong><em>nobis</em></strong></span> <span class='ocrx_word' id='word_1_223' title='bbox 1190 2982 1367 3056; x_wconf 84' lang='lat' dir='ltr'><strong><em>(Ibid.</em></strong></span> <span class='ocrx_word' id='word_1_224' title='bbox 1387 3023 1402 3049; x_wconf 93' lang='lat'><strong><em>,</em></strong></span> <span class='ocrx_word' id='word_1_225' title='bbox 1426 2982 1514 3035; x_wconf 89' lang='lat' dir='ltr'><strong><em>lib.</em></strong></span> <span class='ocrx_word' id='word_1_226' title='bbox 1541 2982 1609 3050; x_wconf 75' lang='lat'><strong><em>5,</em></strong></span> <span class='ocrx_word' id='word_1_227' title='bbox 1636 2999 1688 3035; x_wconf 82' lang='grc' dir='ltr'><strong>η.</strong></span> <span class='ocrx_word' id='word_1_228' title='bbox 1715 2980 1839 3054; x_wconf 77' lang='lat'><strong><em>55).</em></strong></span> 
     </span>
    </p>
   </div>
   <div class='ocr_carea' id='block_1_29' title="bbox 320 3076 1844 3150">
    <p class='ocr_par' dir='ltr' id='par_1_29' title="bbox 320 3076 1844 3150">
     <span class='ocr_line' id='line_1_29' title="bbox 320 3076 1844 3150; baseline -0.005 -14"><span class='ocrx_word' id='word_1_229' title='bbox 320 3082 375 3137; x_wconf 71' lang='grc'><strong><em>4.</em></strong></span> <span class='ocrx_word' id='word_1_230' title='bbox 416 3080 655 3150; x_wconf 84' lang='lat' dir='ltr'><strong><em>Quatuor</em></strong></span> <span class='ocrx_word' id='word_1_231' title='bbox 679 3077 876 3134; x_wconf 76' lang='lat' dir='ltr'><strong><em>Iuliani</em></strong></span> <span class='ocrx_word' id='word_1_232' title='bbox 901 3078 1068 3133; x_wconf 88' lang='lat' dir='ltr'><strong><em>libros</em></strong></span> <span class='ocrx_word' id='word_1_233' title='bbox 1097 3076 1334 3132; x_wconf 87' lang='lat' dir='ltr'><strong><em>nondum</em></strong></span> <span class='ocrx_word' id='word_1_234' title='bbox 1365 3076 1571 3131; x_wconf 87' lang='lat' dir='ltr'><strong><em>viderat</em></strong></span> <span class='ocrx_word' id='word_1_235' title='bbox 1594 3076 1844 3145; x_wconf 85' lang='lat' dir='ltr'><strong><em>Augusti-</em></strong></span> 
     </span>
    </p>
   </div>
   <div class='ocr_carea' id='block_1_30' title="bbox 256 3165 1843 3239">
    <p class='ocr_par' dir='ltr' id='par_1_30' title="bbox 256 3165 1843 3239">
     <span class='ocr_line' id='line_1_30' title="bbox 256 3165 1843 3239; baseline -0.006 -10"><span class='ocrx_word' id='word_1_236' title='bbox 256 3188 374 3239; x_wconf 89' lang='lat' dir='ltr'><strong><em>nus,</em></strong></span> <span class='ocrx_word' id='word_1_237' title='bbox 397 3187 519 3228; x_wconf 89' lang='lat' dir='ltr'><strong><em>cum</em></strong></span> <span class='ocrx_word' id='word_1_238' title='bbox 542 3186 730 3227; x_wconf 83' lang='lat' dir='ltr'><strong><em>eorum</em></strong></span> <span class='ocrx_word' id='word_1_239' title='bbox 748 3178 998 3239; x_wconf 84' lang='lat' dir='ltr'><strong><em>excerpta</em></strong></span> <span class='ocrx_word' id='word_1_240' title='bbox 1023 3166 1270 3224; x_wconf 89' lang='lat' dir='ltr'><strong><em>refutavit</em></strong></span> <span class='ocrx_word' id='word_1_241' title='bbox 1291 3184 1304 3220; x_wconf 92' lang='lat'><strong>:</strong></span> <span class='ocrx_word' id='word_1_242' title='bbox 1327 3165 1423 3221; x_wconf 88' lang='lat' dir='ltr'><strong><em>sed</em></strong></span> <span class='ocrx_word' id='word_1_243' title='bbox 1446 3182 1554 3220; x_wconf 90' lang='lat' dir='ltr'><strong><em>non</em></strong></span> <span class='ocrx_word' id='word_1_244' title='bbox 1581 3166 1652 3221; x_wconf 91' lang='lat' dir='ltr'><strong><em>ita</em></strong></span> <span class='ocrx_word' id='word_1_245' title='bbox 1677 3166 1843 3219; x_wconf 87' lang='lat' dir='ltr'><strong><em>multo</em></strong></span> 
     </span>
    </p>
   </div>
   <div class='ocr_carea' id='block_1_31' title="bbox 256 3258 1844 3335">
    <p class='ocr_par' dir='ltr' id='par_1_31' title="bbox 256 3258 1844 3335">
     <span class='ocr_line' id='line_1_31' title="bbox 256 3258 1844 3335; baseline -0.006 -14"><span class='ocrx_word' id='word_1_246' title='bbox 256 3274 375 3335; x_wconf 84' lang='lat' dir='ltr'><strong><em>post</em></strong></span> <span class='ocrx_word' id='word_1_247' title='bbox 401 3265 456 3320; x_wconf 92' lang='lat' dir='ltr'><strong><em>in</em></strong></span> <span class='ocrx_word' id='word_1_248' title='bbox 485 3265 600 3333; x_wconf 86' lang='lat' dir='ltr'><strong><em>ejus</em></strong></span> <span class='ocrx_word' id='word_1_249' title='bbox 618 3277 805 3317; x_wconf 88' lang='lat' dir='ltr'><strong><em>manus</em></strong></span> <span class='ocrx_word' id='word_1_250' title='bbox 827 3261 949 3316; x_wconf 91' lang='lat' dir='ltr'><strong><em>illos</em></strong></span> <span class='ocrx_word' id='word_1_251' title='bbox 973 3260 1184 3315; x_wconf 82' lang='lat' dir='ltr'><strong><em>venisse</em></strong></span> <span class='ocrx_word' id='word_1_252' title='bbox 1205 3259 1328 3313; x_wconf 90' lang='lat' dir='ltr'><strong><em>hinc</em></strong></span> <span class='ocrx_word' id='word_1_253' title='bbox 1348 3258 1679 3328; x_wconf 78' lang='lat' dir='ltr'><strong><em>intelligitur,</em></strong></span> <span class='ocrx_word' id='word_1_254' title='bbox 1703 3258 1844 3326; x_wconf 90' lang='lat' dir='ltr'><strong><em>quod</em></strong></span> 
     </span>
    </p>
   </div>
   <div class='ocr_carea' id='block_1_32' title="bbox 257 3347 1842 3421">
    <p class='ocr_par' dir='ltr' id='par_1_32' title="bbox 257 3347 1842 3421">
     <span class='ocr_line' id='line_1_32' title="bbox 257 3347 1842 3421; baseline -0.004 -12"><span class='ocrx_word' id='word_1_255' title='bbox 257 3369 438 3410; x_wconf 86' lang='lat' dir='ltr'><strong><em>eorum</em></strong></span> <span class='ocrx_word' id='word_1_256' title='bbox 468 3352 887 3407; x_wconf 89' lang='lat' dir='ltr'><strong><em>confutationem</em></strong></span> <span class='ocrx_word' id='word_1_257' title='bbox 918 3350 1165 3421; x_wconf 82' lang='lat' dir='ltr'><strong><em>proxime</em></strong></span> <span class='ocrx_word' id='word_1_258' title='bbox 1195 3356 1316 3419; x_wconf 88' lang='lat' dir='ltr'><strong><em>post</em></strong></span> <span class='ocrx_word' id='word_1_259' title='bbox 1341 3348 1505 3403; x_wconf 89' lang='lat' dir='ltr'><strong><em>libros</em></strong></span> <span class='ocrx_word' id='word_1_260' title='bbox 1532 3347 1599 3401; x_wconf 90' lang='lat' dir='ltr'><strong><em>ad</em></strong></span> <span class='ocrx_word' id='word_1_261' title='bbox 1626 3347 1842 3402; x_wconf 77' lang='lat' dir='ltr'><strong><em>Boiiifa-</em></strong></span> 
     </span>
    </p>
   </div>
   <div class='ocr_carea' id='block_1_33' title="bbox 257 3437 1845 3515">
    <p class='ocr_par' dir='ltr' id='par_1_33' title="bbox 257 3437 1845 3515">
     <span class='ocr_line' id='line_1_33' title="bbox 257 3437 1845 3515; baseline -0.004 -16"><span class='ocrx_word' id='word_1_262' title='bbox 257 3446 395 3500; x_wconf 88' lang='lat' dir='ltr'><strong><em>cium</em></strong></span> <span class='ocrx_word' id='word_1_263' title='bbox 417 3454 578 3512; x_wconf 67' lang='lat' dir='ltr'><strong><em>portat</em></strong></span> <span class='ocrx_word' id='word_1_264' title='bbox 607 3442 1060 3515; x_wconf 86' lang='lat' dir='ltr'><strong><em>(Retractationum</em></strong></span> <span class='ocrx_word' id='word_1_265' title='bbox 1081 3439 1168 3494; x_wconf 87' lang='lat' dir='ltr'><strong><em>lib.</em></strong></span> <span class='ocrx_word' id='word_1_266' title='bbox 1192 3438 1249 3505; x_wconf 76' lang='lat'><strong><em>2,</em></strong></span> <span class='ocrx_word' id='word_1_267' title='bbox 1273 3455 1387 3508; x_wconf 86' lang='lat' dir='ltr'><strong><em>cap.</em></strong></span> <span class='ocrx_word' id='word_1_268' title='bbox 1409 3437 1522 3509; x_wconf 19' lang='lat'><strong><em>62),.</em></strong></span> <span class='ocrx_word' id='word_1_269' title='bbox 1552 3439 1845 3508; x_wconf 78' lang='lat' dir='ltr'><strong><em>Episcopus</em></strong></span> 
     </span>
    </p>
   </div>
   <div class='ocr_carea' id='block_1_34' title="bbox 258 3527 1842 3605">
    <p class='ocr_par' dir='ltr' id='par_1_34' title="bbox 258 3527 1842 3605">
     <span class='ocr_line' id='line_1_34' title="bbox 258 3527 1842 3605; baseline -0.004 -16"><span class='ocrx_word' id='word_1_270' title='bbox 258 3534 471 3604; x_wconf 87' lang='lat' dir='ltr'><strong><em>quidam</em></strong></span> <span class='ocrx_word' id='word_1_271' title='bbox 501 3532 749 3605; x_wconf 82' lang='lat' dir='ltr'><strong><em>(Claudio</em></strong></span> <span class='ocrx_word' id='word_1_272' title='bbox 771 3546 965 3587; x_wconf 89' lang='lat' dir='ltr'><strong><em>nomen</em></strong></span> <span class='ocrx_word' id='word_1_273' title='bbox 994 3538 1112 3585; x_wconf 87' lang='lat' dir='ltr'><strong><em>erat</em></strong></span> <span class='ocrx_word' id='word_1_274' title='bbox 1126 3527 1315 3603; x_wconf 74' lang='grc' dir='ltr'><strong><em>[Ερὶει.</em></strong></span> <span class='ocrx_word' id='word_1_275' title='bbox 1332 3527 1506 3601; x_wconf 76' lang='lat'><strong><em>207]),</em></strong></span> <span class='ocrx_word' id='word_1_276' title='bbox 1524 3527 1623 3583; x_wconf 91' lang='lat' dir='ltr'><strong><em>hos</em></strong></span> <span class='ocrx_word' id='word_1_277' title='bbox 1640 3528 1707 3583; x_wconf 86' lang='lat' dir='ltr'><strong><em>ad</em></strong></span> <span class='ocrx_word' id='word_1_278' title='bbox 1722 3544 1842 3585; x_wconf 87' lang='lat' dir='ltr'><strong><em>eum</em></strong></span> 
     </span>
    </p>
   </div>
   <div class='ocr_carea' id='block_1_35' title="bbox 260 3622 1846 3695">
    <p class='ocr_par' dir='ltr' id='par_1_35' title="bbox 260 3622 1846 3695">
     <span class='ocr_line' id='line_1_35' title="bbox 260 3622 1846 3695; baseline -0.001 -17"><span class='ocrx_word' id='word_1_279' title='bbox 260 3626 567 3695; x_wconf 83' lang='lat' dir='ltr'><strong><em>priusquam</em></strong></span> <span class='ocrx_word' id='word_1_280' title='bbox 594 3631 827 3693; x_wconf 88' lang='lat' dir='ltr'><strong><em>peteret,</em></strong></span> <span class='ocrx_word' id='word_1_281' title='bbox 854 3623 1020 3677; x_wconf 89' lang='lat' dir='ltr'><strong><em>misit.</em></strong></span> <span class='ocrx_word' id='word_1_282' title='bbox 1052 3623 1311 3690; x_wconf 83' lang='lat' dir='ltr'><strong><em>Aceeptos</em></strong></span> <span class='ocrx_word' id='word_1_283' title='bbox 1334 3622 1489 3692; x_wconf 81' lang='lat' dir='ltr'><strong><em>igitur</em></strong></span> <span class='ocrx_word' id='word_1_284' title='bbox 1512 3628 1725 3676; x_wconf 86' lang='lat' dir='ltr'><strong><em>sanctus</em></strong></span> <span class='ocrx_word' id='word_1_285' title='bbox 1742 3622 1846 3677; x_wconf 91' lang='lat' dir='ltr'><strong><em>Do-</em></strong></span> 
     </span>
    </p>
   </div>
   <div class='ocr_carea' id='block_1_36' title="bbox 263 3704 1846 3782">
    <p class='ocr_par' dir='ltr' id='par_1_36' title="bbox 263 3704 1846 3782">
     <span class='ocr_line' id='line_1_36' title="bbox 263 3704 1846 3782; baseline -0.002 -12"><span class='ocrx_word' id='word_1_286' title='bbox 263 3725 372 3770; x_wconf 88' lang='lat' dir='ltr'><strong><em>ctor</em></strong></span> <span class='ocrx_word' id='word_1_287' title='bbox 388 3704 592 3771; x_wconf 75' lang='lat' dir='ltr'><strong><em>sedulo</em></strong></span> <span class='ocrx_word' id='word_1_288' title='bbox 614 3714 867 3781; x_wconf 81' lang='lat' dir='ltr'><strong><em>excussit,</em></strong></span> <span class='ocrx_word' id='word_1_289' title='bbox 897 3728 961 3768; x_wconf 91' lang='lat' dir='ltr'><strong><em>ac</em></strong></span> <span class='ocrx_word' id='word_1_290' title='bbox 1002 3713 1134 3769; x_wconf 80' lang='lat' dir='ltr'><strong><em>tales</em></strong></span> <span class='ocrx_word' id='word_1_291' title='bbox 1154 3711 1379 3782; x_wconf 84' lang='lat' dir='ltr'><strong><em>legendo</em></strong></span> <span class='ocrx_word' id='word_1_292' title='bbox 1404 3712 1633 3781; x_wconf 83' lang='lat' dir='ltr'><strong><em>reperit,</em></strong></span> <span class='ocrx_word' id='word_1_293' title='bbox 1663 3713 1846 3782; x_wconf 85' lang='lat' dir='ltr'><strong><em>quales</em></strong></span> 
     </span>
    </p>
   </div>
   <div class='ocr_carea' id='block_1_37' title="bbox 262 3803 1847 3877">
    <p class='ocr_par' dir='ltr' id='par_1_37' title="bbox 262 3803 1847 3877">
     <span class='ocr_line' id='line_1_37' title="bbox 262 3803 1847 3877; baseline -0.003 -14"><span class='ocrx_word' id='word_1_294' title='bbox 262 3822 375 3863; x_wconf 87' lang='lat' dir='ltr'><strong><em>esse</em></strong></span> <span class='ocrx_word' id='word_1_295' title='bbox 394 3818 681 3877; x_wconf 89' lang='lat' dir='ltr'><strong><em>antequam</em></strong></span> <span class='ocrx_word' id='word_1_296' title='bbox 705 3822 801 3862; x_wconf 88' lang='lat' dir='ltr'><strong><em>eos</em></strong></span> <span class='ocrx_word' id='word_1_297' title='bbox 824 3805 1070 3873; x_wconf 82' lang='lat' dir='ltr'><strong><em>haberet,</em></strong></span> <span class='ocrx_word' id='word_1_298' title='bbox 1093 3805 1508 3870; x_wconf 79' lang='lat' dir='ltr'><strong><em>existimaverat,</em></strong></span> <span class='ocrx_word' id='word_1_299' title='bbox 1530 3803 1731 3858; x_wconf 87' lang='lat' dir='ltr'><strong><em>scilicet</em></strong></span> <span class='ocrx_word' id='word_1_300' title='bbox 1752 3804 1847 3858; x_wconf 87' lang='lat' dir='ltr'><strong><em>fal-</em></strong></span> 
     </span>
    </p>
   </div>
   <div class='ocr_carea' id='block_1_38' title="bbox 263 3898 1846 3966">
    <p class='ocr_par' dir='ltr' id='par_1_38' title="bbox 263 3898 1846 3966">
     <span class='ocr_line' id='line_1_38' title="bbox 263 3898 1846 3966; baseline -0.002 -12"><span class='ocrx_word' id='word_1_301' title='bbox 263 3898 406 3954; x_wconf 87' lang='lat' dir='ltr'><strong><em>laciis</em></strong></span> <span class='ocrx_word' id='word_1_302' title='bbox 435 3915 498 3954; x_wconf 91' lang='lat' dir='ltr'><strong><em>ac</em></strong></span> <span class='ocrx_word' id='word_1_303' title='bbox 531 3899 823 3955; x_wconf 90' lang='lat' dir='ltr'><strong><em>mendaciis</em></strong></span> <span class='ocrx_word' id='word_1_304' title='bbox 845 3898 1072 3953; x_wconf 90' lang='lat' dir='ltr'><strong><em>refertos</em></strong></span> <span class='ocrx_word' id='word_1_305' title='bbox 1097 3915 1108 3950; x_wconf 92' lang='lat'><strong>:</strong></span> <span class='ocrx_word' id='word_1_306' title='bbox 1131 3907 1185 3952; x_wconf 91' lang='lat' dir='ltr'><strong><em>et</em></strong></span> <span class='ocrx_word' id='word_1_307' title='bbox 1201 3912 1329 3951; x_wconf 85' lang='lat' dir='ltr'><strong><em>sane</em></strong></span> <span class='ocrx_word' id='word_1_308' title='bbox 1352 3912 1457 3951; x_wconf 92' lang='lat' dir='ltr'><strong><em>non</em></strong></span> <span class='ocrx_word' id='word_1_309' title='bbox 1482 3906 1726 3966; x_wconf 88' lang='lat' dir='ltr'><strong><em>poterant</em></strong></span> <span class='ocrx_word' id='word_1_310' title='bbox 1744 3898 1846 3952; x_wconf 84' lang='lat' dir='ltr'><strong><em>nisi</em></strong></span> 
     </span>
    </p>
   </div>
   <div class='ocr_carea' id='block_1_39' title="bbox 270 3989 1850 4060">
    <p class='ocr_par' dir='ltr' id='par_1_39' title="bbox 270 3989 1850 4060">
     <span class='ocr_line' id='line_1_39' title="bbox 270 3989 1850 4060; baseline 0 -15"><span class='ocrx_word' id='word_1_311' title='bbox 270 3992 529 4060; x_wconf 86' lang='lat' dir='ltr'><strong><em>ejusmodi</em></strong></span> <span class='ocrx_word' id='word_1_312' title='bbox 564 3992 684 4046; x_wconf 85' lang='lat' dir='ltr'><strong><em>telis</em></strong></span> <span class='ocrx_word' id='word_1_313' title='bbox 712 3992 1011 4055; x_wconf 86' lang='lat' dir='ltr'><strong><em>veritatem,</em></strong></span> <span class='ocrx_word' id='word_1_314' title='bbox 1044 4004 1201 4059; x_wconf 89' lang='lat' dir='ltr'><strong><em>quam</em></strong></span> <span class='ocrx_word' id='word_1_315' title='bbox 1230 3989 1625 4058; x_wconf 80' lang='lat' dir='ltr'><strong><em>impugnabant,</em></strong></span> <span class='ocrx_word' id='word_1_316' title='bbox 1651 3989 1850 4045; x_wconf 76' lang='lat' dir='ltr'><strong><em>adoriri</em></strong></span> 
     </span>
    </p>
   </div>
   <div class='ocr_carea' id='block_1_40' title="bbox 266 4080 1849 4155">
    <p class='ocr_par' dir='ltr' id='par_1_40' title="bbox 266 4080 1849 4155">
     <span class='ocr_line' id='line_1_40' title="bbox 266 4080 1849 4155; baseline -0.001 -18"><span class='ocrx_word' id='word_1_317' title='bbox 266 4084 483 4155; x_wconf 80' lang='lat' dir='ltr'><strong><em>(Operis</em></strong></span> <span class='ocrx_word' id='word_1_318' title='bbox 513 4085 795 4153; x_wconf 71' lang='lat' dir='ltr'><strong><em>imperfecti</em></strong></span> <span class='ocrx_word' id='word_1_319' title='bbox 825 4083 910 4137; x_wconf 91' lang='lat' dir='ltr'><strong><em>lib.</em></strong></span> <span class='ocrx_word' id='word_1_320' title='bbox 946 4084 998 4149; x_wconf 89' lang='grc'><strong><em>1,</em></strong></span> <span class='ocrx_word' id='word_1_321' title='bbox 1041 4099 1095 4136; x_wconf 91' lang='lat' dir='ltr'><strong><em>n.</em></strong></span> <span class='ocrx_word' id='word_1_322' title='bbox 1135 4080 1257 4154; x_wconf 84' lang='lat' dir='ltr'><strong><em>l7).</em></strong></span> <span class='ocrx_word' id='word_1_323' title='bbox 1284 4080 1479 4136; x_wconf 88' lang='lat' dir='ltr'><strong><em>Eadem</em></strong></span> <span class='ocrx_word' id='word_1_324' title='bbox 1510 4081 1595 4135; x_wconf 91' lang='lat' dir='ltr'><strong><em>illa</em></strong></span> <span class='ocrx_word' id='word_1_325' title='bbox 1624 4081 1849 4137; x_wconf 88' lang='lat' dir='ltr'><strong><em>lectione</em></strong></span> 
     </span>
    </p>
   </div>
   <div class='ocr_carea' id='block_1_41' title="bbox 267 4171 1849 4244">
    <p class='ocr_par' dir='ltr' id='par_1_41' title="bbox 267 4171 1849 4244">
     <span class='ocr_line' id='line_1_41' title="bbox 267 4171 1849 4244; baseline -0.001 -15"><span class='ocrx_word' id='word_1_326' title='bbox 267 4174 614 4244; x_wconf 81' lang='lat' dir='ltr'><strong><em>deprehendit</em></strong></span> <span class='ocrx_word' id='word_1_327' title='bbox 643 4216 657 4240; x_wconf 92' lang='lat'><strong><em>,</em></strong></span> <span class='ocrx_word' id='word_1_328' title='bbox 701 4184 946 4244; x_wconf 82' lang='lat' dir='ltr'><strong><em>excerpta</em></strong></span> <span class='ocrx_word' id='word_1_329' title='bbox 985 4187 1105 4243; x_wconf 75' lang='lat' dir='ltr'><strong><em>qua:</em></strong></span> <span class='ocrx_word' id='word_1_330' title='bbox 1130 4172 1230 4227; x_wconf 89' lang='lat' dir='ltr'><strong><em>sibi</em></strong></span> <span class='ocrx_word' id='word_1_331' title='bbox 1259 4172 1473 4226; x_wconf 87' lang='lat' dir='ltr'><strong><em>miserat</em></strong></span> <span class='ocrx_word' id='word_1_332' title='bbox 1508 4171 1763 4238; x_wconf 86' lang='lat' dir='ltr'><strong><em>Valerius,</em></strong></span> <span class='ocrx_word' id='word_1_333' title='bbox 1796 4173 1849 4227; x_wconf 88' lang='lat' dir='ltr'><strong><em>in</em></strong></span> 
     </span>
    </p>
   </div>
   <div class='ocr_carea' id='block_1_42' title="bbox 268 4263 1849 4336">
    <p class='ocr_par' dir='ltr' id='par_1_42' title="bbox 268 4263 1849 4336">
     <span class='ocr_line' id='line_1_42' title="bbox 268 4263 1849 4336; baseline -0.001 -16"><span class='ocrx_word' id='word_1_334' title='bbox 268 4267 536 4321; x_wconf 86' lang='lat' dir='ltr'><strong><em>nonnullis</em></strong></span> <span class='ocrx_word' id='word_1_335' title='bbox 567 4267 634 4321; x_wconf 89' lang='lat' dir='ltr'><strong><em>ab</em></strong></span> <span class='ocrx_word' id='word_1_336' title='bbox 663 4266 859 4321; x_wconf 82' lang='lat' dir='ltr'><strong><em>Juliani</em></strong></span> <span class='ocrx_word' id='word_1_337' title='bbox 904 4280 1063 4336; x_wconf 90' lang='lat' dir='ltr'><strong><em>opere</em></strong></span> <span class='ocrx_word' id='word_1_338' title='bbox 1094 4265 1417 4335; x_wconf 89' lang='lat' dir='ltr'><strong><em>discrepare.</em></strong></span> <span class='ocrx_word' id='word_1_339' title='bbox 1458 4263 1611 4319; x_wconf 89' lang='lat' dir='ltr'><strong><em>Unde</em></strong></span> <span class='ocrx_word' id='word_1_340' title='bbox 1655 4265 1849 4319; x_wconf 88' lang='lat' dir='ltr'><strong><em>veritus</em></strong></span> 
     </span>
    </p>
   </div>
   <div class='ocr_carea' id='block_1_43' title="bbox 267 4354 1850 4428">
    <p class='ocr_par' dir='ltr' id='par_1_43' title="bbox 267 4354 1850 4428">
     <span class='ocr_line' id='line_1_43' title="bbox 267 4354 1850 4428; baseline -0.003 -16"><span class='ocrx_word' id='word_1_341' title='bbox 267 4368 363 4423; x_wconf 85' lang='lat' dir='ltr'><strong><em>est,</em></strong></span> <span class='ocrx_word' id='word_1_342' title='bbox 395 4373 465 4412; x_wconf 90' lang='lat' dir='ltr'><strong><em>ne</em></strong></span> <span class='ocrx_word' id='word_1_343' title='bbox 489 4359 660 4428; x_wconf 86' lang='lat' dir='ltr'><strong><em>ipsum</em></strong></span> <span class='ocrx_word' id='word_1_344' title='bbox 699 4357 960 4421; x_wconf 81' lang='lat' dir='ltr'><strong><em>Julianus,</em></strong></span> <span class='ocrx_word' id='word_1_345' title='bbox 990 4356 1073 4411; x_wconf 89' lang='lat' dir='ltr'><strong><em>vel</em></strong></span> <span class='ocrx_word' id='word_1_346' title='bbox 1104 4355 1240 4410; x_wconf 91' lang='lat' dir='ltr'><strong><em>alius</em></strong></span> <span class='ocrx_word' id='word_1_347' title='bbox 1264 4354 1521 4423; x_wconf 80' lang='lat' dir='ltr'><strong><em>quiSpiam</em></strong></span> <span class='ocrx_word' id='word_1_348' title='bbox 1543 4395 1558 4419; x_wconf 95' lang='lat'><strong><em>,</em></strong></span> <span class='ocrx_word' id='word_1_349' title='bbox 1588 4354 1850 4423; x_wconf 77' lang='lat' dir='ltr'><strong><em>vulgatam</em></strong></span> 
     </span>
    </p>
   </div>
   <div class='ocr_carea' id='block_1_44' title="bbox 270 4434 1853 4518">
    <p class='ocr_par' dir='ltr' id='par_1_44' title="bbox 270 4434 1853 4518">
     <span class='ocr_line' id='line_1_44' title="bbox 270 4434 1853 4518; baseline -0.001 -17"><span class='ocrx_word' id='word_1_350' title='bbox 270 4447 331 4501; x_wconf 84' lang='lat' dir='ltr'><strong><em>ad</em></strong></span> <span class='ocrx_word' id='word_1_351' title='bbox 356 4464 419 4504; x_wconf 88' lang='lat' dir='ltr'><strong><em>ea</em></strong></span> <span class='ocrx_word' id='word_1_352' title='bbox 446 4449 850 4518; x_wconf 89' lang='lat' dir='ltr'><strong><em>responsionem</em></strong></span> <span class='ocrx_word' id='word_1_353' title='bbox 882 4447 1237 4517; x_wconf 89' lang='lat' dir='ltr'><strong><em>conspiciens,</em></strong></span> <span class='ocrx_word' id='word_1_354' title='bbox 1265 4444 1462 4500; x_wconf 89' lang='lat' dir='ltr'><strong><em>fraudis</em></strong></span> <span class='ocrx_word' id='word_1_355' title='bbox 1494 4434 1642 4500; x_wconf 87' lang='lat' dir='ltr'><strong><em>reum</em></strong></span> <span class='ocrx_word' id='word_1_356' title='bbox 1671 4454 1853 4516; x_wconf 79' lang='lat' dir='ltr'><strong><em>ageret</em></strong></span> 
     </span>
    </p>
   </div>
   <div class='ocr_carea' id='block_1_45' title="bbox 273 4535 1850 4609">
    <p class='ocr_par' dir='ltr' id='par_1_45' title="bbox 273 4535 1850 4609">
     <span class='ocr_line' id='line_1_45' title="bbox 273 4535 1850 4609; baseline -0.002 -17"><span class='ocrx_word' id='word_1_357' title='bbox 273 4537 725 4609; x_wconf 85' lang='lat' dir='ltr'><strong><em>(Retractationum</em></strong></span> <span class='ocrx_word' id='word_1_358' title='bbox 754 4539 839 4591; x_wconf 89' lang='lat' dir='ltr'><strong><em>lib.</em></strong></span> <span class='ocrx_word' id='word_1_359' title='bbox 868 4538 924 4604; x_wconf 78' lang='lat'><strong><em>2,</em></strong></span> <span class='ocrx_word' id='word_1_360' title='bbox 952 4553 1065 4609; x_wconf 87' lang='lat' dir='ltr'><strong><em>cap.</em></strong></span> <span class='ocrx_word' id='word_1_361' title='bbox 1096 4537 1210 4606; x_wconf 69' lang='lat'><strong><em>62).</em></strong></span> <span class='ocrx_word' id='word_1_362' title='bbox 1244 4535 1358 4591; x_wconf 90' lang='lat' dir='ltr'><strong><em>Non</em></strong></span> <span class='ocrx_word' id='word_1_363' title='bbox 1385 4536 1565 4590; x_wconf 89' lang='lat' dir='ltr'><strong><em>omisit</em></strong></span> <span class='ocrx_word' id='word_1_364' title='bbox 1585 4545 1728 4590; x_wconf 91' lang='lat' dir='ltr'><strong><em>certe</em></strong></span> <span class='ocrx_word' id='word_1_365' title='bbox 1756 4535 1850 4590; x_wconf 80' lang='lat' dir='ltr'><strong><em>Ju-</em></strong></span> 
     </span>
    </p>
   </div>
   <div class='ocr_carea' id='block_1_46' title="bbox 272 4628 1851 4699">
    <p class='ocr_par' dir='ltr' id='par_1_46' title="bbox 272 4628 1851 4699">
     <span class='ocr_line' id='line_1_46' title="bbox 272 4628 1851 4699; baseline -0.002 -15"><span class='ocrx_word' id='word_1_366' title='bbox 272 4630 438 4686; x_wconf 87' lang='lat' dir='ltr'><strong><em>lianus</em></strong></span> <span class='ocrx_word' id='word_1_367' title='bbox 466 4631 518 4684; x_wconf 92' lang='lat' dir='ltr'><strong><em>id</em></strong></span> <span class='ocrx_word' id='word_1_368' title='bbox 545 4632 593 4687; x_wconf 90' lang='lat' dir='ltr'><strong><em>ei</em></strong></span> <span class='ocrx_word' id='word_1_369' title='bbox 620 4630 857 4686; x_wconf 88' lang='lat' dir='ltr'><strong><em>criminis</em></strong></span> <span class='ocrx_word' id='word_1_370' title='bbox 885 4628 1294 4699; x_wconf 81' lang='lat' dir='ltr'><strong><em>injuriosissime</em></strong></span> <span class='ocrx_word' id='word_1_371' title='bbox 1321 4629 1631 4697; x_wconf 78' lang='lat' dir='ltr'><strong><em>impingere,</em></strong></span> <span class='ocrx_word' id='word_1_372' title='bbox 1663 4643 1851 4696; x_wconf 81' lang='lat' dir='ltr'><strong><em>quam-</em></strong></span> 
     </span>
    </p>
   </div>
   <div class='ocr_carea' id='block_1_47' title="bbox 274 4718 1851 4789">
    <p class='ocr_par' dir='ltr' id='par_1_47' title="bbox 274 4718 1851 4789">
     <span class='ocr_line' id='line_1_47' title="bbox 274 4718 1851 4789; baseline -0.003 -14"><span class='ocrx_word' id='word_1_373' title='bbox 274 4722 351 4775; x_wconf 87' lang='lat' dir='ltr'><strong><em>vis</em></strong></span> <span class='ocrx_word' id='word_1_374' title='bbox 380 4722 525 4776; x_wconf 89' lang='lat' dir='ltr'><strong><em>illius</em></strong></span> <span class='ocrx_word' id='word_1_375' title='bbox 560 4722 958 4776; x_wconf 84' lang='lat' dir='ltr'><strong><em>criminationes</em></strong></span> <span class='ocrx_word' id='word_1_376' title='bbox 988 4735 1079 4789; x_wconf 83' lang='lat' dir='ltr'><strong><em>per</em></strong></span> <span class='ocrx_word' id='word_1_377' title='bbox 1108 4734 1165 4773; x_wconf 90' lang='lat' dir='ltr'><strong><em>se</em></strong></span> <span class='ocrx_word' id='word_1_378' title='bbox 1195 4718 1477 4772; x_wconf 81' lang='lat' dir='ltr'><strong><em>confrach</em></strong></span> <span class='ocrx_word' id='word_1_379' title='bbox 1503 4726 1851 4771; x_wconf 89' lang='lat' dir='ltr'><strong><em>corruerent:</em></strong></span> 
     </span>
    </p>
   </div>
   <div class='ocr_carea' id='block_1_48' title="bbox 275 4812 1856 4878">
    <p class='ocr_par' dir='ltr' id='par_1_48' title="bbox 275 4812 1856 4878">
     <span class='ocr_line' id='line_1_48' title="bbox 275 4812 1856 4878; baseline -0.005 -7"><span class='ocrx_word' id='word_1_380' title='bbox 275 4816 381 4872; x_wconf 87' lang='lat' dir='ltr'><strong><em>imo</em></strong></span> <span class='ocrx_word' id='word_1_381' title='bbox 422 4832 557 4872; x_wconf 89' lang='lat' dir='ltr'><strong><em>vero</em></strong></span> <span class='ocrx_word' id='word_1_382' title='bbox 596 4826 838 4871; x_wconf 90' lang='lat' dir='ltr'><strong><em>sanetum</em></strong></span> <span class='ocrx_word' id='word_1_383' title='bbox 879 4814 1158 4867; x_wconf 83' lang='lat' dir='ltr'><strong><em>Doctorem</em></strong></span> <span class='ocrx_word' id='word_1_384' title='bbox 1187 4827 1290 4865; x_wconf 91' lang='lat' dir='ltr'><strong><em>non</em></strong></span> <span class='ocrx_word' id='word_1_385' title='bbox 1322 4812 1547 4866; x_wconf 89' lang='lat' dir='ltr'><strong><em>obscure</em></strong></span> <span class='ocrx_word' id='word_1_386' title='bbox 1576 4819 1856 4878; x_wconf 75' lang='lat' dir='ltr'><strong><em>excerpts-</em></strong></span> 
     </span>
    </p>
   </div>
   <div class='ocr_carea' id='block_1_49' title="bbox 274 4899 1860 4975">
    <p class='ocr_par' dir='ltr' id='par_1_49' title="bbox 274 4899 1860 4975">
     <span class='ocr_line' id='line_1_49' title="bbox 274 4899 1860 4975; baseline -0.004 -15"><span class='ocrx_word' id='word_1_387' title='bbox 274 4922 413 4975; x_wconf 85' lang='lat' dir='ltr'><strong><em>rum,</em></strong></span> <span class='ocrx_word' id='word_1_388' title='bbox 444 4906 638 4974; x_wconf 86' lang='lat' dir='ltr'><strong><em>quibus</em></strong></span> <span class='ocrx_word' id='word_1_389' title='bbox 670 4903 1032 4974; x_wconf 86' lang='lat' dir='ltr'><strong><em>responderat,</em></strong></span> <span class='ocrx_word' id='word_1_390' title='bbox 1062 4909 1334 4961; x_wconf 85' lang='lat' dir='ltr'><strong><em>auctorem</em></strong></span> <span class='ocrx_word' id='word_1_391' title='bbox 1362 4900 1669 4969; x_wconf 81' lang='lat' dir='ltr'><strong><em>designabat</em></strong></span> <span class='ocrx_word' id='word_1_392' title='bbox 1699 4899 1860 4970; x_wconf 73' lang='lat' dir='ltr'><strong><em>(0pc-</em></strong></span> 
     </span>
    </p>
   </div>
   <div class='ocr_carea' id='block_1_50' title="bbox 275 4992 1861 5068">
    <p class='ocr_par' dir='ltr' id='par_1_50' title="bbox 275 4992 1861 5068">
     <span class='ocr_line' id='line_1_50' title="bbox 275 4992 1861 5068; baseline -0.001 -20"><span class='ocrx_word' id='word_1_393' title='bbox 275 4997 347 5051; x_wconf 87' lang='lat' dir='ltr'><strong><em>ris</em></strong></span> <span class='ocrx_word' id='word_1_394' title='bbox 374 4998 653 5068; x_wconf 74' lang='lat' dir='ltr'><strong><em>imperfecti</em></strong></span> <span class='ocrx_word' id='word_1_395' title='bbox 687 4996 775 5050; x_wconf 87' lang='lat' dir='ltr'><strong><em>lib.</em></strong></span> <span class='ocrx_word' id='word_1_396' title='bbox 803 4999 864 5060; x_wconf 89' lang='grc'><strong><em>1,</em></strong></span> <span class='ocrx_word' id='word_1_397' title='bbox 907 5012 958 5047; x_wconf 87' lang='lat' dir='ltr'><strong><em>n.</em></strong></span> <span class='ocrx_word' id='word_1_398' title='bbox 995 4993 1120 5065; x_wconf 86' lang='grc'><strong>19</strong></span> <span class='ocrx_word' id='word_1_399' title='bbox 1150 4992 1231 5047; x_wconf 82' lang='lat' dir='ltr'><strong><em>Ad</em></strong></span> <span class='ocrx_word' id='word_1_400' title='bbox 1281 4993 1656 5047; x_wconf 87' lang='lat' dir='ltr'><strong><em>confutandum</em></strong></span> <span class='ocrx_word' id='word_1_401' title='bbox 1708 4992 1861 5062; x_wconf 80' lang='lat' dir='ltr'><strong><em>igitur</em></strong></span> 
     </span>
    </p>
   </div>
   <div class='ocr_carea' id='block_1_51' title="bbox 277 5084 1861 5157">
    <p class='ocr_par' dir='ltr' id='par_1_51' title="bbox 277 5084 1861 5157">
     <span class='ocr_line' id='line_1_51' title="bbox 277 5084 1861 5157; baseline -0.003 -15"><span class='ocrx_word' id='word_1_402' title='bbox 277 5086 469 5142; x_wconf 73' lang='lat' dir='ltr'><strong><em>Iuliani</em></strong></span> <span class='ocrx_word' id='word_1_403' title='bbox 494 5102 626 5156; x_wconf 90' lang='lat' dir='ltr'><strong><em>opus</em></strong></span> <span class='ocrx_word' id='word_1_404' title='bbox 646 5128 659 5154; x_wconf 91' lang='lat'><strong><em>,</em></strong></span> <span class='ocrx_word' id='word_1_405' title='bbox 687 5098 885 5157; x_wconf 79' lang='lat' dir='ltr'><strong><em>praeter</em></strong></span> <span class='ocrx_word' id='word_1_406' title='bbox 918 5087 1019 5139; x_wconf 90' lang='lat' dir='ltr'><strong><em>alia</em></strong></span> <span class='ocrx_word' id='word_1_407' title='bbox 1040 5125 1053 5149; x_wconf 90' lang='lat'><strong><em>,</em></strong></span> <span class='ocrx_word' id='word_1_408' title='bbox 1105 5084 1260 5155; x_wconf 83' lang='lat' dir='ltr'><strong><em>hujus</em></strong></span> <span class='ocrx_word' id='word_1_409' title='bbox 1306 5085 1461 5138; x_wconf 88' lang='lat' dir='ltr'><strong><em>etiam</em></strong></span> <span class='ocrx_word' id='word_1_410' title='bbox 1507 5085 1861 5140; x_wconf 87' lang='lat' dir='ltr'><strong><em>accusationis</em></strong></span> 
     </span>
    </p>
   </div>
   <div class='ocr_carea' id='block_1_52' title="bbox 278 5175 1864 5246">
    <p class='ocr_par' dir='ltr' id='par_1_52' title="bbox 278 5175 1864 5246">
     <span class='ocr_line' id='line_1_52' title="bbox 278 5175 1864 5246; baseline -0.003 -13"><span class='ocrx_word' id='word_1_411' title='bbox 278 5186 452 5233; x_wconf 86' lang='lat' dir='ltr'><strong><em>metus</em></strong></span> <span class='ocrx_word' id='word_1_412' title='bbox 489 5193 611 5233; x_wconf 90' lang='lat' dir='ltr'><strong><em>eum</em></strong></span> <span class='ocrx_word' id='word_1_413' title='bbox 652 5177 860 5246; x_wconf 84' lang='lat' dir='ltr'><strong><em>impulit</em></strong></span> <span class='ocrx_word' id='word_1_414' title='bbox 897 5176 990 5230; x_wconf 89' lang='lat' dir='ltr'><strong><em>:id</em></strong></span> <span class='ocrx_word' id='word_1_415' title='bbox 1029 5184 1205 5231; x_wconf 89' lang='lat' dir='ltr'><strong><em>autem</em></strong></span> <span class='ocrx_word' id='word_1_416' title='bbox 1246 5189 1337 5229; x_wconf 80' lang='lat' dir='ltr'><strong><em>sex</em></strong></span> <span class='ocrx_word' id='word_1_417' title='bbox 1379 5175 1526 5229; x_wconf 90' lang='lat' dir='ltr'><strong><em>libris</em></strong></span> <span class='ocrx_word' id='word_1_418' title='bbox 1571 5176 1864 5230; x_wconf 80' lang='lat' dir='ltr'><strong><em>luculenter</em></strong></span> 
     </span>
    </p>
   </div>
   <div class='ocr_carea' id='block_1_53' title="bbox 282 5267 1864 5339">
    <p class='ocr_par' dir='ltr' id='par_1_53' title="bbox 282 5267 1864 5339">
     <span class='ocr_line' id='line_1_53' title="bbox 282 5267 1864 5339; baseline -0.001 -15"><span class='ocrx_word' id='word_1_419' title='bbox 282 5270 546 5324; x_wconf 72' lang='lat' dir='ltr'><strong><em>omstitit.</em></strong></span> <span class='ocrx_word' id='word_1_420' title='bbox 592 5269 669 5323; x_wconf 84' lang='lat' dir='ltr'><strong><em>Ac</em></strong></span> <span class='ocrx_word' id='word_1_421' title='bbox 716 5270 944 5339; x_wconf 88' lang='lat' dir='ltr'><strong><em>primum</em></strong></span> <span class='ocrx_word' id='word_1_422' title='bbox 992 5268 1202 5337; x_wconf 88' lang='lat' dir='ltr'><strong><em>quidem</em></strong></span> <span class='ocrx_word' id='word_1_423' title='bbox 1243 5268 1363 5338; x_wconf 89' lang='lat' dir='ltr'><strong><em>quia</em></strong></span> <span class='ocrx_word' id='word_1_424' title='bbox 1403 5267 1643 5322; x_wconf 83' lang='lat' dir='ltr'><strong><em>Julianus</em></strong></span> <span class='ocrx_word' id='word_1_425' title='bbox 1685 5267 1736 5322; x_wconf 94' lang='lat' dir='ltr'><strong><em>in</em></strong></span> <span class='ocrx_word' id='word_1_426' title='bbox 1773 5284 1864 5323; x_wconf 90' lang='lat' dir='ltr'><strong><em>cos</em></strong></span> 
     </span>
    </p>
   </div>
   <div class='ocr_carea' id='block_1_54' title="bbox 281 5360 1863 5431">
    <p class='ocr_par' dir='ltr' id='par_1_54' title="bbox 281 5360 1863 5431">
     <span class='ocr_line' id='line_1_54' title="bbox 281 5360 1863 5431; baseline -0.001 -15"><span class='ocrx_word' id='word_1_427' title='bbox 281 5377 469 5417; x_wconf 89' lang='lat' dir='ltr'><strong><em>omnes</em></strong></span> <span class='ocrx_word' id='word_1_428' title='bbox 492 5402 508 5429; x_wconf 94' lang='lat'><strong><em>,</em></strong></span> <span class='ocrx_word' id='word_1_429' title='bbox 548 5361 636 5431; x_wconf 90' lang='lat' dir='ltr'><strong><em>qui</em></strong></span> <span class='ocrx_word' id='word_1_430' title='bbox 665 5375 732 5415; x_wconf 79' lang='lat' dir='ltr'><strong><em>ex</em></strong></span> <span class='ocrx_word' id='word_1_431' title='bbox 760 5360 926 5415; x_wconf 86' lang='lat' dir='ltr'><strong><em>Adam</em></strong></span> <span class='ocrx_word' id='word_1_432' title='bbox 966 5361 1098 5414; x_wconf 91' lang='lat' dir='ltr'><strong><em>trahi</em></strong></span> <span class='ocrx_word' id='word_1_433' title='bbox 1139 5368 1411 5429; x_wconf 87' lang='lat' dir='ltr'><strong><em>peccatum</em></strong></span> <span class='ocrx_word' id='word_1_434' title='bbox 1436 5360 1689 5431; x_wconf 73' lang='lat' dir='ltr'><strong><em>originale</em></strong></span> <span class='ocrx_word' id='word_1_435' title='bbox 1719 5360 1863 5415; x_wconf 87' lang='lat' dir='ltr'><strong><em>dice-</em></strong></span> 
     </span>
    </p>
   </div>
   <div class='ocr_carea' id='block_1_55' title="bbox 283 5450 1868 5522">
    <p class='ocr_par' dir='ltr' id='par_1_55' title="bbox 283 5450 1868 5522">
     <span class='ocr_line' id='line_1_55' title="bbox 283 5450 1868 5522; baseline -0.001 -14"><span class='ocrx_word' id='word_1_436' title='bbox 283 5463 422 5520; x_wconf 87' lang='lat' dir='ltr'><strong><em>rent,</em></strong></span> <span class='ocrx_word' id='word_1_437' title='bbox 451 5453 761 5509; x_wconf 89' lang='lat' dir='ltr'><strong><em>conferebat</em></strong></span> <span class='ocrx_word' id='word_1_438' title='bbox 796 5452 1017 5521; x_wconf 89' lang='lat' dir='ltr'><strong><em>impium</em></strong></span> <span class='ocrx_word' id='word_1_439' title='bbox 1042 5450 1449 5506; x_wconf 59' lang='lat' dir='ltr'><strong><em>Manichaeorum</em></strong></span> <span class='ocrx_word' id='word_1_440' title='bbox 1481 5452 1667 5522; x_wconf 83' lang='lat' dir='ltr'><strong><em>dogma</em></strong></span> <span class='ocrx_word' id='word_1_441' title='bbox 1686 5494 1701 5520; x_wconf 89' lang='lat'><strong><em>,</em></strong></span> <span class='ocrx_word' id='word_1_442' title='bbox 1732 5453 1868 5507; x_wconf 89' lang='lat' dir='ltr'><strong><em>hanc</em></strong></span> 
     </span>
    </p>
   </div>
   <div class='ocr_carea' id='block_1_56' title="bbox 286 5543 1870 5614">
    <p class='ocr_par' dir='ltr' id='par_1_56' title="bbox 286 5543 1870 5614">
     <span class='ocr_line' id='line_1_56' title="bbox 286 5543 1870 5614; baseline -0.001 -14"><span class='ocrx_word' id='word_1_443' title='bbox 286 5547 339 5600; x_wconf 89' lang='lat' dir='ltr'><strong><em>in</em></strong></span> <span class='ocrx_word' id='word_1_444' title='bbox 369 5545 694 5602; x_wconf 80' lang='lat' dir='ltr'><strong><em>clarissimos</em></strong></span> <span class='ocrx_word' id='word_1_445' title='bbox 719 5559 956 5614; x_wconf 91' lang='lat' dir='ltr'><strong><em>quosque</em></strong></span> <span class='ocrx_word' id='word_1_446' title='bbox 994 5544 1248 5599; x_wconf 68' lang='lat' dir='ltr'><strong><em>Ecclesiae</em></strong></span> <span class='ocrx_word' id='word_1_447' title='bbox 1278 5543 1459 5598; x_wconf 88' lang='lat' dir='ltr'><strong><em>Patres</em></strong></span> <span class='ocrx_word' id='word_1_448' title='bbox 1500 5543 1739 5598; x_wconf 87' lang='lat' dir='ltr'><strong><em>recidere</em></strong></span> <span class='ocrx_word' id='word_1_449' title='bbox 1781 5560 1870 5598; x_wconf 87' lang='lat' dir='ltr'><strong><em>ea-</em></strong></span> 
     </span>
    </p>
   </div>
   <div class='ocr_carea' id='block_1_57' title="bbox 286 5633 1870 5701">
    <p class='ocr_par' dir='ltr' id='par_1_57' title="bbox 286 5633 1870 5701">
     <span class='ocr_line' id='line_1_57' title="bbox 286 5633 1870 5701; baseline -0.002 -10"><span class='ocrx_word' id='word_1_450' title='bbox 286 5637 541 5691; x_wconf 87' lang='lat' dir='ltr'><strong><em>lumniam</em></strong></span> <span class='ocrx_word' id='word_1_451' title='bbox 574 5635 802 5690; x_wconf 90' lang='lat' dir='ltr'><strong><em>ostendit</em></strong></span> <span class='ocrx_word' id='word_1_452' title='bbox 825 5675 841 5701; x_wconf 95' lang='lat'><strong><em>,</em></strong></span> <span class='ocrx_word' id='word_1_453' title='bbox 878 5634 1050 5689; x_wconf 88' lang='lat' dir='ltr'><strong><em>allatis</em></strong></span> <span class='ocrx_word' id='word_1_454' title='bbox 1072 5637 1124 5688; x_wconf 89' lang='lat' dir='ltr'><strong><em>in</em></strong></span> <span class='ocrx_word' id='word_1_455' title='bbox 1150 5650 1266 5689; x_wconf 91' lang='lat' dir='ltr'><strong><em>eam</em></strong></span> <span class='ocrx_word' id='word_1_456' title='bbox 1296 5649 1406 5691; x_wconf 90' lang='lat' dir='ltr'><strong><em>rem</em></strong></span> <span class='ocrx_word' id='word_1_457' title='bbox 1436 5644 1540 5689; x_wconf 90' lang='lat' dir='ltr'><strong><em>tam</em></strong></span> <span class='ocrx_word' id='word_1_458' title='bbox 1567 5633 1870 5690; x_wconf 81' lang='lat' dir='ltr'><strong><em>Graecorum</em></strong></span> 
     </span>
    </p>
   </div>
   <div class='ocr_carea' id='block_1_58' title="bbox 290 5726 1873 5799">
    <p class='ocr_par' dir='ltr' id='par_1_58' title="bbox 290 5726 1873 5799">
     <span class='ocr_line' id='line_1_58' title="bbox 290 5726 1873 5799; baseline 0 -17"><span class='ocrx_word' id='word_1_459' title='bbox 290 5744 447 5799; x_wconf 89' lang='lat' dir='ltr'><strong><em>quam</em></strong></span> <span class='ocrx_word' id='word_1_460' title='bbox 468 5727 778 5784; x_wconf 87' lang='lat' dir='ltr'><strong><em>Latinorum</em></strong></span> <span class='ocrx_word' id='word_1_461' title='bbox 798 5727 1114 5781; x_wconf 92' lang='lat' dir='ltr'><strong><em>testimoniis</em></strong></span> <span class='ocrx_word' id='word_1_462' title='bbox 1138 5743 1151 5781; x_wconf 89' lang='lat'><strong>:</strong></span> <span class='ocrx_word' id='word_1_463' title='bbox 1181 5728 1306 5797; x_wconf 91' lang='lat' dir='ltr'><strong><em>quin</em></strong></span> <span class='ocrx_word' id='word_1_464' title='bbox 1327 5727 1486 5783; x_wconf 88' lang='lat' dir='ltr'><strong><em>etiam</em></strong></span> <span class='ocrx_word' id='word_1_465' title='bbox 1512 5726 1678 5797; x_wconf 90' lang='lat' dir='ltr'><strong><em>ipsius</em></strong></span> <span class='ocrx_word' id='word_1_466' title='bbox 1700 5727 1873 5798; x_wconf 81' lang='lat' dir='ltr'><strong><em>potius</em></strong></span> 
     </span>
    </p>
   </div>
   <div class='ocr_carea' id='block_1_59' title="bbox 290 5818 1873 5890">
    <p class='ocr_par' dir='ltr' id='par_1_59' title="bbox 290 5818 1873 5890">
     <span class='ocr_line' id='line_1_59' title="bbox 290 5818 1873 5890; baseline -0.001 -11"><span class='ocrx_word' id='word_1_467' title='bbox 290 5820 486 5879; x_wconf 68' lang='lat' dir='ltr'><strong><em>Iuliani</em></strong></span> <span class='ocrx_word' id='word_1_468' title='bbox 527 5819 827 5879; x_wconf 88' lang='lat' dir='ltr'><strong><em>temerariis</em></strong></span> <span class='ocrx_word' id='word_1_469' title='bbox 877 5818 1193 5890; x_wconf 86' lang='lat' dir='ltr'><strong><em>quibusdam</em></strong></span> <span class='ocrx_word' id='word_1_470' title='bbox 1236 5820 1513 5880; x_wconf 87' lang='lat' dir='ltr'><strong><em>sententiis</em></strong></span> <span class='ocrx_word' id='word_1_471' title='bbox 1556 5818 1873 5879; x_wconf 76' lang='lat' dir='ltr'><strong><em>Manichacus</em></strong></span> 
     </span>
    </p>
   </div>
   <div class='ocr_carea' id='block_1_60' title="bbox 658 5912 1287 5978">
    <p class='ocr_par' dir='ltr' id='par_1_60' title="bbox 658 5912 1287 5978">
     <span class='ocr_line' id='line_1_60' title="bbox 658 5912 1287 5978; baseline -0.002 0"><span class='ocrx_word' id='word_1_472' title='bbox 658 5914 883 5978; x_wconf 71' lang='lat' dir='ltr'><strong><em>Smc&#39;r.</em></strong></span> <span class='ocrx_word' id='word_1_473' title='bbox 920 5912 1199 5976; x_wconf 78' lang='lat' dir='ltr'><strong><em>Anaus&#39;r.</em></strong></span> <span class='ocrx_word' id='word_1_474' title='bbox 1237 5914 1287 5977; x_wconf 91' lang='grc' dir='ltr'><strong>Ι.</strong></span> 
     </span>
    </p>
   </div>
   <div class='ocr_carea' id='block_1_61' title="bbox 1571 403 2137 462">
    <p class='ocr_par' dir='ltr' id='par_1_61' title="bbox 1571 403 2137 462">
     <span class='ocr_line' id='line_1_61' title="bbox 1571 403 2137 462; baseline -0.005 -1"><span class='ocrx_word' id='word_1_475' title='bbox 1571 404 1770 461; x_wconf 77' lang='lat' dir='ltr'><strong>LIBER</strong></span> <span class='ocrx_word' id='word_1_476' title='bbox 1807 403 2137 462; x_wconf 83' lang='lat' dir='ltr'><strong><em>OCTAVUS.</em></strong></span> 
     </span>
    </p>
   </div>
   <div class='ocr_carea' id='block_1_62' title="bbox 3399 413 3504 469">
    <p class='ocr_par' dir='ltr' id='par_1_62' title="bbox 3399 413 3504 469">
     <span class='ocr_line' id='line_1_62' title="bbox 3399 413 3504 469; baseline -0.019 0"><span class='ocrx_word' id='word_1_477' title='bbox 3399 413 3504 469; x_wconf 76' lang='lat'><strong><em>522</em></strong></span> 
     </span>
    </p>
   </div>
   <div class='ocr_carea' id='block_1_63' title="bbox 1934 518 3502 588">
    <p class='ocr_par' dir='ltr' id='par_1_63' title="bbox 1934 518 3502 588">
     <span class='ocr_line' id='line_1_63' title="bbox 1934 518 3502 588; baseline 0.007 -16"><span class='ocrx_word' id='word_1_478' title='bbox 1934 518 2169 588; x_wconf 82' lang='lat' dir='ltr'><strong><em>adjuvari</em></strong></span> <span class='ocrx_word' id='word_1_479' title='bbox 2195 518 2540 575; x_wconf 87' lang='lat' dir='ltr'><strong><em>demonstrat.</em></strong></span> <span class='ocrx_word' id='word_1_480' title='bbox 2564 518 2836 577; x_wconf 85' lang='lat' dir='ltr'><strong><em>Secundus</em></strong></span> <span class='ocrx_word' id='word_1_481' title='bbox 2856 523 3012 578; x_wconf 88' lang='lat' dir='ltr'><strong><em>etiam</em></strong></span> <span class='ocrx_word' id='word_1_482' title='bbox 3040 524 3174 580; x_wconf 90' lang='lat' dir='ltr'><strong><em>liber</em></strong></span> <span class='ocrx_word' id='word_1_483' title='bbox 3197 541 3261 582; x_wconf 80' lang='lat' dir='ltr'><strong><em>ex</em></strong></span> <span class='ocrx_word' id='word_1_484' title='bbox 3292 527 3502 584; x_wconf 89' lang='lat' dir='ltr'><strong><em>Patrum</em></strong></span> 
     </span>
    </p>
   </div>
   <div class='ocr_carea' id='block_1_64' title="bbox 1934 609 3508 692">
    <p class='ocr_par' dir='ltr' id='par_1_64' title="bbox 1934 609 3508 692">
     <span class='ocr_line' id='line_1_64' title="bbox 1934 609 3508 692; baseline 0.005 -27"><span class='ocrx_word' id='word_1_485' title='bbox 1934 609 2229 676; x_wconf 82' lang='lat' dir='ltr'><strong><em>sententiis,</em></strong></span> <span class='ocrx_word' id='word_1_486' title='bbox 2257 627 2372 682; x_wconf 64' lang='lat' dir='ltr'><strong><em>qum</em></strong></span> <span class='ocrx_word' id='word_1_487' title='bbox 2399 611 2589 666; x_wconf 80' lang='lat' dir='ltr'><strong><em>Juliani</em></strong></span> <span class='ocrx_word' id='word_1_488' title='bbox 2620 616 2836 684; x_wconf 82' lang='lat' dir='ltr'><strong><em>argutiis</em></strong></span> <span class='ocrx_word' id='word_1_489' title='bbox 2864 631 2925 671; x_wconf 87' lang='lat' dir='ltr'><strong><em>ac</em></strong></span> <span class='ocrx_word' id='word_1_490' title='bbox 2952 618 3289 687; x_wconf 80' lang='lat' dir='ltr'><strong><em>sophismatis</em></strong></span> <span class='ocrx_word' id='word_1_491' title='bbox 3317 620 3389 675; x_wconf 91' lang='lat' dir='ltr'><strong><em>ibi</em></strong></span> <span class='ocrx_word' id='word_1_492' title='bbox 3414 636 3508 692; x_wconf 81' lang='grc' dir='ltr'><strong><em>ορ-</em></strong></span> 
     </span>
    </p>
   </div>
   <div class='ocr_carea' id='block_1_65' title="bbox 1936 706 3504 780">
    <p class='ocr_par' dir='ltr' id='par_1_65' title="bbox 1936 706 3504 780">
     <span class='ocr_line' id='line_1_65' title="bbox 1936 706 3504 780; baseline 0.008 -23"><span class='ocrx_word' id='word_1_493' title='bbox 1936 713 2222 773; x_wconf 88' lang='lat' dir='ltr'><strong><em>ponuntur,</em></strong></span> <span class='ocrx_word' id='word_1_494' title='bbox 2251 713 2478 759; x_wconf 88' lang='lat' dir='ltr'><strong><em>constat.</em></strong></span> <span class='ocrx_word' id='word_1_495' title='bbox 2502 706 2632 760; x_wconf 88' lang='lat' dir='ltr'><strong><em>Cum</em></strong></span> <span class='ocrx_word' id='word_1_496' title='bbox 2659 717 2833 762; x_wconf 87' lang='lat' dir='ltr'><strong><em>autem</em></strong></span> <span class='ocrx_word' id='word_1_497' title='bbox 2867 710 3190 779; x_wconf 85' lang='lat' dir='ltr'><strong><em>Augustinus</em></strong></span> <span class='ocrx_word' id='word_1_498' title='bbox 3216 724 3504 780; x_wconf 88' lang='lat' dir='ltr'><strong><em>vereretur,</em></strong></span> 
     </span>
    </p>
   </div>
   <div class='ocr_carea' id='block_1_66' title="bbox 1935 802 3507 869">
    <p class='ocr_par' dir='ltr' id='par_1_66' title="bbox 1935 802 3507 869">
     <span class='ocr_line' id='line_1_66' title="bbox 1935 802 3507 869; baseline 0.005 -18"><span class='ocrx_word' id='word_1_499' title='bbox 1935 805 1996 851; x_wconf 89' lang='lat' dir='ltr'><strong><em>ut</em></strong></span> <span class='ocrx_word' id='word_1_500' title='bbox 2019 805 2094 852; x_wconf 84' lang='lat' dir='ltr'><strong><em>tot</em></strong></span> <span class='ocrx_word' id='word_1_501' title='bbox 2118 806 2224 851; x_wconf 91' lang='lat' dir='ltr'><strong><em>tam</em></strong></span> <span class='ocrx_word' id='word_1_502' title='bbox 2252 806 2557 852; x_wconf 88' lang='lat' dir='ltr'><strong><em>sanctorum</em></strong></span> <span class='ocrx_word' id='word_1_503' title='bbox 2585 806 2799 869; x_wconf 83' lang='lat' dir='ltr'><strong><em>tamque</em></strong></span> <span class='ocrx_word' id='word_1_504' title='bbox 2822 802 3150 857; x_wconf 89' lang='lat' dir='ltr'><strong><em>eruditorum</em></strong></span> <span class='ocrx_word' id='word_1_505' title='bbox 3177 804 3386 859; x_wconf 83' lang='lat' dir='ltr'><strong><em>Patrum</em></strong></span> <span class='ocrx_word' id='word_1_506' title='bbox 3410 822 3507 859; x_wconf 90' lang='lat' dir='ltr'><strong><em>au-</em></strong></span> 
     </span>
    </p>
   </div>
   <div class='ocr_carea' id='block_1_67' title="bbox 1935 886 3506 965">
    <p class='ocr_par' dir='ltr' id='par_1_67' title="bbox 1935 886 3506 965">
     <span class='ocr_line' id='line_1_67' title="bbox 1935 886 3506 965; baseline 0.006 -25"><span class='ocrx_word' id='word_1_507' title='bbox 1935 887 2159 941; x_wconf 86' lang='lat' dir='ltr'><strong><em>ctoritati</em></strong></span> <span class='ocrx_word' id='word_1_508' title='bbox 2187 887 2399 942; x_wconf 89' lang='lat' dir='ltr'><strong><em>cederet</em></strong></span> <span class='ocrx_word' id='word_1_509' title='bbox 2420 886 2690 954; x_wconf 86' lang='lat' dir='ltr'><strong><em>Julianus;</em></strong></span> <span class='ocrx_word' id='word_1_510' title='bbox 2724 890 2830 945; x_wconf 89' lang='lat' dir='ltr'><strong><em>imo</em></strong></span> <span class='ocrx_word' id='word_1_511' title='bbox 2859 905 3033 961; x_wconf 89' lang='lat' dir='ltr'><strong><em>neque</em></strong></span> <span class='ocrx_word' id='word_1_512' title='bbox 3056 893 3338 961; x_wconf 89' lang='lat' dir='ltr'><strong><em>dubitaret,</em></strong></span> <span class='ocrx_word' id='word_1_513' title='bbox 3382 898 3506 965; x_wconf 91' lang='lat' dir='ltr'><strong><em>quin</em></strong></span> 
     </span>
    </p>
   </div>
   <div class='ocr_carea' id='block_1_68' title="bbox 1935 979 3507 1057">
    <p class='ocr_par' dir='ltr' id='par_1_68' title="bbox 1935 979 3507 1057">
     <span class='ocr_line' id='line_1_68' title="bbox 1935 979 3507 1057; baseline 0.005 -23"><span class='ocrx_word' id='word_1_514' title='bbox 1935 979 2093 1034; x_wconf 89' lang='lat' dir='ltr'><strong><em>etiam</em></strong></span> <span class='ocrx_word' id='word_1_515' title='bbox 2116 980 2260 1048; x_wconf 89' lang='lat' dir='ltr'><strong><em>ipsos</em></strong></span> <span class='ocrx_word' id='word_1_516' title='bbox 2284 979 2383 1035; x_wconf 90' lang='lat' dir='ltr'><strong><em>hac</em></strong></span> <span class='ocrx_word' id='word_1_517' title='bbox 2402 980 2453 1034; x_wconf 91' lang='lat' dir='ltr'><strong><em>in</em></strong></span> <span class='ocrx_word' id='word_1_518' title='bbox 2478 995 2537 1035; x_wconf 89' lang='lat' dir='ltr'><strong><em>re</em></strong></span> <span class='ocrx_word' id='word_1_519' title='bbox 2557 997 2763 1037; x_wconf 86' lang='lat' dir='ltr'><strong><em>errasse</em></strong></span> <span class='ocrx_word' id='word_1_520' title='bbox 2779 982 3014 1038; x_wconf 89' lang='lat' dir='ltr'><strong><em>dicturus</em></strong></span> <span class='ocrx_word' id='word_1_521' title='bbox 3033 994 3205 1053; x_wconf 87' lang='lat' dir='ltr'><strong><em>esset;</em></strong></span> <span class='ocrx_word' id='word_1_522' title='bbox 3229 997 3507 1057; x_wconf 85' lang='lat' dir='ltr'><strong><em>pr0pterea</em></strong></span> 
     </span>
    </p>
   </div>
   <div class='ocr_carea' id='block_1_69' title="bbox 1936 1069 3507 1146">
    <p class='ocr_par' dir='ltr' id='par_1_69' title="bbox 1936 1069 3507 1146">
     <span class='ocr_line' id='line_1_69' title="bbox 1936 1069 3507 1146; baseline 0.006 -23"><span class='ocrx_word' id='word_1_523' title='bbox 1936 1083 2004 1125; x_wconf 87' lang='lat' dir='ltr'><strong><em>ne</em></strong></span> <span class='ocrx_word' id='word_1_524' title='bbox 2038 1069 2323 1140; x_wconf 88' lang='lat' dir='ltr'><strong><em>quidquam</em></strong></span> <span class='ocrx_word' id='word_1_525' title='bbox 2358 1087 2423 1126; x_wconf 81' lang='lat' dir='ltr'><strong><em>ex</em></strong></span> <span class='ocrx_word' id='word_1_526' title='bbox 2463 1080 2575 1126; x_wconf 87' lang='lat' dir='ltr'><strong><em>toto</em></strong></span> <span class='ocrx_word' id='word_1_527' title='bbox 2619 1072 2757 1126; x_wconf 90' lang='lat' dir='ltr'><strong><em>illius</em></strong></span> <span class='ocrx_word' id='word_1_528' title='bbox 2783 1089 2943 1142; x_wconf 87' lang='lat' dir='ltr'><strong><em>opere</em></strong></span> <span class='ocrx_word' id='word_1_529' title='bbox 2969 1090 3073 1129; x_wconf 91' lang='lat' dir='ltr'><strong><em>non</em></strong></span> <span class='ocrx_word' id='word_1_530' title='bbox 3102 1077 3378 1146; x_wconf 78' lang='lat' dir='ltr'><strong><em>explosum</em></strong></span> <span class='ocrx_word' id='word_1_531' title='bbox 3411 1078 3507 1133; x_wconf 89' lang='lat' dir='ltr'><strong><em>de-</em></strong></span> 
     </span>
    </p>
   </div>
   <div class='ocr_carea' id='block_1_70' title="bbox 1936 1164 3510 1234">
    <p class='ocr_par' dir='ltr' id='par_1_70' title="bbox 1936 1164 3510 1234">
     <span class='ocr_line' id='line_1_70' title="bbox 1936 1164 3510 1234; baseline 0.006 -20"><span class='ocrx_word' id='word_1_532' title='bbox 1936 1166 2298 1231; x_wconf 88' lang='lat' dir='ltr'><strong><em>structumque</em></strong></span> <span class='ocrx_word' id='word_1_533' title='bbox 2326 1169 2659 1229; x_wconf 86' lang='lat' dir='ltr'><strong><em>remaneret,</em></strong></span> <span class='ocrx_word' id='word_1_534' title='bbox 2705 1164 2939 1233; x_wconf 89' lang='lat' dir='ltr'><strong><em>singulos</em></strong></span> <span class='ocrx_word' id='word_1_535' title='bbox 2968 1175 3196 1234; x_wconf 88' lang='lat' dir='ltr'><strong><em>quatuor</em></strong></span> <span class='ocrx_word' id='word_1_536' title='bbox 3222 1167 3413 1222; x_wconf 86' lang='lat' dir='ltr'><strong><em>Juliani</em></strong></span> <span class='ocrx_word' id='word_1_537' title='bbox 3442 1171 3510 1224; x_wconf 90' lang='lat' dir='ltr'><strong><em>li-</em></strong></span> 
     </span>
    </p>
   </div>
   <div class='ocr_carea' id='block_1_71' title="bbox 1934 1250 3509 1326">
    <p class='ocr_par' dir='ltr' id='par_1_71' title="bbox 1934 1250 3509 1326">
     <span class='ocr_line' id='line_1_71' title="bbox 1934 1250 3509 1326; baseline 0.005 -19"><span class='ocrx_word' id='word_1_538' title='bbox 1934 1250 2061 1307; x_wconf 84' lang='lat' dir='ltr'><strong><em>bros</em></strong></span> <span class='ocrx_word' id='word_1_539' title='bbox 2091 1251 2309 1323; x_wconf 89' lang='lat' dir='ltr'><strong><em>singulis</em></strong></span> <span class='ocrx_word' id='word_1_540' title='bbox 2335 1252 2553 1310; x_wconf 90' lang='lat' dir='ltr'><strong><em>totidem</em></strong></span> <span class='ocrx_word' id='word_1_541' title='bbox 2592 1255 2703 1309; x_wconf 91' lang='lat' dir='ltr'><strong><em>suis</em></strong></span> <span class='ocrx_word' id='word_1_542' title='bbox 2742 1255 2961 1325; x_wconf 82' lang='lat' dir='ltr'><strong><em>refellit,</em></strong></span> <span class='ocrx_word' id='word_1_543' title='bbox 3001 1260 3276 1326; x_wconf 85' lang='lat' dir='ltr'><strong><em>exquisitis</em></strong></span> <span class='ocrx_word' id='word_1_544' title='bbox 3314 1262 3509 1315; x_wconf 84' lang='lat' dir='ltr'><strong><em>contir-</em></strong></span> 
     </span>
    </p>
   </div>
   <div class='ocr_carea' id='block_1_72' title="bbox 1936 1345 3509 1415">
    <p class='ocr_par' dir='ltr' id='par_1_72' title="bbox 1936 1345 3509 1415">
     <span class='ocr_line' id='line_1_72' title="bbox 1936 1345 3509 1415; baseline 0.006 -17"><span class='ocrx_word' id='word_1_545' title='bbox 1936 1357 2091 1399; x_wconf 87' lang='lat' dir='ltr'><strong><em>mans</em></strong></span> <span class='ocrx_word' id='word_1_546' title='bbox 2109 1345 2432 1413; x_wconf 90' lang='lat' dir='ltr'><strong><em>argumentis</em></strong></span> <span class='ocrx_word' id='word_1_547' title='bbox 2455 1353 2508 1401; x_wconf 92' lang='lat' dir='ltr'><strong><em>et</em></strong></span> <span class='ocrx_word' id='word_1_548' title='bbox 2526 1361 2705 1401; x_wconf 90' lang='lat' dir='ltr'><strong><em>veram</em></strong></span> <span class='ocrx_word' id='word_1_549' title='bbox 2726 1362 2843 1403; x_wconf 90' lang='lat' dir='ltr'><strong><em>esse</em></strong></span> <span class='ocrx_word' id='word_1_550' title='bbox 2864 1348 3154 1405; x_wconf 86' lang='lat' dir='ltr'><strong><em>doctrinam</em></strong></span> <span class='ocrx_word' id='word_1_551' title='bbox 3174 1352 3509 1415; x_wconf 88' lang='lat' dir='ltr'><strong><em>catholicam.</em></strong></span> 
     </span>
    </p>
   </div>
   <div class='ocr_carea' id='block_1_73' title="bbox 1938 1434 3510 1505">
    <p class='ocr_par' dir='ltr' id='par_1_73' title="bbox 1938 1434 3510 1505">
     <span class='ocr_line' id='line_1_73' title="bbox 1938 1434 3510 1505; baseline 0.005 -15"><span class='ocrx_word' id='word_1_552' title='bbox 1938 1443 1993 1490; x_wconf 89' lang='lat' dir='ltr'><strong><em>et</em></strong></span> <span class='ocrx_word' id='word_1_553' title='bbox 2015 1434 2312 1503; x_wconf 79' lang='lat' dir='ltr'><strong><em>Pelagianis</em></strong></span> <span class='ocrx_word' id='word_1_554' title='bbox 2340 1436 2549 1505; x_wconf 89' lang='lat' dir='ltr'><strong><em>placitis</em></strong></span> <span class='ocrx_word' id='word_1_555' title='bbox 2576 1437 2980 1494; x_wconf 65' lang='lat' dir='ltr'><strong><em>Manichaeorum</em></strong></span> <span class='ocrx_word' id='word_1_556' title='bbox 3014 1442 3258 1498; x_wconf 71' lang='lat' dir='ltr'><strong><em>hmresim</em></strong></span> <span class='ocrx_word' id='word_1_557' title='bbox 3290 1444 3510 1500; x_wconf 86' lang='lat' dir='ltr'><strong><em>stabiliri</em></strong></span> 
     </span>
    </p>
   </div>
   <div class='ocr_carea' id='block_1_74' title="bbox 1943 1523 3514 1604">
    <p class='ocr_par' dir='ltr' id='par_1_74' title="bbox 1943 1523 3514 1604">
     <span class='ocr_line' id='line_1_74' title="bbox 1943 1523 3514 1604; baseline 0.008 -25"><span class='ocrx_word' id='word_1_558' title='bbox 1943 1523 2155 1596; x_wconf 86' lang='lat' dir='ltr'><strong><em>(Contra</em></strong></span> <span class='ocrx_word' id='word_1_559' title='bbox 2176 1524 2461 1591; x_wconf 79' lang='lat' dir='ltr'><strong><em>lulianum,</em></strong></span> <span class='ocrx_word' id='word_1_560' title='bbox 2492 1527 2578 1581; x_wconf 89' lang='lat' dir='ltr'><strong><em>lib.</em></strong></span> <span class='ocrx_word' id='word_1_561' title='bbox 2611 1530 2662 1594; x_wconf 81' lang='grc'><strong>5,</strong></span> <span class='ocrx_word' id='word_1_562' title='bbox 2686 1546 2740 1583; x_wconf 90' lang='lat' dir='ltr'><strong><em>n.</em></strong></span> <span class='ocrx_word' id='word_1_563' title='bbox 2765 1531 2841 1599; x_wconf 89' lang='grc'><strong>1).</strong></span> <span class='ocrx_word' id='word_1_564' title='bbox 2861 1530 3124 1601; x_wconf 90' lang='lat' dir='ltr'><strong><em>Principio</em></strong></span> <span class='ocrx_word' id='word_1_565' title='bbox 3155 1535 3311 1589; x_wconf 86' lang='lat' dir='ltr'><strong><em>totius</em></strong></span> <span class='ocrx_word' id='word_1_566' title='bbox 3337 1536 3514 1604; x_wconf 90' lang='lat' dir='ltr'><strong><em>operis</em></strong></span> 
     </span>
    </p>
   </div>
   <div class='ocr_carea' id='block_1_75' title="bbox 1937 1616 3513 1695">
    <p class='ocr_par' dir='ltr' id='par_1_75' title="bbox 1937 1616 3513 1695">
     <span class='ocr_line' id='line_1_75' title="bbox 1937 1616 3513 1695; baseline 0.008 -26"><span class='ocrx_word' id='word_1_567' title='bbox 1937 1624 2119 1685; x_wconf 86' lang='lat' dir='ltr'><strong><em>aperte</em></strong></span> <span class='ocrx_word' id='word_1_568' title='bbox 2147 1616 2456 1685; x_wconf 84' lang='lat' dir='ltr'><strong><em>profitetur,</em></strong></span> <span class='ocrx_word' id='word_1_569' title='bbox 2484 1633 2543 1673; x_wconf 91' lang='lat' dir='ltr'><strong><em>se</em></strong></span> <span class='ocrx_word' id='word_1_570' title='bbox 2567 1618 2757 1674; x_wconf 84' lang='lat' dir='ltr'><strong><em>Juliani</em></strong></span> <span class='ocrx_word' id='word_1_571' title='bbox 2785 1625 3133 1677; x_wconf 87' lang='lat' dir='ltr'><strong><em>contumelias</em></strong></span> <span class='ocrx_word' id='word_1_572' title='bbox 3159 1640 3262 1679; x_wconf 90' lang='lat' dir='ltr'><strong><em>non</em></strong></span> <span class='ocrx_word' id='word_1_573' title='bbox 3296 1642 3513 1695; x_wconf 88' lang='lat' dir='ltr'><strong><em>prorsus</em></strong></span> 
     </span>
    </p>
   </div>
   <div class='ocr_carea' id='block_1_76' title="bbox 1937 1707 3512 1789">
    <p class='ocr_par' dir='ltr' id='par_1_76' title="bbox 1937 1707 3512 1789">
     <span class='ocr_line' id='line_1_76' title="bbox 1937 1707 3512 1789; baseline 0.008 -28"><span class='ocrx_word' id='word_1_574' title='bbox 1937 1713 2300 1789; x_wconf 51' lang='lat' dir='ltr'><strong><em>contemnere.</em></strong></span> <span class='ocrx_word' id='word_1_575' title='bbox 2316 1707 2510 1763; x_wconf 82' lang='lat' dir='ltr'><strong><em>Verum</em></strong></span> <span class='ocrx_word' id='word_1_576' title='bbox 2532 1710 2694 1779; x_wconf 89' lang='lat' dir='ltr'><strong><em>(quod</em></strong></span> <span class='ocrx_word' id='word_1_577' title='bbox 2711 1709 3007 1767; x_wconf 84' lang='lat' dir='ltr'><strong><em>Catholicos</em></strong></span> <span class='ocrx_word' id='word_1_578' title='bbox 3028 1713 3402 1785; x_wconf 89' lang='lat' dir='ltr'><strong><em>disputatores,</em></strong></span> <span class='ocrx_word' id='word_1_579' title='bbox 3422 1719 3512 1789; x_wconf 90' lang='lat' dir='ltr'><strong><em>qui</em></strong></span> 
     </span>
    </p>
   </div>
   <div class='ocr_carea' id='block_1_77' title="bbox 1938 1798 3514 1871">
    <p class='ocr_par' dir='ltr' id='par_1_77' title="bbox 1938 1798 3514 1871">
     <span class='ocr_line' id='line_1_77' title="bbox 1938 1798 3514 1871; baseline 0.009 -20"><span class='ocrx_word' id='word_1_580' title='bbox 1938 1812 1968 1851; x_wconf 89' lang='lat' dir='ltr'><strong><em>a</em></strong></span> <span class='ocrx_word' id='word_1_581' title='bbox 2006 1798 2191 1869; x_wconf 72' lang='lat' dir='ltr'><strong><em>gratiae</em></strong></span> <span class='ocrx_word' id='word_1_582' title='bbox 2231 1799 2323 1854; x_wconf 90' lang='lat' dir='ltr'><strong><em>Dei</em></strong></span> <span class='ocrx_word' id='word_1_583' title='bbox 2361 1800 2591 1855; x_wconf 90' lang='lat' dir='ltr'><strong><em>inimicis</em></strong></span> <span class='ocrx_word' id='word_1_584' title='bbox 2617 1802 2755 1855; x_wconf 89' lang='lat' dir='ltr'><strong><em>male</em></strong></span> <span class='ocrx_word' id='word_1_585' title='bbox 2783 1802 3062 1871; x_wconf 86' lang='lat' dir='ltr'><strong><em>habentur,</em></strong></span> <span class='ocrx_word' id='word_1_586' title='bbox 3092 1807 3514 1865; x_wconf 84' lang='lat' dir='ltr'><strong><em>animadvertere</em></strong></span> 
     </span>
    </p>
   </div>
   <div class='ocr_carea' id='block_1_78' title="bbox 1935 1886 3515 1964">
    <p class='ocr_par' dir='ltr' id='par_1_78' title="bbox 1935 1886 3515 1964">
     <span class='ocr_line' id='line_1_78' title="bbox 1935 1886 3515 1964; baseline 0.006 -21"><span class='ocrx_word' id='word_1_587' title='bbox 1935 1886 2104 1959; x_wconf 85' lang='lat' dir='ltr'><strong><em>juvat)</em></strong></span> <span class='ocrx_word' id='word_1_588' title='bbox 2135 1903 2241 1943; x_wconf 93' lang='lat' dir='ltr'><strong><em>non</em></strong></span> <span class='ocrx_word' id='word_1_589' title='bbox 2264 1888 2333 1945; x_wconf 91' lang='lat' dir='ltr'><strong><em>ob</em></strong></span> <span class='ocrx_word' id='word_1_590' title='bbox 2365 1890 2507 1945; x_wconf 88' lang='lat' dir='ltr'><strong><em>aliud</em></strong></span> <span class='ocrx_word' id='word_1_591' title='bbox 2551 1905 2670 1947; x_wconf 89' lang='lat' dir='ltr'><strong><em>sese</em></strong></span> <span class='ocrx_word' id='word_1_592' title='bbox 2694 1891 2759 1946; x_wconf 91' lang='lat' dir='ltr'><strong><em>iis</em></strong></span> <span class='ocrx_word' id='word_1_593' title='bbox 2783 1901 3105 1947; x_wconf 92' lang='lat' dir='ltr'><strong><em>commotum</em></strong></span> <span class='ocrx_word' id='word_1_594' title='bbox 3133 1895 3380 1964; x_wconf 87' lang='lat' dir='ltr'><strong><em>declarat,</em></strong></span> <span class='ocrx_word' id='word_1_595' title='bbox 3413 1900 3515 1953; x_wconf 89' lang='lat' dir='ltr'><strong><em>nisi</em></strong></span> 
     </span>
    </p>
   </div>
   <div class='ocr_carea' id='block_1_79' title="bbox 1939 1978 3517 2051">
    <p class='ocr_par' dir='ltr' id='par_1_79' title="bbox 1939 1978 3517 2051">
     <span class='ocr_line' id='line_1_79' title="bbox 1939 1978 3517 2051; baseline 0.006 -19"><span class='ocrx_word' id='word_1_596' title='bbox 1939 1978 2078 2049; x_wconf 90' lang='lat' dir='ltr'><strong><em>quod</em></strong></span> <span class='ocrx_word' id='word_1_597' title='bbox 2123 1978 2248 2034; x_wconf 90' lang='lat' dir='ltr'><strong><em>inde</em></strong></span> <span class='ocrx_word' id='word_1_598' title='bbox 2292 1979 2393 2035; x_wconf 87' lang='lat' dir='ltr'><strong><em>sibi</em></strong></span> <span class='ocrx_word' id='word_1_599' title='bbox 2442 1982 2662 2036; x_wconf 88' lang='lat' dir='ltr'><strong><em>materia</em></strong></span> <span class='ocrx_word' id='word_1_600' title='bbox 2708 1982 3062 2051; x_wconf 56' lang='lat' dir='ltr'><strong><em>praeberetur,</em></strong></span> <span class='ocrx_word' id='word_1_601' title='bbox 3105 1992 3214 2039; x_wconf 93' lang='lat' dir='ltr'><strong><em>tum</em></strong></span> <span class='ocrx_word' id='word_1_602' title='bbox 3245 1986 3438 2042; x_wconf 67' lang='lat' dir='ltr'><strong><em>laetitirc</em></strong></span> <span class='ocrx_word' id='word_1_603' title='bbox 3463 1997 3517 2042; x_wconf 85' lang='lat' dir='ltr'><strong><em>et</em></strong></span> 
     </span>
    </p>
   </div>
   <div class='ocr_carea' id='block_1_80' title="bbox 1941 2070 3519 2145">
    <p class='ocr_par' dir='ltr' id='par_1_80' title="bbox 1941 2070 3519 2145">
     <span class='ocr_line' id='line_1_80' title="bbox 1941 2070 3519 2145; baseline 0.006 -19"><span class='ocrx_word' id='word_1_604' title='bbox 1941 2070 2304 2126; x_wconf 83' lang='lat' dir='ltr'><strong><em>exsultationis</em></strong></span> <span class='ocrx_word' id='word_1_605' title='bbox 2327 2082 2543 2142; x_wconf 90' lang='lat' dir='ltr'><strong><em>propter</em></strong></span> <span class='ocrx_word' id='word_1_606' title='bbox 2558 2074 2856 2129; x_wconf 89' lang='lat' dir='ltr'><strong><em>mercedem</em></strong></span> <span class='ocrx_word' id='word_1_607' title='bbox 2877 2090 3034 2145; x_wconf 88' lang='lat' dir='ltr'><strong><em>quam</em></strong></span> <span class='ocrx_word' id='word_1_608' title='bbox 3057 2076 3283 2133; x_wconf 87' lang='lat' dir='ltr'><strong><em>habebat</em></strong></span> <span class='ocrx_word' id='word_1_609' title='bbox 3308 2080 3519 2135; x_wconf 89' lang='lat' dir='ltr'><strong><em>uberio-</em></strong></span> 
     </span>
    </p>
   </div>
   <div class='ocr_carea' id='block_1_81' title="bbox 1941 2163 3515 2240">
    <p class='ocr_par' dir='ltr' id='par_1_81' title="bbox 1941 2163 3515 2240">
     <span class='ocr_line' id='line_1_81' title="bbox 1941 2163 3515 2240; baseline 0.006 -24"><span class='ocrx_word' id='word_1_610' title='bbox 1941 2177 2051 2217; x_wconf 88' lang='lat' dir='ltr'><strong><em>rem</em></strong></span> <span class='ocrx_word' id='word_1_611' title='bbox 2080 2163 2133 2217; x_wconf 91' lang='lat' dir='ltr'><strong><em>in</em></strong></span> <span class='ocrx_word' id='word_1_612' title='bbox 2162 2164 2331 2229; x_wconf 65' lang='lat' dir='ltr'><strong><em>caelis,</em></strong></span> <span class='ocrx_word' id='word_1_613' title='bbox 2364 2172 2475 2219; x_wconf 91' lang='lat' dir='ltr'><strong><em>tum</em></strong></span> <span class='ocrx_word' id='word_1_614' title='bbox 2512 2166 2756 2220; x_wconf 65' lang='lat' dir='ltr'><strong><em>maeroris</em></strong></span> <span class='ocrx_word' id='word_1_615' title='bbox 2779 2175 2833 2221; x_wconf 91' lang='lat' dir='ltr'><strong><em>et</em></strong></span> <span class='ocrx_word' id='word_1_616' title='bbox 2856 2166 3084 2222; x_wconf 61' lang='lat' dir='ltr'><strong><em>tristitiae</em></strong></span> <span class='ocrx_word' id='word_1_617' title='bbox 3121 2179 3336 2238; x_wconf 88' lang='lat' dir='ltr'><strong><em>propter</em></strong></span> <span class='ocrx_word' id='word_1_618' title='bbox 3374 2173 3515 2240; x_wconf 85' lang='lat' dir='ltr'><strong><em>peri-</em></strong></span> 
     </span>
    </p>
   </div>
   <div class='ocr_carea' id='block_1_82' title="bbox 1941 2252 3513 2330">
    <p class='ocr_par' dir='ltr' id='par_1_82' title="bbox 1941 2252 3513 2330">
     <span class='ocr_line' id='line_1_82' title="bbox 1941 2252 3513 2330; baseline 0.006 -24"><span class='ocrx_word' id='word_1_619' title='bbox 1941 2253 2117 2306; x_wconf 90' lang='lat' dir='ltr'><strong><em>culum</em></strong></span> <span class='ocrx_word' id='word_1_620' title='bbox 2138 2252 2348 2319; x_wconf 82' lang='lat' dir='ltr'><strong><em>Juliani,</em></strong></span> <span class='ocrx_word' id='word_1_621' title='bbox 2377 2255 2529 2324; x_wconf 89' lang='lat' dir='ltr'><strong><em>cujus</em></strong></span> <span class='ocrx_word' id='word_1_622' title='bbox 2555 2255 2723 2310; x_wconf 89' lang='lat' dir='ltr'><strong><em>vicem</em></strong></span> <span class='ocrx_word' id='word_1_623' title='bbox 2754 2272 2862 2325; x_wconf 69' lang='lat' dir='ltr'><strong><em>pra:</em></strong></span> <span class='ocrx_word' id='word_1_624' title='bbox 2890 2272 2983 2311; x_wconf 89' lang='lat' dir='ltr'><strong><em>sua</em></strong></span> <span class='ocrx_word' id='word_1_625' title='bbox 3014 2258 3066 2311; x_wconf 91' lang='lat' dir='ltr'><strong><em>in</em></strong></span> <span class='ocrx_word' id='word_1_626' title='bbox 3095 2274 3214 2313; x_wconf 92' lang='lat' dir='ltr'><strong><em>eum</em></strong></span> <span class='ocrx_word' id='word_1_627' title='bbox 3235 2261 3513 2330; x_wconf 88' lang='lat' dir='ltr'><strong><em>charitate,</em></strong></span> 
     </span>
    </p>
   </div>
   <div class='ocr_carea' id='block_1_83' title="bbox 1942 2348 3511 2425">
    <p class='ocr_par' dir='ltr' id='par_1_83' title="bbox 1942 2348 3511 2425">
     <span class='ocr_line' id='line_1_83' title="bbox 1942 2348 3511 2425; baseline 0.004 -26"><span class='ocrx_word' id='word_1_628' title='bbox 1942 2360 2149 2400; x_wconf 87' lang='lat' dir='ltr'><strong><em>necnon</em></strong></span> <span class='ocrx_word' id='word_1_629' title='bbox 2165 2361 2350 2401; x_wconf 85' lang='lat' dir='ltr'><strong><em>eorum</em></strong></span> <span class='ocrx_word' id='word_1_630' title='bbox 2368 2349 2457 2418; x_wconf 91' lang='lat' dir='ltr'><strong><em>qui</em></strong></span> <span class='ocrx_word' id='word_1_631' title='bbox 2471 2348 2540 2404; x_wconf 89' lang='lat' dir='ltr'><strong><em>ab</em></strong></span> <span class='ocrx_word' id='word_1_632' title='bbox 2556 2349 2645 2403; x_wconf 89' lang='lat' dir='ltr'><strong><em>illo</em></strong></span> <span class='ocrx_word' id='word_1_633' title='bbox 2664 2349 3082 2419; x_wconf 89' lang='lat' dir='ltr'><strong><em>decipiebantur,</em></strong></span> <span class='ocrx_word' id='word_1_634' title='bbox 3101 2351 3311 2407; x_wconf 86' lang='lat' dir='ltr'><strong><em>dolebat</em></strong></span> <span class='ocrx_word' id='word_1_635' title='bbox 3329 2352 3376 2425; x_wconf 86' lang='grc' dir='ltr'><strong><em>(Ι</em></strong></span> <span class='ocrx_word' id='word_1_636' title='bbox 3386 2356 3511 2421; x_wconf 85' lang='lat' dir='ltr'><strong><em>bid.,</em></strong></span> 
     </span>
    </p>
   </div>
   <div class='ocr_carea' id='block_1_84' title="bbox 1943 2436 3517 2506">
    <p class='ocr_par' dir='ltr' id='par_1_84' title="bbox 1943 2436 3517 2506">
     <span class='ocr_line' id='line_1_84' title="bbox 1943 2436 3517 2506; baseline 0.006 -17"><span class='ocrx_word' id='word_1_637' title='bbox 1943 2436 2031 2489; x_wconf 89' lang='lat' dir='ltr'><strong><em>lib.</em></strong></span> <span class='ocrx_word' id='word_1_638' title='bbox 2058 2437 2110 2505; x_wconf 87' lang='lat' dir='ltr'><strong><em>l,</em></strong></span> <span class='ocrx_word' id='word_1_639' title='bbox 2140 2454 2196 2492; x_wconf 93' lang='lat' dir='ltr'><strong><em>n.</em></strong></span> <span class='ocrx_word' id='word_1_640' title='bbox 2236 2438 2313 2504; x_wconf 88' lang='grc'><strong>1).</strong></span> <span class='ocrx_word' id='word_1_641' title='bbox 2346 2440 2497 2506; x_wconf 87' lang='lat' dir='ltr'><strong><em>Quod</em></strong></span> <span class='ocrx_word' id='word_1_642' title='bbox 2528 2440 2594 2494; x_wconf 92' lang='lat' dir='ltr'><strong><em>ad</em></strong></span> <span class='ocrx_word' id='word_1_643' title='bbox 2623 2441 3043 2496; x_wconf 91' lang='lat' dir='ltr'><strong><em>monomachiam</em></strong></span> <span class='ocrx_word' id='word_1_644' title='bbox 3083 2443 3180 2499; x_wconf 90' lang='lat' dir='ltr'><strong><em>sibi</em></strong></span> <span class='ocrx_word' id='word_1_645' title='bbox 3217 2445 3444 2499; x_wconf 87' lang='lat' dir='ltr'><strong><em>oblatam</em></strong></span> <span class='ocrx_word' id='word_1_646' title='bbox 3485 2459 3517 2499; x_wconf 86' lang='lat' dir='ltr'><strong><em>a</em></strong></span> 
     </span>
    </p>
   </div>
   <div class='ocr_carea' id='block_1_85' title="bbox 1943 2529 3515 2603">
    <p class='ocr_par' dir='ltr' id='par_1_85' title="bbox 1943 2529 3515 2603">
     <span class='ocr_line' id='line_1_85' title="bbox 1943 2529 3515 2603; baseline 0.003 -19"><span class='ocrx_word' id='word_1_647' title='bbox 1943 2529 2149 2585; x_wconf 81' lang='lat' dir='ltr'><strong><em>Juliano</em></strong></span> <span class='ocrx_word' id='word_1_648' title='bbox 2173 2531 2397 2599; x_wconf 89' lang='lat' dir='ltr'><strong><em>attinet,</em></strong></span> <span class='ocrx_word' id='word_1_649' title='bbox 2436 2546 2553 2587; x_wconf 87' lang='lat' dir='ltr'><strong><em>eam</em></strong></span> <span class='ocrx_word' id='word_1_650' title='bbox 2588 2533 2701 2600; x_wconf 92' lang='lat' dir='ltr'><strong><em>ipse</em></strong></span> <span class='ocrx_word' id='word_1_651' title='bbox 2726 2547 3052 2602; x_wconf 86' lang='lat' dir='ltr'><strong><em>nequaquam</em></strong></span> <span class='ocrx_word' id='word_1_652' title='bbox 3084 2543 3229 2602; x_wconf 86' lang='lat' dir='ltr'><strong><em>putat</em></strong></span> <span class='ocrx_word' id='word_1_653' title='bbox 3251 2536 3515 2603; x_wconf 86' lang='lat' dir='ltr'><strong><em>accipien-</em></strong></span> 
     </span>
    </p>
   </div>
   <div class='ocr_carea' id='block_1_86' title="bbox 1943 2618 3515 2695">
    <p class='ocr_par' dir='ltr' id='par_1_86' title="bbox 1943 2618 3515 2695">
     <span class='ocr_line' id='line_1_86' title="bbox 1943 2618 3515 2695; baseline 0.003 -22"><span class='ocrx_word' id='word_1_654' title='bbox 1943 2618 2084 2674; x_wconf 89' lang='lat' dir='ltr'><strong><em>dam.</em></strong></span> <span class='ocrx_word' id='word_1_655' title='bbox 2118 2620 2279 2687; x_wconf 80' lang='lat' dir='ltr'><strong><em>Absit,</em></strong></span> <span class='ocrx_word' id='word_1_656' title='bbox 2312 2620 2515 2691; x_wconf 88' lang='lat' dir='ltr'><strong><em>inquit,</em></strong></span> <span class='ocrx_word' id='word_1_657' title='bbox 2543 2632 2597 2675; x_wconf 89' lang='lat' dir='ltr'><strong><em>ut</em></strong></span> <span class='ocrx_word' id='word_1_658' title='bbox 2633 2621 2757 2675; x_wconf 81' lang='lat' dir='ltr'><strong><em>mihi</em></strong></span> <span class='ocrx_word' id='word_1_659' title='bbox 2783 2622 2923 2692; x_wconf 89' lang='lat' dir='ltr'><strong><em>apud</em></strong></span> <span class='ocrx_word' id='word_1_660' title='bbox 2950 2622 3235 2678; x_wconf 84' lang='lat' dir='ltr'><strong><em>Catholicos</em></strong></span> <span class='ocrx_word' id='word_1_661' title='bbox 3266 2642 3515 2695; x_wconf 89' lang='lat' dir='ltr'><strong><em>arrogem,</em></strong></span> 
     </span>
    </p>
   </div>
   <div class='ocr_carea' id='block_1_87' title="bbox 1944 2711 3521 2785">
    <p class='ocr_par' dir='ltr' id='par_1_87' title="bbox 1944 2711 3521 2785">
     <span class='ocr_line' id='line_1_87' title="bbox 1944 2711 3521 2785; baseline 0.004 -21"><span class='ocrx_word' id='word_1_662' title='bbox 1944 2712 2078 2782; x_wconf 89' lang='lat' dir='ltr'><strong><em>quod</em></strong></span> <span class='ocrx_word' id='word_1_663' title='bbox 2099 2720 2145 2766; x_wconf 89' lang='lat' dir='ltr'><strong><em>te</em></strong></span> <span class='ocrx_word' id='word_1_664' title='bbox 2169 2712 2256 2766; x_wconf 93' lang='lat' dir='ltr'><strong><em>tibi</em></strong></span> <span class='ocrx_word' id='word_1_665' title='bbox 2279 2712 2417 2782; x_wconf 87' lang='lat' dir='ltr'><strong><em>apud</em></strong></span> <span class='ocrx_word' id='word_1_666' title='bbox 2440 2711 2745 2784; x_wconf 86' lang='lat' dir='ltr'><strong><em>Pelagianos</em></strong></span> <span class='ocrx_word' id='word_1_667' title='bbox 2785 2730 3025 2785; x_wconf 89' lang='lat' dir='ltr'><strong><em>arrogare</em></strong></span> <span class='ocrx_word' id='word_1_668' title='bbox 3048 2731 3147 2769; x_wconf 92' lang='lat' dir='ltr'><strong><em>non</em></strong></span> <span class='ocrx_word' id='word_1_669' title='bbox 3178 2716 3343 2785; x_wconf 87' lang='lat' dir='ltr'><strong><em>pudet.</em></strong></span> <span class='ocrx_word' id='word_1_670' title='bbox 3374 2715 3521 2772; x_wconf 89' lang='lat' dir='ltr'><strong><em>Unus</em></strong></span> 
     </span>
    </p>
   </div>
   <div class='ocr_carea' id='block_1_88' title="bbox 1945 2804 3520 2877">
    <p class='ocr_par' dir='ltr' id='par_1_88' title="bbox 1945 2804 3520 2877">
     <span class='ocr_line' id='line_1_88' title="bbox 1945 2804 3520 2877; baseline 0.004 -19"><span class='ocrx_word' id='word_1_671' title='bbox 1945 2819 2056 2858; x_wconf 84' lang='lat' dir='ltr'><strong><em>sum</em></strong></span> <span class='ocrx_word' id='word_1_672' title='bbox 2085 2820 2111 2858; x_wconf 89' lang='lat' dir='ltr'><strong><em>e</em></strong></span> <span class='ocrx_word' id='word_1_673' title='bbox 2138 2804 2328 2870; x_wconf 86' lang='lat' dir='ltr'><strong><em>multis,</em></strong></span> <span class='ocrx_word' id='word_1_674' title='bbox 2357 2805 2443 2876; x_wconf 89' lang='lat' dir='ltr'><strong><em>qui</em></strong></span> <span class='ocrx_word' id='word_1_675' title='bbox 2478 2808 2719 2877; x_wconf 81' lang='lat' dir='ltr'><strong><em>profanas</em></strong></span> <span class='ocrx_word' id='word_1_676' title='bbox 2748 2818 2933 2860; x_wconf 83' lang='lat' dir='ltr'><strong><em>vestras</em></strong></span> <span class='ocrx_word' id='word_1_677' title='bbox 2959 2806 3197 2861; x_wconf 85' lang='lat' dir='ltr'><strong><em>novitates</em></strong></span> <span class='ocrx_word' id='word_1_678' title='bbox 3216 2850 3230 2873; x_wconf 96' lang='lat'><strong><em>,</em></strong></span> <span class='ocrx_word' id='word_1_679' title='bbox 3262 2818 3314 2861; x_wconf 91' lang='lat' dir='ltr'><strong><em>ut</em></strong></span> <span class='ocrx_word' id='word_1_680' title='bbox 3339 2826 3520 2877; x_wconf 86' lang='lat' dir='ltr'><strong><em>possu-</em></strong></span> 
     </span>
    </p>
   </div>
   <div class='ocr_carea' id='block_1_89' title="bbox 1947 2898 3522 2970">
    <p class='ocr_par' dir='ltr' id='par_1_89' title="bbox 1947 2898 3522 2970">
     <span class='ocr_line' id='line_1_89' title="bbox 1947 2898 3522 2970; baseline 0.003 -20"><span class='ocrx_word' id='word_1_681' title='bbox 1947 2913 2087 2961; x_wconf 85' lang='lat' dir='ltr'><strong><em>mus.</em></strong></span> <span class='ocrx_word' id='word_1_682' title='bbox 2118 2900 2395 2967; x_wconf 73' lang='lat' dir='ltr'><strong><em>refutamus</em></strong></span> <span class='ocrx_word' id='word_1_683' title='bbox 2412 2940 2426 2963; x_wconf 95' lang='lat'><strong><em>,</em></strong></span> <span class='ocrx_word' id='word_1_684' title='bbox 2456 2899 2583 2952; x_wconf 87' lang='lat' dir='ltr'><strong><em>sicut</em></strong></span> <span class='ocrx_word' id='word_1_685' title='bbox 2607 2899 2873 2968; x_wconf 88' lang='lat' dir='ltr'><strong><em>unicuique</em></strong></span> <span class='ocrx_word' id='word_1_686' title='bbox 2900 2908 3123 2953; x_wconf 87' lang='lat' dir='ltr'><strong><em>nostram</em></strong></span> <span class='ocrx_word' id='word_1_687' title='bbox 3146 2898 3283 2955; x_wconf 88' lang='lat' dir='ltr'><strong><em>Deus</em></strong></span> <span class='ocrx_word' id='word_1_688' title='bbox 3308 2902 3522 2970; x_wconf 86' lang='lat' dir='ltr'><strong><em>partitus</em></strong></span> 
     </span>
    </p>
   </div>
   <div class='ocr_carea' id='block_1_90' title="bbox 1947 2988 3524 3061">
    <p class='ocr_par' dir='ltr' id='par_1_90' title="bbox 1947 2988 3524 3061">
     <span class='ocr_line' id='line_1_90' title="bbox 1947 2988 3524 3061; baseline 0.003 -19"><span class='ocrx_word' id='word_1_689' title='bbox 1947 2996 2019 3042; x_wconf 89' lang='lat' dir='ltr'><strong><em>est</em></strong></span> <span class='ocrx_word' id='word_1_690' title='bbox 2044 3004 2330 3043; x_wconf 84' lang='lat' dir='ltr'><strong><em>mensuram</em></strong></span> <span class='ocrx_word' id='word_1_691' title='bbox 2355 2989 2474 3058; x_wconf 78' lang='lat' dir='ltr'><strong><em>fidei</em></strong></span> <span class='ocrx_word' id='word_1_692' title='bbox 2498 2989 2681 3059; x_wconf 85' lang='lat' dir='ltr'><strong><em>(lbid.,</em></strong></span> <span class='ocrx_word' id='word_1_693' title='bbox 2706 2988 2793 3043; x_wconf 87' lang='lat' dir='ltr'><strong><em>lib.</em></strong></span> <span class='ocrx_word' id='word_1_694' title='bbox 2817 2989 2871 3053; x_wconf 86' lang='lat'><strong><em>6,</em></strong></span> <span class='ocrx_word' id='word_1_695' title='bbox 2895 3006 2947 3043; x_wconf 93' lang='lat' dir='ltr'><strong><em>n.</em></strong></span> <span class='ocrx_word' id='word_1_696' title='bbox 2967 2989 3079 3061; x_wconf 70' lang='lat'><strong><em>22).</em></strong></span> <span class='ocrx_word' id='word_1_697' title='bbox 3102 2990 3242 3045; x_wconf 82' lang='lat' dir='ltr'><strong><em>Absit</em></strong></span> <span class='ocrx_word' id='word_1_698' title='bbox 3257 3000 3311 3045; x_wconf 91' lang='lat' dir='ltr'><strong><em>ut</em></strong></span> <span class='ocrx_word' id='word_1_699' title='bbox 3330 2992 3397 3045; x_wconf 87' lang='lat' dir='ltr'><strong><em>ad</em></strong></span> <span class='ocrx_word' id='word_1_700' title='bbox 3416 3009 3524 3047; x_wconf 90' lang='lat' dir='ltr'><strong><em>mo-</em></strong></span> 
     </span>
    </p>
   </div>
   <div class='ocr_carea' id='block_1_91' title="bbox 1947 3080 3527 3154">
    <p class='ocr_par' dir='ltr' id='par_1_91' title="bbox 1947 3080 3527 3154">
     <span class='ocr_line' id='line_1_91' title="bbox 1947 3080 3527 3154; baseline 0.002 -21"><span class='ocrx_word' id='word_1_701' title='bbox 1947 3080 2263 3134; x_wconf 84' lang='lat' dir='ltr'><strong><em>nomachiam</em></strong></span> <span class='ocrx_word' id='word_1_702' title='bbox 2288 3097 2372 3134; x_wconf 84' lang='lat' dir='ltr'><strong><em>vos</em></strong></span> <span class='ocrx_word' id='word_1_703' title='bbox 2403 3096 2682 3151; x_wconf 81' lang='lat' dir='ltr'><strong><em>provocem,</em></strong></span> <span class='ocrx_word' id='word_1_704' title='bbox 2713 3096 2873 3149; x_wconf 86' lang='lat' dir='ltr'><strong><em>quos,</em></strong></span> <span class='ocrx_word' id='word_1_705' title='bbox 2903 3080 3196 3151; x_wconf 85' lang='lat' dir='ltr'><strong><em>ubicumque</em></strong></span> <span class='ocrx_word' id='word_1_706' title='bbox 3218 3082 3527 3154; x_wconf 47' lang='lat' dir='ltr'><strong><em>apparueri;</em></strong></span> 
     </span>
    </p>
   </div>
   <div class='ocr_carea' id='block_1_92' title="bbox 1948 3172 3524 3245">
    <p class='ocr_par' dir='ltr' id='par_1_92' title="bbox 1948 3172 3524 3245">
     <span class='ocr_line' id='line_1_92' title="bbox 1948 3172 3524 3245; baseline 0.002 -19"><span class='ocrx_word' id='word_1_707' title='bbox 1948 3174 2030 3240; x_wconf 88' lang='lat' dir='ltr'><strong><em>tis,</em></strong></span> <span class='ocrx_word' id='word_1_708' title='bbox 2061 3176 2241 3244; x_wconf 89' lang='lat' dir='ltr'><strong><em>ubique</em></strong></span> <span class='ocrx_word' id='word_1_709' title='bbox 2265 3172 2483 3241; x_wconf 72' lang='lat' dir='ltr'><strong><em>dilfusus</em></strong></span> <span class='ocrx_word' id='word_1_710' title='bbox 2507 3172 2694 3227; x_wconf 76' lang='lat' dir='ltr'><strong><em>Christi</em></strong></span> <span class='ocrx_word' id='word_1_711' title='bbox 2713 3172 2925 3226; x_wconf 86' lang='lat' dir='ltr'><strong><em>debellat</em></strong></span> <span class='ocrx_word' id='word_1_712' title='bbox 2945 3175 3220 3239; x_wconf 79' lang='lat' dir='ltr'><strong><em>exercitus;</em></strong></span> <span class='ocrx_word' id='word_1_713' title='bbox 3248 3176 3332 3245; x_wconf 88' lang='lat' dir='ltr'><strong><em>qui</em></strong></span> <span class='ocrx_word' id='word_1_714' title='bbox 3357 3175 3524 3229; x_wconf 80' lang='lat' dir='ltr'><strong><em>debel-</em></strong></span> 
     </span>
    </p>
   </div>
   <div class='ocr_carea' id='block_1_93' title="bbox 1949 3263 3525 3337">
    <p class='ocr_par' dir='ltr' id='par_1_93' title="bbox 1949 3263 3525 3337">
     <span class='ocr_line' id='line_1_93' title="bbox 1949 3263 3525 3337; baseline 0.002 -19"><span class='ocrx_word' id='word_1_715' title='bbox 1949 3265 2065 3319; x_wconf 78' lang='lat' dir='ltr'><strong><em>lauit</em></strong></span> <span class='ocrx_word' id='word_1_716' title='bbox 2089 3268 2228 3335; x_wconf 87' lang='lat' dir='ltr'><strong><em>apud</em></strong></span> <span class='ocrx_word' id='word_1_717' title='bbox 2256 3266 2612 3336; x_wconf 80' lang='lat' dir='ltr'><strong><em>Carthaginem</em></strong></span> <span class='ocrx_word' id='word_1_718' title='bbox 2632 3263 2937 3333; x_wconf 71' lang='lat' dir='ltr'><strong><em>Caelestium,</em></strong></span> <span class='ocrx_word' id='word_1_719' title='bbox 2958 3266 3158 3335; x_wconf 89' lang='lat' dir='ltr'><strong><em>quando</em></strong></span> <span class='ocrx_word' id='word_1_720' title='bbox 3178 3266 3283 3320; x_wconf 89' lang='lat' dir='ltr'><strong><em>illic</em></strong></span> <span class='ocrx_word' id='word_1_721' title='bbox 3302 3268 3409 3337; x_wconf 89' lang='lat' dir='ltr'><strong><em>ipse</em></strong></span> <span class='ocrx_word' id='word_1_722' title='bbox 3424 3285 3525 3321; x_wconf 91' lang='lat' dir='ltr'><strong><em>non</em></strong></span> 
     </span>
    </p>
   </div>
   <div class='ocr_carea' id='block_1_94' title="bbox 1949 3355 3527 3427">
    <p class='ocr_par' dir='ltr' id='par_1_94' title="bbox 1949 3355 3527 3427">
     <span class='ocr_line' id='line_1_94' title="bbox 1949 3355 3527 3427; baseline 0.001 -15"><span class='ocrx_word' id='word_1_723' title='bbox 1949 3374 2120 3425; x_wconf 84' lang='lat' dir='ltr'><strong><em>eram;</em></strong></span> <span class='ocrx_word' id='word_1_724' title='bbox 2149 3365 2197 3411; x_wconf 91' lang='lat' dir='ltr'><strong><em>et</em></strong></span> <span class='ocrx_word' id='word_1_725' title='bbox 2220 3373 2394 3412; x_wconf 88' lang='lat' dir='ltr'><strong><em>rursus</em></strong></span> <span class='ocrx_word' id='word_1_726' title='bbox 2421 3355 2872 3426; x_wconf 82' lang='lat' dir='ltr'><strong><em>Constantinopoli,</em></strong></span> <span class='ocrx_word' id='word_1_727' title='bbox 2897 3365 2999 3409; x_wconf 89' lang='lat' dir='ltr'><strong><em>tam</em></strong></span> <span class='ocrx_word' id='word_1_728' title='bbox 3018 3357 3164 3427; x_wconf 91' lang='lat' dir='ltr'><strong><em>longe</em></strong></span> <span class='ocrx_word' id='word_1_729' title='bbox 3188 3374 3219 3409; x_wconf 90' lang='lat' dir='ltr'><strong><em>a</em></strong></span> <span class='ocrx_word' id='word_1_730' title='bbox 3242 3357 3527 3427; x_wconf 82' lang='lat' dir='ltr'><strong><em>regionibus</em></strong></span> 
     </span>
    </p>
   </div>
   <div class='ocr_carea' id='block_1_95' title="bbox 1947 3444 3526 3521">
    <p class='ocr_par' dir='ltr' id='par_1_95' title="bbox 1947 3444 3526 3521">
     <span class='ocr_line' id='line_1_95' title="bbox 1947 3444 3526 3521; baseline 0 -19"><span class='ocrx_word' id='word_1_731' title='bbox 1947 3449 2201 3521; x_wconf 78' lang='lat' dir='ltr'><strong><em>Africanis</em></strong></span> <span class='ocrx_word' id='word_1_732' title='bbox 2223 3464 2242 3503; x_wconf 92' lang='lat'><strong><em>:</em></strong></span> <span class='ocrx_word' id='word_1_733' title='bbox 2264 3449 2351 3518; x_wconf 89' lang='lat' dir='ltr'><strong><em>qui</em></strong></span> <span class='ocrx_word' id='word_1_734' title='bbox 2378 3446 2638 3502; x_wconf 76' lang='lat' dir='ltr'><strong><em>debellauit</em></strong></span> <span class='ocrx_word' id='word_1_735' title='bbox 2677 3447 2731 3500; x_wconf 89' lang='lat' dir='ltr'><strong><em>in</em></strong></span> <span class='ocrx_word' id='word_1_736' title='bbox 2770 3444 3050 3501; x_wconf 75' lang='lat' dir='ltr'><strong><em>Palccstina</em></strong></span> <span class='ocrx_word' id='word_1_737' title='bbox 3089 3445 3355 3517; x_wconf 89' lang='lat' dir='ltr'><strong><em>Pelagium</em></strong></span> <span class='ocrx_word' id='word_1_738' title='bbox 3377 3486 3392 3509; x_wconf 91' lang='lat'><strong><em>,</em></strong></span> <span class='ocrx_word' id='word_1_739' title='bbox 3440 3448 3526 3502; x_wconf 86' lang='lat' dir='ltr'><strong><em>ubi</em></strong></span> 
     </span>
    </p>
   </div>
   <div class='ocr_carea' id='block_1_96' title="bbox 1948 3535 3524 3608">
    <p class='ocr_par' dir='ltr' id='par_1_96' title="bbox 1948 3535 3524 3608">
     <span class='ocr_line' id='line_1_96' title="bbox 1948 3535 3524 3608; baseline -0.001 -15"><span class='ocrx_word' id='word_1_740' title='bbox 1948 3557 2152 3593; x_wconf 85' lang='lat' dir='ltr'><strong><em>causam</em></strong></span> <span class='ocrx_word' id='word_1_741' title='bbox 2172 3548 2385 3595; x_wconf 83' lang='lat' dir='ltr'><strong><em>uestram</em></strong></span> <span class='ocrx_word' id='word_1_742' title='bbox 2402 3554 2509 3594; x_wconf 74' lang='lat' dir='ltr'><strong><em>sua:</em></strong></span> <span class='ocrx_word' id='word_1_743' title='bbox 2523 3537 2858 3592; x_wconf 88' lang='lat' dir='ltr'><strong><em>damnationis</em></strong></span> <span class='ocrx_word' id='word_1_744' title='bbox 2877 3538 3052 3590; x_wconf 91' lang='lat' dir='ltr'><strong><em>timore</em></strong></span> <span class='ocrx_word' id='word_1_745' title='bbox 3065 3536 3319 3591; x_wconf 70' lang='lat' dir='ltr'><strong><em>damnauit</em></strong></span> <span class='ocrx_word' id='word_1_746' title='bbox 3340 3535 3524 3608; x_wconf 88' lang='lat' dir='ltr'><strong><em>(Ibid.,</em></strong></span> 
     </span>
    </p>
   </div>
   <div class='ocr_carea' id='block_1_97' title="bbox 1951 3626 3528 3703">
    <p class='ocr_par' dir='ltr' id='par_1_97' title="bbox 1951 3626 3528 3703">
     <span class='ocr_line' id='line_1_97' title="bbox 1951 3626 3528 3703; baseline -0.003 -18"><span class='ocrx_word' id='word_1_747' title='bbox 1951 3632 2040 3685; x_wconf 88' lang='lat' dir='ltr'><strong><em>lib.</em></strong></span> <span class='ocrx_word' id='word_1_748' title='bbox 2064 3634 2117 3698; x_wconf 78' lang='lat'><strong><em>5,</em></strong></span> <span class='ocrx_word' id='word_1_749' title='bbox 2161 3649 2213 3684; x_wconf 88' lang='lat' dir='ltr'><strong><em>n.</em></strong></span> <span class='ocrx_word' id='word_1_750' title='bbox 2253 3628 2351 3703; x_wconf 73' lang='grc'><strong><em>4).</em></strong></span> <span class='ocrx_word' id='word_1_751' title='bbox 2406 3630 2463 3685; x_wconf 82' lang='grc' dir='ltr'><strong>1η</strong></span> <span class='ocrx_word' id='word_1_752' title='bbox 2502 3628 2674 3700; x_wconf 90' lang='lat' dir='ltr'><strong><em>primo</em></strong></span> <span class='ocrx_word' id='word_1_753' title='bbox 2703 3627 2838 3682; x_wconf 88' lang='lat' dir='ltr'><strong><em>libro</em></strong></span> <span class='ocrx_word' id='word_1_754' title='bbox 2871 3626 3177 3698; x_wconf 81' lang='lat' dir='ltr'><strong><em>Hieronymi</em></strong></span> <span class='ocrx_word' id='word_1_755' title='bbox 3214 3627 3528 3681; x_wconf 89' lang='lat' dir='ltr'><strong><em>commemi-</em></strong></span> 
     </span>
    </p>
   </div>
   <div class='ocr_carea' id='block_1_98' title="bbox 1950 3715 3522 3792">
    <p class='ocr_par' dir='ltr' id='par_1_98' title="bbox 1950 3715 3522 3792">
     <span class='ocr_line' id='line_1_98' title="bbox 1950 3715 3522 3792; baseline -0.003 -16"><span class='ocrx_word' id='word_1_756' title='bbox 1950 3722 2027 3776; x_wconf 90' lang='lat' dir='ltr'><strong><em>nit</em></strong></span> <span class='ocrx_word' id='word_1_757' title='bbox 2076 3731 2323 3792; x_wconf 85' lang='lat' dir='ltr'><strong><em>tanquam</em></strong></span> <span class='ocrx_word' id='word_1_758' title='bbox 2385 3719 2706 3775; x_wconf 89' lang='lat' dir='ltr'><strong><em>mortalitate</em></strong></span> <span class='ocrx_word' id='word_1_759' title='bbox 2762 3718 2871 3788; x_wconf 89' lang='lat' dir='ltr'><strong><em>jam</em></strong></span> <span class='ocrx_word' id='word_1_760' title='bbox 2935 3716 3168 3773; x_wconf 84' lang='lat' dir='ltr'><strong><em>defuncti</em></strong></span> <span class='ocrx_word' id='word_1_761' title='bbox 3210 3715 3421 3788; x_wconf 82' lang='lat' dir='ltr'><strong><em>(Ibid.,</em></strong></span> <span class='ocrx_word' id='word_1_762' title='bbox 3468 3734 3522 3771; x_wconf 90' lang='lat' dir='ltr'><strong><em>n.</em></strong></span> 
     </span>
    </p>
   </div>
   <div class='ocr_carea' id='block_1_99' title="bbox 1952 3807 3527 3883">
    <p class='ocr_par' dir='ltr' id='par_1_99' title="bbox 1952 3807 3527 3883">
     <span class='ocr_line' id='line_1_99' title="bbox 1952 3807 3527 3883; baseline -0.004 -16"><span class='ocrx_word' id='word_1_763' title='bbox 1952 3812 2082 3883; x_wconf 76' lang='grc'><strong>54).</strong></span> <span class='ocrx_word' id='word_1_764' title='bbox 2130 3812 2285 3881; x_wconf 81' lang='lat' dir='ltr'><strong><em>Atqui</em></strong></span> <span class='ocrx_word' id='word_1_765' title='bbox 2325 3818 2539 3866; x_wconf 89' lang='lat' dir='ltr'><strong><em>sanctus</em></strong></span> <span class='ocrx_word' id='word_1_766' title='bbox 2587 3808 2674 3863; x_wconf 91' lang='lat' dir='ltr'><strong><em>ille</em></strong></span> <span class='ocrx_word' id='word_1_767' title='bbox 2717 3808 2993 3878; x_wconf 86' lang='lat' dir='ltr'><strong><em>presbyter</em></strong></span> <span class='ocrx_word' id='word_1_768' title='bbox 3029 3807 3169 3863; x_wconf 91' lang='lat' dir='ltr'><strong><em>diem</em></strong></span> <span class='ocrx_word' id='word_1_769' title='bbox 3214 3807 3345 3862; x_wconf 84' lang='lat' dir='ltr'><strong><em>obiit</em></strong></span> <span class='ocrx_word' id='word_1_770' title='bbox 3385 3821 3527 3861; x_wconf 86' lang='lat' dir='ltr'><strong><em>anno</em></strong></span> 
     </span>
    </p>
   </div>
   <div class='ocr_carea' id='block_1_100' title="bbox 1952 3896 3530 3973">
    <p class='ocr_par' dir='ltr' id='par_1_100' title="bbox 1952 3896 3530 3973">
     <span class='ocr_line' id='line_1_100' title="bbox 1952 3896 3530 3973; baseline -0.004 -15"><span class='ocrx_word' id='word_1_771' title='bbox 1952 3911 2156 3958; x_wconf 90' lang='lat' dir='ltr'><strong><em>tantum</em></strong></span> <span class='ocrx_word' id='word_1_772' title='bbox 2200 3900 2720 3973; x_wconf 81' lang='lat' dir='ltr'><strong><em>quadringentesimo</em></strong></span> <span class='ocrx_word' id='word_1_773' title='bbox 2761 3899 3015 3968; x_wconf 86' lang='lat' dir='ltr'><strong><em>vigesimo</em></strong></span> <span class='ocrx_word' id='word_1_774' title='bbox 3068 3897 3236 3968; x_wconf 91' lang='lat' dir='ltr'><strong><em>pridie</em></strong></span> <span class='ocrx_word' id='word_1_775' title='bbox 3276 3896 3530 3953; x_wconf 86' lang='lat' dir='ltr'><strong><em>kalendas</em></strong></span> 
     </span>
    </p>
   </div>
   <div class='ocr_carea' id='block_1_101' title="bbox 1955 3987 3529 4065">
    <p class='ocr_par' dir='ltr' id='par_1_101' title="bbox 1955 3987 3529 4065">
     <span class='ocr_line' id='line_1_101' title="bbox 1955 3987 3529 4065; baseline -0.006 -14"><span class='ocrx_word' id='word_1_776' title='bbox 1955 3996 2189 4051; x_wconf 86' lang='lat' dir='ltr'><strong><em>octobris</em></strong></span> <span class='ocrx_word' id='word_1_777' title='bbox 2218 4014 2230 4050; x_wconf 91' lang='lat'><strong>:</strong></span> <span class='ocrx_word' id='word_1_778' title='bbox 2261 4009 2365 4065; x_wconf 87' lang='lat' dir='ltr'><strong><em>quo</em></strong></span> <span class='ocrx_word' id='word_1_779' title='bbox 2394 3994 2473 4059; x_wconf 82' lang='lat' dir='ltr'><strong><em>tit,</em></strong></span> <span class='ocrx_word' id='word_1_780' title='bbox 2502 4002 2558 4046; x_wconf 94' lang='lat' dir='ltr'><strong><em>ut</em></strong></span> <span class='ocrx_word' id='word_1_781' title='bbox 2583 3992 2745 4047; x_wconf 88' lang='lat' dir='ltr'><strong><em>hosce</em></strong></span> <span class='ocrx_word' id='word_1_782' title='bbox 2772 3991 2934 4045; x_wconf 87' lang='lat' dir='ltr'><strong><em>libros</em></strong></span> <span class='ocrx_word' id='word_1_783' title='bbox 2966 3991 3017 4043; x_wconf 93' lang='lat' dir='ltr'><strong><em>in</em></strong></span> <span class='ocrx_word' id='word_1_784' title='bbox 3042 4005 3239 4044; x_wconf 88' lang='lat' dir='ltr'><strong><em>annum</em></strong></span> <span class='ocrx_word' id='word_1_785' title='bbox 3272 3987 3529 4060; x_wconf 88' lang='lat' dir='ltr'><strong><em>quadrin-</em></strong></span> 
     </span>
    </p>
   </div>
   <div class='ocr_carea' id='block_1_102' title="bbox 1957 4080 3531 4157">
    <p class='ocr_par' dir='ltr' id='par_1_102' title="bbox 1957 4080 3531 4157">
     <span class='ocr_line' id='line_1_102' title="bbox 1957 4080 3531 4157; baseline -0.005 -15"><span class='ocrx_word' id='word_1_786' title='bbox 1957 4089 2308 4157; x_wconf 86' lang='lat' dir='ltr'><strong><em>gentesimum</em></strong></span> <span class='ocrx_word' id='word_1_787' title='bbox 2351 4085 2662 4156; x_wconf 89' lang='lat' dir='ltr'><strong><em>vigesimum</em></strong></span> <span class='ocrx_word' id='word_1_788' title='bbox 2714 4084 2942 4154; x_wconf 89' lang='lat' dir='ltr'><strong><em>primum</em></strong></span> <span class='ocrx_word' id='word_1_789' title='bbox 2984 4080 3185 4138; x_wconf 86' lang='lat' dir='ltr'><strong><em>referre</em></strong></span> <span class='ocrx_word' id='word_1_790' title='bbox 3223 4096 3327 4138; x_wconf 90' lang='lat' dir='ltr'><strong><em>non</em></strong></span> <span class='ocrx_word' id='word_1_791' title='bbox 3374 4080 3531 4136; x_wconf 88' lang='lat' dir='ltr'><strong><em>dubi-</em></strong></span> 
     </span>
    </p>
   </div>
   <div class='ocr_carea' id='block_1_103' title="bbox 1954 4186 2144 4234">
    <p class='ocr_par' dir='ltr' id='par_1_103' title="bbox 1954 4186 2144 4234">
     <span class='ocr_line' id='line_1_103' title="bbox 1954 4186 2144 4234; baseline -0.021 0"><span class='ocrx_word' id='word_1_792' title='bbox 1954 4186 2144 4234; x_wconf 86' lang='lat' dir='ltr'><strong><em>temus.</em></strong></span> 
     </span>
    </p>
   </div>
   <div class='ocr_carea' id='block_1_104' title="bbox 2032 4262 3533 4333">
    <p class='ocr_par' dir='ltr' id='par_1_104' title="bbox 2032 4262 3533 4333">
     <span class='ocr_line' id='line_1_104' title="bbox 2032 4262 3533 4333; baseline -0.003 -10"><span class='ocrx_word' id='word_1_793' title='bbox 2032 4269 2085 4323; x_wconf 88' lang='lat'><strong><em>5.</em></strong></span> <span class='ocrx_word' id='word_1_794' title='bbox 2108 4266 2457 4322; x_wconf 77' lang='lat' dir='ltr'><strong><em>Consentium</em></strong></span> <span class='ocrx_word' id='word_1_795' title='bbox 2489 4266 2626 4319; x_wconf 90' lang='lat' dir='ltr'><strong><em>inter</em></strong></span> <span class='ocrx_word' id='word_1_796' title='bbox 2649 4278 2708 4320; x_wconf 90' lang='lat' dir='ltr'><strong><em>se</em></strong></span> <span class='ocrx_word' id='word_1_797' title='bbox 2737 4262 3141 4333; x_wconf 86' lang='lat' dir='ltr'><strong><em>ehronographi,</em></strong></span> <span class='ocrx_word' id='word_1_798' title='bbox 3168 4262 3533 4318; x_wconf 85' lang='lat' dir='ltr'><strong><em>Constantium</em></strong></span> 
     </span>
    </p>
   </div>
   <div class='ocr_carea' id='block_1_105' title="bbox 1962 4352 3536 4428">
    <p class='ocr_par' dir='ltr' id='par_1_105' title="bbox 1962 4352 3536 4428">
     <span class='ocr_line' id='line_1_105' title="bbox 1962 4352 3536 4428; baseline -0.004 -16"><span class='ocrx_word' id='word_1_799' title='bbox 1962 4358 2338 4428; x_wconf 89' lang='lat' dir='ltr'><strong><em>imperatorem</em></strong></span> <span class='ocrx_word' id='word_1_800' title='bbox 2379 4355 2595 4410; x_wconf 91' lang='lat' dir='ltr'><strong><em>Honorii</em></strong></span> <span class='ocrx_word' id='word_1_801' title='bbox 2644 4355 2866 4409; x_wconf 90' lang='lat' dir='ltr'><strong><em>levirum</em></strong></span> <span class='ocrx_word' id='word_1_802' title='bbox 2896 4367 2927 4408; x_wconf 90' lang='lat' dir='ltr'><strong><em>e</em></strong></span> <span class='ocrx_word' id='word_1_803' title='bbox 2956 4354 3058 4406; x_wconf 85' lang='lat' dir='ltr'><strong><em>vita</em></strong></span> <span class='ocrx_word' id='word_1_804' title='bbox 3093 4352 3195 4408; x_wconf 92' lang='lat' dir='ltr'><strong><em>hoe</em></strong></span> <span class='ocrx_word' id='word_1_805' title='bbox 3233 4369 3371 4406; x_wconf 90' lang='lat' dir='ltr'><strong><em>anno</em></strong></span> <span class='ocrx_word' id='word_1_806' title='bbox 3405 4369 3536 4423; x_wconf 85' lang='lat' dir='ltr'><strong><em>qua-</em></strong></span> 
     </span>
    </p>
   </div>
   <div class='ocr_carea' id='block_1_106' title="bbox 1964 4446 3535 4518">
    <p class='ocr_par' dir='ltr' id='par_1_106' title="bbox 1964 4446 3535 4518">
     <span class='ocr_line' id='line_1_106' title="bbox 1964 4446 3535 4518; baseline -0.003 -14"><span class='ocrx_word' id='word_1_807' title='bbox 1964 4448 2380 4518; x_wconf 88' lang='lat' dir='ltr'><strong><em>dringentesimo</em></strong></span> <span class='ocrx_word' id='word_1_808' title='bbox 2404 4448 2653 4516; x_wconf 81' lang='lat' dir='ltr'><strong><em>vigesimo</em></strong></span> <span class='ocrx_word' id='word_1_809' title='bbox 2681 4446 2849 4515; x_wconf 91' lang='lat' dir='ltr'><strong><em>primo</em></strong></span> <span class='ocrx_word' id='word_1_810' title='bbox 2869 4446 3145 4515; x_wconf 88' lang='lat' dir='ltr'><strong><em>migrasse,</em></strong></span> <span class='ocrx_word' id='word_1_811' title='bbox 3175 4461 3296 4499; x_wconf 90' lang='lat' dir='ltr'><strong><em>cum</em></strong></span> <span class='ocrx_word' id='word_1_812' title='bbox 3317 4447 3535 4500; x_wconf 89' lang='lat' dir='ltr'><strong><em>omnino</em></strong></span> 
     </span>
    </p>
   </div>
   <div class='ocr_carea' id='block_1_107' title="bbox 1964 4536 3535 4608">
    <p class='ocr_par' dir='ltr' id='par_1_107' title="bbox 1964 4536 3535 4608">
     <span class='ocr_line' id='line_1_107' title="bbox 1964 4536 3535 4608; baseline -0.002 -14"><span class='ocrx_word' id='word_1_813' title='bbox 1964 4555 2061 4595; x_wconf 79' lang='lat' dir='ltr'><strong><em>sex</em></strong></span> <span class='ocrx_word' id='word_1_814' title='bbox 2090 4554 2305 4594; x_wconf 86' lang='lat' dir='ltr'><strong><em>menses</em></strong></span> <span class='ocrx_word' id='word_1_815' title='bbox 2333 4539 2663 4607; x_wconf 88' lang='lat' dir='ltr'><strong><em>imperasset.</em></strong></span> <span class='ocrx_word' id='word_1_816' title='bbox 2695 4537 2919 4606; x_wconf 88' lang='lat' dir='ltr'><strong><em>septimo</em></strong></span> <span class='ocrx_word' id='word_1_817' title='bbox 2944 4537 3233 4591; x_wconf 86' lang='lat' dir='ltr'><strong><em>secundum</em></strong></span> <span class='ocrx_word' id='word_1_818' title='bbox 3260 4536 3535 4608; x_wconf 86' lang='lat' dir='ltr'><strong><em>Olympio-</em></strong></span> 
     </span>
    </p>
   </div>
   <div class='ocr_carea' id='block_1_108' title="bbox 1961 4627 3536 4697">
    <p class='ocr_par' dir='ltr' id='par_1_108' title="bbox 1961 4627 3536 4697">
     <span class='ocr_line' id='line_1_108' title="bbox 1961 4627 3536 4697; baseline -0.005 -12"><span class='ocrx_word' id='word_1_819' title='bbox 1961 4629 2151 4685; x_wconf 86' lang='lat' dir='ltr'><strong><em>dorum</em></strong></span> <span class='ocrx_word' id='word_1_820' title='bbox 2173 4629 2322 4684; x_wconf 91' lang='lat' dir='ltr'><strong><em>inito.</em></strong></span> <span class='ocrx_word' id='word_1_821' title='bbox 2355 4628 2518 4697; x_wconf 87' lang='lat' dir='ltr'><strong><em>Hujus</em></strong></span> <span class='ocrx_word' id='word_1_822' title='bbox 2547 4629 2681 4680; x_wconf 90' lang='lat' dir='ltr'><strong><em>inter</em></strong></span> <span class='ocrx_word' id='word_1_823' title='bbox 2705 4628 2826 4693; x_wconf 89' lang='lat' dir='ltr'><strong><em>alia,</em></strong></span> <span class='ocrx_word' id='word_1_824' title='bbox 2855 4644 2971 4696; x_wconf 63' lang='lat' dir='ltr'><strong><em>qm!)</em></strong></span> <span class='ocrx_word' id='word_1_825' title='bbox 2992 4628 3071 4680; x_wconf 91' lang='lat' dir='ltr'><strong><em>sui</em></strong></span> <span class='ocrx_word' id='word_1_826' title='bbox 3098 4642 3217 4696; x_wconf 82' lang='lat' dir='ltr'><strong><em>erga</em></strong></span> <span class='ocrx_word' id='word_1_827' title='bbox 3246 4627 3536 4681; x_wconf 71' lang='lat' dir='ltr'><strong><em>Ecclesium</em></strong></span> 
     </span>
    </p>
   </div>
   <div class='ocr_carea' id='block_1_109' title="bbox 1964 4714 3534 4787">
    <p class='ocr_par' dir='ltr' id='par_1_109' title="bbox 1964 4714 3534 4787">
     <span class='ocr_line' id='line_1_109' title="bbox 1964 4714 3534 4787; baseline -0.004 -14"><span class='ocrx_word' id='word_1_828' title='bbox 1964 4721 2171 4776; x_wconf 88' lang='lat' dir='ltr'><strong><em>ardoris</em></strong></span> <span class='ocrx_word' id='word_1_829' title='bbox 2201 4718 2413 4787; x_wconf 83' lang='lat' dir='ltr'><strong><em>reliquit</em></strong></span> <span class='ocrx_word' id='word_1_830' title='bbox 2432 4728 2790 4783; x_wconf 88' lang='lat' dir='ltr'><strong><em>monumenta,</em></strong></span> <span class='ocrx_word' id='word_1_831' title='bbox 2814 4726 2984 4770; x_wconf 72' lang='lat' dir='ltr'><strong><em>exstat</em></strong></span> <span class='ocrx_word' id='word_1_832' title='bbox 3008 4718 3317 4785; x_wconf 80' lang='lat' dir='ltr'><strong><em>rescriptum</em></strong></span> <span class='ocrx_word' id='word_1_833' title='bbox 3340 4716 3403 4768; x_wconf 83' lang='lat' dir='ltr'><strong><em>ad</em></strong></span> <span class='ocrx_word' id='word_1_834' title='bbox 3429 4714 3534 4769; x_wconf 79' lang='lat' dir='ltr'><strong><em>Vo-</em></strong></span> 
     </span>
    </p>
   </div>
   <div class='ocr_carea' id='block_1_110' title="bbox 1967 4807 3538 4879">
    <p class='ocr_par' dir='ltr' id='par_1_110' title="bbox 1967 4807 3538 4879">
     <span class='ocr_line' id='line_1_110' title="bbox 1967 4807 3538 4879; baseline -0.004 -14"><span class='ocrx_word' id='word_1_835' title='bbox 1967 4812 2232 4867; x_wconf 89' lang='lat' dir='ltr'><strong><em>lnsianum</em></strong></span> <span class='ocrx_word' id='word_1_836' title='bbox 2264 4807 2567 4879; x_wconf 64' lang='lat' dir='ltr'><strong><em>praefectum</em></strong></span> <span class='ocrx_word' id='word_1_837' title='bbox 2603 4807 2764 4872; x_wconf 88' lang='lat' dir='ltr'><strong><em>Urbi,</em></strong></span> <span class='ocrx_word' id='word_1_838' title='bbox 2816 4817 2871 4861; x_wconf 92' lang='lat' dir='ltr'><strong><em>ut</em></strong></span> <span class='ocrx_word' id='word_1_839' title='bbox 2915 4808 3079 4861; x_wconf 72' lang='lat' dir='ltr'><strong><em>Roma</em></strong></span> <span class='ocrx_word' id='word_1_840' title='bbox 3115 4808 3336 4875; x_wconf 84' lang='lat' dir='ltr'><strong><em>pellatur</em></strong></span> <span class='ocrx_word' id='word_1_841' title='bbox 3365 4807 3538 4861; x_wconf 69' lang='lat' dir='ltr'><strong><em>(Itale-</em></strong></span> 
     </span>
    </p>
   </div>
   <div class='ocr_carea' id='block_1_111' title="bbox 1968 4897 3535 4969">
    <p class='ocr_par' dir='ltr' id='par_1_111' title="bbox 1968 4897 3535 4969">
     <span class='ocr_line' id='line_1_111' title="bbox 1968 4897 3535 4969; baseline -0.004 -13"><span class='ocrx_word' id='word_1_842' title='bbox 1968 4903 2117 4956; x_wconf 85' lang='lat' dir='ltr'><strong><em>stius.</em></strong></span> <span class='ocrx_word' id='word_1_843' title='bbox 2165 4899 2261 4955; x_wconf 85' lang='lat' dir='ltr'><strong><em>Cui</em></strong></span> <span class='ocrx_word' id='word_1_844' title='bbox 2311 4900 2569 4969; x_wconf 78' lang='lat' dir='ltr'><strong><em>rescriptu</em></strong></span> <span class='ocrx_word' id='word_1_845' title='bbox 2625 4898 2939 4953; x_wconf 76' lang='lat' dir='ltr'><strong><em>Volusianus</em></strong></span> <span class='ocrx_word' id='word_1_846' title='bbox 2984 4899 3354 4966; x_wconf 73' lang='lat' dir='ltr'><strong><em>obtemperans</em></strong></span> <span class='ocrx_word' id='word_1_847' title='bbox 3390 4897 3535 4965; x_wconf 80' lang='lat' dir='ltr'><strong><em>jubet</em></strong></span> 
     </span>
    </p>
   </div>
   <div class='ocr_carea' id='block_1_112' title="bbox 1974 4989 3509 5062">
    <p class='ocr_par' dir='ltr' id='par_1_112' title="bbox 1974 4989 3509 5062">
     <span class='ocr_line' id='line_1_112' title="bbox 1974 4989 3509 5062; baseline -0.005 -15"><span class='ocrx_word' id='word_1_848' title='bbox 1974 4993 2302 5059; x_wconf 60' lang='lat' dir='ltr'><strong><em>(Tmlestium,</em></strong></span> <span class='ocrx_word' id='word_1_849' title='bbox 2331 5007 2486 5062; x_wconf 87' lang='lat' dir='ltr'><strong><em>quem</em></strong></span> <span class='ocrx_word' id='word_1_850' title='bbox 2518 4991 2708 5045; x_wconf 69' lang='lat' dir='ltr'><strong><em>divina:</em></strong></span> <span class='ocrx_word' id='word_1_851' title='bbox 2734 4990 2851 5044; x_wconf 81' lang='lat' dir='ltr'><strong><em>fidei</em></strong></span> <span class='ocrx_word' id='word_1_852' title='bbox 2878 5002 2929 5042; x_wconf 88' lang='lat' dir='ltr'><strong><em>et</em></strong></span> <span class='ocrx_word' id='word_1_853' title='bbox 2954 4990 3139 5057; x_wconf 82' lang='lat' dir='ltr'><strong><em>quietis</em></strong></span> <span class='ocrx_word' id='word_1_854' title='bbox 3172 4989 3387 5056; x_wconf 69' lang='lat' dir='ltr'><strong><em>puliliem</em></strong></span> <span class='ocrx_word' id='word_1_855' title='bbox 3418 5004 3509 5056; x_wconf 87' lang='lat' dir='ltr'><strong><em>per</em></strong></span> 
     </span>
    </p>
   </div>
   <div class='ocr_carea' id='block_1_113' title="bbox 1977 5080 3542 5155">
    <p class='ocr_par' dir='ltr' id='par_1_113' title="bbox 1977 5080 3542 5155">
     <span class='ocr_line' id='line_1_113' title="bbox 1977 5080 3542 5155; baseline -0.004 -14"><span class='ocrx_word' id='word_1_856' title='bbox 1977 5089 2298 5142; x_wconf 80' lang='lat' dir='ltr'><strong><em>turbatorem</em></strong></span> <span class='ocrx_word' id='word_1_857' title='bbox 2321 5087 2571 5155; x_wconf 89' lang='lat' dir='ltr'><strong><em>appellat,</em></strong></span> <span class='ocrx_word' id='word_1_858' title='bbox 2602 5084 2765 5136; x_wconf 77' lang='lat' dir='ltr'><strong><em>Ruina</em></strong></span> <span class='ocrx_word' id='word_1_859' title='bbox 2788 5091 2942 5150; x_wconf 85' lang='lat' dir='ltr'><strong><em>atque</em></strong></span> <span class='ocrx_word' id='word_1_860' title='bbox 2965 5082 3105 5134; x_wconf 86' lang='lat' dir='ltr'><strong><em>onmi</em></strong></span> <span class='ocrx_word' id='word_1_861' title='bbox 3135 5080 3298 5134; x_wconf 85' lang='lat' dir='ltr'><strong><em>vicina</em></strong></span> <span class='ocrx_word' id='word_1_862' title='bbox 3328 5081 3542 5149; x_wconf 68' lang='lat' dir='ltr'><strong><em>regione</em></strong></span> 
     </span>
    </p>
   </div>
   <div class='ocr_carea' id='block_1_114' title="bbox 1971 5172 3541 5249">
    <p class='ocr_par' dir='ltr' id='par_1_114' title="bbox 1971 5172 3541 5249">
     <span class='ocr_line' id='line_1_114' title="bbox 1971 5172 3541 5249; baseline -0.005 -15"><span class='ocrx_word' id='word_1_863' title='bbox 1971 5180 2258 5243; x_wconf 86' lang='lat' dir='ltr'><strong><em>exturbari,</em></strong></span> <span class='ocrx_word' id='word_1_864' title='bbox 2290 5177 2688 5249; x_wconf 70' lang='lat' dir='ltr'><strong><em>proscriptiunis</em></strong></span> <span class='ocrx_word' id='word_1_865' title='bbox 2718 5190 2867 5243; x_wconf 74' lang='lat' dir='ltr'><strong><em>poma</em></strong></span> <span class='ocrx_word' id='word_1_866' title='bbox 2900 5172 3020 5237; x_wconf 85' lang='lat' dir='ltr'><strong><em>illis,</em></strong></span> <span class='ocrx_word' id='word_1_867' title='bbox 3048 5173 3136 5241; x_wconf 87' lang='lat' dir='ltr'><strong><em>qui</em></strong></span> <span class='ocrx_word' id='word_1_868' title='bbox 3176 5172 3418 5226; x_wconf 74' lang='lat' dir='ltr'><strong><em>emndem</em></strong></span> <span class='ocrx_word' id='word_1_869' title='bbox 3449 5189 3541 5227; x_wconf 83' lang='lat' dir='ltr'><strong><em>oc—</em></strong></span> 
     </span>
    </p>
   </div>
   <div class='ocr_carea' id='block_1_115' title="bbox 1972 5262 3538 5335">
    <p class='ocr_par' dir='ltr' id='par_1_115' title="bbox 1972 5262 3538 5335">
     <span class='ocr_line' id='line_1_115' title="bbox 1972 5262 3538 5335; baseline -0.006 -10"><span class='ocrx_word' id='word_1_870' title='bbox 1972 5271 2305 5335; x_wconf 81' lang='lat' dir='ltr'><strong><em>cultavcrint,</em></strong></span> <span class='ocrx_word' id='word_1_871' title='bbox 2336 5271 2609 5321; x_wconf 85' lang='lat' dir='ltr'><strong><em>intentata.</em></strong></span> <span class='ocrx_word' id='word_1_872' title='bbox 2644 5265 2752 5319; x_wconf 72' lang='lat' dir='ltr'><strong><em>Sub</em></strong></span> <span class='ocrx_word' id='word_1_873' title='bbox 2772 5262 3002 5331; x_wconf 81' lang='lat' dir='ltr'><strong><em>ejusdem</em></strong></span> <span class='ocrx_word' id='word_1_874' title='bbox 3028 5262 3273 5330; x_wconf 81' lang='lat' dir='ltr'><strong><em>principis</em></strong></span> <span class='ocrx_word' id='word_1_875' title='bbox 3304 5263 3538 5331; x_wconf 44' lang='lat' dir='ltr'><strong><em>imperio,</em></strong></span> 
     </span>
    </p>
   </div>
   <div class='ocr_carea' id='block_1_116' title="bbox 1975 5352 3547 5415">
    <p class='ocr_par' dir='ltr' id='par_1_116' title="bbox 1975 5352 3547 5415">
     <span class='ocr_line' id='line_1_116' title="bbox 1975 5352 3547 5415; baseline -0.003 -2"><span class='ocrx_word' id='word_1_876' title='bbox 1975 5362 2217 5415; x_wconf 82' lang='lat' dir='ltr'><strong><em>tribunus</em></strong></span> <span class='ocrx_word' id='word_1_877' title='bbox 2262 5360 2475 5414; x_wconf 84' lang='lat' dir='ltr'><strong><em>nomine</em></strong></span> <span class='ocrx_word' id='word_1_878' title='bbox 2522 5356 2690 5411; x_wconf 82' lang='lat' dir='ltr'><strong><em>Ursus</em></strong></span> <span class='ocrx_word' id='word_1_879' title='bbox 2731 5353 2904 5407; x_wconf 89' lang='lat' dir='ltr'><strong><em>omnia</em></strong></span> <span class='ocrx_word' id='word_1_880' title='bbox 2951 5352 3168 5406; x_wconf 64' lang='lat' dir='ltr'><strong><em>aedilicia</em></strong></span> <span class='ocrx_word' id='word_1_881' title='bbox 3220 5355 3547 5408; x_wconf 83' lang='lat' dir='ltr'><strong><em>celeberrimi</em></strong></span> 
     </span>
    </p>
   </div>
   <div class='ocr_carea' id='block_1_117' title="bbox 1975 5445 3547 5520">
    <p class='ocr_par' dir='ltr' id='par_1_117' title="bbox 1975 5445 3547 5520">
     <span class='ocr_line' id='line_1_117' title="bbox 1975 5445 3547 5520; baseline -0.003 -13"><span class='ocrx_word' id='word_1_882' title='bbox 1975 5453 2153 5520; x_wconf 90' lang='lat' dir='ltr'><strong><em>templi</em></strong></span> <span class='ocrx_word' id='word_1_883' title='bbox 2181 5450 2424 5507; x_wconf 72' lang='lat' dir='ltr'><strong><em>leestis</em></strong></span> <span class='ocrx_word' id='word_1_884' title='bbox 2445 5449 2562 5503; x_wconf 71' lang='lat' dir='ltr'><strong><em>dem</em></strong></span> <span class='ocrx_word' id='word_1_885' title='bbox 2593 5445 3081 5515; x_wconf 82' lang='lat' dir='ltr'><strong><em>Carthaginensimn</em></strong></span> <span class='ocrx_word' id='word_1_886' title='bbox 3113 5445 3176 5498; x_wconf 87' lang='lat' dir='ltr'><strong><em>ad</em></strong></span> <span class='ocrx_word' id='word_1_887' title='bbox 3211 5445 3547 5503; x_wconf 80' lang='lat' dir='ltr'><strong><em>fundamenta</em></strong></span> 
     </span>
    </p>
   </div>
   <div class='ocr_carea' id='block_1_118' title="bbox 1978 5534 3583 5612">
    <p class='ocr_par' dir='ltr' id='par_1_118' title="bbox 1978 5534 3583 5612">
     <span class='ocr_line' id='line_1_118' title="bbox 1978 5534 3583 5612; baseline -0.002 -14"><span class='ocrx_word' id='word_1_888' title='bbox 1978 5558 2141 5612; x_wconf 90' lang='lat' dir='ltr'><strong><em>usque</em></strong></span> <span class='ocrx_word' id='word_1_889' title='bbox 2168 5542 2361 5604; x_wconf 91' lang='lat' dir='ltr'><strong><em>diruit,</em></strong></span> <span class='ocrx_word' id='word_1_890' title='bbox 2391 5556 2453 5593; x_wconf 89' lang='lat' dir='ltr'><strong><em>ac</em></strong></span> <span class='ocrx_word' id='word_1_891' title='bbox 2481 5539 2653 5593; x_wconf 83' lang='lat' dir='ltr'><strong><em>solum</em></strong></span> <span class='ocrx_word' id='word_1_892' title='bbox 2691 5536 2828 5590; x_wconf 85' lang='lat' dir='ltr'><strong><em>illius</em></strong></span> <span class='ocrx_word' id='word_1_893' title='bbox 2855 5534 3172 5604; x_wconf 81' lang='lat' dir='ltr'><strong><em>sepeliendis</em></strong></span> <span class='ocrx_word' id='word_1_894' title='bbox 3204 5538 3424 5591; x_wconf 88' lang='lat' dir='ltr'><strong><em>mortuis</em></strong></span> <span class='ocrx_word' id='word_1_895' title='bbox 3460 5538 3550 5594; x_wconf 85' lang='lat' dir='ltr'><strong><em>dc-</em></strong></span> <span class='ocrx_word' id='word_1_896' title='bbox 3582 5602 3583 5605; x_wconf 25' lang='grc' dir='ltr'><strong>η</strong></span> 
     </span>
    </p>
   </div>
   <div class='ocr_carea' id='block_1_119' title="bbox 1976 5626 3548 5705">
    <p class='ocr_par' dir='ltr' id='par_1_119' title="bbox 1976 5626 3548 5705">
     <span class='ocr_line' id='line_1_119' title="bbox 1976 5626 3548 5705; baseline -0.004 -15"><span class='ocrx_word' id='word_1_897' title='bbox 1976 5632 2187 5690; x_wconf 87' lang='lat' dir='ltr'><strong><em>stinavit</em></strong></span> <span class='ocrx_word' id='word_1_898' title='bbox 2217 5629 2483 5705; x_wconf 86' lang='lat' dir='ltr'><strong><em>(Prosper,</em></strong></span> <span class='ocrx_word' id='word_1_899' title='bbox 2512 5629 2574 5682; x_wconf 89' lang='lat' dir='ltr'><strong><em>de</em></strong></span> <span class='ocrx_word' id='word_1_900' title='bbox 2600 5626 3067 5692; x_wconf 71' lang='lat' dir='ltr'><strong><em>Prtedestinatione,</em></strong></span> <span class='ocrx_word' id='word_1_901' title='bbox 3097 5626 3184 5680; x_wconf 91' lang='lat' dir='ltr'><strong><em>lib.</em></strong></span> <span class='ocrx_word' id='word_1_902' title='bbox 3209 5626 3261 5693; x_wconf 73' lang='grc' dir='ltr'><strong>ὅ,</strong></span> <span class='ocrx_word' id='word_1_903' title='bbox 3290 5644 3403 5697; x_wconf 86' lang='lat' dir='ltr'><strong><em>cap.</em></strong></span> <span class='ocrx_word' id='word_1_904' title='bbox 3435 5626 3548 5701; x_wconf 77' lang='grc'><strong>58).</strong></span> 
     </span>
    </p>
   </div>
   <div class='ocr_carea' id='block_1_120' title="bbox 1977 5715 3552 5793">
    <p class='ocr_par' dir='ltr' id='par_1_120' title="bbox 1977 5715 3552 5793">
     <span class='ocr_line' id='line_1_120' title="bbox 1977 5715 3552 5793; baseline -0.004 -14"><span class='ocrx_word' id='word_1_905' title='bbox 1977 5723 2102 5780; x_wconf 64' lang='lat' dir='ltr'><strong><em>Haec</em></strong></span> <span class='ocrx_word' id='word_1_906' title='bbox 2138 5722 2278 5778; x_wconf 67' lang='lat' dir='ltr'><strong><em>aedes</em></strong></span> <span class='ocrx_word' id='word_1_907' title='bbox 2311 5722 2420 5793; x_wconf 83' lang='lat' dir='ltr'><strong><em>jam</em></strong></span> <span class='ocrx_word' id='word_1_908' title='bbox 2463 5720 2635 5776; x_wconf 84' lang='lat' dir='ltr'><strong><em>fuerat</em></strong></span> <span class='ocrx_word' id='word_1_909' title='bbox 2678 5717 2988 5775; x_wconf 80' lang='lat' dir='ltr'><strong><em>Christianis</em></strong></span> <span class='ocrx_word' id='word_1_910' title='bbox 3016 5715 3235 5781; x_wconf 82' lang='lat' dir='ltr'><strong><em>tradita,</em></strong></span> <span class='ocrx_word' id='word_1_911' title='bbox 3265 5732 3469 5772; x_wconf 88' lang='lat' dir='ltr'><strong><em>necnon</em></strong></span> <span class='ocrx_word' id='word_1_912' title='bbox 3498 5720 3552 5773; x_wconf 92' lang='lat' dir='ltr'><strong><em>in</em></strong></span> 
     </span>
    </p>
   </div>
   <div class='ocr_carea' id='block_1_121' title="bbox 1981 5807 3559 5875">
    <p class='ocr_par' dir='ltr' id='par_1_121' title="bbox 1981 5807 3559 5875">
     <span class='ocr_line' id='line_1_121' title="bbox 1981 5807 3559 5875; baseline -0.006 0"><span class='ocrx_word' id='word_1_913' title='bbox 1981 5816 2261 5875; x_wconf 86' lang='lat' dir='ltr'><strong><em>ecclesiam</em></strong></span> <span class='ocrx_word' id='word_1_914' title='bbox 2288 5816 2355 5875; x_wconf 87' lang='lat' dir='ltr'><strong><em>ab</em></strong></span> <span class='ocrx_word' id='word_1_915' title='bbox 2379 5815 2593 5875; x_wconf 84' lang='lat' dir='ltr'><strong><em>Aurelio</em></strong></span> <span class='ocrx_word' id='word_1_916' title='bbox 2629 5822 2935 5872; x_wconf 76' lang='lat' dir='ltr'><strong><em>consecrata</em></strong></span> <span class='ocrx_word' id='word_1_917' title='bbox 2977 5828 2991 5866; x_wconf 88' lang='lat'><strong>:</strong></span> <span class='ocrx_word' id='word_1_918' title='bbox 3035 5807 3128 5865; x_wconf 88' lang='lat' dir='ltr'><strong><em>sed</em></strong></span> <span class='ocrx_word' id='word_1_919' title='bbox 3174 5808 3340 5865; x_wconf 90' lang='lat' dir='ltr'><strong><em>nihilo</em></strong></span> <span class='ocrx_word' id='word_1_920' title='bbox 3382 5812 3559 5871; x_wconf 82' lang='lat' dir='ltr'><strong><em>secius</em></strong></span> 
     </span>
    </p>
   </div>
   <div class='ocr_carea' id='block_1_122' title="bbox 2961 5900 3352 5986">
    <p class='ocr_par' dir='ltr' id='par_1_122' title="bbox 2961 5900 3352 5986">
     <span class='ocr_line' id='line_1_122' title="bbox 2961 5900 3352 5986; baseline 0 -23"><span class='ocrx_word' id='word_1_921' title='bbox 2961 5900 3352 5986; x_wconf 65' lang='lat' dir='ltr'><strong><em>(Dite-seth</em></strong></span> 
     </span>
    </p>
   </div>
  </div>
