4042 6360
420 427 660 485 inﬁdeles
683 440 748 483 ex
777 425 896 481 vani
934 421 1209 495 cujusdam
1252 417 1489 475 vaticinii
1547 417 1860 473 auctoritate
1904 414 2018 471 fore

418 521 739 593 sperabant,
781 526 841 573 ut
880 517 1083 589 priscas
1122 528 1246 570 suas
1288 510 1694 582 superstitiones
1734 509 2019 578 aliquando

422 616 476 669 in
524 615 624 668 hoc
665 610 898 680 superbo
934 606 1158 664 aedilicio
1190 603 1456 661 redivivas
1494 609 1811 666 cernerent;
1860 608 2021 670 atque

422 704 556 761 adeo
584 717 864 760 necessum
889 707 1023 769 erat,
1052 706 1111 755 ut
1140 697 1282 754 Deus
1307 696 1444 751 hanc
1468 694 1571 750 illis
1601 694 1847 751 fiduciam
1868 708 2020 765 pror-

424 815 517 857 sus
544 799 827 856 adimeret.

1068 881 1297 943 CAPUT
1333 882 1423 940 Ill.

424 989 450 1044 1
487 984 744 1041 Nonnulli
774 981 1173 1038 Manichworum
1196 976 1374 1032 detecti
1398 974 1721 1047 Carthagine.
1766 975 1802 1029 2
1843 972 2018 1029 Victo-

501 1081 671 1136 rinum
716 1076 1058 1132 Manichaaum
1102 1071 1238 1143 dicit
1264 1069 1594 1141 Augustinus.
1624 1069 1661 1124 3
1683 1066 2021 1123 Enchiridion

492 1176 548 1229 in
572 1174 790 1247 gratiam
810 1168 1070 1225 Laurentii
1097 1164 1369 1235 componit.
1404 1165 1438 1218 4
1467 1162 1689 1217 Paulino
1706 1178 1821 1217 eum
1838 1176 2021 1217 constt-

495 1266 617 1322 lcnti
631 1263 802 1319 scribit
828 1261 1010 1315 librum
1035 1259 1096 1312 de
1110 1256 1247 1313 Cura
1268 1272 1362 1327 pro
1386 1254 1596 1310 mortuis
1616 1254 1857 1324 gerenda.
1879 1252 1915 1310 5
1934 1251 2021 1307 Ad

498 1366 609 1412 octo
633 1354 929 1419 quastione:
960 1349 1174 1403 Dulcitii
1204 1346 1490 1419 respondet.

496 1450 548 1506 i.
581 1448 661 1503 Ex
686 1444 924 1516 proxime
959 1443 1120 1495 allato
1147 1438 1397 1509 Prosperi
1438 1438 1598 1503 loco,
1637 1435 1780 1492 unde
1821 1434 2022 1493 Ursum

424 1540 692 1596 tribunum
717 1537 771 1592 id
802 1535 1060 1605 temporis
1087 1534 1141 1588 in
1173 1529 1352 1586 Africa
1379 1528 1589 1599 degisse
1614 1526 1902 1596 discimus.I
1931 1527 2018 1584 in»

423 1647 586 1704 saper
613 1631 992 1692 admonemur,
1034 1633 1093 1681 ut
1132 1639 1253 1695 quae
1292 1621 1498 1677 ibidem
1536 1620 1676 1676 circa
1699 1619 2020 1676 Manichacus

424 1722 581 1795 huius
612 1722 779 1792 ipsius
806 1719 928 1776 Ursi
970 1732 1132 1787 opera
1169 1722 1319 1786 gesta
1361 1718 1486 1767 sunt
1508 1748 1525 1778 ,
1574 1711 1662 1766 hic
1698 1710 2017 1768 referamus.

422 1814 559 1872 Cum
586 1814 698 1880 ille,
726 1827 885 1883 quem
918 1825 1026 1865 non
1054 1807 1215 1864 modo
1236 1806 1527 1871 tribunum,
1546 1816 1733 1860 verum
1753 1804 1913 1859 etiam
1935 1819 2020 1859 re-

429 1907 531 1979 gite
551 1907 747 1963 domus
762 1911 1160 1974 procuratorem
1176 1905 1501 1968 nuncupant,
1524 1896 1684 1953 tidem
1703 1896 2020 1952 cautolieam

427 2000 802 2070 profiteretur,
849 1996 1172 2063 interceptos
1222 1991 1422 2062 aliquot
1461 2003 1494 2045 e
1528 1998 1753 2043 numero
1788 2000 1975 2043 eorum
1998 2028 2016 2056 ,

425 2106 560 2162 quos
605 2089 819 2144 Eiectos
847 2095 1006 2156 atque
1048 2084 1263 2139 Electus
1295 2079 1559 2137 vocabant
1604 2078 1917 2157 Manichtei,
1964 2080 2019 2134 in

424 2185 616 2255 quibus
638 2190 751 2238 erat
772 2179 948 2252 puella
969 2176 1214 2248 quaedam
1243 2174 1459 2228 nomine
1479 2171 1759 2241 Margarita
1781 2170 2019 2226 nondum

424 2286 548 2333 nata
574 2289 743 2331 annos
767 2271 1069 2335 duodecim,
1094 2277 1148 2323 et
1176 2265 1406 2323 Eusebia
1437 2263 1683 2334 quaedam
1711 2263 1865 2334 quasi
1890 2277 2019 2318 san-

423 2365 764 2431 ctimonialis,
790 2361 1011 2418 adduxit
1036 2360 1090 2415 in
1120 2357 1404 2414 ecclesiam
1442 2355 1585 2426 apud
1615 2354 2014 2425 Carthaginem,

423 2458 513 2516 ubi
538 2466 594 2515 et
621 2457 690 2512 ab
707 2454 977 2528 episcopis
1006 2448 1318 2519 interrogati
1344 2446 1525 2513 fuere,
1567 2454 1728 2516 atque
1756 2445 1807 2499 in
1834 2446 2019 2515 primis

421 2552 492 2607 ab
533 2549 864 2621 Augustino;
914 2544 1005 2616 qui
1048 2558 1171 2600 eum
1214 2557 1327 2613 pm
1375 2541 1586 2597 czeteris
1632 2538 2019 2595 exsecrabilem

419 2644 562 2700 hanc
585 2649 785 2699 sectam
810 2638 1073 2710 cognitam
1115 2634 1341 2690 haberet
1364 2676 1379 2701 ,
1422 2647 1631 2688 necnon
1671 2644 1858 2691 eorum
1900 2631 2015 2686 hia-

420 2736 691 2808 spitemias
704 2750 775 2789 ex
803 2730 1034 2803 propriis
1060 2729 1299 2798 ipsorum
1321 2724 1471 2781 libris
1490 2724 1899 2790 demonstraret,
1922 2739 2017 2779 eos

420 2828 490 2884 ad
518 2828 635 2883 illas
655 2821 986 2881 confitendas
1005 2820 1200 2890 adegit,
1226 2833 1289 2873 ac
1311 2816 1688 2887 ﬂagitiosarum
1710 2815 2011 2882 libidinum,

419 2937 551 2994 quas
592 2920 735 2975 inter
773 2926 833 2973 se
859 2914 1217 2980 exercebant,
1266 2918 1322 2967 et
1347 2926 1573 2982 quarum
1608 2910 1870 2965 levissima
1901 2919 2017 2965 erat

418 3014 682 3086 virginum
719 3008 1115 3079 constupratio,
1156 3004 1551 3061 confessionem
1578 3019 1646 3060 ex
1683 3019 1778 3059 ore
1811 3004 2019 3058 Electa-

418 3122 541 3164 rum
566 3103 849 3177 expressit.
880 3100 1160 3172 Margarita
1190 3097 1546 3169 turpitudines
1565 3097 1685 3152 illas
1700 3096 1866 3167 prima
1887 3112 2016 3152 con-

419 3198 563 3255 fessa
586 3202 691 3265 est,
719 3211 747 3250 a
773 3209 875 3267 qua
902 3192 1242 3264 postmodum
1264 3188 1513 3253 Eusebia,
1531 3198 1656 3259 qum
1673 3200 1735 3244 se
1753 3189 2016 3259 virginem

419 3304 542 3348 esse
571 3288 973 3362 praedicaverat,
995 3283 1229 3340 dedecus
1250 3297 1317 3337 ac
1335 3280 1654 3353 propudium
1678 3295 1836 3337 suum
1862 3279 2015 3335 fateri

418 3391 633 3452 meta,
675 3382 779 3436 alia
821 3380 980 3437 etiam
1022 3385 1188 3434 sectae
1226 3384 1344 3432 sum
1381 3374 1740 3430 abominanda
1780 3372 2014 3428 facinora

417 3475 645 3547 aperuit.
674 3472 779 3528 Per
801 3485 1018 3527 omnem
1042 3469 1185 3523 illam
1212 3466 1606 3538 inquisitionum
1628 3472 1816 3521 uncta
1843 3466 2016 3521 eccle-

417 3568 648 3627 siasticis
680 3567 847 3639 gestis
874 3563 1296 3627 mandabantur;
1334 3572 1390 3616 et
1430 3560 1567 3617 forte
1590 3561 1715 3617 hius
1738 3569 1841 3627 est,
1871 3561 2012 3631 quod

421 3659 699 3717 Possidius
738 3658 806 3712 ad
844 3655 1045 3711 tabulas
1089 3652 1298 3708 auditos
1330 3664 1453 3707 esse
1490 3649 1804 3706 Manichaeos
1831 3650 2009 3706 tradit.

416 3749 561 3807 Idem
589 3750 752 3805 etiam
785 3744 1085 3816 subiungit,
1122 3756 1256 3797 cura
1286 3750 1352 3796 ac
1374 3739 1644 3811 diligentia
1663 3779 1680 3807 ,
1706 3754 1863 3811 quam
1894 3741 2012 3810 cpi-

415 3842 567 3913 scopi
608 3834 902 3895 adtribuere
944 3837 997 3891 in
1042 3836 1145 3891 hoc
1191 3831 1437 3904 negotio,
1479 3832 1771 3887 Ecclesium
1802 3832 2012 3887 Domini

415 3942 555 3990 nova
595 3931 901 3988 accessione
944 3928 1357 3999 locupletatam,
1387 3938 1598 3979 necnon
1632 3924 1798 3978 armis
1828 3925 2008 3989 novis,

418 4026 613 4099 quibus
640 4026 905 4081 adversus
919 4022 1065 4077 fures
1083 4028 1242 4090 atque
1261 4018 1498 4073 latrones
1520 4016 1913 4083 defenderetur,
1940 4019 2013 4073 in-

421 4127 699 4176 structam.
728 4116 872 4171 idem
900 4113 1074 4169 adhuc
1106 4118 1293 4182 postea
1323 4110 1531 4165 illorum
1569 4124 1677 4165 non
1706 4122 2011 4166 sacramen-

423 4219 557 4279 tum,
589 4209 703 4276 sed,
735 4216 791 4263 ut
819 4222 940 4263 cum
968 4204 1263 4276 Augustino
1290 4204 1590 4274 loquamur,
1636 4212 2009 4258 exsecramert-

416 4313 529 4360 tum
552 4301 789 4374 episcopi
807 4299 1058 4355 detexere
1078 4296 1410 4351 confessione
1426 4295 1700 4365 cujusdam
1719 4295 1856 4351 inter
1875 4295 2009 4351 alios

416 4396 692 4454 Mauichmi
719 4394 936 4449 nomine
963 4390 1225 4455 Viatoris;
1257 4389 1408 4459 cujus
1432 4389 1511 4444 rei
1538 4397 1655 4443 acta
1679 4396 1865 4444 sancto
1898 4389 2007 4444 Au-

415 4491 628 4565 gustino
654 4486 1053 4559 Quodvultdeus
1092 4483 1520 4555 Carthaginensis
1558 4482 1813 4539 diaconus
1863 4483 2010 4538 misit

417 4582 709 4660 (Possidius
730 4621 748 4651 ,
786 4582 841 4635 in
878 4577 995 4634 Vita
1020 4576 1327 4649 Augustini,
1359 4592 1405 4630 e.
1436 4575 1539 4642 16;
1569 4575 1897 4647 Augustinus,
1929 4572 2010 4630 De

415 4675 745 4740 Iliensibus,
786 4673 914 4727 her.
940 4670 1053 4744 46).
1086 4668 1197 4724 Hoc
1221 4668 1393 4740 ipsum
1427 4667 1717 4723 verisimile
1744 4675 1826 4723 est
1862 4666 2006 4722 desi-

414 4771 567 4843 gnari
597 4769 665 4826 ab
692 4767 1008 4839 Augustino,
1037 4779 1157 4820 cum
1183 4779 1324 4819 anno
1350 4763 1561 4819 circiter
1589 4761 2005 4835 quadringente-

414 4863 552 4918 simo
584 4860 842 4932 vigesimo
875 4858 1105 4928 septimo
1132 4854 1377 4911 eumdem
1406 4854 1688 4909 diaconum
1717 4862 1903 4924 rogat,
1949 4868 2008 4911 se

410 4952 482 5010 de
528 4932 873 5018 Theodosio,
915 4949 1005 5021 qui
1050 4947 1368 5003 Manichaeos
1415 4946 1616 5017 aliquot
1662 4945 2002 5015 prodiderat,

414 5046 697 5104 certiorem
728 5043 946 5110 faceret,
980 5056 1105 5096 num
1136 5049 1191 5096 et
1230 5041 1343 5110 ipse
1373 5048 1426 5095 et
1450 5039 1538 5109 qui
1574 5038 1766 5094 detenti
1793 5040 1859 5094 ab
1891 5039 2005 5110 ipso

412 5136 643 5204 fuerant,
669 5152 802 5209 quos
830 5135 1040 5191 diccbat
1063 5149 1273 5190 errores
1303 5131 1636 5201 emendasse,
1667 5133 1718 5186 in
1744 5132 2005 5189 catholica

412 5232 519 5291 fide
544 5238 949 5303 perseverarent
975 5227 1169 5301 (Epist.
1190 5224 1316 5291 222,
1345 5243 1397 5278 η.
1424 5224 1504 5299 2).
1528 5226 1715 5280 Exstat
1740 5224 2005 5297 fragmen-

415 5334 526 5386 tum
551 5332 790 5379 actorum
821 5319 1173 5392 quorumdam
1203 5316 1488 5387 ejusmodi,
1516 5317 1567 5371 in
1595 5315 1786 5388 quibus
1810 5318 1876 5374 de
1896 5317 2003 5374 Ma-

414 5414 638 5475 nichazis
666 5411 977 5485 indagandis
1006 5408 1450 5480 explorandisque
1479 5408 1735 5481 agebatur
1758 5408 1999 5483 (Admon.

410 5509 466 5564 in
490 5504 576 5562 lib.
597 5505 660 5560 de
675 5504 813 5561 Actis
834 5521 948 5559 cum
965 5500 1151 5569 Felice,
1178 5508 1299 5555 tom.
1324 5500 1412 5576 8);
1436 5501 1698 5572 siquidem
1719 5501 1891 5572 Felix,
1912 5505 2001 5575 qui

411 5606 615 5658 sectam
652 5597 797 5653 illam
827 5596 1156 5667 ejuraverat,
1189 5608 1309 5649 sese
1335 5593 1682 5666 jurejurando
1712 5594 1906 5665 obligat
1934 5596 2001 5651 ad

411 5704 505 5750 eos
531 5707 740 5760 omnes,
774 5705 906 5762 quos
934 5686 1107 5744 eidem
1133 5688 1498 5759 superstitioni
1523 5687 1761 5744 addictos
1784 5698 1999 5757 nosset,

409 5778 767 5854 deferendos;
804 5796 962 5857 quam
1001 5782 1055 5838 in
1093 5796 1209 5841 rem
1249 5778 1491 5847 homines
1528 5779 1660 5837 duos
1686 5795 1748 5837 ac
1779 5779 1998 5845 feminas

1594 296 1751 352 VITA
1793 296 1849 350 S.
1884 292 2246 351 AUGUSTINI
2284 293 2601 351 EPISCOPI.

3623 311 3728 373 εει

2126 411 2349 482 aliquot,
2381 414 2469 483 qui
2502 414 2693 483 partim
2726 416 2778 470 in
2806 422 2975 472 tractu
3009 418 3357 503 Caesareensi,
3382 425 3583 495 partim
3602 422 3731 501 Hip-

2128 504 2463 574 pone-liegio
2486 505 2816 573 habitabant,
2834 510 3091 566 nominat.
3112 512 3255 569 Illius
3265 515 3729 580 denuntiationem

2126 596 2366 667 sequitur
2394 596 2873 654 Commonitorium
2901 602 3182 674 Augustini
3206 623 3400 664 nomen
3434 627 3545 682 prie
3572 627 3634 670 se
3654 614 3731 670 te.

2124 703 2285 757 rens,
2321 704 2422 745 nec
2464 690 2581 762 ipso
2622 700 2841 747 auctore
2875 694 3183 766 indignum,
3215 700 3269 755 in
3292 718 3403 771 quo
3429 704 3557 773 quid
3583 706 3730 763 circa

2128 780 2417 840 redeuntes
2444 783 2511 839 ad
2550 784 2847 843 Ecclesiam
2876 787 3198 847 Manichacus
3220 794 3616 852 observandum
3640 815 3729 855 es-

2123 881 2238 941 set,
2266 875 2569 946 praecipitur
2588 874 2681 950 (In
2707 876 3000 949 Appendice
3022 891 3147 937 tam.
3169 883 3250 954 8).
3292 885 3409 943 illic
3453 903 3551 945 eos
3598 900 3727 948 ante

2124 968 2304 1024 omnia
2352 969 2589 1027 lilnilum
2637 972 2848 1029 tradere
2880 972 3073 1043 jubet,
3106 992 3322 1034 errores
3356 994 3488 1037 suos
3533 984 3725 1054 pristia-

2106 1075 2224 1117 .nos
2260 1062 2733 1134 complectentem,
2758 1079 2985 1135 quorum
3011 1070 3321 1140 simpliciter
3360 1073 3569 1130 veniam
3615 1092 3722 1147 μοι

2125 1161 2258 1221 teat,
2279 1163 2336 1211 et
2367 1154 2721 1211 Manichaeum
2750 1171 2876 1212 cum
2902 1158 3184 1230 ﬂagitiosis
3202 1163 3369 1233 ipsius
3392 1165 3719 1225 deliramen-

2130 1247 2202 1303 tis
2222 1262 2287 1305 ea
2311 1247 2593 1305 “altorum
2618 1247 2787 1305 forma
2813 1248 3244 1321 detestabuntur,
3275 1272 3397 1326 qua
3419 1261 3726 1328 praeor-ibi-

2122 1346 2213 1395 tur
2252 1340 2308 1395 in
2338 1340 2787 1397 Cmnmonitorio.
2810 1341 2874 1397 Si
2906 1343 3149 1400 libellum
3177 1362 3364 1402 eorum
3394 1352 3585 1418 probet
3609 1353 3727 1423 epi-

2124 1445 2338 1501 scopus,
2366 1432 2432 1488 iis
2458 1433 2551 1503 qui
2581 1433 2754 1489 solum
2774 1433 3062 1491 Auditores
3088 1438 3227 1493 inter
3242 1439 3369 1495 illos
3392 1442 3606 1508 iuerint,
3632 1444 3725 1500 lit-

2124 1532 2266 1580 teras
2281 1524 2433 1581 dabit
2442 1526 2533 1581 die
2547 1534 2603 1581 et
2613 1528 2895 1583 consulatu
2914 1544 3117 1598 praesen
3126 1532 3162 1585 ti
3174 1532 3513 1601 subnotatas,
3530 1536 3726 1606 quibus

2080 1666 2085 1669 .
2123 1617 2339 1674 eosdem
2362 1617 2430 1673 ad
2450 1618 2706 1675 Ecclesia:
2725 1620 3148 1677 misericordiam
3176 1624 3478 1695 confugisse
3503 1631 3727 1685 testabi-

2123 1716 2210 1765 tur
2235 1708 2605 1765 :stevidelicet
2632 1718 2725 1765 aut
2745 1710 2812 1765 ad
2834 1712 3196 1768 ecclesiastica
3219 1715 3519 1785 tribunalia,
3549 1726 3642 1772 aut
3656 1720 3725 1775 ad

2124 1798 2289 1855 laicus
2327 1800 2670 1869 magistratus
2709 1803 2863 1857 citari
2903 1813 3155 1874 possent;
3186 1807 3327 1876 quod
3356 1807 3478 1862 huic
3506 1808 3723 1878 haeresi,

2123 1905 2281 1963 quam
2303 1895 2642 1951 severissime
2662 1895 2848 1951 civiles
2864 1898 3014 1969 leges
3037 1899 3104 1954 ab
3127 1902 3244 1970 ipso
3262 1902 3424 1957 etiam
3450 1903 3728 1960 Diocletia-

2125 1998 2196 2038 no
2222 1984 2341 2039 lata:
2370 1985 2681 2055 puniebant,
2707 1986 2774 2041 ad
2801 1987 2853 2042 id
2880 1991 3138 2059 temporis
3158 1991 3527 2049 adhaesissent.
3555 1997 3659 2064 Qui
3677 1997 3726 2054 si

2125 2073 2302 2129 denuo
2332 2076 2572 2132 redirent
2608 2078 2674 2132 ad
2716 2080 3011 2145 vomitum;
3054 2082 3165 2151 jam
3192 2083 3248 2137 in
3276 2098 3408 2153 eos,
3447 2100 3551 2157 qua
3576 2089 3725 2159 digni

2124 2175 2267 2231 sunt,
2294 2166 2429 2235 juris
2455 2169 2739 2224 severitate
2762 2170 3112 2226 animadverti
3139 2173 3620 2232 Commonitorium
3637 2180 3726 2249 ju-

2124 2256 2234 2324 bet,
2263 2257 2365 2313 hoc
2389 2268 2491 2341 est,
2521 2260 2705 2316 fideles
2730 2262 2799 2316 ab
2823 2277 3009 2317 eorum
3037 2268 3330 2333 consortio,
3360 2270 3444 2323 vel
3465 2272 3717 2339 amicitia,

2123 2352 2208 2406 vel
2229 2368 2562 2423 (piscemque
2579 2356 2836 2410 societate
2859 2357 3151 2413 christiana
3173 2373 3231 2415 se
3250 2361 3540 2417 abstinere.
3567 2364 3722 2432 Quod

2124 2457 2251 2499 vero
2269 2443 2336 2498 ad
2356 2445 2491 2499 alios
2510 2455 2735 2516 spectat,
2759 2449 2993 2517 acceptis
3010 2450 3253 2521 episcopi
3277 2454 3724 2513 testimonialibus

2123 2534 2337 2601 litteris,
2366 2538 2623 2592 statuitur
2649 2553 2743 2594 eos
2768 2539 2871 2608 piis
2893 2540 3157 2610 aliquibus
3180 2544 3330 2619 viris,
3354 2545 3471 2601 sive
3490 2547 3721 2616 clericis,

2121 2627 2236 2683 sive
2279 2628 2429 2683 laicis
2451 2670 2466 2695 ,
2512 2631 2876 2686 commendari
2905 2642 3181 2702 oportere,
3211 2636 3300 2705 qui
3329 2652 3432 2690 una
3464 2640 3545 2693 vel
3568 2638 3722 2709 juxta

2122 2719 2441 2788 habitantes,
2472 2723 2617 2791 ipsos
2644 2723 2710 2777 ad
2740 2725 2961 2779 verbum
2986 2726 3226 2781 divinum
3258 2727 3589 2800 frequentius
3616 2747 3717 2787 au-

2120 2810 2372 2866 diendum
2401 2814 2773 2885 impellerent,
2819 2817 3290 2889 testimoniumque
3310 2821 3601 2879 redderent
3629 2836 3721 2881 eo-

2119 2917 2238 2956 rum
2260 2905 2402 2969 vitm,
2425 2913 2482 2959 ut
2502 2904 2892 2976 intelligeretur
2910 2910 3248 2979 quandonttm
3277 2913 3342 2967 ad
3368 2914 3715 2985 Baptismum,

2120 2996 2167 3050 si
2189 2998 2417 3052 necdum
2440 3010 2508 3052 eo
2525 3009 2705 3054 essent
2726 2999 2915 3055 initiati
2934 3002 3091 3071 (nam
3111 3002 3392 3060 videbatur
3414 3006 3722 3065 Manichreis

2122 3086 2529 3145 Sacramenqu
2553 3091 2655 3145 hoc
2679 3096 3180 3167 supervacaneum),
3202 3097 3408 3152 admitti
3434 3081 3715 3169 deberent,

2121 3190 2213 3235 aut
2238 3181 2304 3235 ad
2334 3180 2841 3252 reconciliationem,
2875 3186 2920 3239 si
2948 3187 3159 3242 redacti
3183 3191 3237 3242 in
3268 3189 3507 3246 Ordinem
3537 3194 3717 3261 pinni-

2122 3278 2345 3331 tentiam
2392 3276 2617 3333 fuissent
2656 3296 2672 3334 :
2707 3288 2762 3333 at
2800 3281 3125 3351 generaliter
3169 3291 3414 3338 neutrum
3453 3285 3531 3340 eis
3568 3286 3724 3344 facile

2119 3368 2537 3434 concedendum,
2572 3370 2674 3425 nisi
2700 3370 2747 3424 si
2772 3372 2959 3427 mortis
2984 3373 3278 3442 periculum
3321 3374 3463 3430 aliud
3498 3389 3719 3447 persua-

2119 3460 2263 3516 deat.
2298 3461 2376 3515 Ad
2407 3460 2621 3516 Electus
2648 3470 2808 3532 porro
2829 3463 2968 3534 quod
2999 3472 3223 3534 spectat,
3256 3474 3443 3521 monet
3473 3468 3718 3524 testimo-

2120 3554 2265 3609 nium
2295 3554 2679 3625 resipiscentiaa
2704 3556 2923 3610 nonnisi
2959 3555 3246 3612 difﬁculter
3278 3558 3355 3613 eis
3386 3558 3622 3615 dandum
3651 3561 3721 3619 ab

2120 3647 2373 3715 episcopo
2394 3688 2408 3713 ,
2455 3654 2513 3700 ut
2550 3655 2621 3701 ne
2660 3646 2774 3701 loca
2804 3645 2893 3701 ubi
2923 3647 3253 3718 probationis
3286 3660 3445 3704 causa
3472 3650 3721 3708 collocati

2118 3738 2333 3806 fuerint,
2367 3748 2559 3809 nempe
2586 3740 2909 3795 monasteria
2937 3740 3023 3795 vel
3047 3740 3379 3796 xenodochia
3400 3783 3416 3811 ,
3448 3742 3501 3797 in
3526 3743 3718 3814 quibus

2118 3837 2224 3883 tam
2255 3829 2343 3883 diu
2370 3841 2587 3885 manere
2614 3828 2829 3899 debent,
2864 3830 3039 3903 quoad
3064 3828 3395 3902 Baptismum
3415 3842 3506 3889 aut
3526 3848 3719 3891 recon-

2117 3921 2439 3977 ciliationem
2464 3923 2568 3977 illis
2584 3923 2694 3994 jam
2721 3926 3015 3997 negandam
3040 3940 3145 3981 non
3168 3941 3289 3984 esse
3308 3937 3536 3995 constet,
3560 3929 3719 3987 facile

2116 4012 2387 4069 deserant.

2186 4108 2241 4162 2.
2284 4108 2412 4163 Erat
2454 4108 2765 4165 Victorinus
2800 4109 2985 4166 nescio
3019 4112 3137 4183 quis
3166 4128 3198 4169 e
3228 4120 3373 4170 secta
3396 4112 3717 4171 Manichaeo-

2115 4208 2234 4257 rum
2251 4244 2267 4263 .
2293 4203 2383 4272 qui
2408 4202 2656 4257 simulata
2685 4204 2789 4259 fide
2814 4200 3075 4259 catholica
3101 4204 3501 4277 hypodiaconus
3529 4206 3716 4263 Eccle-

2115 4293 2208 4349 siae
2233 4293 2593 4350 Mailianensis
2615 4295 2670 4348 in
2697 4290 3013 4349 Mauritania
3039 4294 3371 4352 CaeSareensi
3396 4296 3573 4353 fuerat
3592 4313 3716 4354 con-

2115 4387 2331 4443 stitutus
2362 4386 2552 4460 (Epist.
2578 4386 2706 4454 236,
2740 4404 2792 4442 n.
2818 4388 2895 4461 i).
2920 4383 3015 4443 Hic
3041 4382 3337 4461 Hipponem
3354 4400 3595 4457 venerat,
3618 4392 3712 4451 ubi

2114 4488 2327 4535 errores
2355 4493 2480 4535 suos
2507 4480 2766 4535 docuerat
2799 4477 2942 4535 haud
2971 4495 3170 4551 paucos
3202 4481 3475 4552 homines,
3519 4485 3714 4555 quibus

2114 4580 2347 4629 mentem
2379 4586 2529 4629 suam
2574 4573 2698 4630 ideo
2740 4574 3048 4644 aperiebat,
3090 4574 3230 4645 quod
3270 4573 3338 4629 ad
3374 4589 3432 4631 se
3468 4572 3715 4633 discendi

2114 4667 2280 4736 gratia
2327 4679 2419 4720 eos
2458 4668 2721 4721 ventitare
2764 4667 3133 4721 arbitraretur.
3172 4666 3509 4738 Quapropter
3532 4684 3590 4724 re
3619 4684 3715 4725 co-

2114 4759 2259 4829 gnita
2294 4759 2622 4828 Augustinus
2662 4760 2717 4814 in
2752 4774 2818 4815 eo
2862 4760 3231 4817 convincendo
3275 4776 3382 4816 non
3426 4762 3707 4818 laboravit.

2113 4854 2244 4909 Cum
2269 4854 2408 4909 enim
2433 4853 2498 4907 de
2519 4852 2759 4907 doctrina
2784 4853 3052 4909 hominem
3081 4855 3481 4925 interrogasset,
3514 4855 3603 4909 ille
3620 4860 3707 4926 qu’

2114 4960 2303 5001 sensus
2336 4961 2458 5001 suos
2482 4945 2643 5000 nimis
2672 4944 2852 5001 multis
2881 4945 3240 5017 patefecerat,
3281 4962 3440 5017 quam
3466 4959 3524 5002 ut
3549 4964 3681 5018 nega

2114 5037 2311 5092 tionem
2357 5044 2601 5107 speraret
2644 5036 2741 5091 sibi
2778 5036 3143 5108 profuturam,
3190 5048 3380 5109 sponte
3419 5054 3513 5094 sua
3542 5022 3740 5094 Mani~'

2113 5129 2318 5185 cbacum
2360 5144 2417 5184 se
2457 5144 2576 5184 esse
2616 5128 2895 5186 confessus
2923 5139 3005 5185 est
3029 5151 3047 5185 .·
3070 5139 3323 5187 caeterum
3350 5147 3456 5187 non
3484 5128 3706 5203 Electis,

2112 5225 2205 5280 sed
2226 5232 2425 5279 tantum
2446 5223 2788 5279 Auditoribus
2808 5224 3132 5296 adscriptum
3159 5241 3218 5281 se
3250 5225 3541 5282 contendit.
3566 5226 3707 5294 Quin

2112 5319 2271 5375 etiam
2301 5318 2469 5373 oravit
2494 5327 2733 5373 sanctum
2763 5320 3091 5386 Antistitem,
3126 5329 3184 5375 ut
3204 5336 3261 5376 se
3291 5323 3343 5375 in
3379 5321 3617 5376 veritatis
3641 5335 3708 5376 ac

2111 5410 2369 5467 doctrinm
2390 5409 2666 5467 catholicae
2687 5409 2828 5466 viam
2850 5411 3149 5469 reduceret.
3175 5413 3245 5468 At
3263 5428 3391 5470 vero
3412 5415 3494 5468 hic
3509 5415 3560 5467 in
3576 5427 3707 5469 sene

2111 5502 2496 5558 dissimulatam
2544 5501 2641 5558 sub
2687 5519 2838 5558 sacro
2888 5506 3089 5560 honore
3133 5505 3415 5561 clericatus
3457 5506 3706 5560 haeresim

2111 5595 2383 5651 exhorruit
2411 5615 2423 5650 ε
2455 5596 2598 5649 illum
2629 5594 2866 5650 cnerccri
2889 5596 3080 5667 jussit,
3112 5608 3267 5667 atque
3298 5615 3363 5652 cx
3398 5599 3529 5652 urbe
3560 5598 3703 5667 ejicl.

2112 5684 2180 5742 Et
2208 5704 2274 5743 ne
2304 5685 2629 5758 provinciam
2660 5685 2987 5741 Mauritanim
3014 5688 3282 5757 inliceret,
3312 5689 3561 5744 Deuterio
3586 5687 3708 5744 Cm-

2114 5782 2350 5839 sarccnsi
2377 5780 2628 5855 cpiscOpo
2649 5780 3057 5854 mctrOpolitano
3080 5798 3195 5839 rem
3222 5781 3569 5861 signiﬁcavit,
3595 5792 3705 5856 quo
