4042 6360
856 265 928 299 ..νζ

339 417 602 478 videlicet
641 418 994 492 pwnitus
1039 418 1183 476 malo
1222 424 1562 484 occurreret;
1616 428 1829 473 caveret
1877 433 1944 475 ne

342 511 663 582 paenitentia
692 511 786 577 illi,
813 511 914 565 nisi
952 512 1098 582 prius
1125 510 1349 565 detectis
1378 509 1644 576 omnibus,
1668 525 1800 580 quos
1822 525 1947 566 nos-

347 611 448 667 set,
479 599 739 657 Malliana:
765 611 925 672 atque
954 601 1090 657 adeo
1117 602 1276 657 totius
1298 601 1593 673 provincia}
1618 601 1941 668 Manichteis,

345 693 765 760 concederetur;
795 693 944 748 illum
977 693 1206 764 denique
1231 693 1405 760 vitari,
1431 709 1494 748 ac
1520 692 1775 764 dignitate
1796 691 1946 748 abdi-

345 786 475 852 cari,
508 802 604 842 seu
631 786 931 850 denuntiari
969 787 1208 856 llippone
1245 785 1542 841 abdicatum
1562 827 1576 852 ,
1599 786 1812 856 juberet
1843 783 1944 858 (De

347 874 510 930 Gesti:
536 892 652 930 cum
676 876 921 941 Emerita,
949 894 1000 930 η.
1027 875 1104 947 1).
1135 876 1302 933 Simul
1325 877 1496 932 eidem
1519 875 1768 932 Deuterio
1788 893 1945 947 expo-

347 969 446 1035 nit,
475 983 609 1038 quas
635 968 994 1037 blaSphemias
1019 967 1321 1032 crederent,
1349 983 1578 1039 quamve
1605 967 1942 1039 disciplinam

344 1059 692 1115 observarent
717 1059 1127 1115 Manichaeorum
1157 1060 1461 1116 Auditorcs.

411 1151 468 1206 ὅ.
510 1151 858 1207 Enchiridion
904 1167 1058 1206 suum
1098 1167 1191 1207 seu
1236 1151 1480 1207 Manuale
1507 1165 1615 1206 non
1644 1158 1769 1206 ante
1796 1141 1941 1206 hunc

343 1260 540 1299 annum
595 1243 795 1299 Christi
850 1245 1428 1314 quadringentesimum
1472 1243 1786 1314 vigesimum
1824 1243 1942 1314 pri-

344 1352 490 1391 mum
520 1335 861 1406 composuit:
895 1336 1324 1406 quandoquidem
1371 1336 1422 1390 in
1471 1351 1536 1391 eo
1581 1334 1938 1406 Hieronymus

341 1442 460 1481 cun.
472 1435 674 1481 sanctte
690 1426 963 1481 memoriae
978 1425 1220 1480 laudatur
1236 1426 1406 1496 elogio
1423 1423 1736 1500 (Enchirid.,
1751 1443 1804 1479 η.
1819 1419 1908 1495 23)
1920 1463 1934 1476 .

338 1515 656 1573 lnscribitur
686 1517 787 1572 hoc
811 1533 946 1586 opus
988 1517 1054 1571 ad
1090 1517 1430 1572 Laurentium
1463 1517 1674 1572 Dulcitii
1719 1515 1934 1571 fratrem

346 1608 446 1680 (De
485 1619 597 1663 octo
633 1607 847 1662 Dulcitii
892 1608 1284 1674 Quwstionibus,
1324 1617 1500 1678 quiest.
1535 1609 1585 1676 1,
1618 1625 1671 1662 η.
1702 1606 1814 1680 10),
1847 1607 1936 1677 qui

345 1702 698 1772 Augustinum
727 1716 823 1771 per
851 1702 1057 1755 litteras
1082 1702 1337 1772 petierat,
1365 1711 1422 1755 ut
1448 1700 1548 1755 sibi
1589 1699 1781 1753 librum
1808 1715 1938 1754 con-

339 1796 602 1852 scriberet
627 1794 908 1851 enchiridii
939 1793 1112 1852 forma
1137 1837 1153 1861 ,
1198 1809 1357 1866 quem
1395 1808 1607 1864 semper
1633 1792 1853 1846 haberet
1881 1791 1934 1845 in

341 1888 627 1944 manibus:
661 1889 713 1944 in
745 1903 851 1958 quo
888 1889 1122 1944 disceret
1149 1888 1276 1959 quid
1307 1888 1539 1944 maxime
1565 1900 1664 1941 nos
1688 1885 1934 1957 amplecti

338 1991 602 2054 oporteat,
625 1982 818 2054 quidve
838 1983 907 2038 ob
927 1983 1102 2038 varias
1126 1981 1361 2038 bterescs
1381 1997 1489 2052 pra:
1505 1981 1712 2036 caeteris
1729 1980 1931 2050 fugere;

339 2076 530 2148 quibus
555 2075 608 2131 in
631 2075 794 2130 rebus
823 2075 980 2130 fidem
1009 2074 1147 2129 ratio
1171 2080 1424 2143 sequatur
1447 2087 1509 2127 ac
1534 2072 1785 2135 stabiliat,
1819 2070 1937 2140 qui-

329 2167 436 2225 bus
465 2177 651 2223 contra
671 2166 754 2220 illi
782 2166 1112 2237 refragetur,
1140 2174 1198 2221 et
1235 2165 1404 2220 solam
1427 2205 1444 2231 ,
1490 2172 1673 2236 utpote
1710 2161 1778 2216 ad
1819 2162 1936 2230 ejus

329 2259 628 2332 premenda
646 2259 865 2329 vestigia
883 2259 1072 2328 impar,
1100 2257 1346 2322 deserat;
1371 2255 1564 2326 quibus
1591 2254 1785 2310 finibus
1811 2268 1935 2323 spes

329 2361 522 2410 nostra
585 2352 960 2416 omttineatur;
1019 2367 1135 2422 qum
1191 2349 1263 2405 sit
1317 2348 1621 2403 christiana:
1677 2345 1934 2401 doctrina:

329 2460 581 2514 summa,
620 2446 840 2517 quodve
877 2454 1082 2500 certum
1110 2460 1173 2498 ac
1203 2443 1473 2514 proprium
1510 2441 1630 2496 fidei
1658 2439 1934 2494 catholica:

331 2537 764 2596 fundamentum.
782 2537 952 2607 Atqui
979 2539 1092 2591 hinc
1111 2546 1258 2591 tanta
1283 2545 1494 2608 tamque
1515 2534 1676 2588 ardua
1694 2532 1790 2587 sibi
1813 2547 1936 2602 pan-

333 2631 416 2690 di
431 2630 615 2686 omnia
633 2628 845 2686 deﬁniri
864 2628 1181 2699 pcroptabat
1202 2625 1516 2699 (Enchirid.,
1539 2642 1592 2678 η.
1611 2624 1687 2695 1).
1708 2623 1935 2677 Sanctus

337 2723 686 2794 Augustinus,
712 2723 807 2793 qui
849 2736 971 2776 eum
1005 2720 1121 2791 ejus
1150 2719 1447 2774 eruditione
1472 2717 1758 2787 plurimum
1789 2715 1937 2768 dele-

338 2814 614 2880 ctabatur,
645 2822 756 2868 tum
791 2814 959 2868 multo
993 2813 1360 2868 vehementius
1389 2827 1513 2866 eum
1553 2808 1768 2879 adjungi
1797 2808 1936 2862 veris

339 2907 675 2978 sapientibus
715 2906 990 2975 cupiebat,
1040 2905 1361 2974 postulatam
1404 2902 1788 2957 institutionem
1835 2898 1934 2967 ipsi

337 3009 538 3069 negare
575 2999 766 3054 noluit.
807 2997 1057 3067 Cumque
1101 3011 1290 3051 omnes
1331 2994 1474 3048 illius
1518 2992 1846 3062 quaestiones
1870 3004 1937 3045 eo

337 3092 692 3162 pertinerent,
719 3089 927 3159 utquid
953 3087 1276 3143 credendum
1299 3086 1395 3151 sit,
1422 3085 1548 3154 quid
1579 3082 1898 3154 sperandum
1916 3122 1933 3150 ,

337 3185 471 3254 Quid
491 3185 780 3240 mendum
797 3184 1031 3252 denique
1055 3187 1438 3250 cognosceret;
1465 3185 1680 3232 sanctus
1709 3174 1933 3241 Praesul,

341 3275 423 3331 De
438 3275 591 3344 Fide,
617 3275 722 3346 Spe
741 3284 787 3329 et
805 3275 1063 3330 Charitate
1099 3274 1151 3326 in
1173 3270 1627 3326 commentatione
1652 3283 1746 3323 sua
1767 3267 1938 3322 disse-

343 3370 491 3436 ruit;
517 3369 965 3426 cnictiamhunc
1006 3367 1178 3437 ipsum
1227 3365 1435 3420 titulum
1477 3362 1669 3418 indidit
1697 3365 1747 3415 in
1776 3360 1938 3413 variis

337 3462 480 3517 locis
505 3480 518 3516 :
547 3461 760 3518 tametsi
781 3460 1052 3516 Laurentii
1079 3458 1372 3529 prudentia:
1399 3457 1685 3527 permittat,
1710 3466 1767 3508 ut
1788 3452 1934 3520 illud,

341 3553 670 3618 simaluerit,
681 3550 1017 3608 Enchiridion
1033 3552 1260 3621 appellet
1281 3549 1527 3622 (Retract.
1541 3548 1628 3602 lib.
1642 3547 1697 3613 2,
1712 3563 1806 3615 cap
1842 3545 1934 3611 65;

336 3643 514 3718 Epist.
563 3644 709 3711 33‘;
766 3643 847 3698 De
889 3652 998 3698 octo
1040 3642 1253 3696 Dulcitii
1287 3640 1587 3707 Quasdam,
1631 3647 1809 3710 quiest.
1857 3635 1934 3709 1).

334 3735 595 3792 Testatur
640 3743 820 3791 autem
869 3735 956 3790 hic
997 3749 1056 3790 se
1089 3734 1376 3804 diligenter
1399 3732 1468 3788 de
1495 3733 1700 3787 ratione
1728 3728 1938 3785 colendi

337 3824 461 3890 Dei,
491 3841 612 3898 quae
639 3839 764 3882 ven
796 3824 1030 3880 hominis
1049 3823 1311 3894 sapientia
1357 3830 1472 3888 est,
1520 3821 1838 3892 disputasse.
1877 3817 1936 3872 ln

333 3921 639 3991 quaestione
664 3935 832 3991 super
859 3920 944 3974 his
967 3934 1090 3990 quae
1115 3933 1214 3989 pro
1240 3918 1464 3972 mortuis
1492 3915 1792 3986 frequentat
1831 3912 1936 3968 Ec-

336 4012 512 4069 clesia
529 4053 544 4078 ,
569 4027 695 4068 num
721 4011 927 4067 scilicet
952 4026 1012 4065 ea
1041 4025 1148 4066 non
1176 4018 1359 4064 essent
1384 4008 1686 4078 apostolicre
1713 4005 1936 4061 adversa

329 4105 624 4162 metuentia:
649 4103 814 4177 (quod
844 4111 969 4157 tunc
991 4101 1254 4170 temporis
1275 4100 1343 4153 ab
1371 4114 1437 4153 eo
1460 4098 1710 4152 Paulinus
1731 4111 1937 4166 qumre-

329 4193 480 4268 ἔπι),
509 4196 738 4250 afﬁrmat
756 4202 972 4250 sanctus
991 4195 1209 4257 Doctor,
1238 4191 1322 4245 illa
1344 4191 1535 4260 quibus
1556 4196 1798 4259 prosunt,
1814 4188 1936 4257 quia

335 4299 464 4344 eun
507 4290 787 4356 viverent,
831 4296 890 4342 ut
930 4287 1028 4342 sibi
1075 4292 1294 4356 possent
1320 4283 1576 4354 prodesse
1606 4290 1933 4347 meruerunt,

339 4391 435 4438 ut
461 4382 532 4437 ad
549 4382 654 4438 hoc
681 4381 940 4452 prodesse
964 4388 1022 4434 ut
1041 4379 1110 4433 sit
1138 4379 1294 4448 plena
1317 4375 1585 4442 remissio,
1609 4383 1700 4430 aut
1719 4383 1866 4431 certe
1878 4381 1939 4429 ut

337 4473 677 4530 tolerabilior
703 4472 798 4526 fiat
826 4472 938 4542 ipsa
969 4470 1258 4525 damnatio.

401 4567 468 4622 4.
510 4565 822 4620 Enohiridio
849 4564 1179 4635 Augustinus
1203 4562 1398 4617 librum
1421 4559 1570 4615 illum
1586 4559 1818 4630 subjicit,
1846 4575 1938 4615 cu-

337 4657 426 4730 jus
452 4658 733 4728 inscriptio
759 4667 845 4712 est
870 4674 884 4710 :
918 4655 998 4710 Dc
1020 4656 1156 4711 Cura
1183 4672 1277 4726 pro
1305 4653 1516 4708 mortuis
1544 4652 1766 4726 gerenda
1805 4651 1935 4723 (Re-

343 4751 702 4805 tractotiouum
737 4750 826 4804 lib.
867 4749 903 4802 ‘2
923 4791 936 4814 ,
969 4765 1082 4820 cap.
1114 4747 1227 4819 6‘).
1259 4748 1387 4816 Ejus
1411 4754 1779 4817 argumentum
1810 4761 1936 4815 sug-

339 4845 507 4916 gessit
525 4844 801 4910 Paulinus,
828 4845 916 4916 qui
939 4842 1106 4897 dubio
1132 4843 1316 4912 procul
1345 4841 1632 4896 amicitiam
1657 4839 1937 4912 Augustini

341 4947 614 5010 nunquam
637 4949 749 4992 non
775 4937 1058 5004 coluerat;
1087 4951 1389 5006 quanquam
1417 4950 1449 4990 a
1471 4935 1652 4991 multis
1680 4945 1825 4990 retro
1841 4949 1939 4991 an-

341 5027 426 5085 nis
460 5030 666 5084 mltum
690 5029 811 5099 ejus
841 5029 917 5084 rei
951 5029 1226 5098 specimen
1253 5027 1601 5082 advertimus.
1631 5026 1938 5096 Contigerat

343 5131 519 5176 autem
541 5129 599 5174 ut
615 5119 1119 5189 matrona-qumdam
1139 5117 1300 5172 “Flora
1321 5118 1560 5184 nomine,
1576 5117 1752 5184 vidua,
1775 5127 1937 5188 atque

341 5211 396 5266 in
427 5211 606 5266 Mrica
632 5211 854 5282 degens,
879 5209 1160 5264 tuendo
1192 5209 1336 5276 tilio,
1361 5225 1525 5279 quem
1560 5217 1645 5264 sat
1677 5209 1937 5265 credibile

339 5311 425 5358 est
466 5303 611 5357 haud
652 5303 837 5374 procul
875 5303 1007 5358 Nola
1045 5302 1192 5358 diem
1219 5302 1452 5366 abiisse,
1479 5302 1658 5357 locum
1687 5302 1740 5356 in
1765 5302 1938 5357 sancti

337 5395 636 5467 tujuspiam
663 5396 780 5452 sede
807 5410 835 5449 a
867 5393 1089 5450 Paulino
1106 5403 1332 5466 peteret.
1363 5395 1506 5448 Hanc
1528 5394 1615 5448 ille
1640 5395 1800 5450 missa
1821 5396 1938 5465 epi-

345 5489 478 5542 Stn‘la
497 5491 703 5543 solutus
730 5499 836 5555 est,
864 5490 920 5544 id
946 5491 1100 5544 simul
1125 5489 1395 5551 nuntians,
1427 5489 1494 5542 de
1517 5488 1779 5544 cada'vere
1809 5489 1940 5545 fide-

345 5581 411 5638 lis
436 5583 650 5653 juvenis
675 5582 917 5656 Cyneg“,
941 5583 1090 5654 quod
1117 5592 1359 5637 materno
1381 5592 1437 5636 et
1453 5583 1546 5651 pio
1574 5582 1766 5638 aﬁectu
1787 5585 1936 5640 desi-

346 5673 580 5743 deravit,
626 5691 747 5733 esse
792 5678 1151 5748 compiettm,
1201 5684 1258 5728 ut
1295 5674 1503 5730 scilicet
1549 5675 1605 5731 in
1645 5676 1936 5733 δεκίδεὶιηί

305 5763 542 5831 ‘Felicis
571 5775 894 5834 confessoris
923 5773 1141 5832 basilica
1170 5782 1478 5842 poneretur.
1528 5774 1589 5830 In
1631 5773 1733 5832 hac
1765 5777 1934 5835 sancti

1696 301 1897 360 LIBER
1933 301 2268 362 OCTAVUS.

2053 419 2246 476 Felicis
2281 421 2530 491 basilica,
2563 438 2721 495 quam
2751 426 3002 487 Paulinus
3038 441 3439 504 construxerat,
3485 454 3640 500 erant

2052 526 2219 568 sacrae
2248 515 2430 582 cellte,
2475 516 2589 572 sive
2620 520 2816 576 sacella
2851 523 3075 580 orationi
3109 536 3164 583 et
3191 541 3516 589 mortuorum
3548 552 3636 592 se-

2050 604 2275 674 pultura:
2301 607 2583 663 destinata.
2615 609 2748 665 Cum
2780 629 2938 683 porro
2967 615 3140 673 Florae
3160 619 3413 679 Paulinus
3439 627 3637 684 rescri-

2049 693 2232 763 beret,
2264 697 2450 754 eadem
2478 716 2607 756 usus
2645 711 2726 756 est
2765 709 3160 775 opportunitate
3182 755 3198 779 ,
3234 722 3289 768 ut
3329 716 3527 772 litteras
3569 721 3639 778 ad

2047 785 2400 858 Augustinum
2443 791 2612 848 daret.
2659 793 2716 849 in
2759 795 2842 850 his
2881 800 2947 852 ab
2987 815 3053 855 eo
3090 803 3477 876 sciscitabatur,
3508 827 3638 870 num

2046 877 2226 974 credat
2269 881 2524 951 prodesse
2564 886 2754 956 cuique
2798 898 2917 958 post
2955 903 3215 960 mortem,
3264 899 3406 968 quod
3443 918 3638 974 corpus

2046 970 2164 1041 ejus
2186 973 2326 1043 apud
2355 977 2524 1030 sancti
2549 977 2770 1049 alicujus
2791 985 3103 1040 memoriam
3133 991 3422 1058 sepelitur:
3450 1011 3512 1050 ac
3532 970 3635 1054 sibi

2045 1062 2264 1132 quidem
2295 1065 2462 1121 videri
2493 1067 2720 1137 dicebat,
2755 1088 2860 1127 non
2887 1090 3005 1131 esse
3034 1075 3219 1134 inanes
3242 1091 3416 1140 motus
3438 1086 3636 1144 animo-

2046 1167 2164 1207 rum
2196 1149 2563 1225 religiosorum
2591 1170 2748 1232 atquc
2779 1163 3012 1219 fidelium
3040 1182 3138 1237 pro
3170 1172 3280 1225 suis
3312 1156 3410 1228 ista
3438 1191 3632 1233 curan-

2048 1241 2178 1297 tium
2203 1261 2216 1297 :
2247 1255 2298 1300 et
2319 1246 2640 1319 adjungebat
2666 1267 2853 1309 vacare
2882 1272 2986 1310 non
3008 1272 3184 1328 posse,
3219 1264 3358 1332 quod
3385 1267 3633 1326 universa

2036 1349 2141 1404 pro
2171 1336 2431 1394 defunctis
2458 1337 2694 1396 Ecclesia
2734 1347 3030 1416 supplicare
3060 1357 3367 1423 consuevit;
3415 1366 3472 1413 ut
3510 1360 3635 1420 hinc

2045 1437 2100 1524 et
2126 1429 2256 1524 illud
2288 1432 2479 1502 conjici
2506 1437 2694 1524 possit,
2729 1431 2931 1495 homini
2963 1443 3218 1513 prodesse
3240 1458 3360 1518 post
3382 1462 3628 1524 mortem,

2043 1519 2087 1573 si
2118 1519 2219 1576 fide
2247 1537 2462 1578 suorum
2491 1523 2800 1598 sepeliendo
2821 1532 2936 1601 ejus
2964 1539 3174 1606 corpori
3202 1541 3322 1596 talis
3347 1519 3632 1613 providea;

2043 1620 2130 1668 tur
2158 1614 2328 1684 locus,
2363 1618 2414 1672 in
2445 1635 2551 1690 quo
2576 1633 2827 1692 appareat
2857 1627 3134 1696 opitulatio
3160 1634 3318 1688 etiam
3348 1637 3448 1690 isto
3472 1639 3633 1697 modo

2041 1706 2262 1805 quaesita
2285 1718 2586 1800 sanctorum
2607 1711 2851 1805 (DeLCura
2869 1735 2960 1788 pro
2984 1723 3192 1776 mortuis
3211 1729 3449 1796 gerenda,
3474 1747 3526 1784 η.
3549 1726 3629 1805 1).

2041 1795 2270 1852 Aliunde
2319 1814 2448 1854 vero
2485 1797 2590 1891 sibi
2635 1799 3018 1862 dubitationem
3060 1809 3110 1864 id
3154 1813 3373 1882 injicere
3419 1795 3630 1891 aiebat,

2040 1888 2183 1956 quod
2208 1904 2312 1944 non
2343 1889 2473 1948 satis
2501 1887 2738 1962 videret,
2787 1913 3016 1968 quonam
3049 1905 3205 1971 pacto
3236 1907 3320 1960 illa
3362 1887 3634 1969 conciliari

2040 1987 2200 2049 queat
2239 1983 2419 2052 opinio
2455 1999 2576 2038 cum
2621 1981 2721 2042 hoc
2761 1985 3001 2060 Apostoli
3050 1997 3425 2063 pronuntiato:
3459 1995 3632 2060 Unus-

2041 2071 2254 2166 quisque
2282 2075 2487 2166 recipiet
2513 2087 2662 2147 prout
2689 2081 2842 2150 gessit
2869 2083 2921 2135 in
2952 2093 3162 2155 Corpore
3191 2087 3255 2160 (Π
3287 2085 3404 2145 Cor.
3432 2109 3486 2158 γ,
3513 2091 3628 2166 10).

2048 2159 2285 2256 Modesta
2309 2165 2398 2219 illa
2427 2165 2697 2238 inquisitio
2729 2171 3092 2230 tamillustris
3119 2159 3353 2250 episcopi
3374 2224 3390 2249 ,
3421 2159 3634 2256 tamque

2039 2252 2093 2307 in
2123 2257 2290 2310 sacris
2317 2258 2531 2315 Litteris
2560 2257 2782 2330 eruditi,
2833 2265 3024 2320 mirum
3065 2280 3319 2340 quantum
3362 2273 3524 2330 distat
3546 2252 3633 2333 ab

2039 2359 2226 2400 eorum
2252 2349 2592 2419 confidentia,
2619 2353 2708 2423 qui
2736 2353 2805 2409 oh
2833 2357 3076 2412 eamdem
3109 2357 3472 2420 difﬁcultatem
3507 2383 3634 2424 ora-

2043 2435 2213 2492 tiones
2239 2455 2335 2529 pro
2358 2441 2630 2529 spiritibus
2657 2443 3031 2504 dormientium
3060 2450 3175 2508 ﬁeri
3198 2457 3379 2512 solitas
3404 2463 3637 2529 proscri-

2037 2537 2213 2593 psere.
2247 2525 2363 2580 Vim
2391 2525 2717 2584 difficultatis
2745 2531 2832 2587 ille
2856 2551 3005 2605 :rque
3037 2538 3186 2606 vidit,
3215 2549 3373 2611 atque
3395 2525 3477 2598 isti
3499 2561 3514 2611 ;
3539 2547 3635 2602 sed

2041 2630 2151 2685 prie
2192 2617 2308 2672 istis
2349 2618 2554 2689 abjecte
2583 2619 2652 2676 de
2676 2637 2736 2677 se
2765 2626 3029 2680 sentiebat
3057 2619 3151 2683 V'ir
3180 2642 3396 2687 sanctus
3423 2653 3436 2690 :
3465 2637 3635 2706 siqui-

2041 2707 2162 2762 dem
2205 2725 2374 2781 nequc
2414 2712 2676 2782 Paulum,
2727 2732 2898 2788 neque
2943 2714 3235 2776 Ecclesium
3278 2726 3637 2786 condemnare

2042 2814 2222 2868 ausus,
2255 2804 2434 2858 animo
2459 2808 2760 2877 tranquillo,
2785 2809 2956 2880 quoad
2980 2802 3078 2866 sibi
3100 2829 3221 2868 cum
3246 2816 3347 2871 fide
3377 2822 3637 2888 qmcrenli

2043 2909 2154 2947 rem
2186 2895 2324 2950 Dens
2351 2899 2655 2967 revelaret,
2697 2904 3057 2971 exspectavit;
3100 2921 3162 2960 ac
3195 2908 3404 2961 tandem
3437 2909 3501 2964 ad
3528 2911 3638 2966 voti

2044 2985 2207 3041 finem
2248 2990 2526 3059 Augustini
2567 2991 2830 3048 beneficio
2875 2997 3134 3063 pervenit.
3167 2997 3264 3053 llic
3293 2999 3515 3055 Paulino
3545 3019 3634 3059 re-

2043 3075 2307 3147 Spondere
2334 3080 2421 3134 diu
2452 3077 2690 3148 distulit;
2717 3092 2771 3137 et
2796 3083 2932 3140 forte
2958 3088 3119 3142 etiam
3143 3075 3301 3157 hujus
3328 3092 3488 3146 officii
3515 3110 3632 3150 om-

2043 3169 2170 3224 nino
2211 3169 2403 3226 fuisset
2443 3173 2671 3238 oblitus,
2712 3174 2847 3230 adeo
2874 3179 3204 3247 negotiorum
3235 3181 3459 3237 aliorum
3492 3186 3635 3242 mole

2042 3265 2389 3332 premebatur
2408 3307 2422 3332 ,
2471 3267 2572 3320 nisi
2615 3266 2789 3337 ipsum
2818 3267 2885 3323 ad
2907 3270 2958 3324 id
2981 3270 3337 3328 Candidianns
3361 3279 3640 3349 presbyter

2043 3355 2200 3408 nullis
2226 3355 2363 3411 datis
2391 3357 2615 3412 induciis
2639 3362 2986 3430 compulisset
3018 3363 3117 3435 (De
3145 3363 3282 3421 Cura
3308 3384 3399 3436 pro
3425 3373 3638 3425 mortuis

2042 3446 2297 3515 gerentia,
2344 3465 2429 3501 mi.
2464 3450 2489 3502 l
2515 3491 2530 3514 ,
2561 3449 2678 3515 25).
2710 3451 2824 3508 Illic
2863 3455 3194 3524 propositum
3239 3457 3338 3510 sibi
3381 3475 3444 3514 ex
3487 3460 3637 3517 Pauli

2043 3539 2308 3594 sententia
2338 3540 2552 3595 dubium
2600 3543 2742 3598 circa
2773 3546 3044 3600 orationes
3086 3561 3184 3618 pro
3225 3549 3449 3604 mortuis
3479 3552 3638 3607 solvit

2050 3621 2190 3702 (Ibid
2199 3673 2234 3699 .,
2257 3649 2312 3685 η.
2332 3632 2411 3705 ‘2).
2436 3635 2584 3700 Quod
2607 3652 2734 3691 vero
2761 3637 2824 3691 ad
2846 3639 3169 3708 sepulturam
3191 3642 3329 3710 apud
3350 3643 3638 3701 memorias

2044 3734 2336 3796 martyrum
2361 3728 2572 3793 attinet,
2602 3744 2717 3782 eam
2745 3739 2982 3785 autumat
3004 3746 3107 3786 non
3135 3732 3200 3787 ad
3221 3735 3361 3789 aliud
3380 3735 3637 3805 prodesse

2043 3814 2328 3882 defuncto,
2364 3818 2462 3870 nisi
2495 3826 2548 3872 ut
2573 3817 2795 3874 affectus
2823 3835 2921 3892 pro
2949 3821 3039 3876 illo
3065 3823 3482 3893 supplicationis,
3512 3841 3638 3882 eum

2043 3909 2204 3964 etiam
2242 3919 2532 3980 martyrum
2568 3913 2863 3982 patrocinio
2911 3915 3328 3983 commendans,
3383 3925 3637 3989 augeatur

2049 3999 2234 4074 (lbid.,
2266 4018 2318 4054 η.
2351 4001 2465 4072 22).
2501 4002 2625 4057 Cum
2654 4021 2804 4076 ergo,
2831 4005 2933 4071 ait,
2967 4005 3132 4074 fidelis
3153 4017 3311 4061 mater
3341 4009 3506 4078 ﬁdelis
3538 4009 3638 4079 ﬁlii

2044 4095 2274 4167 defuncti
2296 4114 2481 4167 corpus
2509 4097 2806 4150 desideravit
2828 4097 2879 4151 in
2902 4097 3110 4152 basilica
3132 4103 3366 4172 martyris
3397 4103 3534 4172 poni,
3559 4104 3635 4158 si-

2042 4185 2246 4259 quidem
2276 4190 2487 4244 crcdidit
2513 4189 2621 4263 eius
2647 4191 2870 4244 animam
2900 4192 3086 4247 meritis
3115 4195 3352 4266 martyris
3377 4195 3635 4268 adjuvari;

2043 4284 2138 4338 hoc
2166 4285 2302 4354 quod
2333 4285 2405 4338 ita
2432 4285 2644 4338 credidit
2669 4326 2681 4350 ,
2711 4286 3014 4355 supplicatio
3035 4287 3267 4358 quaedam
3293 4289 3427 4360 fuit;
3456 4298 3500 4342 et
3527 4289 3635 4344 haec

2043 4376 2257 4447 profuit,
2284 4377 2329 4430 si
2353 4378 2474 4447 quid
2489 4379 2704 4449 profuit.
2747 4377 2809 4430 Et
2831 4377 2965 4449 quod
2993 4379 3059 4432 ad
3088 4375 3221 4432 idem
3242 4381 3528 4447 sepulcrum
3547 4399 3632 4436 re-

2041 4470 2199 4522 currit
2222 4469 2412 4535 animo,
2437 4478 2484 4523 et
2503 4469 2668 4538 filium
2690 4470 2916 4542 precibus
2937 4472 3097 4540 magis
3113 4472 3371 4545 magisque
3385 4490 3637 4528 common-

2045 4557 2153 4622 dat,
2186 4559 2395 4633 adjuvat
2419 4559 2644 4631 defuncti
2669 4561 2922 4631 spiritum,
2955 4578 3055 4614 non
3082 4563 3266 4616 mortui
3293 4565 3519 4635 corporis
3555 4563 3636 4618 Io-

2042 4670 2149 4716 cus,
2165 4654 2253 4708 sed
2264 4671 2326 4710 ex
2338 4653 2434 4708 loci
2446 4655 2684 4709 memoria
2703 4655 2839 4708 vivus
2852 4656 3026 4708 matris
3045 4657 3255 4721 a/fcctus
3279 4657 3327 4730 (1
3335 4659 3461 4725 bid.,
3481 4651 3633 4729 11.7).

2039 4746 2234 4803 Narrat
2259 4748 2436 4802 oblata
2466 4747 2604 4802 vivis
2635 4745 2921 4802 multorum
2942 4737 3313 4802 defunctorum
3343 4757 3397 4802 et
3421 4749 3635 4804 sancto-

2041 4857 2162 4896 rum
2191 4842 2302 4894 visa
2330 4858 2342 4893 :
2370 4849 2423 4896 et
2450 4840 2662 4895 tondent
2688 4855 2806 4911 quae
2831 4855 2922 4894 sua
2955 4847 3098 4894 esset
3126 4839 3288 4893 animi
3326 4842 3636 4898 constitutio

2042 4934 2096 4988 in
2139 4933 2203 4988 iis
2242 4932 2672 4997 difﬁcultatibus,
2724 4948 2944 5002 quorum
2989 4931 3361 4986 cnodationcm
3398 4933 3634 4992 nondum

2035 5034 2339 5097 acceperat,
2361 5027 2553 5084 mirum
2571 5029 2622 5082 in
2646 5026 2859 5082 modum
2880 5027 2948 5080 ibi
2964 5023 3225 5097 expromit
3247 5023 3403 5098 (Ibid.
3420 5046 3496 5095 ,n.
3514 5025 3632 5101 2i).

2111 5119 2166 5175 5.
2211 5118 2463 5173 Dulcitius
2489 5120 2543 5173 in
2567 5120 2740 5174 Africa
2763 5119 2977 5174 circiter
2998 5135 3193 5174 annum
3215 5117 3632 5192 quadringente-

2039 5212 2238 5270 simum
2281 5209 2633 5279 vigesimum,
2683 5217 2741 5263 ut
2777 5224 2934 5280 supra
2979 5210 3223 5274 vidimus,
3257 5211 3446 5281 agebat
3474 5227 3633 5267 exse-
3670 5263 3676 5272 .

2041 5303 2268 5375 quendis
2306 5302 2564 5356 adversus
2609 5301 2910 5358 Donatistas
2952 5302 3155 5373 legibus
3200 5303 3264 5358 ab
3305 5303 3632 5372 Imperatore

2041 5398 2345 5469 perfectus.
2377 5395 2517 5452 Idem
2539 5395 2731 5450 ibidem
2754 5395 2926 5450 adhuc
2955 5397 3278 5463 morabatur,
3306 5413 3427 5453 cum
3450 5399 3633 5470 Augu-
3695 5390 3708 5442 ἔ

2041 5494 2238 5548 stinum
2267 5491 2334 5548 de
2355 5491 2519 5548 variis
2548 5491 2928 5560 qumstionibus
2959 5505 3054 5559 per
3079 5491 3284 5545 litteras
3313 5491 3634 5563 Carthagine

2037 5586 2193 5642 datas
2203 5585 2488 5648 consuluit,
2507 5599 2624 5652 quae
2642 5583 2714 5640 illi
2735 5598 2828 5654 per
2846 5584 3114 5638 Paschalia
3132 5582 3263 5638 festa
3277 5595 3398 5639 sunt
3413 5585 3633 5643 redditae

2043 5678 2146 5752 (De
2170 5688 2280 5734 octo
2307 5677 2516 5734 Dulcitii
2541 5676 2846 5743 Danastium,
2866 5673 3286 5748 Prwfat.).Tunc
3306 5676 3517 5747 quidem
3539 5693 3631 5732 rc-

2041 5788 2295 5844 sponstun
2322 5773 2400 5828 eis
2427 5771 2663 5832 scribere
2683 5780 2870 5834 sancto
2888 5769 3098 5830 Bostari
3118 5766 3426 5839 neutiquam
3453 5766 3642 5847 licuit;
