4042 6360
453 382 559 442 52⁸1

456 521 524 561 eo
544 503 682 577 quod
707 511 824 574 post
849 515 1028 557 sacros
1055 498 1173 553 illos
1192 497 1306 553 dies
1330 495 1503 551 statim
1531 508 1647 547 sesc
1669 491 1890 546 contulit
1910 491 2038 544 Car-

457 597 759 668 thaginem,
790 595 929 650 unde
960 592 1168 647 nonnisi
1214 589 1379 646 tribus
1421 585 1687 642 mensibus
1729 582 1926 637 exactis
1971 580 2036 635 ad

457 702 584 745 suos
615 685 812 742 reverti
845 684 1133 752 permissus
1155 689 1254 735 est.
1282 679 1416 746 Quin
1435 684 1608 730 autem
1630 689 1694 728 eo
1713 671 2036 744 gravissimis

383 785 398 802 ‘
454 777 684 848 t.egotiis
711 783 1008 846 pertractus
1036 772 1122 835 sit,
1147 770 1273 825 nulli
1300 765 1704 837 ambigendum;
1737 763 1944 818 tametsi
1967 761 2035 816 de

456 873 541 927 his
568 869 697 924 nihil
730 875 1056 936 compertum
1086 863 1340 917 habeatur
1359 903 1373 926 ,
1404 860 1504 913 nisi
1537 857 1676 928 quod
1707 857 1818 925 ipse
1846 854 2033 908 litteris

450 962 704 1034 prodidit,
738 959 807 1013 ibi
837 973 894 1012 se
923 955 1347 1024 occupationum,
1375 965 1492 1021 quae
1519 949 1618 1004 sibi
1657 949 1710 1001 in
1757 945 1857 1000 hac
1899 944 2032 1000 urbe

450 1069 718 1126 nunquam
741 1053 979 1116 deerant,
1003 1046 1336 1102 multitudine
1361 1042 1658 1098 districtum
1683 1040 1814 1095 adeo
1847 1039 2028 1106 fuisse,

450 1155 510 1202 ut
539 1145 603 1199 ad
635 1142 938 1198 dictandum
969 1139 1234 1210 quidpiam
1259 1136 1422 1190 otium
1444 1132 1661 1188 omnino
1681 1132 1882 1186 nullum
1913 1145 2032 1200 sup-

449 1243 674 1307 peteret.
702 1235 989 1288 Reversum
1013 1229 1153 1295 inde,
1180 1226 1402 1297 negotiis
1421 1240 1540 1296 qua:
1565 1224 1730 1292 magis
1750 1221 2026 1291 urgebant,

449 1328 699 1384 nimirum
747 1323 977 1396 pr0prizn
1014 1321 1343 1383 dioeceseos,
1386 1323 1620 1371 mentem
1659 1313 1889 1382 adjicere
1935 1325 2029 1380 per

448 1417 565 1473 dies
582 1414 881 1487 quindecim
907 1411 1168 1482 oportuit;
1197 1408 1390 1478 quibus
1408 1405 1636 1476 peractis
1662 1401 1901 1458 nonnihil
1929 1400 2022 1456 otii

445 1517 652 1574 nactus,
676 1507 790 1562 sine
807 1518 953 1559 mora
975 1502 1040 1556 ad
1065 1498 1492 1555 satisfaciendum
1509 1496 1736 1551 Dulcitio
1765 1493 2024 1550 incubuit.

445 1599 679 1670 Rogatus
698 1596 764 1650 ab
785 1611 850 1650 eo
877 1594 1049 1650 fuerat
1073 1607 1234 1662 super
1253 1599 1372 1645 octo
1397 1586 1774 1660 quaestionibus
1793 1585 2027 1655 Scriptu—

443 1707 520 1746 ra:
547 1705 640 1744 seu
667 1686 1042 1744 ecclesiastica:
1068 1682 1351 1747 doctrinm;
1392 1695 1522 1749 quas
1550 1693 1736 1733 omnes
1757 1718 1771 1742 ,
1802 1677 1846 1732 si
1869 1676 2024 1746 quin-

444 1793 553 1838 tam
583 1780 877 1850 exceperis,
904 1779 956 1834 in
980 1777 1141 1832 variis
1162 1789 1380 1846 operum
1404 1787 1620 1828 suorum
1642 1771 1772 1826 locis
1795 1769 2027 1838 explica-

440 1883 544 1928 rat.
575 1873 905 1940 Quapropter
926 1883 1043 1940 quae
1060 1868 1168 1938 jatn
1189 1867 1255 1922 de
1276 1873 1478 1935 septem
1500 1863 1616 1918 aliis
1639 1862 2019 1931 disputaverat,

441 1965 572 2020 satis
602 1962 783 2016 habuit
813 1973 1120 2029 excerpere,
1153 1971 1257 2027 quo
1283 1953 1442 2010 simul
1468 1961 1522 2009 et
1546 1951 1754 2008 Dulcitii
1781 1959 1888 2004 tam
1909 1951 2025 2004 lau-

442 2054 621 2110 dabile
646 2052 966 2108 desiderium
996 2049 1267 2120 expleret,
1309 2054 1363 2102 et
1391 2061 1450 2100 se
1479 2045 1657 2098 labore
1687 2042 1934 2097 liberaret
1957 2041 2024 2096 de

441 2147 649 2215 integro
679 2144 862 2199 eadem
890 2140 1214 2205 recudendi;
1246 2154 1363 2209 qum
1393 2152 1520 2192 sane
1541 2151 1647 2201 res,
1671 2151 1790 2190 cum
1807 2148 2021 2204 permo-

439 2238 578 2294 lesta
598 2236 716 2301 sibi,
749 2243 858 2288 tum
885 2232 1084 2288 inutilis
1115 2230 1340 2285 Dulcitio
1361 2236 1475 2282 erat
1497 2226 1692 2281 futura.
1720 2225 1829 2279 Hoc
1848 2233 2022 2278 autem

441 2333 499 2388 in
551 2331 748 2398 scripto
795 2326 1067 2382 historiam
1126 2324 1412 2379 admodum
1459 2321 1780 2390 singularem
1824 2319 2017 2381 refert,

440 2438 597 2495 quam
619 2421 895 2490 ipsiusmct
910 2416 1085 2472 verbis
1108 2415 1468 2484 subjiciemus.
1490 2412 1666 2464 Dicam
1682 2409 1815 2481 quod
1836 2413 2022 2478 factum

442 2523 533 2578 est,
567 2512 752 2582 inquit,
786 2511 839 2563 in
876 2507 1190 2561 Mauritania
1235 2505 1484 2572 Sitifensi.
1519 2503 1696 2573 Neque
1727 2503 1855 2556 enim
1885 2499 2021 2553 Deus

438 2613 728 2658 sanctorum
762 2599 1000 2662 Patrum,
1025 2613 1126 2655 non
1152 2597 1259 2666 ipse
1283 2605 1355 2650 est
1373 2596 1521 2649 etiam
1554 2593 1684 2648 Deus
1711 2602 1894 2647 noster.
1937 2590 2022 2643 Vi-

442 2695 597 2748 duam
641 2693 693 2746 in
734 2690 988 2762 proposito
1017 2687 1334 2742 continentia:
1375 2687 1695 2740 constitutam
1727 2682 2020 2737 Cetticchius

437 2784 644 2855 quidam
663 2765 1048 2836 catechumenus
1068 2779 1258 2846 iuvenis
1277 2777 1464 2848 rapuit,
1488 2785 1544 2829 ut
1568 2774 1765 2828 haberet
1791 2790 2015 2827 uxorein.

440 2877 720 2944 Antequam
749 2869 1160 2934 concumberent,
1193 2885 1390 2938 pressus
1419 2884 1594 2922 somno
1624 2877 1669 2920 et
1706 2867 1903 2920 territus
1932 2882 2017 2918 so-

438 2968 596 3033 mnio,
623 2966 853 3034 Sitifensi
879 2964 1112 3035 episcopo
1142 2961 1367 3016 eamdem
1401 2962 1822 3015 vehementissime
1848 2960 2017 3030 requi-

437 3060 587 3126 renti,
605 3057 849 3112 revocavit
868 3057 1127 3110 intactam.
1159 3053 1340 3107 Vivunt
1358 3053 1525 3106 adhuc
1542 3053 1603 3106 de
1621 3052 1797 3123 quibus
1819 3051 2014 3122 loquor.

436 3150 538 3206 Ille
567 3151 864 3219 baptizatus,
890 3157 935 3202 et
961 3147 1070 3218 ipso
1094 3147 1146 3199 in
1174 3161 1227 3198 se
1249 3145 1381 3214 facta
1406 3143 1650 3196 miraculo
1669 3158 1930 3195 conversus
1952 3140 2018 3194 ad

437 3242 732 3308 Dominum,
761 3241 827 3293 ad
853 3240 1193 3310 episcopatum
1211 3235 1479 3291 venerabili
1507 3235 1749 3305 probitate
1775 3234 2015 3304 pervenit,

436 3336 528 3390 illa
545 3335 596 3388 in
621 3343 794 3388 sancta
813 3332 1053 3386 viduitate
1070 3329 1287 3400 persistit
1306 3327 1406 3400 (De
1429 3335 1538 3381 octo
1565 3325 1773 3380 Dulcitii
1803 3325 2015 3390 Quiut,

439 3436 614 3498 quwst.
641 3426 692 3490 7,
731 3442 783 3478 u.
815 3423 901 3495 5).
927 3423 983 3476 lu
1008 3420 1440 3489 Carthaginiensis
1469 3418 1677 3473 concilii
1703 3417 1922 3486 epistola
1953 3413 2018 3469 ad

441 3519 779 3574 Cwlcstinum
803 3516 1112 3570 undecimus
1135 3513 1269 3566 inter
1284 3513 1560 3581 episcopos
1576 3510 1895 3564 Cclticchius
1921 3525 2019 3561 no-

437 3613 688 3668 minatur.
719 3611 884 3680 llujus
916 3609 1032 3662 libri
1059 3613 1336 3660 contextus
1361 3604 1546 3667 docet,
1573 3602 1891 3656 dominicum
1924 3601 2023 3655 Pa-

435 3704 633 3761 schalis
673 3703 812 3756 diem
853 3700 950 3753 hoc
975 3712 1114 3751 anno
1155 3695 1401 3749 incidisse
1439 3693 1493 3747 in
1529 3693 1740 3746 tertium
1769 3691 2021 3747 kalendas

437 3797 668 3866 apriles:
701 3792 839 3864 quod
869 3806 963 3861 per
996 3790 1354 3859 episc0patuui
1385 3784 1659 3855 Augustini
1687 3785 1840 3838 annis
1863 3798 2020 3852 supra

440 3885 1014 3959 quadringentesimum
1049 3882 1256 3937 decimo
1286 3895 1426 3935 nono
1454 3880 1624 3934 solum
1660 3888 1714 3934 et
1753 3880 2022 3950 trigesimo

439 3977 677 4046 contigit.
698 3975 856 4045 Atqui
876 3974 943 4028 de
972 3973 1156 4027 ultimo
1183 3971 1283 4026 hoc
1310 3971 1360 4025 id
1390 3970 1565 4025 nullus
1592 3971 1866 4041 intelligat,
1900 3985 2021 4025 cum

441 4066 708 4124 secundus
726 4063 1176 4119 Retractationum
1192 4063 1346 4130 liber,
1366 4062 1418 4116 in
1433 4077 1536 4131 quo
1552 4061 1737 4117 eadem
1754 4062 1868 4116 haec
1883 4076 2021 4117 com-

439 4159 700 4216 mentatio
723 4163 1048 4221 recensetur,
1067 4169 1130 4209 eo
1146 4169 1314 4224 usque
1331 4167 1436 4207 non
1455 4153 1743 4224 perveniat.
1767 4153 2022 4225 Superest

438 4251 598 4322 igitur
613 4257 669 4304 ut
687 4246 815 4304 illud
831 4261 971 4302 anno
986 4243 1500 4317 quadringentesimo
1529 4244 1734 4299 decimo
1764 4259 1906 4298 nono
1930 4244 2022 4299 tri-

437 4343 682 4408 buamus,
697 4356 802 4412 quo
818 4355 957 4394 anno
971 4352 1152 4394 mense
1166 4338 1304 4393 maio
1320 4343 1560 4393 vertente
1573 4335 1892 4406 Carthagine
1907 4345 2021 4391 erat

438 4443 656 4490 sanctus
677 4432 896 4488 Praesul.
927 4430 1124 4486 Verum
1155 4429 1437 4499 quominus
1454 4428 1757 4499 opinionem
1783 4427 1939 4494 hanc,
1958 4426 2022 4480 li-

439 4536 526 4582 cet
553 4527 757 4581 ratione
788 4533 891 4578 tam
921 4520 1184 4593 plausibili
1229 4519 1410 4573 fultam
1431 4561 1445 4583 ,
1477 4519 1816 4574 admittamus
1836 4558 1850 4583 ,
1894 4517 2021 4571 facit

437 4616 782 4674 Enchiridion
827 4617 878 4669 in
916 4617 1015 4669 hoc
1041 4613 1226 4667 eodem
1267 4618 1490 4665 tractatu
1523 4611 1803 4680 allegatum
1833 4607 2014 4680 (Ibid.,

439 4718 615 4782 quiest.
648 4710 701 4776 1,
739 4725 791 4762 n.
823 4706 910 4774 10,
942 4715 987 4761 et
1022 4713 1198 4776 qucest.
1224 4705 1280 4771 2,
1307 4720 1360 4757 n.
1394 4700 1474 4774 4),
1501 4701 1643 4771 quod
1672 4713 1796 4756 ante
1820 4716 2016 4755 annum

440 4799 1019 4874 quadringentesimum
1049 4796 1362 4866 vigesimum
1388 4794 1641 4865 primum,
1673 4792 1882 4862 quando
1911 4791 2017 4846 illic

437 4897 793 4968 Hieronymus
833 4898 1030 4947 sancta:
1073 4887 1343 4943 memoriae
1380 4885 1661 4952 vocitatur,
1706 4883 1867 4940 scribi
1909 4897 2016 4936 non

436 4986 628 5060 potuit.
679 4982 934 5040 Eumdem
978 4979 1119 5035 enim
1170 4977 1545 5047 Hieronymum
1587 4974 1748 5030 tradit
1787 4975 2017 5043 Prosper

435 5092 577 5136 anno
620 5084 826 5131 tantum
863 5065 1381 5143 quadringentesimo
1415 5066 1670 5137 vigesimo
1709 5064 1876 5135 pridie
1916 5064 2014 5119 ka-

433 5169 621 5225 lendas
649 5168 882 5223 octohris
911 5163 1138 5226 obiisse,
1183 5175 1341 5232 quem
1380 5169 1435 5214 et
1481 5159 1806 5230 Augustinus
1842 5157 2014 5212 adhuc

436 5273 622 5316 mense
647 5255 935 5327 septembri
959 5255 1084 5308 anni
1104 5251 1605 5323 quadringentesimi
1630 5250 1820 5304 decimi
1842 5250 2014 5305 octavi

436 5351 491 5406 in
513 5349 646 5403 vivis
665 5362 822 5416 agere
847 5344 1095 5416 ponebat,
1124 5351 1177 5398 et
1202 5356 1297 5396 nos
1317 5341 1475 5396 etiam
1495 5355 1634 5394 anno
1659 5338 2014 5409 quadringen-
2059 5335 2069 5380 ἱ

2052 5436 2072 5461 ⁴
2120 5436 2262 5492 nulla
2287 5451 2398 5491 suat
2426 5435 2716 5506 dignitatis,
2747 5450 2904 5506 quam
2935 5443 3086 5504 parte
3109 5433 3200 5489 illa
3215 5432 3597 5503 jurisdictionis
3620 5447 3704 5487 re-

437 5444 630 5499 tesimo
655 5441 863 5496 decimo
891 5453 1031 5494 nono
1061 5436 1338 5507 epistolam
1382 5434 1446 5487 ad
1476 5433 1718 5489 eumdem
1762 5434 2013 5504 Augusti-

437 5553 564 5594 num
593 5536 803 5592 misisse
841 5531 1188 5587 ostendimus.
1223 5528 1515 5586 Fatendum
1546 5535 1718 5582 tamen
1745 5536 1827 5582 est
1863 5542 2014 5581 men-
2053 5547 2070 5556 ν

439 5633 567 5688 dum
597 5629 651 5686 in
681 5625 958 5699 Augustini
983 5633 1289 5682 contextum
1316 5623 1621 5694 irrepsisse,
1649 5637 1712 5677 ac
1735 5638 1832 5692 pro
1856 5622 2012 5678 tertio

437 5720 694 5780 hlendas
721 5716 904 5789 aprilis
927 5713 1292 5786 reponendum
1330 5727 1450 5769 esse
1471 5713 1556 5768 vel
1583 5712 1808 5783 septimo
1832 5712 2013 5769 kalen-

439 5813 536 5881 das
558 5809 762 5888 aprilis,
791 5821 898 5892 quo
923 5805 1014 5863 die
1041 5805 1246 5866 Pascha
1276 5803 1379 5861 hoc
1405 5818 1545 5858 anno
1567 5803 2010 5874 quadringentesi-

1547 373 1703 429 V'ITA
1741 371 1795 428 S.
1837 364 2197 426 AUGUSTINI
2237 369 2552 428 EPISCOPI.

3617 390 3726 450 528

2144 499 2231 540 mo
2252 489 2505 557 vigesimo
2534 492 2768 547 secundo
2793 503 3074 561 evenerat;
3119 498 3199 552 vel
3227 497 3433 554 decimo
3459 498 3720 565 kalendas

2140 581 2340 649 aprilis,
2365 597 2468 651 quo
2491 583 2577 638 die
2601 585 2889 641 Bucherius
2911 589 3102 644 asserit
3123 589 3282 646 fuisse
3301 607 3443 648 anno
3467 597 3725 665 quadrin-

2139 675 2430 742 gentesimo
2459 676 2713 747 vigesimo
2739 679 2925 750 quinto
2967 682 3294 739 celebratum
3333 701 3362 740 a
3401 688 3720 758 quibusdam

2137 763 2484 834 Latinorum,
2538 768 2689 838 queis
2733 769 3128 840 Hipponensem
3170 775 3464 833 Ecclesiam
3502 779 3723 854 adjuugi

2137 867 2384 926 oportere
2407 859 2690 918 verisimile
2715 875 2814 918 est.

2767 955 2990 1012 CAPUT
3028 957 3116 1013 IV.

2093 1103 2096 1106 _
2136 1039 2162 1094 1
2195 1039 2349 1094 Curat
2397 1041 2738 1114 Augustinus,
2781 1056 2838 1100 ut
2878 1048 3140 1118 episcopus
3185 1051 3416 1109 Fussalaz
3457 1057 3721 1113 ordinetur

2203 1133 2469 1188 Antonius.
2493 1136 2528 1188 2
2556 1135 2801 1202 Eiusdem
2822 1137 3064 1196 Ecclesitr
3091 1144 3574 1202 administrationem
3599 1151 3720 1204 adi-

2203 1240 2336 1277 mere
2354 1225 2429 1278 illi
2458 1227 2669 1296 cogitur.
2700 1229 2734 1283 5
2761 1229 3006 1284 Antonius
3034 1231 3294 1288 Numidia:
3315 1238 3519 1306 primati
3542 1250 3588 1292 et
3615 1240 3723 1294 Bo-

2202 1315 2388 1384 nifacio
2415 1334 2562 1387 papae
2587 1319 2758 1388 fucum
2786 1322 2926 1392 facit,
2958 1325 3088 1377 utin
3129 1325 3376 1397 integrum
3404 1332 3715 1389 restituatur.

2201 1407 2236 1460 4
2268 1405 2586 1487 Cwlestinum
2629 1410 2850 1466 obsecrat
2877 1413 3186 1486 Augustinus
3205 1458 3219 1481 ,
3261 1427 3314 1470 ut
3342 1422 3635 1474 sententiam
3661 1424 3720 1476 in

2200 1497 2346 1552 illum
2386 1499 2540 1553 latam
2579 1501 2741 1572 vigere
2768 1503 2932 1572 sinat,
2965 1520 3026 1560 ac
3063 1522 3230 1561 secum
3261 1525 3353 1578 pro
3395 1509 3722 1566 Fussalensis

2199 1589 2442 1646 Ecclesia:
2460 1609 2581 1662 pace
2600 1595 2888 1650 collaboret.
2913 1597 2946 1651 5
2968 1597 3205 1669 Alioquin
3223 1610 3423 1654 sanctus
3454 1601 3560 1666 Vir,
3582 1603 3722 1672 quod

2199 1683 2336 1737 illius
2376 1684 2680 1739 ordinationi
2711 1704 2802 1757 per
2829 1688 3215 1759 imprudentiam
3258 1690 3570 1761 suﬁragatus
3615 1694 3719 1761 sit,

2200 1775 2458 1844 propriam
2485 1776 2779 1846 dignitatem
2813 1794 2992 1834 exuere
3015 1781 3221 1851 cogitat.

2201 1863 2252 1917 1.
2284 1864 2540 1920 Baronius
2565 1882 2704 1922 anno
2733 1868 3255 1940 quadringentesimo
3281 1872 3534 1943 vigesimo
3555 1876 3722 1930 tertio

2128 1963 2352 2010 mortem
2381 1956 2635 2012 Bonifacii
2676 1974 2826 2030 papa:
2865 1970 3051 2017 octavo
3090 1961 3343 2020 kalendas
3372 1966 3674 2021 novembris
3698 2007 3717 2033 ,

2127 2045 2401 2103 Coelestini
2429 2064 2556 2105 vero
2593 2050 2709 2120 ejus
2737 2055 3060 2111 successoris
3092 2056 3406 2111 electionem
3431 2059 3586 2112 tertio
3609 2075 3715 2113 no-

2129 2155 2224 2194 nas
2263 2144 2566 2198 novembris
2593 2147 2758 2214 ponit.
2789 2146 2895 2202 Sed
2929 2148 3084 2218 hujus
3110 2151 3187 2206 rei
3215 2152 3489 2207 veritatem
3514 2167 3722 2223 cogno-

2127 2245 2280 2287 scere
2316 2233 2451 2288 haud
2476 2235 2528 2289 in
2551 2247 2796 2306 promptu
2823 2247 2906 2294 est
2931 2256 2944 2293 :
2970 2254 3069 2295 nec
3094 2241 3268 2296 minus
3294 2242 3482 2296 saltem
3507 2244 3721 2300 videtur

2127 2323 2419 2392 probabile,
2457 2326 2556 2380 sub
2595 2327 2754 2383 finem
2798 2330 2922 2384 anni
2953 2332 3454 2403 quadringentesimi
3477 2335 3722 2406 vigesimi

2127 2415 2345 2468 secundi
2377 2416 2600 2473 desiisse
2625 2419 2804 2475 vivere
2830 2420 3178 2489 Bonifacium,
3213 2421 3558 2479 Caelestinum
3587 2442 3722 2481 vero

2127 2504 2178 2558 in
2211 2506 2326 2575 ejus
2358 2508 2528 2564 locum
2565 2526 2708 2565 anno
2728 2513 3252 2584 quadringentesimo
3275 2516 3532 2586 vigesimo
3559 2519 3722 2573 tertio

2125 2597 2400 2653 suffectum
2431 2615 2569 2655 esse.
2607 2601 2676 2657 Et
2717 2603 2833 2658 lucc
2860 2605 3073 2674 quidem
3117 2619 3275 2662 causa
3314 2617 3429 2675 est,
3458 2623 3555 2667 cur
3576 2625 3723 2664 anno

2107 2702 2281 2757 supra
2311 2691 2890 2761 quadringentesimum
2934 2697 3192 2766 vigesimo
3220 2699 3456 2755 secundo
3482 2698 3722 2755 historiae

2126 2780 2343 2833 Antonii
2375 2781 2735 2852 Fussalensis,
2779 2800 2882 2854 qua
2908 2801 3014 2841 non
3047 2787 3197 2843 facile
3241 2789 3396 2844 aliam
3422 2797 3723 2846 memoratu

2127 2867 2423 2937 digniorem
2465 2872 2516 2925 in
2548 2873 2822 2943 Augustini
2865 2877 2972 2930 vita
3002 2878 3266 2947 reperias,
3298 2879 3513 2934 exordia
3549 2880 3721 2935 collo-

2123 2973 2322 3012 cemus.
2356 2961 2574 3016 Fussala
2606 2965 2879 3019 castellum
2924 2981 3018 3021 seu
3047 2968 3296 3037 oppidum
3323 2979 3437 3024 erat
3466 2971 3518 3024 in
3547 2970 3720 3025 confi-

2124 3049 2214 3101 nio
2243 3049 2594 3120 Hipponensis
2622 3055 2872 3110 territorii
2897 3058 3125 3126 positum
3157 3057 3363 3129 (Epist.
3386 3059 3506 3126 $09,
3539 3078 3590 3114 n;
3620 3060 3717 3131 2),

2123 3155 2281 3212 atquc
2311 3145 2377 3199 ab
2407 3146 2516 3214 ipsa
2557 3147 2798 3217 Hippone
2829 3149 3171 3220 quadraginta
3217 3151 3464 3219 millibus,
3507 3152 3610 3207 hoc
3633 3149 3724 3209 es.

2126 3233 2290 3288 lcucis
2328 3236 2634 3304 sexdecim,
2675 3238 2915 3304 distans;
2959 3241 3101 3310 quod
3143 3250 3318 3296 tamen
3366 3242 3722 3312 Hipponensis

2125 3327 2420 3382 dioeceseos
2460 3329 2648 3384 finibus
2677 3331 3254 3400 comprehendebatur,
3287 3349 3408 3388 cum
3441 3335 3508 3389 ad
3533 3336 3720 3407 Augu-

2127 3419 2250 3472 stini
2285 3427 2520 3487 tempora
2559 3423 2831 3490 proprium
2866 3424 3172 3492 episcopum
3202 3439 3469 3495 nunquam
3498 3425 3718 3481 habuis-

2127 3520 2225 3564 sct.
2252 3512 2464 3566 Litteris
2491 3515 2819 3584 consignavit
2839 3515 3044 3585 aliquot
3072 3516 3346 3580 miracula,
3379 3532 3497 3586 qua:
3529 3517 3631 3572 hoc
3661 3519 3714 3572 in

2129 3601 2277 3666 loco,
2311 3603 2434 3655 dum
2473 3603 2615 3656 illum
2647 3605 2786 3660 idem
2816 3606 3166 3676 gubernaret,
3201 3617 3253 3661 et
3293 3617 3412 3677 post
3445 3607 3715 3661 Maximini

2127 3691 2405 3746 Sinitcusis
2429 3696 2848 3762 conversionem,
2879 3697 2931 3752 id
2959 3706 3059 3761 est,
3087 3707 3207 3767 post
3238 3713 3434 3753 annum
3461 3698 3717 3768 quadrin-

2127 3785 2475 3854 gentesimum
2495 3788 2756 3856 quintum,
2785 3803 3009 3843 evenere
3031 3787 3132 3860 (De
3149 3788 3356 3843 Civitate
3375 3789 3492 3856 Dei,
3510 3790 3597 3843 lib.
3621 3789 3713 3854 22,

2127 3891 2240 3946 cap.
2274 3878 2326 3943 8,
2351 3894 2402 3929 n.
2423 3877 2499 3948 6).
2523 3877 2650 3932 Erat
2672 3877 2902 3934 Fussalac
2917 3880 3153 3950 locisque
3178 3881 3412 3936 finitimis
3431 3896 3715 3936 numerosa

2127 3969 2308 4037 plebs;
2337 3972 2429 4024 sed
2460 3987 2521 4024 ea
2550 3974 2724 4025 omnis
2755 3972 3053 4026 miserrimo
3081 3986 3209 4026 casu
3235 3971 3289 4026 in
3318 3971 3550 4027 schisma
3575 3987 3714 4042 prae-

2127 4075 2252 4129 ceps
2276 4060 2410 4116 ierat
2435 4065 2453 4130 (
2473 4061 2636 4130 Epist.
2661 4062 2789 4130 209,
2820 4080 2871 4117 η.
2899 4061 2985 4135 ἰ).
3018 4063 3308 4118 Restabant
3330 4064 3497 4118 solum
3520 4064 3572 4119 in
3594 4064 3714 4134 ejus

2127 4167 2254 4222 agro
2287 4153 2445 4222 'pauci
2474 4152 2762 4218 Catholici;
2793 4161 2849 4207 at
2885 4155 2938 4208 in
2973 4155 3169 4224 oppido
3202 4171 3268 4210 ne
3307 4172 3441 4210 unus
3474 4156 3712 4224 quidem.

2127 4243 2288 4297 Primi
2315 4245 2761 4316 presbyterorum,
2791 4260 2924 4315 quos
2949 4245 3144 4300 ibidem
3167 4248 3493 4317 Augustinus
3513 4247 3716 4303 consti-

2128 4336 2255 4399 tuit,
2280 4336 2524 4403 spoliati,
2547 4336 2667 4390 cresi
2689 4376 2703 4400 ,
2737 4335 3026 4402 debilitati,
3049 4338 3295 4391 excmcati
3318 4378 3332 4403 ,
3363 4347 3522 4405 atque
3548 4337 3714 4392 etiam

2128 4427 2370 4480 trucidati
2410 4437 2532 4480 sunt
2561 4445 2571 4478 :
2605 4443 2784 4482 verum
2813 4428 3024 4482 inutiles
3054 4443 3116 4483 ac
3142 4429 3349 4484 steriles
3378 4443 3560 4484 eorum
3581 4443 3713 4484 cru-

2126 4518 2296 4571 ciatus
2319 4533 2423 4571 non
2453 4516 2598 4572 fuere
2624 4536 2637 4579 ;
2665 4529 2714 4573 et
2748 4529 2865 4588 post
2892 4520 3125 4574 iutinitos
3157 4521 3364 4576 labores
3388 4535 3451 4575 ac
3478 4520 3710 4590 pericula

2128 4610 2338 4665 tandem
2369 4609 2650 4678 aliquando
2686 4610 2860 4664 divina
2900 4612 3168 4680 aSpirantc
3207 4612 3485 4666 clementia
3531 4611 3713 4666 nullus

2125 4701 2266 4755 illius
2289 4701 2517 4772 regionis
2538 4702 2687 4756 locus
2708 4716 2828 4756 cum
2856 4701 3094 4756 Ecclesia
3118 4703 3170 4756 in
3199 4717 3382 4772 pacem
3403 4716 3507 4756 non
3529 4700 3707 4768 rediit,

2123 4808 2187 4848 ac
2217 4795 2390 4862 pauci,
2421 4794 2511 4862 qui
2541 4801 2911 4849 remanserunt
2931 4793 3238 4860 Donatistae,
3267 4808 3371 4848 non
3396 4793 3506 4863 jam
3532 4792 3600 4848 de
3619 4808 3710 4847 ve-

2124 4885 2310 4939 xandis
2339 4885 2490 4951 aliis,
2531 4883 2625 4939 sed
2663 4884 2731 4940 de
2767 4884 3095 4939 occultandis
3133 4899 3192 4939 se
3229 4885 3357 4955 ipsis
3381 4883 3706 4954 cogitabant.

2123 4977 2351 5032 Sanctus
2376 4976 2730 5046 Hipponensis
2757 4977 3014 5042 Antistes,
3044 4977 3132 5046 qui
3174 4975 3450 5032 timoribus
3471 4991 3534 5030 ac
3551 4975 3708 5030 dolo-

2122 5067 2271 5122 ribus
2297 5068 2406 5122 suis
2441 5067 2574 5122 alios
2602 5067 2952 5137 parturierat,
2989 5067 3088 5122 hos
3117 5081 3324 5137 quoque
3359 5065 3571 5122 Christo
3599 5066 3708 5120 Do-

2063 5169 2068 5176 '
2121 5162 2268 5217 mino
2301 5160 2494 5214 lucrari
2532 5159 2777 5229 cupiebat
2801 5158 2999 5232 (lbid.,
3027 5176 3080 5213 n.
3105 5156 3190 5230 4).
3215 5158 3394 5227 Quare
3420 5173 3541 5213 cum
3577 5172 3705 5228 pro-

2122 5262 2241 5324 pter
2283 5253 2384 5308 loci
2417 5253 2860 5324 longinquitatem
2893 5267 2952 5308 se
2989 5260 3194 5307 tantum
3232 5267 3408 5318 curae,
3450 5261 3705 5322 quantum

2121 5344 2418 5413 oportebat,
2446 5342 2570 5398 huic
2593 5343 2669 5399 rei
2703 5342 3008 5413 impendere
3033 5357 3139 5398 non
3181 5356 3337 5412 posse
3364 5341 3700 5412 intelligeret,

2121 5538 2296 5584 secata
2323 5528 2431 5584 ibat
2454 5526 2810 5592 imminutum,
2836 5527 3040 5581 ratione
3060 5524 3261 5592 habita,
3283 5524 3465 5578 statuit
3483 5537 3701 5592 operam

2118 5621 2268 5686 dare,
2313 5628 2372 5674 ut
2413 5618 2486 5674 ibi
2523 5620 2936 5674 constitueretur
2966 5612 3474 5688 episcopus(1bid.,
3511 5631 3565 5667 η.
3605 5610 3700 5684 2).

2119 5714 2371 5782 Quaesivit
2409 5727 2537 5784 ergo
2572 5712 2799 5782 aliquem
2829 5725 2934 5766 non
2972 5710 3228 5780 imparem
3267 5708 3316 5763 ei
3346 5705 3586 5772 muneri,
3615 5705 3701 5760 cui

2119 5808 2279 5873 etiam
2302 5804 2546 5862 obeundo
2563 5803 2861 5883 necessaria
2881 5802 2990 5857 sive
3010 5798 3356 5858 conducibilis
3375 5805 3491 5856 erat
3509 5797 3700 5868 lingua
