4042 6360
336 356 443 414 619

327 471 530 543 punicae
558 470 791 543 cognitio
818 470 1023 544 (Epist.
1041 468 1176 534 209.
1204 486 1256 524 η.
1286 468 1377 541 '5).
1404 468 1485 523 Ad
1510 468 1564 524 id
1592 484 1623 524 e
1651 468 1794 524 clero
1826 483 1923 524 suo

329 562 717 635 presbyterum,
735 562 824 634 qui
839 562 889 617 ei
905 571 1119 632 paratus
1144 560 1437 628 videbatur,
1461 560 1771 630 designavit.
1787 561 1920 615 Tum

328 655 612 727 provincia:
632 653 895 709 Numidiae
918 654 1129 724 primati
1146 654 1216 725 (is
1237 668 1363 708 vero
1384 663 1525 719 tunc,
1547 653 1646 708 nisi
1666 652 1914 720 fallimur,

326 746 573 802 Silvanus
610 745 941 801 Summensis
969 743 1156 816 erat),
1189 746 1339 814 cujus
1369 746 1527 800 sedes
1550 746 1615 800 ab
1642 745 1913 816 Hippone-

325 837 490 907 Regio
536 837 694 908 longe
724 846 838 891 erat
864 837 1049 891 dissita
1069 877 1083 904 ,
1112 837 1342 906 scripsit,
1373 846 1559 908 petens
1588 846 1645 891 ut
1670 838 1734 891 ad
1768 837 1913 893 ordi-

323 930 593 985 nationem
630 929 769 985 hanc
795 930 1088 985 accederet.
1114 929 1350 1000 Cumque
1379 929 1467 983 ille
1492 929 1722 985 venisset
1759 944 1914 1000 para-

322 1022 389 1076 tis
407 1022 519 1092 jam
549 1022 712 1078 rebus
751 1021 1016 1089 omnibus,
1050 1020 1344 1092 presbyter,
1382 1036 1536 1092 quem
1568 1021 1661 1075 Vir
1698 1031 1912 1077 sanctus

320 1114 445 1169 huic
471 1114 800 1185 episcOpatui
846 1112 1180 1183 destinabat,
1223 1114 1439 1169 omnino
1479 1114 1625 1169 illum
1669 1115 1911 1183 accipere

320 1207 509 1262 noluit.
542 1207 733 1262 Docuit
773 1217 997 1263 eventus
1021 1217 1201 1278 postea
1220 1248 1234 1273 ,
1264 1207 1430 1262 satius
1455 1206 1687 1262 futurum
1712 1207 1905 1274 fuisse,

316 1312 426 1351 rem
455 1298 585 1351 tanti
607 1297 864 1352 momenti
884 1298 1082 1353 differri
1104 1297 1159 1351 in
1179 1296 1320 1353 aliud
1347 1306 1573 1366 tempus,
1596 1312 1751 1369 quam
1772 1312 1910 1367 pra:-

317 1388 525 1457 cipitari
557 1406 569 1442 :
598 1388 692 1445 sed
722 1398 846 1443 tunc
866 1390 1188 1459 Augustinus
1210 1388 1307 1443 sibi
1336 1404 1441 1444 non
1464 1388 1898 1444 committendum

320 1478 541 1547 putavit,
575 1488 633 1534 ut
666 1494 787 1534 cum
814 1480 1184 1549 gravissimum
1214 1489 1267 1533 et
1295 1478 1681 1534 sanctissimum
1722 1494 1902 1534 senem

320 1570 638 1631 accersisset
658 1586 688 1626 e
713 1581 816 1627 tam
837 1571 1143 1641 longinquo,
1163 1586 1282 1625 eum
1303 1586 1362 1626 re
1386 1568 1578 1626 infecta
1597 1570 1900 1626 dimitteret.

314 1660 648 1732 Quapropter
675 1662 1064 1718 adolescentem
1095 1662 1499 1719 Fussalensibus
1542 1678 1645 1717 non
1674 1665 1902 1733 petenti-

311 1753 408 1809 bus
434 1756 624 1811 obtulit
663 1759 876 1813 nomine
902 1758 1211 1825 Antonium,
1245 1773 1406 1829 quem
1449 1773 1627 1813 secum
1655 1766 1778 1812 tunc
1804 1758 1900 1811 ha-

315 1846 474 1903 bebat
495 1846 621 1920 (hoc
641 1850 783 1904 enim
805 1848 981 1905 forsan
1008 1849 1243 1904 Fussala:
1262 1858 1466 1920 gestum
1491 1850 1614 1920 est),
1637 1864 1901 1919 quemque

306 1939 414 2009 jam
456 1940 576 1995 inde
602 1956 631 1995 a
658 1956 823 2011 puero
851 1942 1206 2006 educaverat;
1238 1957 1421 1995 verum
1453 1941 1601 2010 cujus
1641 1956 1738 1995 nec
1774 1948 1901 1995 aetas

306 2032 439 2085 satis
480 2031 657 2087 adhuc
697 2043 902 2087 matura
944 2042 1091 2098 erat,
1140 2046 1241 2087 nec
1280 2032 1485 2086 indoles
1520 2032 1649 2085 satis
1682 2031 1900 2100 probata

307 2124 505 2194 (Ibid.,
526 2144 577 2180 η.
597 2126 675 2197 9);
699 2142 817 2181 cum
839 2142 959 2182 eum
984 2127 1035 2180 in
1064 2125 1205 2180 nullo
1227 2124 1401 2180 ofﬁcio
1429 2125 1729 2190 clericatus,
1767 2140 1900 2195 prze-

308 2228 549 2288 terquam
581 2220 813 2287 lectoris,
851 2220 1179 2289 explorasset
1204 2218 1223 2290 (
1248 2216 1409 2285 lbid.,
1440 2235 1490 2270 η.
1523 2217 1611 2287 5).
1644 2217 1791 2271 llunc
1818 2226 1899 2271 ta-

307 2328 434 2368 men
453 2314 521 2368 ab
551 2315 800 2370 Antistite
826 2329 924 2369 suo
944 2314 1043 2369 sibi
1071 2312 1399 2384 propositum
1427 2310 1704 2371 Fussalani
1732 2310 1901 2365 obviis

304 2406 552 2462 manibus
579 2415 935 2477 exceperunt,
980 2422 1132 2477 teque
1159 2406 1433 2471 videlicet,
1462 2412 1621 2474 atque
1646 2404 1735 2458 ille
1758 2445 1771 2468 ,
1806 2419 1901 2457 ne-

302 2499 397 2553 scii
423 2515 609 2554 eorum
632 2517 749 2570 qua:
772 2510 949 2570 postea
970 2500 1233 2555 accidere.
1260 2501 1334 2553 Ac
1354 2515 1418 2554 eo
1442 2506 1596 2569 pacto
1630 2497 1899 2552 Antonius

307 2589 589 2645 ordinatus
615 2590 730 2655 fuit,
773 2593 933 2661 inque
958 2590 1247 2661 episcopali
1286 2590 1412 2645 sede
1444 2590 1753 2644 collocatus.
1785 2587 1900 2654 Quo

305 2689 551 2752 tempore
579 2682 718 2738 facta
744 2684 901 2738 fuerit
928 2683 1042 2738 haec
1064 2682 1347 2749 ordinatio,
1380 2683 1714 2751 ignoramus;
1735 2695 1901 2750 quan-

303 2787 463 2840 quam
494 2782 673 2829 tamen
699 2789 727 2827 a
755 2775 962 2828 ratione
983 2789 1088 2828 non
1116 2773 1328 2828 videtur
1351 2773 1602 2836 alienum,
1634 2787 1750 2825 eam
1777 2772 1899 2825 Car.

304 2860 601 2933 tbaginensi
619 2866 922 2931 collatione,
941 2865 992 2918 in
1009 2878 1111 2934 qua
1128 2863 1343 2918 Antonii
1362 2878 1555 2940 nomen
1570 2877 1672 2916 non
1688 2862 1896 2933 legitur,

306 2956 658 3024 posteriorem
682 2957 879 3012 dicere.
906 2956 1057 3011 Hunc
1078 2957 1249 3026 ipsum
1277 2956 1330 3009 in
1356 2954 1653 3009 Milevitana
1672 2953 1897 3025 synodo,

298 3058 441 3101 anno
458 3047 981 3118 quadringentesimo
1002 3048 1209 3103 decimo
1230 3056 1381 3102 sexto
1406 3045 1695 3112 celebrata,
1724 3046 1897 3099 nomi-

299 3140 415 3194 nari
447 3141 586 3195 inter
613 3141 847 3207 ultimos,
874 3142 1053 3211 opinio
1079 3149 1188 3207 est;
1216 3149 1375 3209 atque
1406 3140 1474 3193 ita
1504 3154 1691 3193 manus
1714 3139 1762 3193 ei
1791 3138 1897 3194 Sil-

298 3246 496 3286 vanum
519 3233 889 3287 Summensem
914 3234 1247 3303 imposuisse,
1278 3246 1555 3287 necessum
1586 3230 1706 3285 erit.

369 3322 427 3375 Ξ.
479 3322 535 3377 ld
573 3338 726 3392 porro
764 3324 1002 3379 dolorem
1040 3324 1321 3393 Augustini
1358 3322 1539 3377 animo
1578 3322 1802 3377 incussit
1831 3336 1895 3377 eo

297 3415 590 3481 acriorem,
626 3415 762 3485 quod
794 3416 880 3479 iis,
924 3430 1061 3485 quos
1087 3415 1313 3469 ﬁliorum
1342 3414 1460 3469 loco
1490 3413 1738 3477 habebat,
1770 3429 1898 3467 eon-

295 3504 483 3559 sulere
510 3505 634 3558 dum
662 3506 920 3572 voluerat,
949 3520 979 3559 c
1006 3506 1272 3559 contrario
1293 3504 1520 3558 maxima
1547 3502 1741 3556 damna
1763 3503 1897 3557 invi—

299 3604 391 3649 tus
414 3596 701 3651 attulisset.
734 3597 899 3667 Negat
926 3612 984 3651 se
1013 3596 1247 3660 Antonii,
1281 3610 1438 3664 quem
1478 3595 1701 3661 aluerat,
1735 3596 1894 3649 vitam

304 3687 587 3743 traducere
612 3688 749 3743 velle
776 3704 789 3753 ;
818 3698 871 3742 at
896 3688 1088 3743 fatetur
1104 3696 1278 3742 tamen
1308 3686 1591 3753 rationem,
1620 3701 1775 3757 quam
1805 3686 1896 3742 ille

304 3785 574 3846 tenuerat,
604 3790 709 3834 tam
733 3795 921 3850 graves
946 3781 1219 3851 peperisse
1243 3780 1583 3846 offensiones,
1611 3788 1668 3833 ut
1690 3779 1757 3834 de
1782 3779 1895 3849 ipsa

298 3868 553 3938 iudicium
581 3872 884 3926 necessario
904 3871 1283 3927 instituendum
1310 3870 1465 3925 fuerit
1493 3869 1691 3943 (lbid.,
1722 3888 1773 3924 η.
1799 3870 1833 3924 4
1851 3870 1893 3941 ).

302 3956 366 4014 In
393 3975 460 4015 eo
488 3977 667 4016 rerum
693 3962 992 4031 capitalium
1020 3971 1178 4032 atque
1206 3961 1584 4015 adulteriorum
1616 3962 1683 4015 ab
1716 3959 1892 4013 homi-

306 4051 463 4106 nibus
501 4068 607 4107 non
651 4067 761 4107 suae
789 4054 1033 4109 dimcesis
1072 4060 1353 4107 accusatus
1389 4061 1504 4117 est;
1531 4067 1561 4105 a
1589 4052 1893 4105 Fussalanis

307 4158 435 4201 vero
482 4144 831 4200 intolerabilis
872 4145 1246 4200 dominationis
1268 4185 1281 4208 ,
1314 4145 1618 4216 rapinarum
1643 4185 1659 4207 ,
1700 4143 1891 4197 multo-

304 4248 530 4304 rumque
564 4252 661 4307 per
698 4236 804 4291 vim
834 4236 1186 4291 admissorum
1219 4235 1615 4305 postulabatur,
1655 4236 1894 4304 neganti-

304 4324 443 4393 bus,
473 4337 529 4381 ut
572 4328 687 4397 ejus
728 4328 1092 4384 auctoritatem
1128 4327 1324 4382 diutius
1362 4327 1591 4393 ferrent,
1629 4326 1804 4381 induci
1834 4340 1892 4382 se

304 4432 467 4488 posse
487 4435 501 4483 ;
525 4427 580 4474 et
598 4434 726 4475 sane
745 4420 1018 4477 dubitabat
1041 4435 1217 4485 nemo,
1242 4419 1369 4490 quin
1387 4421 1531 4489 justo
1551 4420 1734 4475 dolore
1760 4437 1893 4491 pun-

296 4522 559 4583 gerentur
577 4514 597 4586 (
617 4513 754 4569 Ibid.
782 4532 836 4569 η.
863 4513 949 4587 5).
980 4515 1352 4570 Verumtamen
1379 4529 1497 4568 cum
1527 4514 1625 4568 alia
1651 4515 1890 4583 graviora

302 4605 556 4674 crimina,
591 4622 813 4677 quorum
854 4608 1277 4675 insimulabatur,
1306 4607 1517 4677 probari
1549 4623 1655 4661 non
1686 4607 1888 4676 potuis-

299 4705 447 4764 sent,
494 4713 555 4754 ea
592 4715 679 4754 res
721 4709 921 4754 tantum
958 4700 1031 4754 illi
1074 4700 1371 4754 conciliavit
1410 4700 1803 4766 misericordiaa,
1833 4708 1890 4753 ut

298 4796 502 4843 caetera
524 4805 643 4859 qua:
667 4789 996 4859 deprehensa
1028 4789 1411 4858 manifestaque
1438 4799 1610 4855 erant,
1649 4790 1757 4859 jam
1785 4789 1888 4842 mi-

298 4894 409 4933 nus
433 4880 639 4935 animos
660 4881 1043 4951 percellerent;
1066 4895 1165 4935 nec
1184 4881 1356 4934 omnia
1381 4881 1533 4933 simul
1557 4880 1889 4934 abdicatione

297 4970 463 5041 digna
492 4973 817 5028 viderentur.
840 4975 1127 5028 Damnatus
1148 4974 1303 5043 igitur
1326 4974 1688 5028 tantummodo
1710 4973 1774 5027 ad
1795 4988 1888 5027 eo-

296 5080 422 5119 rum
464 5067 732 5131 omnium,
761 5082 877 5135 qua:
910 5066 1315 5120 Fussalensibus
1342 5066 1645 5130 abstulerat,
1676 5065 1889 5119 restitu-

294 5154 524 5220 tionem,
555 5166 609 5211 et
635 5158 1025 5224 communione,
1049 5157 1217 5227 quoad
1255 5157 1356 5210 illis
1382 5156 1742 5223 satisfecisset,
1784 5156 1889 5225 pri-

295 5258 459 5303 vatus
508 5257 591 5304 est
619 5249 817 5320 (Ibid.,
850 5267 903 5303 n.
947 5250 1041 5320 4).
1092 5249 1451 5305 Consentienti
1495 5250 1724 5304 Antonio
1765 5249 1887 5305 huic

294 5342 580 5395 sententia:
598 5342 767 5396 honor
782 5343 1115 5411 episcopatus
1137 5342 1340 5412 integer
1356 5342 1571 5396 relictus
1591 5350 1670 5396 est
1688 5340 1883 5411 (Ibid.,

294 5447 350 5483 η.
393 5430 500 5501 6);
553 5431 693 5501 quod
762 5442 1067 5501 speraretur
1127 5432 1330 5487 scilicet
1382 5431 1514 5499 fore,
1570 5434 1753 5502 utqui
1800 5433 1886 5503 ju-

297 5534 575 5578 ventutem
615 5525 839 5579 necdum
880 5534 1021 5581 esset
1049 5540 1326 5596 egressus,
1369 5524 1434 5578 ad
1461 5524 1652 5578 bonam
1681 5524 1883 5593 frugem

296 5627 577 5684 emergere
607 5616 808 5671 valeret
851 5615 1048 5688 (lbid.,
1079 5635 1131 5671 η.
1160 5615 1249 5689 5).
1286 5615 1423 5683 Quin
1461 5616 1618 5670 etiam
1646 5616 1775 5669 illud
1804 5625 1886 5670 est

298 5702 748 5773 animadvertere,
779 5707 845 5763 de
866 5709 1215 5778 permittenda
1242 5708 1340 5778 ipsi
1371 5707 1622 5762 Ecclesia:
1652 5722 1760 5760 suae
1794 5706 1886 5761 ad-

206 5807 247 5911 1
300 5797 694 5860 ministratione
718 5813 893 5860 actum
926 5804 981 5860 in
1012 5803 1231 5876 judicio,
1262 5818 1497 5879 .eamque
1542 5818 1656 5858 rem
1699 5802 1884 5875 legatis

1682 352 1883 409 LIBER
1918 349 2257 411 OCTAVUS.

3499 376 3607 435 550

2029 468 2431 530 Fussalensibus
2450 490 2570 533 esse
2596 482 2950 551 propositam;
2980 484 3033 542 bi
3057 502 3186 544 vero
3210 489 3401 547 obnixe
3428 493 3603 549 recla-

2026 575 2254 634 marunt,
2296 568 2518 637 professi
2555 572 2728 641 citius,
2760 590 2917 645 quam
2948 579 2999 633 id
3043 580 3213 649 ﬁeret,
3258 583 3325 639 ad
3362 594 3601 643 extrema

2023 662 2198 714 omnia
2226 676 2284 715 se
2311 661 2687 727 descensuros;
2712 669 2959 725 nimirum
2981 673 3065 727 vel
3087 674 3349 731 redituros
3366 677 3431 732 ad
3455 678 3600 734 schi-

2021 764 2135 807 sma
2164 753 2475 821 pristinum,
2516 757 2597 811 vel
2644 757 2780 814 forte
2815 762 2972 816 etiam
3013 767 3300 821 Antonium
3328 769 3499 838 ipsum
3520 770 3601 825 ἰιιο

2020 850 2391 913 terempturos.
2421 846 2572 903 Celer
2608 850 2688 903 vir
2714 853 3045 922 spectabilis,
3080 872 3237 926 quem
3278 859 3380 914 sibi
3422 859 3598 914 infen-

2016 946 2136 987 sum
2158 949 2277 991 esse
2300 945 2458 1007 atque
2479 939 2611 994 alios
2651 942 2705 995 in
2731 956 2789 997 se
2816 947 3049 1014 potentia
3074 962 3169 1002 sua
3197 950 3491 1005 concitasse
3506 949 3595 1020 ja-

2016 1024 2194 1080 ctabat
2239 1028 2530 1095 Antonius,
2575 1040 2697 1087 tunc
2736 1036 2990 1103 temporis
3041 1048 3352 1107 potestatem
3397 1042 3595 1097 nullam

2013 1118 2226 1187 gerebat
2256 1138 2269 1173 :
2303 1122 2440 1176 unde
2468 1138 2570 1177 non
2597 1133 2709 1179 erat
2734 1126 3038 1195 obscurum,
3070 1131 3467 1187 Fussalensiutn
3497 1134 3594 1189 ab-

2011 1208 2380 1264 alienationem
2422 1213 2489 1266 ab
2528 1214 2760 1270 Antonio
2798 1233 2862 1272 ex
2910 1219 3048 1275 illius
3100 1222 3434 1293 instigatione
3486 1238 3593 1280 non

2010 1300 2294 1369 proﬁcisci.
2333 1303 2555 1360 Necesse
2581 1307 2755 1377 itaque
2790 1308 2887 1363 fuit
2920 1311 2966 1365 ei
3006 1312 3250 1369 dioecesis
3293 1330 3402 1369 sum
3425 1315 3594 1370 admi-

2012 1392 2377 1448 nistrationem
2422 1396 2690 1466 adimere,
2732 1415 2985 1457 concessa
3027 1405 3179 1461 venia
3213 1406 3403 1462 ibidem
3444 1407 3594 1463 habi-

2011 1483 2183 1548 tandi;
2220 1500 2286 1538 ne
2324 1487 2369 1539 si
2412 1487 2534 1541 inde
2567 1490 2671 1545 alio
2707 1493 3033 1561 mitteretur,
3066 1497 3118 1550 in
3157 1498 3379 1553 alienam
3407 1500 3591 1557 cathe-

2007 1574 2153 1629 dram
2186 1586 2369 1632 contra
2404 1588 2596 1636 statuta
2626 1585 2967 1640 conciliorum
2994 1589 3279 1644 translatus
3299 1590 3477 1647 illicite
3505 1592 3590 1648 di-

2005 1676 2211 1723 ceretur
2241 1669 2424 1741 (Ibid.,
2458 1690 2509 1727 n.
2536 1673 2611 1744 7).
2635 1673 2900 1746 Quidquid
2931 1679 2983 1737 in
3004 1694 3068 1733 eo
3089 1680 3290 1749 judicio
3312 1682 3587 1739 decretum

2004 1770 2105 1827 est,
2135 1762 2289 1816 simul
2328 1765 2379 1818 in
2416 1765 2616 1821 tabulas
2651 1767 2979 1823 referebatur
3016 1787 3028 1823 :
3070 1774 3209 1841 quod
3250 1773 3301 1827 in
3342 1776 3590 1833 universa

2004 1852 2182 1909 Africa
2210 1856 2260 1909 id
2286 1859 2539 1927 temporis
2568 1874 2661 1914 usu
2684 1869 2955 1929 receptum
2975 1862 3160 1929 fuisse,
3187 1863 3387 1920 dubitet
3407 1883 3586 1926 nemo.

2005 1944 2225 2002 Fatetur
2254 1963 2412 2018 porro
2441 1951 2795 2020 Augustinus,
2833 1951 2935 2007 hoc
2964 1952 3217 2023 judicium
3255 1955 3321 2010 ad
3350 1966 3589 2013 exactam

2003 2039 2340 2095 severitatem
2384 2043 2560 2096 minus
2585 2044 2935 2113 compositum
2966 2045 3131 2100 videri
3160 2061 3354 2115 posse;
3381 2064 3589 2104 necnon

2004 2129 2161 2185 isthic
2186 2146 2338 2201 mque
2369 2132 2645 2189 remissius
2688 2142 2862 2189 actum
2891 2151 3008 2191 esse
3036 2145 3284 2201 testatur;
3314 2153 3380 2192 an
3407 2148 3588 2197 autem

2003 2223 2137 2277 alius
2172 2225 2451 2294 episcopus
2493 2226 2726 2282 Fussala:
2778 2229 3094 2284 constitutus
3133 2232 3341 2285 interim
3390 2232 3584 2301 fuerit,

2004 2328 2140 2368 anve
2182 2315 2400 2370 redierit
2438 2317 2504 2370 ad
2543 2333 2691 2371 suam
2717 2334 2925 2384 ettram,
2969 2321 3181 2375 silentio
3210 2324 3585 2391 prmtermittit.

2004 2404 2255 2460 Ultimum
2284 2414 2456 2461 tamen
2482 2423 2511 2461 a
2539 2409 2641 2463 ﬁde
2666 2411 2841 2465 minus
2871 2411 3100 2467 alienum
3127 2422 3227 2479 est,
3262 2416 3306 2468 si
3333 2430 3435 2469 non
3466 2431 3588 2470 om-

2003 2496 2130 2551 nino
2150 2506 2350 2552 certum
2375 2498 2629 2554 habeatur
2659 2520 2672 2555 :
2702 2503 3124 2573 quandoquidem
3154 2507 3353 2561 honore
3382 2508 3589 2577 episco-

2003 2588 2106 2656 pali
2132 2589 2363 2644 Antonio
2391 2590 2441 2643 in
2472 2593 2681 2660 propria
2712 2594 2838 2647 sede
2864 2606 3203 2663 conservato,
3231 2597 3273 2650 si
3302 2598 3464 2653 alium
3489 2614 3585 2657 an-

2004 2680 2221 2735 tistitem
2250 2681 2375 2736 illuc
2396 2682 2749 2750 induxissent,
2785 2686 2965 2755 biceps
2996 2688 3166 2742 futura
3196 2699 3309 2743 erat
3346 2690 3458 2744 haec
3481 2691 3585 2745 Ee-

2003 2771 2184 2827 clesia.
2231 2771 2343 2826 lluc
2386 2782 2440 2827 et
2485 2773 2614 2827 illud
2656 2774 2828 2841 adde,
2879 2777 3437 2849 ipsumAugustinum
3486 2783 3589 2839 sub

2003 2870 2270 2918 extremos
2300 2864 2419 2918 vita:
2459 2881 2567 2919 sua:
2611 2882 2780 2922 annos
2814 2868 3000 2924 litteris
3025 2872 3424 2928 commendasse
3462 2888 3587 2942 pre.

2003 2957 2271 3026 shyterum
2292 2956 2573 3026 quemdam
2602 2957 2975 3014 Fussalensem
3003 2948 3054 3015 in
3085 2961 3196 3016 hmo
3230 2964 3387 3017 verba
3420 2982 3431 3016 :
3467 2964 3584 3019 Non

2002 3049 2133 3101 enim
2156 3065 2419 3117 possumus
2449 3051 2761 3105 necessitates
2792 3053 3049 3107 hominum
3075 3054 3363 3126 hujasmodi
3391 3058 3587 3114 deseror

2000 3156 2074 3206 re,
2088 3140 2171 3209 qui
2187 3140 2339 3194 nostri
2360 3156 2457 3193 non
2475 3141 2660 3208 coloni,
2676 3142 2783 3208 sed,
2800 3144 2933 3212 quod
2952 3147 3119 3213 majus
3131 3156 3221 3211 est,
3240 3147 3422 3217 fratres
3440 3159 3581 3217 sunt,

2001 3238 2047 3281 et
2064 3229 2115 3283 in
2136 3230 2378 3285 charitate
2396 3230 2582 3286 Christi
2600 3232 2668 3285 ad
2688 3250 2859 3287 curam
2880 3237 3123 3304 pertinent
3144 3248 3367 3293 nostram
3383 3240 3402 3309 (
3414 3238 3580 3311 Epist.

1998 3318 2105 3375 224
2125 3362 2139 3387 ,
2163 3338 2254 3379 nn.
2291 3323 2316 3377 1
2342 3362 2355 3387 ,
2386 3324 2472 3393 5).
2501 3324 2631 3389 Quae
2656 3339 2744 3379 res
2772 3341 3102 3397 nequaquam
3136 3330 3419 3398 prohibet,
3446 3347 3581 3402 quo.

2000 3413 2177 3468 minus
2198 3413 2446 3470 defuncto
2468 3417 2698 3472 Antonio
2718 3418 2913 3473 ibidem
2935 3422 3253 3478 constitutus
3275 3423 3427 3478 fuerit
3446 3424 3583 3484 alius

2000 3504 2299 3573 episcopus.
2332 3505 2537 3575 Quippe
2563 3522 2626 3561 ex
2668 3508 2854 3563 notitia
2895 3510 3088 3565 Africa:
3127 3527 3449 3583 cognoscere
3476 3522 3561 3573 est

2000 3594 2201 3649 sedisse
2230 3594 2460 3650 Fussala:
2484 3597 2792 3667 episcopum
2820 3602 3032 3656 nomine
3059 3602 3350 3673 Meliorem.

2071 3688 2121 3741 5.
2156 3686 2327 3740 Finito
2339 3686 2558 3753 judicio,
2574 3697 2827 3757 quantum
2851 3691 3257 3750 Fussalensibus
3279 3699 3577 3767 rependere

1997 3776 2507 3844 Antoniusdeberet,
2550 3780 2866 3836 mstimatum
2889 3793 2999 3847 est;
3025 3784 3176 3855 isque
3204 3790 3479 3857 pecuniam
3511 3792 3580 3847 il-

1996 3869 2123 3937 lam,
2156 3878 2214 3924 ut
2241 3871 2663 3925 communionem
2692 3872 2972 3941 obtineret,
2992 3875 3254 3947 deposuit.
3272 3880 3423 3947 Quod
3449 3897 3577 3939 vero

1996 3962 2062 4015 ad
2091 3962 2313 4016 alteram
2353 3978 2525 4031 poenae
2575 3963 2673 4018 sibi
2703 3964 2965 4034 impositae
2995 3980 3219 4037 partem,
3246 3970 3467 4041 ipsailla
3488 3974 3576 4030 in-

1997 4051 2283 4122 dulgentia,
2309 4068 2427 4121 qua:
2444 4051 2679 4108 adhibita
2701 4054 2957 4111 adversus
2984 4072 3105 4113 eum
3127 4058 3317 4122 fuerat.
3337 4064 3576 4122 colorem

1997 4142 2427 4214 eisuppeditavit,
2444 4153 2499 4198 ut
2522 4145 2687 4213 ipsam
2708 4161 2736 4199 a
2758 4145 2895 4202 Sede
2917 4151 3203 4216 apostolica
3222 4128 3452 4209 rcecindi
3477 4169 3574 4210 cu-

1995 4246 2157 4301 raret,
2191 4235 2486 4290 obtendens
2522 4236 2769 4292 videlicet
2812 4254 2931 4293 sese
2952 4244 3277 4311 cpisc0patu,
3311 4245 3577 4313 siquidem

1996 4341 2119 4381 reus
2145 4325 2332 4382 fuisset
2372 4326 2755 4395 deprehensus,
2788 4332 3086 4397 oportuisse
3130 4332 3395 4400 abdicari;
3429 4335 3575 4405 quod

1995 4425 2168 4471 autem
2197 4416 2248 4470 id
2279 4416 2470 4470 factum
2513 4432 2620 4470 non
2662 4426 2823 4485 esset,
2880 4430 3189 4489 argumento
3225 4439 3362 4487 esse,
3396 4440 3575 4482 necse

1960 4516 1965 4521 ‘
1993 4510 2188 4580 privari
2227 4509 2354 4563 sede
2395 4525 2488 4563 sua
2540 4511 2729 4564 merito
2775 4511 3011 4580 potuisse
3040 4513 3230 4585 (Epist.
3258 4516 3380 4583 209,
3415 4535 3468 4572 η.
3493 4520 3570 4590 7).

1994 4600 2252 4656 Convenit
2272 4602 2445 4669 itaque
2468 4601 2766 4669 primatem,
2792 4601 3126 4658 Valentinum
3157 4605 3293 4661 forte
3318 4608 3569 4665 Baianen-

1994 4709 2127 4759 sem,
2158 4694 2247 4764 qui
2267 4694 2479 4748 Silvano
2504 4692 2804 4749 Summensi
2836 4695 2887 4748 in
2916 4711 2976 4750 ea
2999 4696 3254 4767 dignitate
3274 4702 3566 4767 successit;

1995 4797 2049 4843 et
2082 4802 2376 4856 quanquam
2406 4796 2617 4841 sanctus
2656 4787 2744 4841 ille
2771 4802 2831 4841 ac
2854 4790 3168 4844 venerabilis
3197 4807 3359 4847 senex
3388 4794 3567 4862 gravi-

1994 4886 2099 4931 tate
2124 4886 2237 4932 erat
2272 4876 2540 4946 praeditus,
2577 4877 2674 4945 ipsi
2708 4887 2879 4933 tamen
2924 4881 3115 4933 astutia
3162 4897 3287 4945 sua,
3337 4897 3399 4936 ac
3427 4882 3566 4940 forte

1992 4971 2147 5023 etiam
2181 4968 2525 5023 mendacibus
2544 4976 2701 5039 atque
2751 4969 3077 5037 interpolatis
3127 4971 3259 5025 actis
3282 4971 3562 5041 imposuit;
3620 4989 3641 5018 Ir

1992 5064 2061 5117 ita
2102 5072 2159 5116 ut
2213 5062 2298 5116 hic
2338 5076 2549 5126 eorum,
2590 5076 2706 5131 qua:
2730 5061 2913 5116 abillo
2939 5061 3268 5128 dicebantur,
3302 5063 3427 5116 nihil
3457 5079 3564 5120 non
3630 5042 3639 5055 ³

1990 5154 2235 5220 credens,
2268 5153 2415 5206 illum
2434 5151 2709 5207 Bonifacio
2739 5167 2887 5222 papa:
2915 5161 3163 5222 tanquam
3188 5154 3256 5208 ab
3280 5154 3421 5208 omni
3452 5156 3567 5209 cul-

1990 5264 2055 5319 pa
2096 5248 2327 5303 alienum
2370 5245 2823 5301 commendaverit
2853 5243 3036 5317 (Ibid.,
3059 5261 3110 5298 n.
3141 5245 3216 5316 6).
3261 5244 3565 5303 Secundum

1990 5337 2551 5407 Antoniumjndicavit
2574 5334 2896 5400 Bonifacius,
2929 5334 3101 5404 deque
3130 5336 3222 5391 illo
3242 5337 3296 5392 in
3323 5339 3439 5407 jura
3470 5354 3565 5395 sua

1988 5431 2332 5495 restituendo,
2355 5431 2399 5485 si
2431 5440 2605 5485 tamen
2634 5427 2735 5482 sibi
2762 5443 2939 5481 rerum
2969 5436 3162 5483 statum
3188 5429 3243 5484 in
3266 5445 3363 5485 suo
3386 5431 3565 5489 libello

1989 5526 2193 5580 sincere
2231 5523 2557 5594 aperuisset,
2594 5521 2804 5589 scripsit
2832 5520 2884 5575 in
2930 5522 3163 5578 Africam
3191 5522 3373 5595 (lbid.,
3404 5542 3456 5579 η.
3482 5521 3562 5596 9).

1990 5615 2289 5672 Fussalanis
2305 5615 2413 5684 jam
2444 5613 2571 5667 nihil
2592 5612 2733 5668 aliud
2756 5613 3128 5681 intentabatur,
3151 5630 3307 5685 quam
3325 5615 3564 5684 judicum

1988 5726 2051 5764 ac
2080 5710 2476 5778 magistratuum
2510 5705 2863 5774 imperialium
2915 5715 3183 5776 potestas;
3232 5714 3387 5775 atque
3428 5705 3564 5761 adeo

1990 5801 2234 5860 militaris
2262 5813 2450 5856 manus
2480 5798 2797 5867 adhibenda,
2827 5814 2945 5869 quae
2986 5797 3052 5854 ad
3081 5797 3369 5870 parendum
3407 5796 3563 5855 Sedis
