4042 6360
476 467 791 537 apostolicae
804 466 1005 537 judicio
1026 466 1255 524 miseros
1274 464 1516 535 adigeret
1537 480 1549 517 :
1574 463 1651 518 ita
1685 471 1743 519 ut
1772 463 1949 519 infelix
1982 464 2070 520 ille

482 561 735 633 populus,
762 562 902 620 intra
923 560 1222 618 Eeclesiam
1248 557 1586 621 catlwlicam,
1610 556 1679 611 ab
1702 557 1960 627 episcopo
1984 572 2074 612 ea-

485 651 687 710 tholico
709 655 921 710 timeret
945 652 1223 709 acerbiora
1267 650 1355 718 iis,
1388 665 1507 721 quae
1532 649 1586 703 in
1625 648 1914 704 schismte
1939 665 1977 704 ι
1997 650 2073 706 le-

466 761 611 817 gum
638 745 980 816 imperatoris
998 744 1243 801 catholici
1268 742 1591 799 auctoritate
1613 742 1887 799 timuerat.

556 840 613 894 4.
651 835 871 897 Sublato
890 839 1105 901 interim
1123 853 1156 894 ο
1173 838 1335 897 κω
1369 835 1621 891 humanis
1640 833 1934 900 Bouilacio,
1954 832 2073 891 ﬂat-

482 931 663 988 lestini
686 933 739 987 in
756 934 875 1003 ejus
901 932 1078 990 locum
1105 930 1313 989 δυσθειί
1337 944 1494 999 opem
1509 927 1861 985 Fussalenses
1890 928 2074 999 implo-

482 1038 690 1090 ravere,
715 1023 866 1079 illum
903 1039 1003 1094 per
1028 1022 1227 1079 Christi
1254 1019 1679 1077 misericordiam
1716 1020 2069 1087 obtestantes,
2120 1100 2123 1103 η

484 1122 542 1169 ut
560 1129 621 1170 se
645 1129 712 1180 ex
731 1114 812 1170 eis
828 1114 984 1171 malis
1000 1115 1252 1185 eriperet,
1275 1126 1395 1182 quae
1409 1111 1510 1166 sibi
1540 1110 1821 1176 inferebat,
1843 1118 1935 1165 aut
1953 1111 2072 1167 illa-

482 1216 663 1263 turum
681 1207 1029 1276 miniahatur
1055 1206 1319 1262 Antonius
1337 1204 1529 1278 (Epist.
1555 1204 1703 1275 209).
1737 1204 1873 1271 Quin
1910 1204 2071 1258 etiam

483 1299 553 1355 de
591 1302 906 1373 Augustino,
930 1316 958 1355 a
985 1316 1093 1371 quo
1124 1299 1387 1370 ejusmodi
1409 1302 1718 1369 episcopum
1737 1305 2070 1366 acceperant,

482 1395 844 1463 querebantur
870 1411 885 1449 :
907 1392 1049 1464 quod
1069 1392 1189 1463 jure
1219 1392 1288 1447 ab
1310 1392 1388 1448 eis
1418 1391 1615 1445 factum
1645 1404 1784 1455 esse,
1806 1388 2075 1443 humiliter

480 1497 546 1539 ac
578 1486 820 1541 modeste
834 1486 1077 1555 agnoscit
1104 1492 1323 1540 sanctus
1349 1483 1606 1538 Antistes.
1642 1483 1827 1552 Itaque
1854 1498 1957 1535 non
1987 1495 2076 1535 so-

480 1577 591 1633 lum
616 1580 697 1634 eis
741 1579 869 1634 inde
905 1594 1013 1634 non
1048 1579 1219 1635 factus
1263 1578 1538 1642 oiensior,
1563 1575 1657 1632 sed
1682 1584 1868 1630 contra
1888 1589 2072 1629 eorum

479 1672 764 1741 postulatis
806 1673 1069 1728 fautorem
1096 1672 1312 1742 seapud
1338 1670 1688 1729 Caelestinum
1708 1684 1901 1739 papam
1936 1684 2076 1738 prae-

476 1764 626 1834 buit,
657 1766 726 1821 ad
781 1782 940 1837 quem
992 1776 1047 1824 et
1090 1767 1399 1837 praeclaram
1457 1780 1523 1821 ea
1561 1764 1633 1821 de
1670 1780 1727 1819 re
1756 1763 2068 1833 epistolam,

480 1873 643 1928 quam
668 1858 963 1914 etiamnum
993 1857 1257 1913 habemus
1280 1855 1467 1928 (Ibid)
1490 1898 1502 1921 ,
1529 1871 1754 1926 quaeque
1794 1855 1894 1907 hoc
1930 1868 2071 1907 anno

476 1950 1004 2021 quadringentesimo
1029 1950 1289 2022 vigesimo
1309 1949 1485 2011 tertio,
1517 1963 1611 2016 pro
1638 1948 1879 2000 instituto
1914 1958 1945 1997 a
1974 1959 2073 1997 no-

475 2038 565 2095 bis
581 2041 787 2108 ordine,
813 2042 1061 2112 ponenda
1085 2052 1189 2109 est,
1217 2041 1377 2095 misit.
1399 2039 1535 2106 Quin
1558 2038 1719 2093 etiam
1748 2037 1963 2092 videtur
1992 2036 2071 2106 ip-

472 2141 651 2188 semet
676 2132 878 2203 primas
899 2132 1162 2199 fraudem,
1193 2147 1295 2202 qua
1316 2131 1572 2199 deceptus
1601 2130 1671 2184 ab
1693 2128 1931 2184 Antonio
1952 2125 2069 2182 fue-

475 2230 581 2288 rat,
612 2224 968 2290 intellexisse;
1014 2224 1212 2293 quippe
1243 2222 1336 2292 qui
1360 2232 1476 2277 acta
1499 2230 1553 2276 et
1580 2228 1924 2277 monumenta
1950 2235 2067 2273 om—

474 2314 644 2380 nium,
667 2330 786 2387 qua:
814 2315 881 2370 ad
909 2331 1131 2371 causam
1158 2316 1295 2370 hanc
1321 2314 1677 2385 pertinebant,
1725 2313 1792 2368 ad
1812 2313 2062 2367 Caelesti-

472 2420 601 2461 num
647 2407 964 2477 perferenda
1012 2410 1298 2464 curaverit.
1355 2408 1685 2479 Augustinus
1737 2407 1789 2461 in
1844 2407 1957 2461 suis
2002 2405 2067 2460 ad

473 2497 723 2554 eumdem
751 2498 898 2553 illum
933 2500 1242 2570 pontiﬁcem
1280 2500 1473 2555 litteris
1501 2498 1768 2570 principio
1800 2499 1850 2552 ei
1890 2505 2068 2567 gratu-

478 2588 623 2646 latur
640 2632 656 2659 ,
686 2592 829 2662 quod
850 2592 969 2647 sine
994 2593 1164 2649 turbis
1192 2602 1284 2647 aut
1308 2594 1418 2648 ullo
1439 2590 1663 2648 discidio
1678 2592 1743 2647 ad
1760 2591 2066 2661 apostoiiete

473 2682 746 2755 dignitatis
760 2685 965 2755 apicem
983 2685 1144 2742 fuerit
1167 2695 1385 2741 evectus
1410 2703 1423 2740 :
1450 2684 1644 2740 deinde
1665 2694 1864 2755 quanto
1890 2700 1949 2740 se
1969 2684 2068 2738 do-

471 2776 591 2833 lore
626 2778 843 2833 Antonii
867 2795 1027 2835 causa
1057 2778 1275 2847 alliciat,
1304 2780 1540 2851 exponit.
1574 2779 1693 2835 Mox
1741 2790 1953 2836 narrata
1983 2785 2063 2839 rei

472 2870 639 2927 totius
676 2872 919 2943 historia,
954 2875 1151 2945 Papam
1187 2875 1504 2941 obtestatur,
1530 2882 1585 2929 ut
1611 2874 1848 2945 ejusdem
1870 2891 2063 2931 monu-

468 2970 649 3017 menta
681 2964 750 3020 ad
792 2981 917 3020 eum
940 2982 969 3020 a
1000 2968 1226 3038 primate
1254 2967 1564 3023 transmissa
1598 2967 1738 3038 legat
1765 2968 2061 3038 expendat-

468 3070 596 3125 que.
624 3056 797 3129 Rogat
824 3068 1030 3129 postea,
1058 3060 1354 3132 mgritudini
1382 3077 1494 3116 sua:
1518 3061 1904 3131 compatiatur;
1930 3063 2062 3120 Fus-

464 3149 730 3206 salensem
760 3152 1055 3208 Ecclesiam
1082 3153 1149 3208 ab
1175 3169 1261 3221 eo,
1285 3169 1312 3207 a
1341 3170 1445 3225 quo
1471 3155 1724 3210 miserum
1757 3156 1809 3210 in
1840 3158 2059 3214 modum

467 3237 836 3310 divexabatur,
870 3244 1091 3312 liberet;
1118 3261 1181 3301 ac
1201 3246 1338 3301 bene
1356 3245 1421 3301 de
1443 3246 1545 3301 hoc
1572 3248 1769 3319 populo
1786 3256 1841 3304 et
1868 3248 1934 3305 de
1949 3250 2060 3305 An-

462 3334 749 3405 tonioipso
776 3336 965 3392 eadem
986 3352 1148 3408 opera
1176 3347 1468 3407 mereatur,
1487 3355 1553 3394 ne
1570 3340 1657 3395 hic
1686 3341 1921 3411 ingentia
1944 3360 2057 3398 ma-

462 3423 517 3480 la
540 3424 750 3491 inferat,
791 3442 926 3483 neve
958 3427 1033 3482 illi
1062 3428 1250 3483 eadem
1281 3432 1570 3499 patiantur,
1605 3432 1964 3503 prohibendo,
1981 3434 2055 3489 si-

464 3519 687 3589 mulque
717 3520 1047 3576 occurrendo
1074 3521 1181 3575 illis
1196 3522 1531 3591 criminibus,
1562 3541 1681 3595 qua:
1710 3526 1874 3596 ipsius
1895 3527 2055 3582 resti-

460 3608 722 3665 tutionem
751 3620 902 3667 erant
926 3620 1196 3667 secutura.
1228 3613 1334 3668 Sed
1380 3630 1474 3684 per
1502 3612 1697 3670 Christi
1740 3618 2052 3688 sanguinem

456 3707 515 3755 et
542 3702 859 3757 memoriam
886 3704 1115 3773 apostoli
1139 3704 1303 3771 Petri,
1336 3705 1427 3775 qui
1465 3705 1887 3762 Christianorum
1917 3725 2055 3779 prac-

457 3793 665 3863 positos
690 3795 1007 3865 populorum
1056 3796 1281 3863 monuit,
1322 3812 1389 3852 ne
1429 3797 1690 3854 violenter
1714 3799 2053 3857 dominentu‘

458 3882 518 3939 in
548 3884 744 3942 fratres
771 3884 991 3961 (lPetr.
1011 3903 1068 3954 v,
1088 3888 1165 3959 5),
1188 3888 1535 3945 Caelestinum
1553 3890 1814 3958 obsecrat,
1837 3908 1902 3948 ne
1920 3893 2053 3950 Fus-

455 3976 698 4033 Salenses
744 3978 810 4033 ad
857 3978 1212 4036 obediendum
1265 3982 1500 4038 Antonio
1528 4000 1625 4055 per
1651 3985 1757 4039 vim
1801 3988 2051 4059 compelli

456 4065 601 4123 sinat
622 4066 811 4141 (Epist.
845 4070 973 4138 209,
998 4088 1050 4125 η.
1076 4072 1152 4145 9).
1176 4072 1309 4129 Nam
1335 4084 1557 4145 apparet
1584 4076 1691 4131 illis
1721 4081 2051 4149 temporibus

452 4162 734 4232 accidisse,
761 4174 821 4221 ut
861 4166 1196 4223 mitterentur
1224 4168 1293 4223 ab
1316 4170 1604 4239 apostolica
1631 4170 1791 4240 Sede,
1822 4181 1915 4228 aut
1938 4174 2048 4230 sal-

454 4262 567 4312 tem
596 4267 926 4328 peterentur,
981 4275 1165 4316 eorum
1207 4278 1433 4333 quorum
1484 4264 1739 4321 intererat
1775 4269 2042 4338 precibus,

456 4351 706 4408 mittendi
737 4354 788 4408 in
816 4354 1051 4411 Africam
1072 4357 1249 4413 clerici
1278 4359 1524 4427 Romani,
1548 4360 1636 4431 qui
1659 4363 2046 4420 sententiarum

452 4444 601 4501 illius
624 4458 966 4505 exsccutorcs
994 4458 1174 4505 essent
1193 4450 1399 4523 (Codice
1426 4449 1690 4508 Canouum
1711 4454 1897 4526 Afric.,
1928 4473 2042 4511 can.

455 4537 585 4613 138)
610 4558 624 4594 :
654 4541 844 4611 quibus
867 4542 1009 4598 haud
1061 4544 1223 4599 dubie
1278 4546 1671 4616 injungebatur,
1705 4555 1763 4601 ut
1808 4549 2045 4607 civilium

447 4641 774 4705 potestatum
797 4650 974 4705 opem,
992 4637 1083 4692 ubi
1112 4653 1199 4693 res
1218 4646 1481 4707 posceret,
1504 4638 1865 4709 implorarent.
1890 4639 2046 4711 Ejus-

452 4722 576 4781 dem
604 4725 823 4780 Antonii
851 4743 1121 4797 nunquam
1168 4728 1266 4781 nisi
1299 4744 1504 4783 summa
1531 4745 1650 4783 cum
1677 4730 2043 4788 moderatione

448 4824 503 4872 et
544 4823 795 4888 tanquam
822 4818 911 4872 lilii
940 4818 1023 4874 sui
1052 4820 1376 4874 mentionem
1404 4820 1525 4875 facit
1552 4823 1915 4891 Augustinus;
1949 4840 2041 4879 ve-

446 4921 567 4963 rum
597 4923 704 4980 quo
732 4909 878 4964 illum
903 4908 1155 4978 diligebat
1178 4909 1563 4978 vehementius,
1579 4910 1681 4967 hoc
1707 4912 1875 4986 magis
1892 4913 2043 4971 dam-

444 5000 639 5056 nanda:
668 5002 810 5057 illius
838 5001 1111 5073 cupiditati
1134 5002 1446 5059 obsistebat.

519 5095 574 5150 5.
615 5095 785 5166 Quam
818 5096 1126 5169 imprudens
1170 5097 1379 5167 culpam
1411 5096 1727 5167 incurrerat,
1750 5099 2039 5157 Antonium

444 5185 503 5242 in
527 5188 884 5262 episcopalem
914 5190 1157 5247 ordinem
1204 5191 1523 5261 cooptando,
1576 5193 1772 5262 passim
1804 5193 1996 5253 fatetur
2022 5212 2037 5263 ς

446 5286 503 5333 at
543 5293 649 5349 quo
668 5283 839 5350 potuit
861 5283 1001 5339 ultra
1049 5283 1296 5355 progredi
1322 5286 1491 5339 sancti
1525 5283 1637 5339 Viri
1665 5285 1934 5343 humilitas
1976 5302 2038 5345 ac

450 5368 765 5439 ptenitudo?
793 5370 882 5426 Me
908 5390 1048 5441 sane,
1078 5374 1269 5444 inquit,
1290 5374 1424 5446 quod
1442 5376 1782 5444 conﬁtendum
1810 5387 1887 5432 est
1906 5377 2039 5433 Bea-

454 5456 662 5513 titudini
685 5468 784 5515 tua:
802 5503 818 5529 ,
847 5463 900 5516 in
930 5465 1023 5518 isto
1044 5476 1369 5539 utrorumque
1395 5468 1648 5540 periculo,
1682 5479 1849 5525 tantus
1889 5472 2036 5527 timor

442 5559 493 5603 et
520 5567 703 5606 maeror
725 5556 1001 5621 excruciat,
1026 5568 1078 5612 ut
1101 5560 1162 5613 ab
1186 5561 1346 5630 oﬁicio
1372 5560 1583 5632 cogitem
1609 5564 1813 5635 gerendi
1838 5566 2005 5637 episco

443 5656 595 5712 putus
623 5643 905 5712 abscedere,
932 5659 979 5702 et
1016 5668 1093 5703 me
1114 5652 1344 5707 lamentis
1381 5656 1540 5709 errori
1566 5673 1673 5710 meo
1699 5660 2037 5714 convenienti-

440 5731 534 5789 bus
560 5733 761 5804 dedere,
792 5737 838 5793 si
856 5755 943 5809 per
972 5757 1084 5794 eum
1124 5744 1270 5813 cujus
1294 5744 1605 5815 episcopatui
1622 5765 1711 5820 per
1731 5750 2029 5821 impruden-

442 5824 563 5883 tiam
598 5827 909 5903 suﬂragatus
934 5848 1075 5904 sum,
1104 5836 1289 5891 vastari
1319 5833 1597 5895 Ecclesium
1618 5838 1738 5913 Dei,
1790 5851 1856 5913 et,
1899 5845 2035 5917 quod

1618 408 1621 409 ν
1649 350 1812 405 VITA
1848 346 1907 404 8.
1948 345 2325 407 AUGUSTIM
2360 349 2678 412 EPISCOPI.

2179 467 2295 537 ipse»
2316 467 2457 524 Deus
2483 479 2693 536 auertat,
2717 472 2869 527 etiam
2890 489 3009 528 cum
3032 478 3280 535 vastantis
3301 481 3582 551 perdtione
3609 489 3774 555 perire

2178 576 2503 629 consparsam.
2524 562 2767 619 Recolens
2785 566 2918 619 enim
2944 570 3083 639 quod
3105 571 3183 624 ait
3203 573 3494 642 Apostolus,
3520 595 3539 627 ι
3565 576 3625 632 Si
3652 595 3773 635 nos-

2177 653 2789 725 metipsosjttdicarenuts,
2809 658 2840 711 ὰ
2855 657 3073 715 Domino
3088 679 3191 717 non
3197 666 3635 739 judicaremurtu
3649 671 3771 727 Cor.

2176 759 2252 812 ιι,
2282 746 2407 817 3i);
2430 747 2675 818 judicabo
2698 767 2775 805 me
2803 751 2988 822 ipsum,
3018 765 3073 808 ut
3097 768 3273 826 parcat
3296 761 3418 813 mihi
3450 762 3538 831 qui
3557 765 3775 833 judica-

2159 845 2323 913 ἰω-νε
2351 848 2423 891 est
2448 839 2586 893 vivos
2615 850 2662 895 et
2689 853 2932 898 mortuos.
2958 844 3022 900 Si
3043 858 3209 901 autem
3240 860 3289 903 et
3313 852 3535 906 nte-ulna
3559 853 3773 924 Christi,

2176 943 2294 998 qua
2318 930 2373 982 in
2402 930 2496 985 illa
2516 934 2717 1004 regione
2744 945 2877 999 sunt,
2909 936 2977 990 ab
2996 939 3239 993 exitiabili
3279 942 3458 997 liotore
3482 960 3547 997 ac
3571 947 3778 1001 tristitia

2178 1023 2495 1091 recreaveris,
2524 1033 2572 1078 et
2595 1042 2756 1079 meam
2785 1039 3089 1084 sem'ctuteat
3113 1032 3211 1086 hac
3242 1035 3558 1092 misericordi
3566 1040 3777 1109 iustitia

2178 1115 2335 1182 fueris
2360 1116 2666 1185 consolatus,
2684 1119 2923 1174 retribuet
2945 1122 3033 1175 tibi
3060 1124 3171 1178 etin
3189 1129 3448 1197 presenti,
3463 1139 3511 1184 et
3525 1131 3579 1184 in
3600 1132 3780 1201 futura

2177 1209 2302 1273 vita,
2330 1209 2459 1263 bona
2481 1227 2573 1279 pro
2602 1212 2765 1280 bonis,
2799 1214 2885 1283 qui
2906 1231 2997 1285 per
3015 1223 3063 1269 te
3082 1218 3223 1271 nobis
3252 1219 3305 1273 in
3332 1221 3433 1274 ista
3449 1222 3778 1280 tribulatione

2177 1304 2446 1368 uucurrit,
2472 1305 2617 1373 atqui
2642 1315 2690 1358 te
2713 1306 2764 1359 in
2791 1305 2881 1359 illa
2897 1309 3012 1362 sede
3030 1312 3282 1365 constituit
3305 1312 3572 1383 (Εμὲθθ,
3594 1319 3772 1390 n.10).

2178 1388 2501 1447 C(elestinus
2536 1394 2699 1450 dubio
2730 1399 2915 1465 procul
2955 1400 3179 1470 epistola
3209 1403 3296 1458 illa
3329 1413 3435 1458 tam
3471 1388 3777 1465 vehementi

2180 1493 2571 1551 permotusest,
2601 1490 2820 1543 omnino
2842 1507 2943 1560 que
2970 1493 3139 1548 noluit
3168 1495 3359 1550 orbare
3387 1498 3675 1555 Ecclesium
3707 1518 3779 1559 eo

2177 1575 2434 1644 Praesu-le,
2449 1580 2603 1647 cujus
2619 1580 2917 1636 doctrinam
2944 1599 3006 1637 ac
3027 1584 3219 1639 famam
3240 1588 3494 1657 defendit,
3516 1601 3777 1661 patronus

2177 1670 2411 1723 omnium
2443 1671 2598 1743 longe
2628 1674 3036 1732 illustrissimus.
3068 1678 3265 1749 Quare,
3299 1699 3418 1737 cum
3444 1687 3778 1756 Augustinus

2178 1764 2246 1818 ad
2297 1774 2597 1821 extrentum
2630 1783 2801 1839 usque
2847 1771 3095 1840 spiritum
3138 1774 3467 1844 Hipponcusi
3517 1780 3777 1838 Ecclesia:

2176 1856 2466 1926 praefuerit,
2500 1869 2552 1913 et
2577 1860 2954 1918 Fussalensem
2978 1882 3188 1937 quoque
3218 1870 3415 1925 rexerit
3442 1887 3581 1928 anno
3606 1892 3775 1946 supra

2174 1950 2751 2021 quadringentesimum
2802 1956 3061 2025 vigesimo
3111 1961 3339 2029 septimo
3387 1964 3468 2018 vel
3506 1966 3773 2036 vigesimo

2174 2051 2395 2106 octavo;
2424 2042 2543 2097 hinc
2569 2044 2835 2113 judicatur
2859 2046 3225 2118 Ctelestinum,
3243 2060 3298 2106 ut
3322 2054 3584 2113 Antonius
3611 2057 3774 2131 hujus

2173 2135 2316 2190 sedis
2346 2136 2809 2194 administratione
2838 2142 3096 2210 spoliatus
3118 2157 3375 2214 maneret,
3407 2153 3768 2208 consensisse.

2174 2228 2325 2296 Quod
2358 2231 2519 2285 etiam
2546 2233 2830 2288 conﬁrmat
2857 2235 3095 2305 ejusdem
3129 2241 3396 2308 pontiﬁcis
3436 2244 3488 2297 in
3518 2245 3775 2315 Augusti-

2172 2336 2299 2374 num
2322 2322 2431 2390 jam
2460 2323 2563 2385 vita
2594 2325 2829 2379 iunctum
2853 2342 3004 2383 amor
3036 2345 3101 2384 ac
3137 2335 3430 2389 veneratio.
3453 2336 3611 2408 Atqui
3642 2339 3774 2396 licet

2171 2427 2201 2466 a
2231 2413 2369 2482 Papa
2401 2416 2452 2468 in
2482 2415 2583 2471 hac
2612 2419 2916 2487 aequissima
2942 2423 3197 2491 petitione
3225 2428 3495 2496 repulsam
3529 2433 3769 2502 tulisset,

2170 2506 2219 2562 ei
2250 2515 2424 2562 tamen
2455 2508 2691 2565 licuisset
2706 2513 2774 2568 ab
2805 2514 2892 2568 ilia
2927 2515 3185 2585 injustitia
3216 2520 3485 2579 vindimre
3507 2539 3566 2579 se
3594 2526 3773 2582 bene-

2170 2598 2292 2655 licio
2320 2602 2663 2671 professionis
2691 2604 2825 2674 ejus,
2848 2621 2950 2678 qua
2982 2607 3169 2665 Patres
3190 2610 3422 2668 Africani
3449 2615 3771 2674 declarave-

2168 2701 2293 2746 runt
2321 2693 2463 2748 nolle
2492 2708 2551 2749 se
2604 2694 2838 2751 tolerare
2872 2696 3093 2765 diutius,
3121 2709 3179 2756 ut
3207 2704 3289 2758 vel
3320 2705 3417 2774 ipsi
3445 2707 3681 2778 episcopi
3711 2709 3774 2766 in

2168 2792 2441 2853 posterum
2479 2784 2549 2839 ad
2592 2786 2795 2841 curiam
2832 2787 3127 2846 Romanam
3171 2806 3523 2863 provocarent
3560 2796 3775 2870 (Codice

2166 2872 2430 2931 Canonum
2462 2878 2649 2950 Afric.,
2670 2896 2785 2934 can.
2818 2881 2968 2952 158).

2801 3017 3029 3076 CAPUT
3069 3019 3136 3077 γ.

2164 3127 2193 3183 1
2236 3127 2487 3199 Stephani
2527 3132 2768 3202 martyrio
2805 3132 3033 3203 reliquie
3059 3136 3151 3191 sub
3198 3153 3391 3193 annum
3419 3139 3607 3197 Christi
3629 3158 3767 3212 qu-

2235 3223 2679 3294 dringentesimum
2723 3226 3018 3296 vigesimum
3053 3241 3288 3298 quartum
3334 3231 3582 3286 habentur
3624 3232 3769 3305 Hip-

2233 3332 2384 3386 pone.
2422 3315 2461 3370 2
2488 3317 2771 3371 Ianuarius
2823 3318 3170 3389 Hipponensis
3216 3323 3490 3393 presbyter,
3536 3326 3768 3395 pecuniis

2232 3424 2359 3479 quas
2401 3417 2579 3462 contra
2619 3410 2901 3463 communis
2938 3411 3054 3465 vim
3096 3414 3415 3483 propositam
3461 3415 3763 3482 relaturus,

2232 3497 2479 3553 Ecclesia
2507 3500 2705 3569 legatis,
2748 3501 2980 3555 moritur.
3005 3503 3040 3557 ὅ
3068 3502 3369 3558 Sermonem
3395 3506 3459 3559 de
3483 3506 3580 3560 hac
3607 3524 3663 3561 re
3685 3507 3760 3562 ad

2232 3592 2475 3661 pupulum
2531 3592 2677 3645 liabet
2728 3593 3072 3664 Augustinus;
3127 3597 3472 3651 hereditatem
3513 3596 3762 3652 lautioris

2229 3686 2441 3755 respuit,
2459 3694 2507 3739 et
2532 3687 2654 3754 ﬁliis
2674 3687 2834 3755 ipsius
2851 3686 3106 3756 relinquit,
3123 3706 3186 3743 ac
3210 3691 3437 3746 declarat
3454 3709 3509 3747 se
3534 3693 3757 3759 clericis,

2228 3778 2314 3849 qui
2343 3778 2605 3848 proprium
2629 3780 2821 3849 aliquid
2843 3780 3022 3834 habere
3045 3783 3212 3847 uelint,
3236 3784 3502 3856 indulgere
3525 3794 3583 3839 ut
3608 3797 3761 3841 extra

2234 3869 2445 3923 domum
2488 3872 2824 3941 episwpalem
2862 3873 3144 3927 habitantes
3171 3875 3360 3945 gradus
3385 3877 3467 3930 sui
3509 3877 3758 3933 honorem

2229 3970 2441 4015 servent.
2474 3962 2509 4015 4
2534 3961 2706 4016 Altero
2733 3973 2906 4033 postea
2938 3981 3167 4020 sermone
3203 3976 3412 4023 testatur
3436 3985 3555 4023 suos
3582 3986 3761 4025 omnes

2229 4055 2439 4109 clericos
2464 4055 2516 4109 in
2542 4056 2655 4109 vita
2680 4061 2960 4112 communis
2985 4054 3245 4129 propasito
3267 4078 3563 4131 permanere
3604 4065 3755 4132 velle,

2228 4156 2375 4219 atque
2403 4165 2434 4200 ιι
2460 4150 2664 4219 prOprio
2709 4151 2997 4219 abhorrere,
3043 4169 3229 4225 eosque
3259 4154 3322 4207 de
3347 4156 3644 4211 clericorum
3676 4167 3758 4212 ta-

2228 4240 2345 4294 bula
2372 4240 2630 4308 delendos,
2661 4242 2749 4313 qui
2770 4241 2967 4309 aliquid
3005 4244 3097 4298 sibi
3124 4245 3432 4310 retinerent;
3461 4257 3568 4301 tum
3594 4250 3750 4303 etim;

2225 4350 2329 4400 eos,
2370 4334 2459 4403 qui
2475 4334 2650 4389 divites
2674 4337 3027 4406 pecuniosiquo
3045 4337 3334 4405 audiebant,
3359 4341 3498 4410 θρυά
3513 4340 3748 4393 eumdem

2228 4428 2474 4497 populum
2520 4439 2722 4499 purgat.
2756 4430 2791 4485 5
2825 4428 3009 4483 Decem
3046 4431 3330 4496 liberamur,
3374 4434 3552 4503 mribus
3590 4444 3752 4488 mater

2225 4518 2499 4588 imprecota
2546 4524 2728 4589 fuerat,
2784 4520 3040 4574 horribilis
3070 4538 3237 4592 poma.
3262 4526 3295 4577 6
3323 4523 3410 4578 Ea:
3442 4525 3545 4579 illis
3576 4526 3750 4580 decem

2225 4609 2424 4665 Paulus
2476 4611 2714 4666 divinitus
2756 4623 2966 4667 sanatur
3005 4615 3144 4684 apud
3188 4615 3501 4686 Hipponem.
3555 4618 3587 4671 7
3626 4619 3749 4672 Alia

2225 4714 2336 4776 post
2363 4706 2444 4758 die
2462 4717 2674 4759 sanatur
2695 4705 2879 4759 ibidem
2913 4706 3177 4761 Palladia.
3212 4710 3245 4764 8
3286 4709 3491 4765 Saltim
3518 4721 3563 4765 et
3604 4710 3748 4767 Sint-

2222 4796 2481 4867 pliciolunt
2513 4796 2829 4862 Quintiliano
2848 4801 3165 4854 commendat
3191 4802 3529 4873 Augustinus.

2222 4910 2274 4965 1.
2303 4910 2547 4966 Nondum
2572 4921 2819 4966 exactum
2864 4922 2979 4969 erat
3022 4914 3295 4970 biennium
3318 4959 3331 4983 ,
3381 4933 3447 4972 ex
3491 4932 3598 4993 quo
3628 4918 3744 4979 Atto

2148 5003 2387 5073 gustinus
2404 5003 2644 5073 Hippone
2658 5003 2911 5073 Stephani
2938 5007 3187 5077 martyris
3207 5007 3459 5078 reliquias
3485 5008 3737 5077 habebat,

2147 5109 2268 5151 cum
2298 5097 2490 5151 librum
2520 5099 2765 5154 ultimum
2791 5098 2857 5154 de
2888 5100 3108 5155 Civitate
3140 5102 3269 5170 Dei,
3300 5119 3458 5175 quem
3499 5115 3744 5163 vertente

2146 5203 2289 5244 anno
2341 5190 2864 5261 quadringentesimo
2924 5193 3177 5263 vigesimo
3228 5205 3380 5251 sexto
3434 5196 3741 5253 absolutum

2146 5280 2310 5343 fuisse
2341 5298 2497 5355 supra
2527 5282 2764 5339 diximus
2792 5283 2971 5355 (Sup.,
3001 5284 3089 5339 tib.
3123 5287 3175 5351 7,
3206 5304 3320 5359 cap.
3352 5288 3406 5354 4,
3432 5305 3485 5342 n.
3514 5290 3592 5362 4),
3627 5290 3715 5345 elu
3770 5316 3783 5371 ι

2144 5373 2402 5429 cuhrabat
2424 5374 2524 5438 (De
2545 5374 2649 5429 Civ.
2673 5373 2792 5444 Dei,
2818 5375 2904 5430 lib.
2923 5375 3015 5445 22,
3038 5393 3152 5451 cap.
3180 5378 3232 5445 8,
3262 5395 3313 5433 η.
3339 5377 3450 5450 20).
3477 5380 3743 5446 Quocirca

2144 5481 2252 5523 non
2278 5467 2449 5535 potuit
2473 5468 2687 5523 easdem
2719 5484 2897 5524 sacras
2922 5470 3203 5542 reliquias,
3254 5474 3354 5529 nisi
3381 5474 3479 5529 sub
3511 5477 3638 5530 anni
3684 5487 3741 5531 ut

2144 5560 2423 5615 minimum
2473 5556 2977 5633 quadringentesimi
3040 5563 3282 5634 vigesimi
3334 5567 3508 5636 quarti
3575 5565 3738 5623 ﬁnem

2142 5655 2384 5725 adipisci.
2417 5654 2599 5727 Neque
2628 5655 2855 5711 multum
2882 5671 2912 5709 a
2944 5655 3047 5710 ﬁde
3073 5657 3381 5725 abhorreat,
3428 5676 3734 5717 sermonem

2143 5749 2211 5806 de
2236 5759 2419 5805 sancto
2460 5747 2730 5819 Stephano
2768 5759 3012 5820 quartum
3038 5749 3230 5821 (Serm.
3276 5753 3405 5823 517)
3450 5753 3503 5808 in
3546 5769 3732 5811 earum

2142 5842 2478 5915 receptione;
2529 5854 2592 5898 ac
2637 5839 2705 5898 de
2746 5838 2936 5897 eodem
2981 5851 3216 5915 martyre
3244 5844 3488 5914 quintum
3533 5844 3734 5913 (Serm.

2060 5962 2151 5999 51>
