4042 6360
439 384 539 445 535

437 503 565 559 nulli
584 502 958 573 improbarent,
978 498 1531 572 reprehenderentque
1548 497 1845 571 (Serm.355
1868 514 1919 550 η.
1937 494 2011 565 1).

439 596 567 652 Post
593 596 706 650 haec
736 594 1041 661 declaravit,
1073 608 1133 649 se
1158 593 1475 664 praecepisse
1500 591 1743 645 omnibus
1768 589 1877 643 suis
1902 588 2013 642 cle-

438 688 599 753 ricis,
644 687 834 757 quibus
875 686 1047 742 adhuc
1079 685 1274 757 aliquid
1312 698 1431 739 esse
1472 683 1668 753 proprii
1706 680 1973 736 videretur
1996 720 2012 745 ,

440 786 627 848 utputa
672 778 735 831 iis
772 777 861 847 qui
886 776 1111 831 necdum
1151 790 1282 830 cum-
1300 772 1549 828 fratribus
1572 779 1822 842 paternas
1843 768 2016 825 facul-

443 878 579 924 tates
610 880 760 923 erant
799 867 995 937 partiti,
1023 868 1104 921 vel
1135 866 1224 936 qui
1263 873 1469 920 aetatem
1496 878 1613 919 eam
1638 904 1651 926 ,
1693 878 1794 933 qua
1834 862 2017 917 liceret

442 960 509 1014 de
536 960 641 1015 illis
677 969 941 1023 statuere,
973 958 1194 1013 necdum
1225 956 1504 1027 attigerant
1532 973 1545 1008 :
1573 955 1892 1020 declaravit,
1930 954 2017 1009 in-

439 1068 597 1125 quam
618 1096 632 1119 ,
660 1054 773 1107 istis
796 1052 1041 1107 omnibus
1066 1067 1123 1106 se
1148 1050 1464 1121 prmcepisse
1480 1090 1493 1114 ,
1521 1056 1580 1103 ut
1616 1063 1709 1103 sua
1736 1048 1978 1101 universa
1995 1088 2011 1111 ,

440 1144 699 1214 siquidem
743 1143 793 1197 in
833 1157 930 1197 suo
957 1141 1305 1196 contubernio
1347 1154 1623 1194 remanere
1654 1138 1884 1202 vellent,
1926 1144 2017 1191 aut

441 1234 735 1289 venderent
763 1242 1176 1303 erogarentque,
1224 1240 1315 1286 aut
1344 1231 1603 1285 donarent
1644 1230 2016 1298 niittcrentque

442 1328 494 1382 in
522 1342 835 1392 commune;
867 1341 1089 1395 eamque
1124 1341 1239 1380 rem
1266 1324 1403 1379 infra
1430 1323 1738 1393 Epiphania:
1766 1331 1973 1392 tempus
1996 1364 2012 1388 ,

443 1418 583 1489 quod
615 1420 800 1473 festum
844 1418 895 1471 in
925 1417 1126 1487 aliquot
1163 1417 1297 1471 forte
1337 1430 1548 1471 menses
1590 1424 1703 1468 erat
1737 1414 2016 1469 celebran-

442 1508 603 1572 dum,
646 1508 759 1562 fieri
787 1508 1016 1563 edixisse
1047 1505 1238 1580 (Ibid.,
1277 1524 1331 1560 η.
1363 1506 1441 1576 6).
1480 1506 1629 1561 Hanc
1668 1506 1835 1575 legem
1863 1515 2017 1559 antea

443 1598 826 1662 constituerat,
866 1607 922 1651 ut
964 1599 1045 1652 cui
1076 1598 1319 1652 voluntas
1354 1605 1495 1652 esset
1532 1612 1561 1651 a
1588 1597 1858 1667 proposito
1896 1596 2017 1651 vitae

444 1690 739 1743 communis
757 1689 1051 1753 discedere,
1077 1704 1195 1743 eum
1219 1687 1446 1742 clericali
1475 1702 1692 1742 munere
1712 1687 2013 1752 abdicaret;

439 1780 559 1849 quia
591 1778 864 1834 desereret
888 1788 1084 1833 sancta:
1113 1779 1379 1834 societatis
1411 1778 1728 1848 promissum
1753 1787 2017 1847 emptum-

438 1886 542 1940 que
576 1874 921 1924 consortium.
966 1872 1033 1923 At
1078 1886 1205 1923 vero
1248 1868 1401 1922 isthic
1444 1869 1749 1938 proﬁtetur,
1795 1869 1923 1936 sibi,
1960 1878 2019 1925 ut

439 1960 679 2015 eamdem
710 1960 849 2015 illam
878 1961 1047 2030 legem
1078 1969 1416 2028 permutaret,
1449 1962 1679 2014 animum
1709 1961 2014 2028 induxisse;

440 2068 502 2107 ac
529 2052 783 2122 proinde,
830 2053 876 2107 si
922 2052 1039 2122 quis
1080 2052 1390 2106 clericorum
1432 2052 1627 2106 habere
1669 2053 1860 2122 aliquid
1891 2068 2017 2123 pro-

441 2145 614 2213 prium
632 2185 648 2210 ,
676 2159 831 2213 quam
860 2144 968 2197 Deo
995 2151 1050 2198 et
1077 2142 1317 2198 Ecclesia
1344 2150 1651 2197 contentum
1680 2157 1799 2197 esse
1832 2144 2014 2208 malit,

441 2248 563 2288 eum
594 2244 805 2289 servato
832 2249 928 2289 suo
954 2235 1117 2305 gradu
1146 2248 1302 2304 posse
1333 2236 1419 2289 ubi
1465 2235 1677 2289 libuerit
1703 2276 1717 2301 ,
1745 2243 1889 2289 extra
1918 2236 2017 2289 do-

441 2343 584 2382 mum
625 2328 978 2398 episcopalem
1025 2329 1217 2398 degere
1250 2346 1263 2381 :
1296 2343 1400 2381 non
1438 2328 1642 2382 nescire
1669 2342 1727 2382 se
1770 2328 1870 2382 hoc
1899 2342 2019 2384 esse

442 2419 676 2481 malum,
736 2420 836 2473 hoc
892 2433 1011 2474 esse
1063 2417 1254 2473 cadere
1303 2432 1330 2470 a
1383 2418 1653 2487 proposito
1681 2459 1694 2482 ,
1745 2416 1847 2471 hoc
1900 2431 2018 2472 esse

437 2509 689 2563 deserere
730 2518 968 2563 sanctam
1008 2507 1424 2578 professionem,
1473 2521 1536 2561 ac
1562 2514 1741 2560 votum
1782 2506 2014 2573 violare;

440 2598 661 2667 perinde
688 2613 751 2653 ac
787 2599 832 2652 si
870 2599 1019 2668 virgo
1047 2597 1425 2652 monasterium
1467 2596 1605 2666 quod
1639 2605 1753 2652 erat
1782 2596 2018 2666 ingressa

441 2689 653 2743 deserat
686 2729 699 2752 ,
744 2690 1096 2769 virginitatem
1137 2689 1347 2743 interim
1405 2687 1582 2742 colere
1626 2701 2017 2757 perseverans:

441 2779 536 2835 sed
564 2780 885 2851 hypocrisim
922 2780 1022 2833 sibi
1067 2779 1233 2833 multo
1261 2777 1581 2833 deteriorem
1612 2778 1807 2844 videri;
1848 2793 2019 2849 eoque

442 2870 581 2925 nolle
608 2885 666 2924 se
708 2870 825 2923 illos
853 2869 918 2923 ad
959 2870 1011 2923 id
1040 2869 1372 2924 necessitatis
1395 2868 1666 2938 redigere,
1707 2875 1767 2922 ut
1804 2869 1905 2924 hac
1946 2870 2019 2925 si-

440 2960 729 3015 mulatione
773 2961 1021 3015 contiuua
1078 2960 1233 3029 plane
1283 2968 1565 3022 corruant;
1605 2974 1779 3029 neque
1805 2973 2018 3015 causam

442 3055 683 3123 praabcre
710 3067 895 3123 posse,
920 3067 1015 3105 cur
1040 3052 1149 3107 suis
1183 3052 1256 3106 illi
1292 3061 1508 3120 propter
1533 3051 1763 3105 ablatum
1797 3051 2019 3105 clerica-

445 3156 555 3198 tum
584 3144 813 3213 querelis
838 3185 852 3210 ,
894 3158 1011 3212 qua:
1040 3141 1223 3196 forsan
1260 3140 1526 3211 aliquibus
1562 3143 1719 3196 etiam
1759 3141 2021 3211 episcopis

442 3251 547 3290 non
575 3245 921 3292 censerentur
948 3237 1175 3307 injuste,
1208 3236 1501 3291 Ecclesiam
1532 3236 1734 3291 turbari
1764 3244 2018 3305 pergant;

446 3329 601 3382 malle
637 3328 717 3380 vel
766 3327 981 3381 claudos
1026 3327 1252 3391 habere,
1300 3342 1457 3396 quam
1498 3327 1746 3396 plangere
1781 3336 2020 3382 mortuos

444 3418 633 3489 (Serm.
679 3419 811 3483 556,
840 3437 893 3471 n.
946 3419 1033 3489 14)
1070 3438 1083 3473 :
1115 3419 1214 3473 sibi
1250 3433 1378 3487 ergo
1416 3418 1694 3484 sufficere,
1727 3419 1829 3472 illis
1854 3433 2021 3488 quan-

443 3520 551 3562 tum
578 3510 870 3579 periculum
907 3518 961 3563 et
987 3507 1239 3579 quantum
1269 3509 1461 3563 malum
1491 3510 1588 3575 sit,
1617 3509 1808 3564 cadere
1836 3524 1862 3562 a
1895 3524 2020 3579 pro-

442 3600 644 3669 posito,
674 3599 743 3654 ob
779 3600 962 3654 oculos
990 3600 1264 3668 posuisse;
1306 3614 1368 3653 ac
1404 3607 1523 3667 post
1564 3599 1650 3653 illa
1686 3599 1902 3654 eosdem
1942 3600 2022 3654 di-

442 3692 564 3744 vino
596 3692 900 3760 permittere
940 3689 1139 3759 judicio
1170 3708 1181 3744 :
1212 3689 1340 3759 ipsis
1380 3690 1661 3743 clericatus
1702 3690 1935 3757 polliceri
1964 3705 2022 3745 se

442 3781 899 3835 Conservationem
940 3822 954 3847 ,
998 3794 1182 3834 eorum
1234 3794 1361 3834 vero
1417 3793 1537 3833 esse
1566 3820 1580 3845 ,
1642 3794 1709 3832 an
1761 3779 2024 3834 felicitatis

444 3871 795 3925 aeternitatem
864 3885 1080 3940 sperare
1133 3870 1377 3940 possint,
1441 3868 1722 3938 dispicere.
1787 3869 2023 3926 Orationi

444 3960 639 4015 deinde
683 3960 841 4014 finem
880 3962 1131 4030 imponit,
1184 3961 1439 4030 pollicens
1484 3959 1652 4029 plebi,
1705 3959 1770 4014 ad
1811 3974 1931 4014 eam
1964 3975 2025 4016 se

445 4059 564 4118 post
592 4050 941 4120 Epiphaniam
989 4051 1307 4117 relaturum,
1352 4050 1601 4120 quidnam
1642 4050 1709 4105 de
1734 4052 1843 4105 suis
1868 4052 2025 4106 cleri-

444 4143 554 4210 cis,
592 4143 657 4198 de
687 4158 909 4213 quorum
938 4142 1194 4211 obsequio
1234 4143 1363 4196 nihil
1391 4156 1493 4196 non
1534 4143 1893 4212 exspectabat,
1916 4153 2023 4198 sta-

446 4232 669 4299 tuisset,
727 4232 918 4302 quidve
966 4232 1033 4286 de
1075 4232 1309 4287 Januarii
1354 4232 1569 4298 liberis,
1614 4234 1803 4301 quibus
1841 4233 2022 4289 infelix

447 4335 640 4391 parens
670 4329 862 4391 prreter
890 4322 992 4375 alia
1013 4320 1149 4375 mala
1175 4322 1333 4376 etiam
1362 4322 1509 4376 litem
1531 4322 1833 4393 reliquerat.
1862 4321 2026 4378 Soror

444 4417 587 4470 enim
617 4433 646 4471 a
680 4426 827 4487 patre
864 4417 1116 4488 quidquid
1144 4416 1315 4472 fuerat
1354 4417 1595 4471 relictum
1617 4457 1632 4483 ,
1679 4430 1831 4471 suum
1872 4432 2020 4482 esse,

448 4516 604 4576 prout
619 4508 842 4576 ipsemet
858 4518 963 4563 tam
984 4524 1125 4579 stepe
1142 4510 1515 4574 afﬁrmaverat,
1529 4508 1911 4573 contendebat;
1926 4506 2025 4561 fra-

451 4606 533 4652 ter
559 4613 683 4653 vero
703 4598 966 4653 nitebatur
985 4607 1302 4653 testamento
1324 4600 1507 4668 patris,
1528 4599 1616 4668 qui
1645 4599 1711 4653 de
1738 4598 1835 4653 hac
1863 4614 2023 4669 pecu-

452 4688 536 4741 nia
552 4696 801 4757 tauquam
829 4687 897 4743 de
926 4689 1165 4758 propria,
1192 4705 1295 4744 non
1327 4697 1501 4743 autem
1532 4698 1779 4759 tanquam
1808 4690 1873 4743 de
1905 4690 2025 4744 lilia:

451 4780 714 4849 deposito,
734 4780 859 4850 quid
879 4779 989 4835 fleri
1009 4781 1169 4835 vellet
1182 4781 1541 4835 mandaverat.
1564 4781 2024 4837 Decrevitsanctus

450 4870 647 4926 Praisul
679 4870 829 4941 quasi
869 4871 1169 4925 communis
1207 4885 1400 4941 parens
1433 4872 1847 4925 controversiam
1889 4872 2027 4927 hanc

445 4960 694 5017 dirimere
714 5003 727 5025 ,
760 4976 823 5016 ac
847 4961 1068 5031 probum
1095 4962 1319 5031 aliquem
1347 4962 1518 5017 virum
1544 4976 1820 5017 assumere
1844 4978 2023 5018 secum

447 5066 513 5107 ex
540 5054 686 5108 laicis
704 5094 718 5115 .
743 5062 802 5107 ut
831 5052 972 5107 illam
1003 5052 1294 5107 secundum
1324 5052 1585 5122 aequitatis
1609 5068 1847 5107 normam
1870 5055 2025 5110 simul

451 5143 801 5213 dijudicarent
829 5145 1022 5216 (Serm.
1058 5145 1182 5209 555,
1212 5162 1264 5198 η.
1289 5143 1365 5215 5).
1398 5147 1465 5199 At
1495 5159 1617 5200 cum
1648 5144 1746 5214 ipsi
1770 5145 2024 5202 liberave-

449 5242 575 5288 runt
594 5236 696 5290 hoc
720 5237 934 5291 labore:
962 5252 1074 5291 rem
1103 5236 1272 5291 amice
1295 5246 1726 5305 composuerunt,
1756 5238 2026 5307 secutique

450 5332 575 5378 sunt
600 5326 878 5380 consilium
903 5327 1041 5381 beati
1072 5327 1218 5393 Viri,
1251 5335 1309 5380 ut
1336 5327 1473 5382 inter
1507 5342 1566 5382 se
1606 5328 1878 5397 pecuniam
1908 5343 2027 5398 par-

448 5416 709 5479 tirentur,
734 5416 1005 5471 suadentis
1027 5418 1220 5489 (Serm.
1267 5417 1370 5473 556
1392 5458 1405 5483 ,
1451 5434 1505 5471 n.
1548 5416 1659 5490 ll).
1690 5418 1869 5488 Neque
1894 5433 2027 5474 vero

452 5505 575 5575 plus
595 5508 790 5577 negotii
817 5507 987 5563 cidem
1019 5508 1333 5565 facessivere
1360 5510 1441 5564 sui
1468 5509 1680 5577 clerici;
1716 5510 1809 5565 sed
1840 5525 2027 5566 omnes

452 5599 546 5653 ille
568 5600 939 5669 presbyteros,
985 5600 1265 5667 diaconos,
1307 5602 1693 5670 subdiaconus,
1732 5604 2026 5674 horumque

451 5702 518 5744 ex
552 5688 739 5744 ordine
772 5688 1057 5744 Patricium
1097 5699 1342 5760 nepotem
1380 5707 1563 5759 suum,
1600 5694 1785 5764 quales
1818 5693 2028 5747 volebat

453 5783 673 5854 reperit,
700 5781 799 5838 hoc
824 5790 925 5845 est.
951 5796 1134 5838 eorum
1158 5784 1421 5841 neminem
1441 5800 1551 5842 non
1569 5787 1744 5842 animo
1762 5794 1815 5842 et
1842 5786 2025 5842 voluu~

1599 381 1755 440 VITA
1794 382 1851 438 S.
1897 378 2258 439 AUGUSTINI
2298 378 2617 438 EPISCOPI.

3601 384 3704 445 536

2123 503 2228 551 tate
2254 510 2538 566 pauperem
2566 493 2723 570 (Ibid.
2745 536 2758 561 ,
2790 510 2843 549 η.
2874 494 2950 569 3).
2977 496 3183 553 Etenim
3213 498 3256 553 si
3287 500 3405 570 quis
3433 500 3705 572 quidpiam

2122 590 2318 647 habere
2344 593 2778 662 permittebatur,
2811 593 2937 648 illud
2980 595 3223 665 religiosa
3254 595 3442 668 piaque
3466 599 3707 655 necessi-

2121 690 2229 738 tate
2254 684 2548 750 retinebat,
2588 685 2809 740 aliorum
2848 699 3005 741 causa
3028 727 3044 753 ,
3084 702 3185 741 non
3215 704 3309 743 sua
3332 730 3347 754 ,
3384 704 3559 760 neque
3597 690 3709 745 ulla

2120 772 2171 826 in
2200 764 2471 827 avaritiam
2516 775 2892 844 propensione.
2936 774 3193 841 Quocirca
3233 792 3421 834 omnes
3451 779 3708 836 socialem
3800 778 3805 781 ’

2119 861 2186 916 de
2206 862 2411 933 integro
2438 862 2599 918 vitam
2626 863 2853 933 amplexi
2878 875 3030 930 sunt,
3068 866 3283 937 laetique
3308 882 3568 938 excepere
3595 868 3707 925 Viri

2118 952 2285 1008 sancti
2313 955 2619 1021 consilium,
2662 970 2768 1026 quo
2792 972 2824 1012 e
2850 956 3167 1012 clericorum
3205 958 3327 1014 albo
3358 974 3545 1015 omnes
3573 975 3668 1015 eos
3688 1003 3706 1029 ,

2120 1045 2209 1114 qui
2274 1044 2525 1118 deinceps
2551 1049 2820 1117 pr0prium
2879 1048 3076 1106 habere
3139 1050 3705 1122 deprehenderentur,

2121 1150 2421 1206 expungere
2447 1138 2790 1193 constituerat
2820 1138 3007 1207 (Ibid.,
3037 1158 3091 1195 η.
3118 1142 3231 1213 Η).

2190 1228 2242 1281 4.
2284 1227 2572 1283 Transacto
2618 1228 2776 1301 igitur
2816 1232 3125 1303 Epiphania:
3154 1233 3288 1288 festo
3323 1244 3497 1305 gratos
3533 1236 3701 1291 hosce

2122 1319 2337 1373 nuntios
2353 1321 2565 1389 populo,
2587 1321 3030 1391 quemadmodum
3053 1332 3165 1377 erat
3186 1324 3466 1394 pollicitus,
3490 1328 3707 1392 retulit;

2121 1416 2179 1461 ut
2213 1409 2459 1478 quoniam
2501 1411 2725 1465 aliorum
2754 1412 2968 1482 quidem
2997 1414 3269 1483 laudibus,
3316 1416 3537 1471 aliorum
3576 1434 3708 1473 vero

2120 1498 2606 1567 criminationibus,
2654 1517 2774 1572 qua:
2819 1517 2911 1557 sua
2950 1504 3183 1559 conditio
3224 1515 3367 1573 erat,
3416 1508 3709 1565 obnoxium

2121 1604 2238 1645 sese
2267 1592 2622 1663 iutelligebat;
2655 1595 2740 1664 qui
2780 1610 2837 1650 se
2863 1596 3179 1666 diligebant,
3215 1599 3416 1668 pudore
3449 1615 3555 1655 non
3582 1617 3708 1672 per-

2121 1681 2470 1738 funderentur
2498 1685 2564 1738 ab
2593 1686 2704 1749 eis,
2736 1701 2764 1739 a
2786 1687 2976 1755 quibus
3010 1703 3115 1743 non
3144 1690 3439 1745 amabatur.
3468 1692 3711 1749 Primum

2122 1773 2297 1844 itaque
2314 1774 2470 1844 jussit
2489 1776 2749 1831 Lazarum
2773 1778 3049 1832 diaconum
3074 1796 3138 1834 ex
3162 1782 3535 1850 Apostolorum
3558 1786 3710 1840 Actis

2121 1864 2297 1920 locum
2322 1881 2442 1920 eum
2463 1907 2478 1933 ,
2502 1867 2589 1921 ubi
2619 1868 2934 1923 describitur
2956 1872 3247 1940 primorum
3279 1874 3709 1933 Christianorum

2121 1956 2245 2021 vita,
2280 1956 2345 2009 ad
2374 1972 2529 2027 quam
2556 1959 2765 2028 quidem
2794 1960 2921 2015 cleri
2947 1963 3025 2015 sui
3055 1977 3230 2017 mores
3256 1963 3482 2033 dirigere
3504 1967 3709 2036 cogita-

2122 2049 2230 2111 bat,
2262 2049 2521 2114 recitare;
2554 2066 2709 2119 quem
2739 2051 2911 2105 locum
2954 2053 3169 2123 insuper
3198 2054 3311 2123 ipse
3340 2071 3553 2125 quoque
3580 2073 3709 2126 pro-

2121 2140 2397 2193 nuntiavit.
2451 2141 2652 2196 Deinde
2699 2142 3013 2198 clericorum
3061 2159 3278 2200 suorum
3322 2148 3589 2211 omnium,
3623 2149 3709 2204 vel

2122 2233 2209 2301 qui
2252 2232 2511 2303 legitimas
2552 2235 2621 2288 ob
2658 2250 2842 2289 causas
2872 2236 3097 2290 necdum
3142 2238 3359 2291 omnino
3402 2239 3560 2293 rebus
3596 2241 3708 2295 suis

2122 2326 2426 2380 renuntiare
2455 2336 2754 2397 potuerant,
2780 2330 2859 2383 vel
2888 2330 2974 2399 qui
3000 2330 3183 2399 injuria
3207 2333 3476 2400 proprium
3507 2334 3708 2389 habere

2122 2413 2449 2481 dicebantur,
2482 2417 2783 2487 singillatim
2812 2419 3069 2473 rationem
3103 2420 3350 2475 reddidit.
3380 2421 3473 2476 His
3505 2422 3574 2476 ita
3612 2439 3708 2492 ge—

2122 2508 2239 2572 stis,
2270 2508 2532 2562 licentiam
2556 2525 2655 2579 qua
2679 2521 3037 2577 concesserat,
3061 2520 3119 2565 ut
3142 2512 3243 2566 illis
3269 2521 3417 2567 extra
3448 2514 3708 2584 episc0pii

2122 2598 2335 2652 domum
2350 2598 2416 2653 de
2434 2602 2643 2668 proprio
2662 2601 2841 2655 liceret
2856 2602 3058 2667 vivere,
3077 2605 3371 2658 revocavit:
3392 2604 3708 2659 declaravit-

2122 2704 2244 2759 que,
2274 2690 2696 2759 quandoquidem
2728 2707 2913 2747 omnes
2940 2693 2991 2748 in
3022 2695 3270 2749 socialem
3291 2696 3453 2749 Vitam
3478 2711 3709 2752 consen-

2122 2777 2336 2843 sissent,
2360 2780 2597 2850 quisquis
2618 2780 2978 2850 (leprchensus
2999 2784 3157 2839 fuerit
3178 2785 3378 2839 habens
3408 2788 3707 2857 proprium,

2122 2884 2241 2923 eum
2270 2885 2300 2924 a
2331 2885 2390 2925 se
2410 2872 2641 2926 clericali
2667 2873 2831 2942 gradu
2856 2873 3117 2943 dejectum
3149 2878 3230 2930 iri.
3262 2875 3556 2946 Interpellct
3585 2896 3711 2932 con-

2125 2969 2202 3014 tra
2231 2978 2309 3015 me
2330 3003 2344 3028 ,
2376 2963 2449 3016 ait
2475 2963 2567 3017 Vir
2590 2973 2805 3019 sanctus
2825 3006 2839 3030 ,
2869 2966 3006 3019 mille
3029 2968 3241 3020 concilia
3260 3010 3274 3034 ,
3314 2969 3507 3039 naviget
3531 2981 3712 3023 contra

2124 3068 2203 3105 me
2235 3068 2332 3122 quo
2369 3052 2612 3117 voluerit;
2654 3055 2716 3107 sit
2747 3066 2877 3108 certe
2919 3057 3001 3109 ubi
3044 3058 3301 3124 potuerit:
3343 3058 3598 3129 adjuvabit
3628 3075 3713 3113 me

2122 3140 2289 3209 Deus,
2318 3151 2369 3195 ut
2400 3142 2485 3196 ubi
2513 3160 2602 3215 ego
2636 3145 2898 3215 episcOpus
2931 3162 3066 3210 sum,
3106 3148 3193 3200 ille
3232 3148 3441 3201 clericus
3474 3164 3578 3201 esse
3601 3166 3709 3202 non

2126 3233 2301 3300 possit.
2326 3233 2571 3299 Audistis,
2599 3236 2864 3288 audierunt
2889 3251 2906 3289 :
2933 3236 3020 3289 sed
3045 3254 3189 3307 spero
3216 3238 3269 3291 in
3294 3238 3454 3291 Deum
3476 3248 3712 3293 nostrum

2124 3332 2171 3376 et
2207 3324 2602 3377 misericordiam
2640 3326 2784 3395 ejus,
2828 3326 2945 3395 quia
2974 3327 3100 3379 sicut
3138 3327 3516 3397 dispositionem
3544 3344 3711 3382 means

2123 3414 2273 3468 istam
2297 3415 2521 3469 hilariter
2544 3428 2860 3487 acceperunt,
2884 3418 2957 3471 sic
2978 3434 3086 3470 eam
3116 3435 3239 3487 pure
3269 3419 3582 3489 ﬁdeliterque
3602 3436 3711 3473 ser-

2124 3504 2307 3558 vabunt
2335 3504 2548 3579 (lbid.).
2575 3505 2763 3561 Initum
2793 3523 3001 3577 quoque
3028 3509 3165 3563 inter
3188 3508 3419 3563 Januarii
3451 3508 3587 3565 filios
3616 3525 3713 3580 pa-

2124 3604 2267 3650 ctum
2312 3606 2606 3663 memorat;
2638 3608 2757 3668 post
2796 3613 2915 3667 qua:
2946 3598 3123 3653 subdit
3160 3614 3377 3669 sperare
3415 3615 3504 3665 se,
3545 3615 3637 3654 cos
3676 3615 3712 3655 a

2124 3688 2313 3757 quibus
2357 3688 2610 3759 diligitur,
2641 3690 2890 3745 audacter
2918 3689 3151 3744 laetitiam
3181 3705 3330 3745 suam
3374 3700 3661 3747 testaturos
3683 3732 3701 3757 ,

2126 3779 2256 3833 alios
2280 3788 2454 3832 autem
2484 3779 2721 3834 dolorem
2753 3795 2903 3834 suum
2936 3795 3212 3849 pressuros
3233 3781 3446 3835 silentio
3471 3800 3483 3834 :
3512 3770 3706 3836 verum

2126 3868 2170 3921 si
2205 3868 2293 3937 qui
2323 3868 2458 3934 sint,
2487 3869 2575 3938 qui
2617 3870 2779 3922 velint
2809 3870 2860 3923 in
2897 3883 2955 3924 se
2988 3869 3255 3939 quidpiam
3286 3871 3616 3925 deblaterare
3652 3880 3714 3926 et

2126 3958 2357 4011 cavillari
2376 3998 2390 4021 ,
2421 3972 2516 4012 eos
2540 3972 2598 4012 se
2632 3959 2839 4027 publice
2858 4000 2872 4025 ,
2905 3960 3163 4029 siquidem
3195 3960 3247 4014 id
3274 3975 3361 4015 res
3388 3961 3601 4031 exigere
3626 3962 3714 4015 vi-

2127 4049 2332 4113 deatur,
2346 4048 2472 4103 conf
2473 4059 2733 4103 utaturum
2753 4048 2911 4121 (Ibid.
2924 4090 2939 4117 ,
2956 4068 3009 4103 η.
3031 4048 3142 4123 ll).
3161 4051 3289 4104 Ante
3308 4052 3478 4104 oculos
3497 4061 3712 4119 uestros,

2129 4138 2325 4209 inquit,
2368 4138 2481 4193 volo
2509 4140 2571 4193 sit
2612 4140 2712 4192 vita
2738 4148 2926 4194 nostra.
2962 4140 3082 4194 Scio
3110 4141 3227 4210 quia
3252 4150 3525 4211 quaerentes
3548 4142 3714 4195 licen-

2130 4231 2251 4284 tiam
2278 4230 2410 4284 male
2444 4230 2691 4299 faciendi,
2723 4238 2952 4300 quarunt
2993 4230 3089 4284 sibi
3116 4231 3345 4302 exempla
3376 4231 3512 4285 male
3542 4231 3717 4285 viven-

2129 4321 2274 4387 tium,
2311 4330 2358 4373 ct
2382 4321 2563 4374 multos
2590 4320 2859 4389 infamant,
2887 4329 2942 4373 ut
2970 4321 3131 4375 socios
3154 4322 3399 4375 invasisse
3423 4322 3710 4377 uideantur.

2128 4410 2253 4465 Ideo
2281 4410 2415 4481 quod
2444 4420 2669 4464 nostrum
2707 4419 2813 4476 est,
2860 4411 3067 4482 fecimus
3089 4427 3108 4465 :
3132 4412 3246 4482 plus
3278 4411 3401 4481 quid
3436 4412 3713 4481 faciamus,

2129 4520 2229 4558 non
2265 4503 2520 4557 habemus.
2556 4504 2683 4556 Ante
2716 4504 2890 4557 oculos
2913 4513 3099 4558 vestros
3134 4520 3325 4558 sumus.
3368 4503 3576 4559 Nullius
3604 4505 3713 4558 ali-

2128 4596 2248 4667 quid
2269 4596 2628 4660 desideramus,
2662 4596 2759 4649 nisi
2786 4596 2915 4649 bona
2942 4612 3097 4667 opera
3120 4606 3282 4651 vestra
3303 4596 3355 4667 (1
3364 4596 3487 4663 bid.,
3511 4614 3563 4651 n.
3589 4596 3709 4666 12).

2130 4684 2208 4739 Ex
2238 4685 2337 4740 hoc
2369 4701 2615 4741 sermone
2643 4701 2965 4757 cognoscere
2987 4694 3105 4754 est,
3138 4701 3245 4756 quo
3279 4687 3518 4757 plerique
3542 4686 3712 4742 cleri-

2133 4791 2315 4832 corum
2336 4779 2451 4848 ejus
2472 4780 2524 4833 in
2550 4788 2687 4834 statu
2711 4786 2911 4835 essent.
2933 4779 3063 4834 Nam
3085 4779 3154 4835 de
3174 4779 3279 4835 illis
3301 4780 3428 4836 solis
3449 4780 3709 4851 loquitur,

2132 4870 2183 4924 in
2219 4870 2411 4939 quibus
2436 4870 2675 4924 nonnihil
2710 4870 3125 4940 reprehensione
3152 4869 3370 4941 dignum
3405 4871 3707 4927 videbatur.

2132 4962 2463 5030 Quapropter
2487 4962 2627 5031 quod
2663 4962 2727 5017 ad
2756 4962 3093 5033 presbyteros
3117 4976 3243 5017 suos
3270 4963 3491 5028 attinet,
3532 4962 3584 5017 id
3614 4977 3711 5017 so-

2132 5054 2398 5109 lummodo
2423 5064 2712 5118 asseverat,
2742 5070 2856 5121 eos,
2882 5054 3134 5125 quidquid
3164 5054 3231 5111 de
3256 5055 3488 5125 ipsorum
3517 5055 3711 5125 opibus

2134 5144 2288 5215 vulgo
2305 5145 2552 5214 jactctur,
2577 5159 2834 5215 pauperes
2853 5160 2991 5211 esse,
3014 5160 3077 5199 ac
3096 5144 3226 5199 nihil
3246 5159 3425 5201 secum
3448 5145 3512 5200 ad
3539 5146 3713 5215 ipsius

2131 5238 2435 5293 societatem
2480 5238 2747 5305 attulisse,
2788 5239 2889 5293 nisi
2938 5240 3135 5308 ipsam,
3178 5253 3281 5308 qua
3326 5237 3457 5292 nihil
3492 5236 3712 5292 charius

2132 5338 2241 5395 est,
2281 5328 2610 5385 charitatem.
2669 5329 2978 5385 Subdiaconi
3039 5330 3225 5397 pariter
3271 5344 3521 5398 pauperes
3559 5334 3705 5393 sunt,

2132 5420 2242 5476 Deo
2283 5424 2533 5493 propitio,
2580 5423 2777 5493 inquit,
2819 5420 3214 5475 misericordiam
3260 5420 3356 5474 Dei
3396 5428 3707 5490 exspectant.

2135 5512 2282 5568 Unde
2308 5514 2406 5583 ipsi
2434 5515 2652 5583 faciant,
2686 5530 2785 5567 non
2826 5512 3045 5567 habent:
3073 5512 3241 5566 nullas
3267 5512 3501 5565 [tabentes
3537 5510 3710 5579 facul-

2132 5613 2285 5668 tates,
2316 5605 2553 5673 finterunt
2589 5606 2761 5657 mundi
2795 5604 3109 5674 cupiditates.
3159 5603 3335 5657 Vivunt
3363 5604 3619 5656 nobiscum
3653 5603 3711 5656 in

2133 5695 2365 5749 societate
2387 5694 2657 5759 communi,
2688 5710 2831 5747 nemo
2856 5711 2939 5747 eos
2966 5694 3226 5764 distinguit
3251 5692 3312 5745 ab
3341 5692 3461 5757 illis,
3490 5692 3575 5761 qui
3602 5691 3709 5744 ali-

2132 5788 2253 5862 quid
2285 5786 2574 5841 attulerunt.
2608 5785 2875 5841 Charitatis
2911 5787 3077 5840 unitas
3115 5783 3451 5857 praponenda
3490 5792 3565 5838 est
3603 5790 3709 5837 ια-
