4042 6360
339 331 441 390 537

338 464 471 504 rente
483 446 746 501 commodo
763 442 1066 501 licereditatis
1081 444 1271 515 (Serm.
1289 444 1455 500 3562:.
1471 445 1549 514 8).
1583 445 1657 499 Ex
1680 445 1915 501 diaconis

339 549 512 595 autem
548 539 592 594 si
635 539 726 609 qui
766 538 902 593 forte
946 545 1202 592 venerant
1230 537 1281 589 in
1320 536 1674 606 suspicienem
1717 536 1912 591 deserti

338 630 588 701 pr0positi
616 629 681 683 ad
713 628 1010 684 habendum
1040 626 1338 698 proprium;
1373 626 1474 682 hoc
1502 627 1569 682 ab
1599 627 1713 682 istis
1739 627 1914 682 nomi-

338 721 496 774 natim
534 720 945 790 singillatimque
974 719 1206 789 purgatis
1241 719 1440 773 crimen
1478 718 1746 774 amolitur.
1783 718 1916 773 Ora-

338 816 531 866 tionem
582 812 813 881 denique
865 811 977 865 fiuit
1026 812 1077 864 in
1133 812 1245 865 hmc
1284 811 1486 864 verba:
1527 809 1689 863 Nemo
1732 812 1913 864 laceret

335 921 496 958 servos
534 903 633 957 Dei
656 920 675 958 :
700 905 817 975 quia
847 920 946 957 non
985 902 1182 972 expedit
1221 901 1571 957 lacerantibus.
1617 902 1784 957 Servis
1817 902 1914 958 Dei

335 997 529 1066 quidem
556 1009 744 1050 merces
783 996 925 1067 falsis
950 994 1339 1051 detractionibus
1378 998 1587 1062 crescit;
1624 996 1711 1050 sed
1739 1000 1915 1051 crescit

334 1088 478 1140 etiam
526 1104 675 1156 pmna
717 1087 1109 1140 detrahentibus.
1161 1086 1412 1141 Nolumus
1459 1103 1575 1140 cum
1618 1087 1912 1142 detrimento

334 1192 490 1235 vestro
523 1197 760 1251 magnam
791 1179 970 1234 habere
994 1179 1287 1233 mercedem.
1325 1179 1494 1233 Minus
1523 1180 1591 1232 ibi
1621 1179 1908 1246 habeamus,

334 1281 377 1324 et
399 1283 560 1324 tamen
588 1272 835 1324 vobiscum
856 1270 924 1324 ibi
944 1287 1203 1341 regnemus
1221 1269 1407 1338 (Ibid,
1437 1287 1491 1324 n.
1520 1270 1627 1339 15).

405 1362 453 1416 5.
488 1360 704 1416 Curatio
734 1362 897 1415 Paulo
924 1371 975 1415 et
1002 1361 1250 1415 Palladiae
1274 1362 1372 1414 hoc
1401 1360 1585 1415 eodem
1608 1376 1747 1415 anno
1772 1362 1907 1414 divi-

330 1454 471 1508 nitus
496 1468 751 1509 concessa
779 1464 895 1519 est;
926 1452 1064 1523 quod
1092 1453 1302 1522 quidem
1334 1452 1641 1506 miraculum
1673 1469 1775 1506 non
1815 1452 1909 1506 fuit

331 1547 539 1603 cmteris
559 1586 573 1611 ,
603 1561 719 1615 qua:
748 1554 871 1599 tunc
898 1544 1151 1613 temporis
1178 1543 1314 1611 apud
1345 1543 1633 1611 Hipponem
1664 1558 1757 1611 per
1784 1543 1907 1597 Stc-

329 1638 485 1708 phani
509 1639 756 1708 martyris
782 1636 1026 1707 reliquias
1051 1636 1181 1689 facta
1211 1645 1331 1688 sunt
1355 1634 1453 1703 (De
1471 1634 1611 1688 Civil.
1632 1634 1745 1697 Dei,
1763 1634 1902 1699 [.22,

327 1748 373 1784 c.
391 1731 441 1798 8,
456 1748 508 1784 n.
524 1730 681 1796 20,in
703 1739 807 1783 not.
825 1730 957 1783 llinc
969 1727 1142 1798 vero),
1159 1727 1294 1798 quod
1313 1728 1376 1781 ad
1398 1744 1504 1781 rem
1525 1728 1790 1797 grandius,
1811 1728 1905 1783 scd

327 1831 432 1877 tam
460 1822 661 1876 clarum
697 1830 852 1891 atque
893 1821 1096 1875 illustre
1122 1862 1136 1885 ,
1167 1827 1224 1891 ut
1254 1820 1304 1874 in
1337 1836 1396 1875 ea
1426 1820 1552 1874 urbe
1584 1821 1906 1889 reperiretur

328 1914 531 1979 nullus,
562 1913 649 1983 qui
693 1913 793 1967 hoc
842 1927 944 1965 non
989 1911 1211 1966 vidisset
1264 1911 1347 1964 vel
1388 1910 1675 1977 didicisset,
1730 1912 1906 1967 nullus

329 2004 418 2074 qui
466 2003 702 2058 oblivisci
766 2003 868 2057 ulla
937 2003 1138 2057 ratione
1201 2010 1379 2071 posset
1431 2001 1619 2071 (Ibid,
1674 2019 1726 2055 n.
1786 2002 1901 2073 22).

324 2094 584 2149 Cresarerc
644 2095 698 2147 in
762 2092 1090 2162 Cappadocia
1159 2092 1351 2146 familia
1402 2100 1516 2147 erat
1560 2107 1665 2146 non
1698 2092 1904 2160 ignobi-

324 2186 419 2249 lis,
459 2201 625 2253 eaquc
655 2185 834 2240 liberis
864 2185 1066 2249 decem,
1100 2184 1347 2238 nimirum
1407 2193 1609 2255 septem
1654 2186 1904 2239 masculis

322 2292 393 2330 ac
438 2275 646 2330 feminis
729 2276 894 2329 tribus
968 2284 1253 2339 constans;
1324 2275 1461 2327 inter
1513 2288 1642 2344 quos
1712 2273 1905 2327 Paulus

326 2374 533 2421 sextum
577 2367 674 2420 sibi
738 2367 932 2430 locum,
974 2364 1205 2418 Palladia
1258 2364 1538 2432 septimum
1580 2364 1900 2417 vindicabat.

322 2454 555 2525 Contigit
598 2463 772 2508 autem
823 2463 880 2507 ut
913 2463 1060 2524 patre
1098 2453 1380 2518 defuncto,
1428 2469 1529 2507 non
1576 2454 1752 2508 multis
1791 2463 1907 2523 post

325 2547 463 2602 illius
494 2546 699 2602 obitum
725 2545 930 2610 diebus,
963 2560 1082 2600 cum
1113 2545 1301 2599 fratres
1328 2559 1512 2599 omnes
1532 2544 1674 2599 domi
1703 2552 1902 2609 essent,

326 2646 448 2691 natu
478 2637 741 2690 maximus
769 2646 989 2691 matrem
1019 2634 1229 2689 viduam
1256 2633 1503 2705 gravibus
1528 2643 1684 2705 atque
1714 2635 1907 2689 intole-

328 2728 506 2781 randis
532 2726 767 2782 afficeret
792 2728 998 2797 injuriis
1018 2768 1031 2789 ,
1062 2727 1115 2781 in
1136 2735 1339 2780 tantum
1369 2735 1419 2780 ut
1445 2727 1492 2780 ei
1523 2727 1680 2780 etiam
1719 2742 1906 2782 manus

328 2834 429 2874 non
452 2819 717 2874 dubitaret
743 2818 968 2885 inferre;
1002 2820 1149 2874 nullo
1175 2820 1386 2874 interim
1436 2835 1466 2874 e
1503 2818 1775 2884 fratribus,
1804 2835 1904 2875 ne-

324 2926 428 2981 que
463 2912 792 2984 impietatem
828 2913 968 2967 illam
1009 2921 1262 2979 curante,
1311 2926 1480 2982 neque
1515 2912 1678 2967 verbo
1716 2912 1904 2967 saltem

325 3002 503 3058 fratris
540 3004 797 3058 insaniam
836 3013 1131 3059 coercente.
1175 3003 1322 3057 Hanc
1361 3011 1467 3057 tam
1500 3011 1733 3057 atrocem
1762 3004 1905 3072 inju-

323 3095 458 3150 riam
486 3095 682 3149 mulier
711 3094 891 3149 infelix
918 3094 1263 3149 acerbissime
1301 3094 1447 3159 tulit,
1480 3095 1549 3147 ita
1576 3102 1635 3149 ut
1667 3094 1772 3147 illis
1799 3094 1906 3147 ira-

322 3185 534 3241 cundia:
571 3186 836 3251 motibus,
869 3186 957 3257 qui
1002 3187 1152 3241 sexui
1193 3186 1278 3240 isti
1320 3200 1576 3256 perquam
1621 3184 1906 3239 familiares

324 3287 468 3346 sunt,
497 3288 730 3334 :estuans
764 3279 1005 3334 dolorem
1036 3294 1189 3334 suum
1217 3280 1397 3334 ulcisci
1430 3279 1782 3349 primogenito
1809 3292 1907 3333 suo

330 3367 441 3422 dira
466 3368 809 3439 imprecando
830 3371 1182 3426 constituerit.
1211 3367 1336 3423 Cum
1364 3380 1531 3424 autem
1562 3371 1630 3423 ad
1648 3370 1777 3422 sacri
1805 3368 1907 3422 Ba-

330 3461 575 3529 ptismatis
598 3462 806 3532 fontem,
837 3461 1006 3531 inquit
1035 3463 1084 3515 in
1118 3462 1296 3517 libello
1324 3462 1610 3516 curationis
1639 3475 1747 3515 sua:
1779 3461 1907 3515 Pau-

329 3549 430 3615 lus,
469 3560 579 3621 post
611 3550 863 3622 gallorum
899 3562 1075 3607 cantus
1098 3563 1373 3606 memorato
1403 3554 1510 3621 ﬁlio
1535 3568 1626 3606 suo
1654 3553 1783 3605 iram
1811 3550 1908 3605 Dei

330 3642 662 3713 imprecatura
703 3653 1031 3714 properaret;
1069 3654 1186 3697 tunc
1229 3645 1272 3698 ei
1315 3645 1479 3698 nescio
1503 3646 1614 3713 quis
1650 3645 1703 3697 in
1740 3644 1908 3711 patrui

330 3734 484 3787 nostri
504 3734 853 3799 similitudine,
881 3744 935 3787 ut
955 3735 1272 3805 intelligitur,
1297 3735 1495 3789 dcvmon
1521 3737 1755 3801 occurrit,
1779 3746 1825 3789 et
1844 3735 1906 3790 ab

331 3839 387 3877 ea
416 3826 574 3894 prior,
601 3842 699 3895 quo
726 3834 979 3897 pergeret,
1010 3827 1282 3895 requisivit.
1316 3826 1412 3881 Cui
1443 3818 1533 3881 illa
1551 3868 1563 3891 ,
1596 3828 1663 3881 ad
1691 3828 1906 3881 maledi-

334 3915 541 3969 cendum
585 3916 693 3983 ﬁlio
724 3931 817 3969 suo
862 3917 920 3970 ob
960 3916 1322 3971 intolerabilem
1364 3919 1714 3972 contumeliam
1754 3936 1808 3973 se
1834 3919 1910 3973 ire

332 4007 602 4077 respondit.
636 4006 777 4060 Tunc
804 4017 970 4061 autem
995 4008 1082 4061 ille
1102 4009 1352 4073 inimicus,
1383 4011 1621 4080 quoniam
1654 4012 1705 4064 in
1732 4012 1906 4065 mulie-

330 4097 400 4151 ris
444 4098 593 4152 corde
638 4098 915 4152 insaniente
957 4098 1120 4152 locum
1164 4100 1313 4169 facile
1354 4101 1574 4154 invenire
1612 4103 1807 4172 potuit,
1854 4109 1908 4154 ut

330 4190 555 4245 omnibus
581 4190 925 4258 malediceret,
969 4193 1232 4261 persuasit.
1266 4191 1293 4245 l
1300 4192 1373 4246 lla
1399 4203 1567 4247 autem
1595 4194 1805 4262 vipereis
1829 4195 1908 4247 in-

330 4283 589 4353 ﬂammata
605 4282 846 4350 consiliis,
868 4300 1068 4337 sacrum
1083 4289 1270 4355 fontem
1298 4286 1559 4355 provoluta
1578 4286 1836 4355 corripuit,
1860 4294 1907 4340 et

320 4375 518 4443 sparsis
551 4376 773 4429 crinibus
806 4376 1103 4446 nudatisque
1130 4376 1361 4431 uberibus
1388 4377 1480 4431 hoc
1512 4395 1544 4430 a
1574 4378 1681 4432 Deo
1708 4380 1907 4449 potissi-

326 4481 465 4519 mum
491 4468 779 4536 postulavit,
809 4477 860 4520 ut
881 4477 1101 4522 extorres
1127 4470 1291 4538 patria
1318 4477 1364 4523 et
1394 4470 1750 4524 circumeuntes
1780 4471 1902 4524 alie-

325 4572 422 4611 rnas
470 4567 658 4625 terras,
706 4574 851 4612 omne
896 4558 1154 4612 hominum
1199 4577 1355 4629 genus
1398 4570 1567 4615 nostro
1615 4570 1907 4617 terreremus

324 4650 559 4719 exemplo
586 4649 779 4720 (Serm.
807 4648 953 4722 522).
987 4650 1203 4706 Precem
1223 4694 1236 4717 ,
1264 4667 1421 4722 quam
1449 4654 1496 4707 ei
1533 4652 1685 4707 dolor
1712 4670 1906 4724 sugge-

322 4739 500 4805 zrebat,
527 4740 728 4795 audivit
755 4741 910 4807 Deus,
934 4751 985 4794 et
1005 4742 1341 4811 quantumvis
1362 4743 1616 4797 scelerata
1640 4743 1724 4796 illa
1749 4743 1902 4811 foret,

288 4847 295 4851 ·
324 4844 390 4884 τεο
413 4838 589 4885 tamen
623 4845 685 4885 ea
712 4845 899 4901 passus
922 4839 1002 4885 est
1026 4831 1233 4885 exorari
1257 4848 1270 4883 :
1303 4833 1495 4901 quippe
1521 4847 1639 4886 cum
1673 4834 1715 4887 is
1743 4835 1907 4889 unde-

322 4935 557 4993 cumque
591 4923 765 4990 justus
795 4924 890 4989 sit,
928 4922 1137 4977 nonnisi
1161 4923 1358 4991 justum
1394 4924 1560 4993 ipsius
1584 4924 1784 4994 judicio
1812 4925 1906 4979 ha-

326 5011 442 5067 lberi
469 5021 645 5083 potest
683 5014 733 5067 in
766 5013 900 5067 ﬁlios
937 5013 1189 5068 adversus
1214 5023 1438 5068 matrem
1476 5015 1759 5085 impietatis
1785 5031 1906 5072 reos

324 5103 773 5158 animadvertere.
820 5104 985 5173 Major
1027 5114 1151 5158 natu
1192 5121 1222 5159 e
1270 5106 1491 5175 vestigio
1533 5105 1630 5159 fuit
1674 5116 1906 5162 tremore

333 5192 570 5251 inuisibili
601 5203 898 5264 correptus,
925 5209 1030 5265 quo
1057 5196 1159 5265 ipsi
1183 5196 1341 5250 etiam
1374 5196 1510 5250 inter
1534 5197 1904 5253 dormiendum

334 5283 569 5339 meum
593 5285 982 5355 quatiebantur.
1011 5287 1143 5341 Tum
1173 5287 1305 5341 alios
1338 5288 1524 5343 fratres
1554 5303 1903 5360 sororesque,

333 5373 621 5430 secundum
644 5375 885 5432 ordinem
908 5392 1014 5448 quo
1036 5378 1142 5432 nati
1166 5386 1335 5443 erant,
1363 5378 1499 5433 intra
1524 5395 1683 5434 unum
1709 5397 1906 5437 annum

334 5463 418 5517 illa
446 5465 633 5520 eadem
670 5481 857 5523 omnes
883 5482 1037 5537 poena
1061 5469 1314 5538 corripuit
1344 5468 1445 5541 (De
1479 5467 1625 5523 Civil.
1662 5470 1785 5534 Dei,
1814 5472 1902 5525 lib.

331 5553 421 5618 22,
452 5556 649 5626 cap..8,
680 5574 733 5611 n.
761 5557 876 5627 22).
907 5559 1095 5614 Misera
1125 5573 1188 5613 ac
1210 5559 1486 5613 maledicta
1509 5574 1697 5628 parens
1722 5576 1786 5615 eo
1809 5577 1908 5632 pu-

334 5645 442 5699 nita
483 5647 752 5712 severius,
797 5663 902 5718 quo
929 5664 986 5703 se
1016 5650 1309 5719 promptius
1356 5650 1663 5719 pleniusque
1697 5652 1908 5708 videbat

331 5736 634 5794 exauditam
652 5778 667 5807 ,
696 5753 817 5797 cum
848 5754 1018 5811 neque
1042 5740 1326 5815 impietatis
1356 5757 1467 5804 sua:
1496 5744 1904 5815 conscietltiam,

1586 328 1787 385 LIBER
1828 320 2158 385 OCTAVUS.

3493 337 3598 397 558

2025 461 2194 515 neque
2220 446 2558 516 opprobrium
2595 447 2865 503 hominum
2893 448 3031 506 ferre
3062 447 3259 506 diutius
3288 462 3486 523 posset,
3515 456 3595 510 la-

2021 549 2155 605 queo
2180 545 2359 607 guttur
2385 539 2681 609 astringens
2698 581 2713 605 ,
2740 538 3035 596 luctuosam
3060 543 3219 597 vitam
3249 546 3475 599 termino
3507 546 3593 601 fu-

2020 628 2249 683 nestiore
2276 630 2532 685 conclusit
2561 631 2749 703 (Serm.
2775 632 2922 704 522).
2950 634 3015 689 Et
3037 634 3114 689 sic
3134 651 3235 689 una
3261 635 3456 691 familia
3484 648 3593 694 tum

2020 720 2173 785 filios,
2206 737 2363 793 quem
2400 722 2652 779 honorem
2680 725 3138 797 obedientiamque
3161 729 3469 797 parentibus
3495 730 3591 786 de-

2019 811 2229 877 berent,
2264 813 2504 879 edocuit,
2543 822 2652 869 tum
2686 827 2953 885 parentes,
2998 833 3065 872 ne
3090 818 3170 872 sui
3200 820 3425 874 nominis
3453 820 3590 875 obli-

2020 905 2365 969 viscerentur,
2416 922 2547 959 neve
2594 907 2874 962 iracundia:
2921 908 3119 978 impetu
3172 924 3290 966 sese
3339 910 3591 968 adversus

2022 996 2157 1049 ﬁlios
2201 996 2366 1065 abripi
2406 997 2674 1066 sinerent,
2707 999 2996 1055 admonuit.
3045 1001 3215 1055 Liberi
3244 1014 3585 1071 conspectum

2019 1088 2207 1141 civium
2226 1103 2437 1142 suorum
2457 1089 2507 1142 in
2524 1089 2748 1159 lugendo
2767 1092 2855 1146 illo
2875 1101 3011 1146 statu
3030 1108 3133 1147 non
3149 1092 3397 1159 ferentes,
3417 1096 3586 1165 patria

2018 1188 2379 1244 excesserunt,
2400 1179 2598 1234 etalius
2620 1180 2740 1247 alio,
2763 1191 2915 1251 prout
2934 1184 3120 1252 cuique
3138 1184 3345 1253 placuit,
3367 1185 3586 1256 profecti

2016 1278 2171 1333 sunt;
2214 1278 2369 1339 atque
2414 1269 2479 1323 ad
2517 1287 2635 1324 cum
2682 1272 2895 1326 modum
2945 1283 3054 1327 toto
3093 1290 3227 1343 pene
3265 1277 3589 1346 vagabantur

2017 1358 2146 1411 orbe
2186 1358 2459 1425 Romano,
2506 1360 2772 1414 miseriam
2816 1376 2961 1415 suam
3001 1364 3233 1419 omnium
3278 1366 3587 1423 exhibentes

2015 1449 2181 1500 oculis
2226 1448 2327 1517 (De
2360 1448 2501 1502 Civil.
2535 1449 2650 1516 Dei,
2680 1451 2766 1504 lib.
2798 1452 2887 1517 22,
2924 1470 3036 1523 cap.
3064 1456 3116 1517 8,
3146 1473 3199 1509 η.
3228 1457 3341 1526 22),
3378 1474 3585 1515 necnon

2016 1539 2272 1607 superbos
2323 1541 2564 1609 exemplo
2604 1544 2842 1611 supplicii
2892 1546 2974 1599 sui
3013 1546 3336 1602 deterrentes
3376 1550 3583 1619 (Serm.

2015 1631 2137 1694 525,
2183 1648 2234 1683 η.
2268 1633 2343 1702 l).
2378 1631 2651 1686 Secundus
2690 1632 2905 1688 fratrum
2948 1636 3209 1692 Ravennae
3246 1640 3581 1711 reliquiarum

2012 1723 2178 1775 sancti
2205 1722 2491 1788 Laurentii,
2511 1739 2626 1791 quze
2644 1725 2747 1778 illic
2763 1740 2944 1779 recens
2957 1727 3224 1782 collocatae
3244 1728 3465 1795 fuerant,
3482 1747 3584 1800 ope

2012 1814 2291 1867 sanitatem
2323 1817 2670 1884 recuperavit.
2703 1813 2892 1869 Paulus
2914 1833 2974 1871 ac
2996 1819 3225 1874 Palladia
3246 1822 3358 1875 loca
3383 1825 3580 1890 omnia,

2013 1901 2065 1955 in
2096 1904 2283 1972 quibus
2313 1905 2420 1958 fieri
2448 1906 2695 1959 miracula
2720 1905 3042 1973 dicerentur,
3072 1923 3261 1978 magno
3286 1912 3467 1964 salutis
3492 1928 3579 1966 re-

2013 1994 2271 2063 cipiendze
2293 1995 2553 2049 desiderio
2576 1997 2811 2065 petituri,
2832 2012 2953 2052 sese
2971 1999 3069 2052 viae
3092 2000 3439 2054 committunt.
3468 2002 3583 2068 Quo

2014 2084 2239 2149 factum,
2273 2094 2328 2138 ut
2364 2086 2520 2139 variis
2549 2087 2598 2139 in
2630 2088 2932 2155 regionibus
2974 2089 3185 2143 miseria
3213 2104 3303 2143 sua
3343 2090 3582 2146 celebres

2012 2176 2319 2229 evaderent.
2342 2177 2548 2231 Petiere
2567 2178 2703 2231 inter
2723 2178 2850 2232 alias
2871 2179 3028 2233 urbes
3049 2182 3317 2235 Anconem
3343 2184 3392 2236 in
3418 2184 3583 2251 Italia,

2012 2273 2173 2334 atque
2200 2265 2401 2321 Uzalim
2437 2267 2488 2320 in
2518 2268 2722 2331 Africa,
2755 2278 3032 2339 utramque
3062 2281 3275 2341 propter
3302 2273 3439 2327 beati
3466 2275 3585 2329 Stc-

2010 2362 2174 2430 phani
2205 2363 2454 2416 miracula
2491 2363 2770 2433 insignem.
2799 2365 3170 2420 Verumtamen
3202 2368 3253 2421 in
3282 2378 3469 2422 neutra
3499 2386 3585 2422 re-

2012 2453 2155 2505 stitui
2187 2452 2238 2505 in
2276 2454 2554 2521 pristinum
2585 2462 2775 2508 statum
2813 2464 3057 2524 potuere;
3091 2466 3180 2511 aut
3211 2460 3384 2528 potius
3415 2460 3583 2526 Deus,

2012 2544 2103 2613 qui
2129 2544 2273 2597 nullo
2301 2546 2509 2615 negotio
2532 2545 2580 2600 id
2601 2555 2809 2617 poterat
2828 2556 3098 2615 praestare,
3121 2550 3306 2617 noluit,
3335 2551 3584 2619 Hipponi-

2016 2636 2181 2705 Regio
2225 2635 2567 2705 spectandam
2614 2637 2886 2706 utriusque
2922 2639 3245 2718 curationem
3286 2655 3583 2694 reservans.

2014 2726 2190 2794 Quare
2216 2728 2343 2781 illud
2370 2729 2448 2781 eis
2473 2727 2784 2799 significavit
2811 2729 3086 2784 manifesta
3109 2730 3331 2800 quadam
3359 2732 3474 2801 ipso
3494 2730 3588 2785 ka-

2015 2818 2290 2873 lendarum
2319 2818 2676 2888 januariarum
2720 2819 2805 2874 die
2832 2820 3067 2883 visione,
3106 2836 3225 2891 qua:
3263 2822 3429 2876 tribus
3465 2832 3589 2878 ante

2013 2911 2319 2977 mensibus,
2365 2925 2521 2980 quam
2572 2910 2674 2964 hoc
2716 2910 2899 2979 fieret,
2931 2911 3138 2966 accidit.
3187 2913 3267 2967 Ait
3309 2914 3438 2967 enim
3468 2915 3589 2966 milii

2015 3001 2239 3071 quidam,
2272 3012 2330 3056 ut
2350 3002 2701 3071 Augustinum
2724 3004 2998 3073 alloquens
3020 3004 3211 3058 Paulus
3231 3004 3321 3061 ille
3345 3014 3585 3074 testatur,

2014 3102 2216 3164 aspectu
2243 3095 2411 3148 clarus
2431 3134 2445 3158 ,
2473 3103 2519 3148 et
2541 3094 2756 3148 candido
2779 3096 2915 3149 crine
2937 3096 3228 3151 venerabilis
3244 3139 3258 3163 ,
3295 3098 3430 3169 quod
3456 3099 3590 3153 intra

2016 3186 2216 3240 tertium
2246 3202 2465 3241 mensem
2493 3186 2777 3240 desiderata
2806 3196 2929 3242 esset
2956 3189 3077 3241 mihi
3103 3190 3293 3243 sanitas
3325 3191 3584 3260 adfutura.

2016 3279 2197 3334 Sorori
2223 3289 2387 3333 autem
2421 3294 2545 3333 meae
2576 3280 2628 3333 in
2654 3280 2841 3333 visione
2865 3280 3122 3334 Sanctitas
3148 3290 3232 3333 tua
3250 3281 3303 3334 in
3327 3298 3386 3335 ea
3409 3283 3586 3351 effigie,

2013 3372 2068 3425 in
2095 3388 2193 3441 qua
2218 3379 2263 3426 te
2297 3379 2561 3441 praesentes
2591 3372 2837 3437 videmus,
2868 3373 3105 3443 apparuit
3135 3387 3153 3426 :
3180 3390 3267 3441 per
3290 3372 3423 3442 quod
3447 3375 3587 3428 nobis

2015 3464 2349 3535 signiﬁcatum
2388 3473 2461 3518 est
2498 3465 2566 3517 ad
2597 3465 2747 3518 istum
2787 3466 2949 3518 locum
2989 3481 3080 3518 nos
3127 3466 3291 3518 venire
3334 3465 3580 3520 debuisse.

2016 3552 2157 3607 Nam
2200 3562 2244 3607 et
2271 3571 2360 3625 ego
2384 3554 2752 3609 Beatitudinem
2789 3564 2923 3608 tuam
2951 3555 3135 3626 swpius
3165 3563 3335 3624 postea
3361 3556 3588 3610 videbam

2014 3660 2104 3714 per
2140 3644 2268 3698 alias
2303 3645 2523 3699 civitates
2566 3646 2619 3698 in
2666 3645 2872 3711 itinere,
2924 3662 3021 3713 quo
3064 3645 3406 3710 veniebamus,
3438 3647 3587 3698 talem

2014 3754 2241 3807 prorsus,
2268 3737 2468 3808 qualem
2489 3739 2636 3792 modo
2657 3738 2927 3807 conspicio.
2953 3737 3208 3791 Admoniti
3232 3753 3349 3808 ergo
3374 3737 3589 3790 evidenti

2014 3829 2308 3882 auctoritate
2341 3829 2509 3882 divina
2543 3828 2609 3881 ad
2645 3829 2774 3881 hanc
2807 3829 3026 3881 venimus
3059 3827 3303 3880 civitatem
3339 3836 3454 3879 ante
3480 3826 3587 3880 dies

2015 3922 2171 3989 ferme
2196 3920 2473 3989 quindecim
2501 3918 2690 3990 (Serm.
2718 3919 2869 3987 522),
2901 3919 3151 3971 nimirum
3171 3917 3380 3971 circiter
3399 3925 3586 3971 octavo

2014 4009 2133 4063 idus
2176 4009 2409 4063 martias.
2447 4009 2543 4063 Hic
2583 4009 2768 4063 diebus
2822 4007 3042 4077 singulis
3096 4007 3403 4071 ecclesiam,
3435 4014 3488 4061 et
3532 4004 3585 4061 in

2013 4117 2075 4156 ea
2119 4102 2429 4156 memoriam
2472 4100 2638 4154 sancti
2684 4099 2937 4169 Stephani
2979 4097 3414 4167 frequentabant,
3456 4095 3587 4151 fusis

2014 4193 2265 4264 lacrymis
2307 4199 2705 4262 comprecantes
2748 4191 2946 4255 Deum,
2996 4196 3055 4242 ut
3082 4197 3134 4242 et
3170 4188 3271 4243 sibi
3314 4196 3587 4257 peccatum

2018 4283 2342 4353 ignosceret,
2391 4290 2443 4336 et
2484 4287 2716 4349 Optatam
2759 4278 3117 4333 valetudinem
3158 4278 3478 4333 restitueret.
3520 4278 3586 4331 Et

2017 4374 2143 4437 illic,
2175 4382 2223 4426 et
2247 4386 2575 4442 quacumque
2602 4370 2766 4434 ibant,
2794 4367 3173 4423 convertebant
3202 4368 3251 4421 in
3274 4381 3333 4422 se
3360 4367 3587 4422 civitatis

2012 4475 2303 4533 aspectum.
2338 4464 2403 4516 Et
2429 4461 2704 4525 nonnulli,
2745 4460 2834 4529 qui
2876 4473 2968 4514 eos
3007 4458 3130 4514 alibi
3159 4458 3427 4524 viderant,
3457 4473 3586 4513 cau-

2012 4571 2227 4625 samque
2255 4554 2498 4608 tremoris
2521 4568 2705 4607 eorum
2732 4560 3008 4619 noverant,
3040 4552 3178 4616 aliis,
3206 4559 3261 4606 ut
3281 4552 3471 4622 cuique
3495 4566 3587 4620 po-

2014 4653 2202 4710 terant,
2229 4643 2526 4697 indicabant
2547 4642 2644 4713 (De
2666 4641 2807 4697 Civit.
2829 4640 2945 4707 Dei,
2969 4641 3055 4695 lib.
3074 4640 3164 4705 22,
3188 4656 3301 4709 cap.
3322 4641 3376 4706 8,
3394 4657 3446 4693 n.
3466 4639 3584 4709 22).

2083 4738 2135 4791 6.
2168 4736 2320 4790 Venit
2346 4745 2399 4790 ct
2427 4736 2645 4801 Pascha,
2676 4744 2835 4805 atque
2863 4735 2978 4804 ipso
3010 4734 3094 4790 die
3118 4732 3384 4788 dominico
3406 4747 3581 4798 mane,

2012 4844 2131 4884 cum
2158 4829 2264 4897 jam
2288 4828 2533 4898 frequens
2559 4829 2783 4899 pepulus
2808 4841 3042 4897 praesens
3069 4834 3228 4891 esset,
3260 4832 3314 4880 et
3336 4823 3436 4879 loci
3463 4837 3585 4877 san-

2012 4922 2080 4976 cti
2105 4921 2384 4983 cancellos,
2417 4921 2504 4974 ubi
2531 4922 2838 4992 martyrium
2877 4927 3010 4983 erat,
3037 4918 3173 4973 idem
3196 4915 3404 4987 juvenis
3424 4930 3583 4971 orans

2014 5022 2240 5078 teneret,
2256 5022 2471 5081 repente
2489 5020 2778 5081 prostratus
2794 5019 2895 5076 est,
2921 5020 2975 5065 et
2987 5008 3265 5064 dormienti
3285 5006 3583 5061 simillimus

2008 5104 2172 5173 jacuit
2205 5121 2217 5156 :
2249 5112 2550 5157 nontamen
2583 5112 2843 5165 tremens,
2870 5102 3003 5155 sicut
3030 5099 3187 5153 etiam
3219 5112 3311 5167 per
3334 5110 3580 5151 somnum

2012 5197 2234 5251 solebat.
2284 5195 2628 5264 Stupentibus
2655 5194 2740 5262 qui
2771 5191 3022 5256 aderant,
3055 5198 3211 5258 atque
3235 5188 3351 5242 aliis
3381 5202 3581 5257 paven-

2012 5287 2152 5341 tibus
2173 5327 2188 5352 ,
2217 5286 2336 5339 aliis
2360 5285 2654 5339 dolentibus
2676 5323 2690 5348 ,
2719 5297 2838 5336 cum
2866 5297 2986 5336 cum
3013 5278 3221 5350 quidam
3249 5279 3445 5335 vellent
3469 5278 3581 5333 eri-

2010 5395 2154 5450 gere,
2183 5380 2420 5434 nonnulli
2450 5377 2858 5448 prohibuerunt,
2883 5383 2937 5429 et
2963 5375 3137 5445 potius
3164 5373 3359 5428 exitum
3387 5386 3580 5440 exspe-

2012 5474 2260 5529 ctandum
2290 5488 2409 5527 esse
2434 5472 2679 5527 dixerunt
2702 5466 2907 5540 (Ibid).
2932 5468 3049 5538 Ipse
3074 5477 3246 5522 autem
3276 5466 3579 5520 alienatusa

2012 5580 2206 5629 sensu,
2237 5564 2327 5618 ubi
2372 5574 2493 5617 tunc
2538 5561 2698 5617 fuerit
2727 5560 2967 5615 nescivit.
3016 5560 3238 5625 Verum,
3279 5572 3398 5614 cum
3421 5556 3581 5628 paulo

2014 5665 2132 5725 post
2172 5655 2523 5721 surrexisset,
2574 5653 2852 5709 liberatum
2891 5667 2948 5707 se
2982 5652 3048 5706 ab
3088 5649 3372 5721 agitatione
3410 5648 3498 5701 illa
3525 5652 3579 5701 et

2013 5746 2247 5819 perfecte
2284 5752 2522 5803 sanatum
2547 5759 2667 5804 esse
2692 5742 2937 5815 cognovit
2976 5740 3168 5816 (Serm.
3200 5738 3346 5809 322).
3395 5734 3578 5797 Stabat
