  <div class='ocr_page' id='page_1' title='image "/cluster/home/n/w/nwhite01/storage/ocr_20150623/32/hvd.32044015706328/287.png"; bbox 0 0 4042 6360; ppageno 0'>
   <div class='ocr_carea' id='block_1_1' title="bbox 434 337 538 396">
    <p class='ocr_par' dir='ltr' id='par_1_1' title="bbox 434 337 538 396">
     <span class='ocr_line' id='line_1_1' title="bbox 434 337 538 396; baseline 0 0"><span class='ocrx_word' id='word_1_1' title='bbox 434 337 538 396; x_wconf 70' lang='grc'><strong><em>543</em></strong></span> 
     </span>
    </p>
   </div>
   <div class='ocr_carea' id='block_1_2' title="bbox 433 451 2010 529">
    <p class='ocr_par' dir='ltr' id='par_1_2' title="bbox 433 451 2010 529">
     <span class='ocr_line' id='line_1_2' title="bbox 433 451 2010 529; baseline -0.003 -17"><span class='ocrx_word' id='word_1_2' title='bbox 433 457 689 512; x_wconf 87' lang='lat' dir='ltr'><strong><em>cessaria:</em></strong></span> <span class='ocrx_word' id='word_1_3' title='bbox 719 473 837 512; x_wconf 89' lang='lat' dir='ltr'><strong><em>nam</em></strong></span> <span class='ocrx_word' id='word_1_4' title='bbox 863 455 988 512; x_wconf 82' lang='lat' dir='ltr'><strong><em>mihi</em></strong></span> <span class='ocrx_word' id='word_1_5' title='bbox 1014 451 1194 529; x_wconf 76' lang='lat' dir='ltr'><strong><em>sufﬁcit</em></strong></span> <span class='ocrx_word' id='word_1_6' title='bbox 1219 453 1520 510; x_wconf 72' lang='lat' dir='ltr'><strong><em>conscientia</em></strong></span> <span class='ocrx_word' id='word_1_7' title='bbox 1541 469 1669 506; x_wconf 85' lang='lat' dir='ltr'><strong><em>mea.</em></strong></span> <span class='ocrx_word' id='word_1_8' title='bbox 1698 451 1835 506; x_wconf 85' lang='lat' dir='ltr'><strong><em>Emit</em></strong></span> <span class='ocrx_word' id='word_1_9' title='bbox 1863 459 2010 507; x_wconf 80' lang='lat' dir='ltr'><strong><em>etiam</em></strong></span> 
     </span>
    </p>
   </div>
   <div class='ocr_carea' id='block_1_3' title="bbox 433 543 2005 621">
    <p class='ocr_par' dir='ltr' id='par_1_3' title="bbox 433 543 2005 621">
     <span class='ocr_line' id='line_1_3' title="bbox 433 543 2005 621; baseline -0.005 -17"><span class='ocrx_word' id='word_1_10' title='bbox 433 549 671 620; x_wconf 76' lang='lat' dir='ltr'><strong><em>spatium,</em></strong></span> <span class='ocrx_word' id='word_1_11' title='bbox 721 549 893 621; x_wconf 86' lang='lat' dir='ltr'><strong><em>pergit</em></strong></span> <span class='ocrx_word' id='word_1_12' title='bbox 936 549 1279 620; x_wconf 79' lang='lat' dir='ltr'><strong><em>Augustinus,</em></strong></span> <span class='ocrx_word' id='word_1_13' title='bbox 1326 545 1388 600; x_wconf 88' lang='lat' dir='ltr'><strong><em>ab</em></strong></span> <span class='ocrx_word' id='word_1_14' title='bbox 1428 545 1525 599; x_wconf 87' lang='lat' dir='ltr'><strong><em>ista</em></strong></span> <span class='ocrx_word' id='word_1_15' title='bbox 1565 554 1733 614; x_wconf 86' lang='lat' dir='ltr'><strong><em>postea</em></strong></span> <span class='ocrx_word' id='word_1_16' title='bbox 1759 543 2005 610; x_wconf 80' lang='lat' dir='ltr'><strong><em>Ecclesia,</em></strong></span> 
     </span>
    </p>
   </div>
   <div class='ocr_carea' id='block_1_4' title="bbox 435 635 2008 710">
    <p class='ocr_par' dir='ltr' id='par_1_4' title="bbox 435 635 2008 710">
     <span class='ocr_line' id='line_1_4' title="bbox 435 635 2008 710; baseline -0.004 -16"><span class='ocrx_word' id='word_1_17' title='bbox 435 649 616 696; x_wconf 91' lang='lat' dir='ltr'><strong><em>notum</em></strong></span> <span class='ocrx_word' id='word_1_18' title='bbox 660 641 813 706; x_wconf 85' lang='lat' dir='ltr'><strong><em>vobis,</em></strong></span> <span class='ocrx_word' id='word_1_19' title='bbox 846 650 892 694; x_wconf 91' lang='lat' dir='ltr'><strong><em>et</em></strong></span> <span class='ocrx_word' id='word_1_20' title='bbox 916 657 1008 695; x_wconf 87' lang='lat' dir='ltr'><strong><em>sua</em></strong></span> <span class='ocrx_word' id='word_1_21' title='bbox 1039 639 1247 710; x_wconf 82' lang='lat' dir='ltr'><strong><em>pecunia</em></strong></span> <span class='ocrx_word' id='word_1_22' title='bbox 1277 637 1544 706; x_wconf 72' lang='lat' dir='ltr'><strong><em>(edi/icavit</em></strong></span> <span class='ocrx_word' id='word_1_23' title='bbox 1576 636 1812 700; x_wconf 87' lang='lat' dir='ltr'><strong><em>domum;</em></strong></span> <span class='ocrx_word' id='word_1_24' title='bbox 1841 645 1886 689; x_wconf 86' lang='lat' dir='ltr'><strong><em>et</em></strong></span> <span class='ocrx_word' id='word_1_25' title='bbox 1915 635 2008 688; x_wconf 91' lang='lat' dir='ltr'><strong><em>hoc</em></strong></span> 
     </span>
    </p>
   </div>
   <div class='ocr_carea' id='block_1_5' title="bbox 435 728 2011 802">
    <p class='ocr_par' dir='ltr' id='par_1_5' title="bbox 435 728 2011 802">
     <span class='ocr_line' id='line_1_5' title="bbox 435 728 2011 802; baseline -0.004 -16"><span class='ocrx_word' id='word_1_26' title='bbox 435 733 607 787; x_wconf 86' lang='lat' dir='ltr'><strong><em>nostis.</em></strong></span> <span class='ocrx_word' id='word_1_27' title='bbox 631 733 759 788; x_wconf 79' lang='lat' dir='ltr'><strong><em>Ante</em></strong></span> <span class='ocrx_word' id='word_1_28' title='bbox 779 749 965 802; x_wconf 86' lang='lat' dir='ltr'><strong><em>paucos</em></strong></span> <span class='ocrx_word' id='word_1_29' title='bbox 992 732 1097 787; x_wconf 89' lang='lat' dir='ltr'><strong><em>dies</em></strong></span> <span class='ocrx_word' id='word_1_30' title='bbox 1115 731 1406 801; x_wconf 76' lang='lat' dir='ltr'><strong><em>priusquam</em></strong></span> <span class='ocrx_word' id='word_1_31' title='bbox 1439 744 1715 782; x_wconf 80' lang='lat' dir='ltr'><strong><em>sermonem</em></strong></span> <span class='ocrx_word' id='word_1_32' title='bbox 1750 728 1811 780; x_wconf 91' lang='lat' dir='ltr'><strong><em>de</em></strong></span> <span class='ocrx_word' id='word_1_33' title='bbox 1837 729 1930 780; x_wconf 86' lang='lat' dir='ltr'><strong><em>hac</em></strong></span> <span class='ocrx_word' id='word_1_34' title='bbox 1957 743 2011 781; x_wconf 85' lang='lat' dir='ltr'><strong><em>re</em></strong></span> 
     </span>
    </p>
   </div>
   <div class='ocr_carea' id='block_1_6' title="bbox 435 819 2007 889">
    <p class='ocr_par' dir='ltr' id='par_1_6' title="bbox 435 819 2007 889">
     <span class='ocr_line' id='line_1_6' title="bbox 435 819 2007 889; baseline -0.004 -10"><span class='ocrx_word' id='word_1_35' title='bbox 435 826 662 879; x_wconf 86' lang='lat' dir='ltr'><strong><em>haberent</em></strong></span> <span class='ocrx_word' id='word_1_36' title='bbox 695 826 943 880; x_wconf 88' lang='lat' dir='ltr'><strong><em>vobiscum</em></strong></span> <span class='ocrx_word' id='word_1_37' title='bbox 965 865 979 888; x_wconf 92' lang='lat'><strong><em>,</em></strong></span> <span class='ocrx_word' id='word_1_38' title='bbox 1009 841 1119 878; x_wconf 89' lang='lat' dir='ltr'><strong><em>eam</em></strong></span> <span class='ocrx_word' id='word_1_39' title='bbox 1151 822 1356 877; x_wconf 89' lang='lat' dir='ltr'><strong><em>donavit</em></strong></span> <span class='ocrx_word' id='word_1_40' title='bbox 1384 819 1643 874; x_wconf 65' lang='lat' dir='ltr'><strong><em>Ecclesiae.</em></strong></span> <span class='ocrx_word' id='word_1_41' title='bbox 1675 819 2007 889; x_wconf 72' lang='lat' dir='ltr'><strong><em>Exspectabat</em></strong></span> 
     </span>
    </p>
   </div>
   <div class='ocr_carea' id='block_1_7' title="bbox 444 909 2010 983">
    <p class='ocr_par' dir='ltr' id='par_1_7' title="bbox 444 909 2010 983">
     <span class='ocr_line' id='line_1_7' title="bbox 444 909 2010 983; baseline -0.003 -14"><span class='ocrx_word' id='word_1_42' title='bbox 444 917 576 969; x_wconf 87' lang='lat' dir='ltr'><strong><em>enim</em></strong></span> <span class='ocrx_word' id='word_1_43' title='bbox 604 925 658 968; x_wconf 88' lang='lat' dir='ltr'><strong><em>ut</em></strong></span> <span class='ocrx_word' id='word_1_44' title='bbox 696 932 806 969; x_wconf 88' lang='lat' dir='ltr'><strong><em>eam</em></strong></span> <span class='ocrx_word' id='word_1_45' title='bbox 851 915 1126 983; x_wconf 83' lang='lat' dir='ltr'><strong><em>perﬁceret,</em></strong></span> <span class='ocrx_word' id='word_1_46' title='bbox 1172 921 1217 968; x_wconf 94' lang='lat' dir='ltr'><strong><em>et</em></strong></span> <span class='ocrx_word' id='word_1_47' title='bbox 1256 914 1524 982; x_wconf 76' lang='lat' dir='ltr'><strong><em>perfectam</em></strong></span> <span class='ocrx_word' id='word_1_48' title='bbox 1566 910 1792 965; x_wconf 89' lang='lat' dir='ltr'><strong><em>donaret.</em></strong></span> <span class='ocrx_word' id='word_1_49' title='bbox 1829 909 2010 964; x_wconf 86' lang='lat' dir='ltr'><strong><em>Fabri-</em></strong></span> 
     </span>
    </p>
   </div>
   <div class='ocr_carea' id='block_1_8' title="bbox 433 1002 2009 1070">
    <p class='ocr_par' dir='ltr' id='par_1_8' title="bbox 433 1002 2009 1070">
     <span class='ocr_line' id='line_1_8' title="bbox 433 1002 2009 1070; baseline -0.003 -10"><span class='ocrx_word' id='word_1_50' title='bbox 433 1007 584 1060; x_wconf 86' lang='lat' dir='ltr'><strong><em>candi</em></strong></span> <span class='ocrx_word' id='word_1_51' title='bbox 613 1016 780 1060; x_wconf 90' lang='lat' dir='ltr'><strong><em>autem</em></strong></span> <span class='ocrx_word' id='word_1_52' title='bbox 809 1006 1014 1059; x_wconf 90' lang='lat' dir='ltr'><strong><em>domum</em></strong></span> <span class='ocrx_word' id='word_1_53' title='bbox 1043 1005 1310 1059; x_wconf 76' lang='lat' dir='ltr'><strong><em>necessitas</em></strong></span> <span class='ocrx_word' id='word_1_54' title='bbox 1334 1003 1413 1056; x_wconf 84' lang='lat' dir='ltr'><strong><em>illi</em></strong></span> <span class='ocrx_word' id='word_1_55' title='bbox 1433 1003 1572 1056; x_wconf 86' lang='lat' dir='ltr'><strong><em>nulla</em></strong></span> <span class='ocrx_word' id='word_1_56' title='bbox 1601 1011 1737 1066; x_wconf 85' lang='lat' dir='ltr'><strong><em>erat,</em></strong></span> <span class='ocrx_word' id='word_1_57' title='bbox 1770 1002 1867 1056; x_wconf 84' lang='lat' dir='ltr'><strong><em>nisi</em></strong></span> <span class='ocrx_word' id='word_1_58' title='bbox 1890 1002 2009 1070; x_wconf 85' lang='lat' dir='ltr'><strong><em>quia</em></strong></span> 
     </span>
    </p>
   </div>
   <div class='ocr_carea' id='block_1_9' title="bbox 432 1095 2006 1169">
    <p class='ocr_par' dir='ltr' id='par_1_9' title="bbox 432 1095 2006 1169">
     <span class='ocr_line' id='line_1_9' title="bbox 432 1095 2006 1169; baseline -0.003 -18"><span class='ocrx_word' id='word_1_59' title='bbox 432 1097 668 1169; x_wconf 75' lang='lat' dir='ltr'><strong><em>coyitavit</em></strong></span> <span class='ocrx_word' id='word_1_60' title='bbox 693 1106 899 1150; x_wconf 84' lang='lat' dir='ltr'><strong><em>matrem</em></strong></span> <span class='ocrx_word' id='word_1_61' title='bbox 925 1113 1066 1150; x_wconf 88' lang='lat' dir='ltr'><strong><em>suam</em></strong></span> <span class='ocrx_word' id='word_1_62' title='bbox 1094 1096 1189 1149; x_wconf 88' lang='lat' dir='ltr'><strong><em>huc</em></strong></span> <span class='ocrx_word' id='word_1_63' title='bbox 1219 1112 1323 1149; x_wconf 86' lang='lat' dir='ltr'><strong><em>esse</em></strong></span> <span class='ocrx_word' id='word_1_64' title='bbox 1350 1103 1640 1157; x_wconf 84' lang='lat' dir='ltr'><strong><em>venturam;</em></strong></span> <span class='ocrx_word' id='word_1_65' title='bbox 1667 1095 1709 1148; x_wconf 89' lang='lat' dir='ltr'><strong><em>si</em></strong></span> <span class='ocrx_word' id='word_1_66' title='bbox 1737 1103 1900 1146; x_wconf 88' lang='lat' dir='ltr'><strong><em>autem</em></strong></span> <span class='ocrx_word' id='word_1_67' title='bbox 1925 1109 2006 1147; x_wconf 89' lang='lat' dir='ltr'><strong><em>ve-</em></strong></span> 
     </span>
    </p>
   </div>
   <div class='ocr_carea' id='block_1_10' title="bbox 432 1188 2008 1258">
    <p class='ocr_par' dir='ltr' id='par_1_10' title="bbox 432 1188 2008 1258">
     <span class='ocr_line' id='line_1_10' title="bbox 432 1188 2008 1258; baseline 0.001 -17"><span class='ocrx_word' id='word_1_68' title='bbox 432 1191 600 1254; x_wconf 86' lang='lat' dir='ltr'><strong><em>nisset,</em></strong></span> <span class='ocrx_word' id='word_1_69' title='bbox 633 1190 684 1243; x_wconf 88' lang='lat' dir='ltr'><strong><em>in</em></strong></span> <span class='ocrx_word' id='word_1_70' title='bbox 705 1207 758 1243; x_wconf 84' lang='lat' dir='ltr'><strong><em>re</em></strong></span> <span class='ocrx_word' id='word_1_71' title='bbox 777 1189 869 1257; x_wconf 83' lang='lat' dir='ltr'><strong><em>ﬁlii</em></strong></span> <span class='ocrx_word' id='word_1_72' title='bbox 891 1190 969 1243; x_wconf 90' lang='lat' dir='ltr'><strong><em>sui</em></strong></span> <span class='ocrx_word' id='word_1_73' title='bbox 995 1188 1239 1242; x_wconf 81' lang='lat' dir='ltr'><strong><em>habitaret</em></strong></span> <span class='ocrx_word' id='word_1_74' title='bbox 1268 1188 1457 1242; x_wconf 88' lang='lat' dir='ltr'><strong><em>:modo</em></strong></span> <span class='ocrx_word' id='word_1_75' title='bbox 1483 1189 1526 1240; x_wconf 89' lang='lat' dir='ltr'><strong><em>si</em></strong></span> <span class='ocrx_word' id='word_1_76' title='bbox 1554 1188 1758 1250; x_wconf 88' lang='lat' dir='ltr'><strong><em>venerit,</em></strong></span> <span class='ocrx_word' id='word_1_77' title='bbox 1780 1188 1832 1241; x_wconf 88' lang='lat' dir='ltr'><strong><em>in</em></strong></span> <span class='ocrx_word' id='word_1_78' title='bbox 1861 1204 2008 1258; x_wconf 89' lang='lat' dir='ltr'><strong><em>opere</em></strong></span> 
     </span>
    </p>
   </div>
   <div class='ocr_carea' id='block_1_11' title="bbox 429 1277 2006 1348">
    <p class='ocr_par' dir='ltr' id='par_1_11' title="bbox 429 1277 2006 1348">
     <span class='ocr_line' id='line_1_11' title="bbox 429 1277 2006 1348; baseline -0.001 -14"><span class='ocrx_word' id='word_1_79' title='bbox 429 1281 525 1348; x_wconf 82' lang='lat' dir='ltr'><strong><em>lilii</em></strong></span> <span class='ocrx_word' id='word_1_80' title='bbox 549 1281 624 1334; x_wconf 84' lang='lat' dir='ltr'><strong><em>sui</em></strong></span> <span class='ocrx_word' id='word_1_81' title='bbox 654 1279 910 1333; x_wconf 83' lang='lat' dir='ltr'><strong><em>habitabit.</em></strong></span> <span class='ocrx_word' id='word_1_82' title='bbox 954 1278 1310 1332; x_wconf 82' lang='lat' dir='ltr'><strong><em>Testimonium</em></strong></span> <span class='ocrx_word' id='word_1_83' title='bbox 1338 1279 1382 1331; x_wconf 89' lang='lat' dir='ltr'><strong><em>ei</em></strong></span> <span class='ocrx_word' id='word_1_84' title='bbox 1409 1277 1638 1348; x_wconf 85' lang='lat' dir='ltr'><strong><em>perhibeo</em></strong></span> <span class='ocrx_word' id='word_1_85' title='bbox 1660 1320 1673 1343; x_wconf 94' lang='lat'><strong><em>,</em></strong></span> <span class='ocrx_word' id='word_1_86' title='bbox 1707 1294 1900 1347; x_wconf 87' lang='lat' dir='ltr'><strong><em>pauper</em></strong></span> <span class='ocrx_word' id='word_1_87' title='bbox 1927 1295 2006 1332; x_wconf 56' lang='lat' dir='ltr'><strong><em>re.</em></strong></span> 
     </span>
    </p>
   </div>
   <div class='ocr_carea' id='block_1_12' title="bbox 429 1371 2006 1443">
    <p class='ocr_par' dir='ltr' id='par_1_12' title="bbox 429 1371 2006 1443">
     <span class='ocr_line' id='line_1_12' title="bbox 429 1371 2006 1443; baseline -0.001 -18"><span class='ocrx_word' id='word_1_88' title='bbox 429 1375 662 1427; x_wconf 87' lang='lat' dir='ltr'><strong><em>mansit:</em></strong></span> <span class='ocrx_word' id='word_1_89' title='bbox 695 1374 781 1426; x_wconf 87' lang='lat' dir='ltr'><strong><em>sed</em></strong></span> <span class='ocrx_word' id='word_1_90' title='bbox 813 1374 864 1426; x_wconf 88' lang='lat' dir='ltr'><strong><em>in</em></strong></span> <span class='ocrx_word' id='word_1_91' title='bbox 908 1372 1169 1426; x_wconf 87' lang='lat' dir='ltr'><strong><em>charitatis</em></strong></span> <span class='ocrx_word' id='word_1_92' title='bbox 1210 1372 1518 1443; x_wconf 84' lang='lat' dir='ltr'><strong><em>possessione</em></strong></span> <span class='ocrx_word' id='word_1_93' title='bbox 1564 1371 1847 1440; x_wconf 83' lang='lat' dir='ltr'><strong><em>permansit.</em></strong></span> <span class='ocrx_word' id='word_1_94' title='bbox 1898 1371 2006 1424; x_wconf 84' lang='lat' dir='ltr'><strong><em>Ali-</em></strong></span> 
     </span>
    </p>
   </div>
   <div class='ocr_carea' id='block_1_13' title="bbox 427 1463 2006 1536">
    <p class='ocr_par' dir='ltr' id='par_1_13' title="bbox 427 1463 2006 1536">
     <span class='ocr_line' id='line_1_13' title="bbox 427 1463 2006 1536; baseline -0.001 -19"><span class='ocrx_word' id='word_1_95' title='bbox 427 1466 514 1535; x_wconf 86' lang='lat' dir='ltr'><strong><em>qui</em></strong></span> <span class='ocrx_word' id='word_1_96' title='bbox 554 1467 736 1519; x_wconf 85' lang='lat' dir='ltr'><strong><em>servuli</em></strong></span> <span class='ocrx_word' id='word_1_97' title='bbox 774 1466 818 1519; x_wconf 90' lang='lat' dir='ltr'><strong><em>ei</em></strong></span> <span class='ocrx_word' id='word_1_98' title='bbox 861 1465 1037 1536; x_wconf 85' lang='lat' dir='ltr'><strong><em>reliqui</em></strong></span> <span class='ocrx_word' id='word_1_99' title='bbox 1076 1470 1304 1536; x_wconf 82' lang='lat' dir='ltr'><strong><em>fuerant,</em></strong></span> <span class='ocrx_word' id='word_1_100' title='bbox 1339 1465 1452 1534; x_wconf 88' lang='lat' dir='ltr'><strong><em>jam</em></strong></span> <span class='ocrx_word' id='word_1_101' title='bbox 1494 1463 1690 1534; x_wconf 82' lang='lat' dir='ltr'><strong><em>quidem</em></strong></span> <span class='ocrx_word' id='word_1_102' title='bbox 1734 1464 1784 1516; x_wconf 89' lang='lat' dir='ltr'><strong><em>in</em></strong></span> <span class='ocrx_word' id='word_1_103' title='bbox 1831 1479 2006 1516; x_wconf 85' lang='lat' dir='ltr'><strong><em>mona-</em></strong></span> 
     </span>
    </p>
   </div>
   <div class='ocr_carea' id='block_1_14' title="bbox 426 1555 2006 1629">
    <p class='ocr_par' dir='ltr' id='par_1_14' title="bbox 426 1555 2006 1629">
     <span class='ocr_line' id='line_1_14' title="bbox 426 1555 2006 1629; baseline -0.003 -18"><span class='ocrx_word' id='word_1_104' title='bbox 426 1559 574 1612; x_wconf 88' lang='lat' dir='ltr'><strong><em>sterio</em></strong></span> <span class='ocrx_word' id='word_1_105' title='bbox 603 1560 844 1623; x_wconf 84' lang='lat' dir='ltr'><strong><em>viventes,</em></strong></span> <span class='ocrx_word' id='word_1_106' title='bbox 875 1575 997 1629; x_wconf 89' lang='lat' dir='ltr'><strong><em>quos</em></strong></span> <span class='ocrx_word' id='word_1_107' title='bbox 1036 1567 1202 1612; x_wconf 85' lang='lat' dir='ltr'><strong><em>tamen</em></strong></span> <span class='ocrx_word' id='word_1_108' title='bbox 1243 1555 1404 1610; x_wconf 85' lang='lat' dir='ltr'><strong><em>Gestis</em></strong></span> <span class='ocrx_word' id='word_1_109' title='bbox 1440 1555 1786 1610; x_wconf 85' lang='lat' dir='ltr'><strong><em>ecclesiasticis</em></strong></span> <span class='ocrx_word' id='word_1_110' title='bbox 1828 1571 2006 1608; x_wconf 88' lang='lat' dir='ltr'><strong><em>manu-</em></strong></span> 
     </span>
    </p>
   </div>
   <div class='ocr_carea' id='block_1_15' title="bbox 424 1648 2003 1718">
    <p class='ocr_par' dir='ltr' id='par_1_15' title="bbox 424 1648 2003 1718">
     <span class='ocr_line' id='line_1_15' title="bbox 424 1648 2003 1718; baseline -0.001 -18"><span class='ocrx_word' id='word_1_111' title='bbox 424 1649 669 1702; x_wconf 88' lang='lat' dir='ltr'><strong><em>missurus</em></strong></span> <span class='ocrx_word' id='word_1_112' title='bbox 705 1660 774 1704; x_wconf 88' lang='lat' dir='ltr'><strong><em>est</em></strong></span> <span class='ocrx_word' id='word_1_113' title='bbox 811 1649 975 1703; x_wconf 85' lang='lat' dir='ltr'><strong><em>hodie.</em></strong></span> <span class='ocrx_word' id='word_1_114' title='bbox 1015 1648 1179 1702; x_wconf 90' lang='lat' dir='ltr'><strong><em>Nemo</em></strong></span> <span class='ocrx_word' id='word_1_115' title='bbox 1215 1664 1332 1718; x_wconf 89' lang='lat' dir='ltr'><strong><em>ergo</em></strong></span> <span class='ocrx_word' id='word_1_116' title='bbox 1360 1649 1527 1712; x_wconf 88' lang='lat' dir='ltr'><strong><em>dicat,</em></strong></span> <span class='ocrx_word' id='word_1_117' title='bbox 1561 1648 1694 1700; x_wconf 80' lang='lat' dir='ltr'><strong><em>dives</em></strong></span> <span class='ocrx_word' id='word_1_118' title='bbox 1719 1655 1793 1700; x_wconf 91' lang='lat' dir='ltr'><strong><em>est</em></strong></span> <span class='ocrx_word' id='word_1_119' title='bbox 1819 1662 1836 1699; x_wconf 91' lang='lat'><strong><em>:</em></strong></span> <span class='ocrx_word' id='word_1_120' title='bbox 1862 1662 2003 1699; x_wconf 89' lang='lat' dir='ltr'><strong><em>nemo</em></strong></span> 
     </span>
    </p>
   </div>
   <div class='ocr_carea' id='block_1_16' title="bbox 424 1737 2003 1810">
    <p class='ocr_par' dir='ltr' id='par_1_16' title="bbox 424 1737 2003 1810">
     <span class='ocr_line' id='line_1_16' title="bbox 424 1737 2003 1810; baseline -0.004 -14"><span class='ocrx_word' id='word_1_121' title='bbox 424 1743 666 1796; x_wconf 78' lang='lat' dir='ltr'><strong><em>existimet</em></strong></span> <span class='ocrx_word' id='word_1_122' title='bbox 687 1783 699 1804; x_wconf 89' lang='lat'><strong><em>,</em></strong></span> <span class='ocrx_word' id='word_1_123' title='bbox 730 1758 871 1795; x_wconf 89' lang='lat' dir='ltr'><strong><em>nemo</em></strong></span> <span class='ocrx_word' id='word_1_124' title='bbox 899 1742 1030 1794; x_wconf 91' lang='lat' dir='ltr'><strong><em>male</em></strong></span> <span class='ocrx_word' id='word_1_125' title='bbox 1057 1741 1314 1810; x_wconf 88' lang='lat' dir='ltr'><strong><em>loquatur,</em></strong></span> <span class='ocrx_word' id='word_1_126' title='bbox 1347 1756 1489 1793; x_wconf 88' lang='lat' dir='ltr'><strong><em>nemo</em></strong></span> <span class='ocrx_word' id='word_1_127' title='bbox 1519 1755 1571 1792; x_wconf 90' lang='lat' dir='ltr'><strong><em>se</em></strong></span> <span class='ocrx_word' id='word_1_128' title='bbox 1594 1739 1759 1807; x_wconf 84' lang='lat' dir='ltr'><strong><em>ipsum</em></strong></span> <span class='ocrx_word' id='word_1_129' title='bbox 1785 1738 1860 1791; x_wconf 89' lang='lat' dir='ltr'><strong><em>vel</em></strong></span> <span class='ocrx_word' id='word_1_130' title='bbox 1889 1737 2003 1790; x_wconf 87' lang='lat' dir='ltr'><strong><em>ani-</em></strong></span> 
     </span>
    </p>
   </div>
   <div class='ocr_carea' id='block_1_17' title="bbox 429 1827 2005 1886">
    <p class='ocr_par' dir='ltr' id='par_1_17' title="bbox 429 1827 2005 1886">
     <span class='ocr_line' id='line_1_17' title="bbox 429 1827 2005 1886; baseline -0.003 0"><span class='ocrx_word' id='word_1_131' title='bbox 429 1849 564 1886; x_wconf 88' lang='lat' dir='ltr'><strong><em>mam</em></strong></span> <span class='ocrx_word' id='word_1_132' title='bbox 585 1848 729 1885; x_wconf 88' lang='lat' dir='ltr'><strong><em>suam</em></strong></span> <span class='ocrx_word' id='word_1_133' title='bbox 758 1833 860 1885; x_wconf 88' lang='lat' dir='ltr'><strong><em>suis</em></strong></span> <span class='ocrx_word' id='word_1_134' title='bbox 880 1830 1105 1885; x_wconf 85' lang='lat' dir='ltr'><strong><em>dentibus</em></strong></span> <span class='ocrx_word' id='word_1_135' title='bbox 1128 1829 1298 1884; x_wconf 77' lang='lat' dir='ltr'><strong><em>leniet.</em></strong></span> <span class='ocrx_word' id='word_1_136' title='bbox 1343 1829 1613 1883; x_wconf 90' lang='lat' dir='ltr'><strong><em>Pecuniam</em></strong></span> <span class='ocrx_word' id='word_1_137' title='bbox 1644 1830 1835 1882; x_wconf 85' lang='lat' dir='ltr'><strong><em>nullam</em></strong></span> <span class='ocrx_word' id='word_1_138' title='bbox 1861 1827 2005 1882; x_wconf 85' lang='lat' dir='ltr'><strong><em>habet</em></strong></span> 
     </span>
    </p>
   </div>
   <div class='ocr_carea' id='block_1_18' title="bbox 425 1918 2002 1991">
    <p class='ocr_par' dir='ltr' id='par_1_18' title="bbox 425 1918 2002 1991">
     <span class='ocr_line' id='line_1_18' title="bbox 425 1918 2002 1991; baseline -0.004 -15"><span class='ocrx_word' id='word_1_139' title='bbox 425 1933 692 1986; x_wconf 84' lang='lat' dir='ltr'><strong><em>servatam,</em></strong></span> <span class='ocrx_word' id='word_1_140' title='bbox 709 1923 900 1975; x_wconf 87' lang='lat' dir='ltr'><strong><em>utinam</em></strong></span> <span class='ocrx_word' id='word_1_141' title='bbox 913 1939 1058 1991; x_wconf 87' lang='lat' dir='ltr'><strong><em>quant</em></strong></span> <span class='ocrx_word' id='word_1_142' title='bbox 1079 1921 1219 1974; x_wconf 83' lang='lat' dir='ltr'><strong><em>debet</em></strong></span> <span class='ocrx_word' id='word_1_143' title='bbox 1241 1921 1490 1975; x_wconf 84' lang='lat' dir='ltr'><strong><em>restituat!</em></strong></span> <span class='ocrx_word' id='word_1_144' title='bbox 1512 1919 1706 1990; x_wconf 86' lang='lat' dir='ltr'><strong><em>(Serm.</em></strong></span> <span class='ocrx_word' id='word_1_145' title='bbox 1725 1918 1846 1982; x_wconf 74' lang='lat'><strong><em>556,</em></strong></span> <span class='ocrx_word' id='word_1_146' title='bbox 1865 1918 2002 1988; x_wconf 91' lang='lat' dir='ltr'><strong><em>n.7.)</em></strong></span> 
     </span>
    </p>
   </div>
   <div class='ocr_carea' id='block_1_19' title="bbox 494 2033 2000 2104">
    <p class='ocr_par' dir='ltr' id='par_1_19' title="bbox 494 2033 2000 2104">
     <span class='ocr_line' id='line_1_19' title="bbox 494 2033 2000 2104; baseline -0.002 -14"><span class='ocrx_word' id='word_1_147' title='bbox 494 2036 546 2090; x_wconf 79' lang='grc'><strong><em>5.</em></strong></span> <span class='ocrx_word' id='word_1_148' title='bbox 602 2035 714 2090; x_wconf 85' lang='lat' dir='ltr'><strong><em>Hoc</em></strong></span> <span class='ocrx_word' id='word_1_149' title='bbox 764 2035 901 2104; x_wconf 93' lang='lat' dir='ltr'><strong><em>apud</em></strong></span> <span class='ocrx_word' id='word_1_150' title='bbox 947 2035 1334 2104; x_wconf 88' lang='lat' dir='ltr'><strong><em>llipponensem</em></strong></span> <span class='ocrx_word' id='word_1_151' title='bbox 1386 2034 1593 2101; x_wconf 92' lang='lat' dir='ltr'><strong><em>plebem</em></strong></span> <span class='ocrx_word' id='word_1_152' title='bbox 1637 2033 2000 2087; x_wconf 90' lang='lat' dir='ltr'><strong><em>testimonium</em></strong></span> 
     </span>
    </p>
   </div>
   <div class='ocr_carea' id='block_1_20' title="bbox 425 2125 2003 2197">
    <p class='ocr_par' dir='ltr' id='par_1_20' title="bbox 425 2125 2003 2197">
     <span class='ocr_line' id='line_1_20' title="bbox 425 2125 2003 2197; baseline -0.003 -13"><span class='ocrx_word' id='word_1_153' title='bbox 425 2129 618 2184; x_wconf 83' lang='lat' dir='ltr'><strong><em>servati</em></strong></span> <span class='ocrx_word' id='word_1_154' title='bbox 645 2129 812 2183; x_wconf 80' lang='lat' dir='ltr'><strong><em>sancti</em></strong></span> <span class='ocrx_word' id='word_1_155' title='bbox 846 2128 1096 2197; x_wconf 84' lang='lat' dir='ltr'><strong><em>prepositi</em></strong></span> <span class='ocrx_word' id='word_1_156' title='bbox 1129 2126 1338 2181; x_wconf 86' lang='lat' dir='ltr'><strong><em>Eraclio</em></strong></span> <span class='ocrx_word' id='word_1_157' title='bbox 1364 2126 1535 2180; x_wconf 90' lang='lat' dir='ltr'><strong><em>adhuc</em></strong></span> <span class='ocrx_word' id='word_1_158' title='bbox 1586 2127 1723 2180; x_wconf 89' lang='lat' dir='ltr'><strong><em>inter</em></strong></span> <span class='ocrx_word' id='word_1_159' title='bbox 1748 2125 2003 2180; x_wconf 83' lang='lat' dir='ltr'><strong><em>diaconos</em></strong></span> 
     </span>
    </p>
   </div>
   <div class='ocr_carea' id='block_1_21' title="bbox 424 2216 2002 2287">
    <p class='ocr_par' dir='ltr' id='par_1_21' title="bbox 424 2216 2002 2287">
     <span class='ocr_line' id='line_1_21' title="bbox 424 2216 2002 2287; baseline -0.001 -13"><span class='ocrx_word' id='word_1_160' title='bbox 424 2219 716 2274; x_wconf 87' lang='lat' dir='ltr'><strong><em>constituto</em></strong></span> <span class='ocrx_word' id='word_1_161' title='bbox 756 2218 901 2272; x_wconf 81' lang='lat' dir='ltr'><strong><em>dedit</em></strong></span> <span class='ocrx_word' id='word_1_162' title='bbox 929 2218 1280 2287; x_wconf 80' lang='lat' dir='ltr'><strong><em>Augustinus;</em></strong></span> <span class='ocrx_word' id='word_1_163' title='bbox 1313 2218 1449 2272; x_wconf 90' lang='lat' dir='ltr'><strong><em>illius</em></strong></span> <span class='ocrx_word' id='word_1_164' title='bbox 1480 2216 1615 2270; x_wconf 91' lang='lat' dir='ltr'><strong><em>haud</em></strong></span> <span class='ocrx_word' id='word_1_165' title='bbox 1654 2216 1811 2270; x_wconf 89' lang='lat' dir='ltr'><strong><em>dubie</em></strong></span> <span class='ocrx_word' id='word_1_166' title='bbox 1839 2218 2002 2272; x_wconf 88' lang='lat' dir='ltr'><strong><em>virtus</em></strong></span> 
     </span>
    </p>
   </div>
   <div class='ocr_carea' id='block_1_22' title="bbox 423 2308 1994 2379">
    <p class='ocr_par' dir='ltr' id='par_1_22' title="bbox 423 2308 1994 2379">
     <span class='ocr_line' id='line_1_22' title="bbox 423 2308 1994 2379; baseline -0.001 -15"><span class='ocrx_word' id='word_1_167' title='bbox 423 2311 806 2364; x_wconf 76' lang='lat' dir='ltr'><strong><em>incrementum</em></strong></span> <span class='ocrx_word' id='word_1_168' title='bbox 839 2310 903 2363; x_wconf 92' lang='lat' dir='ltr'><strong><em>ab</em></strong></span> <span class='ocrx_word' id='word_1_169' title='bbox 929 2325 992 2363; x_wconf 94' lang='lat' dir='ltr'><strong><em>eo</em></strong></span> <span class='ocrx_word' id='word_1_170' title='bbox 1022 2319 1257 2379; x_wconf 90' lang='lat' dir='ltr'><strong><em>tempore</em></strong></span> <span class='ocrx_word' id='word_1_171' title='bbox 1304 2325 1405 2362; x_wconf 89' lang='lat' dir='ltr'><strong><em>non</em></strong></span> <span class='ocrx_word' id='word_1_172' title='bbox 1456 2308 1721 2362; x_wconf 88' lang='lat' dir='ltr'><strong><em>modicum</em></strong></span> <span class='ocrx_word' id='word_1_173' title='bbox 1750 2317 1994 2377; x_wconf 77' lang='lat' dir='ltr'><strong><em>ceperat,</em></strong></span> 
     </span>
    </p>
   </div>
   <div class='ocr_carea' id='block_1_23' title="bbox 421 2401 2000 2472">
    <p class='ocr_par' dir='ltr' id='par_1_23' title="bbox 421 2401 2000 2472">
     <span class='ocr_line' id='line_1_23' title="bbox 421 2401 2000 2472; baseline 0.001 -16"><span class='ocrx_word' id='word_1_174' title='bbox 421 2403 632 2472; x_wconf 88' lang='lat' dir='ltr'><strong><em>quando</em></strong></span> <span class='ocrx_word' id='word_1_175' title='bbox 660 2402 805 2456; x_wconf 91' lang='lat' dir='ltr'><strong><em>illum</em></strong></span> <span class='ocrx_word' id='word_1_176' title='bbox 835 2401 1190 2472; x_wconf 80' lang='lat' dir='ltr'><strong><em>Hipponensis</em></strong></span> <span class='ocrx_word' id='word_1_177' title='bbox 1214 2401 1526 2470; x_wconf 81' lang='lat' dir='ltr'><strong><em>Episcopus,</em></strong></span> <span class='ocrx_word' id='word_1_178' title='bbox 1557 2415 1662 2454; x_wconf 90' lang='lat' dir='ltr'><strong><em>non</em></strong></span> <span class='ocrx_word' id='word_1_179' title='bbox 1691 2401 1849 2454; x_wconf 89' lang='lat' dir='ltr'><strong><em>modo</em></strong></span> <span class='ocrx_word' id='word_1_180' title='bbox 1877 2419 2000 2470; x_wconf 91' lang='lat' dir='ltr'><strong><em>pre-</em></strong></span> 
     </span>
    </p>
   </div>
   <div class='ocr_carea' id='block_1_24' title="bbox 419 2492 1997 2564">
    <p class='ocr_par' dir='ltr' id='par_1_24' title="bbox 419 2492 1997 2564">
     <span class='ocr_line' id='line_1_24' title="bbox 419 2492 1997 2564; baseline 0.001 -18"><span class='ocrx_word' id='word_1_181' title='bbox 419 2493 668 2562; x_wconf 79' lang='lat' dir='ltr'><strong><em>sbyterali</em></strong></span> <span class='ocrx_word' id='word_1_182' title='bbox 700 2509 920 2549; x_wconf 86' lang='lat' dir='ltr'><strong><em>munere</em></strong></span> <span class='ocrx_word' id='word_1_183' title='bbox 950 2494 1164 2564; x_wconf 83' lang='lat' dir='ltr'><strong><em>dignum</em></strong></span> <span class='ocrx_word' id='word_1_184' title='bbox 1187 2492 1462 2562; x_wconf 88' lang='lat' dir='ltr'><strong><em>judicavit,</em></strong></span> <span class='ocrx_word' id='word_1_185' title='bbox 1500 2507 1682 2546; x_wconf 90' lang='lat' dir='ltr'><strong><em>verum</em></strong></span> <span class='ocrx_word' id='word_1_186' title='bbox 1707 2493 1864 2546; x_wconf 85' lang='lat' dir='ltr'><strong><em>etiam</em></strong></span> <span class='ocrx_word' id='word_1_187' title='bbox 1895 2493 1997 2548; x_wconf 85' lang='lat' dir='ltr'><strong><em>sibi</em></strong></span> 
     </span>
    </p>
   </div>
   <div class='ocr_carea' id='block_1_25' title="bbox 417 2582 1990 2654">
    <p class='ocr_par' dir='ltr' id='par_1_25' title="bbox 417 2582 1990 2654">
     <span class='ocr_line' id='line_1_25' title="bbox 417 2582 1990 2654; baseline 0 -15"><span class='ocrx_word' id='word_1_188' title='bbox 417 2585 687 2654; x_wconf 81' lang='lat' dir='ltr'><strong><em>adoptavit</em></strong></span> <span class='ocrx_word' id='word_1_189' title='bbox 717 2586 768 2639; x_wconf 92' lang='lat' dir='ltr'><strong><em>in</em></strong></span> <span class='ocrx_word' id='word_1_190' title='bbox 798 2599 1181 2639; x_wconf 85' lang='lat' dir='ltr'><strong><em>successorem.</em></strong></span> <span class='ocrx_word' id='word_1_191' title='bbox 1213 2584 1324 2637; x_wconf 92' lang='lat' dir='ltr'><strong><em>lloc</em></strong></span> <span class='ocrx_word' id='word_1_192' title='bbox 1349 2582 1562 2652; x_wconf 81' lang='lat' dir='ltr'><strong><em>populo,</em></strong></span> <span class='ocrx_word' id='word_1_193' title='bbox 1603 2584 1675 2636; x_wconf 91' lang='lat' dir='ltr'><strong><em>uti</em></strong></span> <span class='ocrx_word' id='word_1_194' title='bbox 1724 2583 1956 2639; x_wconf 71' lang='lat' dir='ltr'><strong><em>diximus</em></strong></span> <span class='ocrx_word' id='word_1_195' title='bbox 1975 2625 1990 2649; x_wconf 93' lang='lat'><strong><em>,</em></strong></span> 
     </span>
    </p>
   </div>
   <div class='ocr_carea' id='block_1_26' title="bbox 417 2671 1996 2739">
    <p class='ocr_par' dir='ltr' id='par_1_26' title="bbox 417 2671 1996 2739">
     <span class='ocr_line' id='line_1_26' title="bbox 417 2671 1996 2739; baseline 0.001 -11"><span class='ocrx_word' id='word_1_196' title='bbox 417 2671 726 2739; x_wconf 80' lang='lat' dir='ltr'><strong><em>declaravit,</em></strong></span> <span class='ocrx_word' id='word_1_197' title='bbox 765 2683 817 2728; x_wconf 91' lang='lat' dir='ltr'><strong><em>et</em></strong></span> <span class='ocrx_word' id='word_1_198' title='bbox 848 2675 897 2728; x_wconf 90' lang='lat' dir='ltr'><strong><em>in</em></strong></span> <span class='ocrx_word' id='word_1_199' title='bbox 930 2674 1144 2728; x_wconf 88' lang='lat' dir='ltr'><strong><em>nomine</em></strong></span> <span class='ocrx_word' id='word_1_200' title='bbox 1175 2673 1366 2727; x_wconf 83' lang='lat' dir='ltr'><strong><em>Christi</em></strong></span> <span class='ocrx_word' id='word_1_201' title='bbox 1402 2673 1466 2726; x_wconf 89' lang='lat' dir='ltr'><strong><em>ad</em></strong></span> <span class='ocrx_word' id='word_1_202' title='bbox 1510 2673 1636 2726; x_wconf 91' lang='lat' dir='ltr'><strong><em>illud</em></strong></span> <span class='ocrx_word' id='word_1_203' title='bbox 1687 2689 1877 2727; x_wconf 91' lang='lat' dir='ltr'><strong><em>munus</em></strong></span> <span class='ocrx_word' id='word_1_204' title='bbox 1902 2674 1996 2729; x_wconf 85' lang='lat' dir='ltr'><strong><em>de-</em></strong></span> 
     </span>
    </p>
   </div>
   <div class='ocr_carea' id='block_1_27' title="bbox 417 2763 1994 2835">
    <p class='ocr_par' dir='ltr' id='par_1_27' title="bbox 417 2763 1994 2835">
     <span class='ocr_line' id='line_1_27' title="bbox 417 2763 1994 2835; baseline 0.001 -17"><span class='ocrx_word' id='word_1_205' title='bbox 417 2764 644 2834; x_wconf 88' lang='lat' dir='ltr'><strong><em>signavit</em></strong></span> <span class='ocrx_word' id='word_1_206' title='bbox 677 2764 880 2835; x_wconf 83' lang='lat' dir='ltr'><strong><em>(Epist.</em></strong></span> <span class='ocrx_word' id='word_1_207' title='bbox 905 2765 1030 2826; x_wconf 72' lang='grc'><strong><em>215,</em></strong></span> <span class='ocrx_word' id='word_1_208' title='bbox 1066 2781 1116 2817; x_wconf 90' lang='lat' dir='ltr'><strong><em>n.</em></strong></span> <span class='ocrx_word' id='word_1_209' title='bbox 1151 2764 1221 2832; x_wconf 82' lang='lat'><strong><em>5)</em></strong></span> <span class='ocrx_word' id='word_1_210' title='bbox 1259 2782 1270 2816; x_wconf 93' lang='lat'>:</span> <span class='ocrx_word' id='word_1_211' title='bbox 1300 2772 1459 2833; x_wconf 90' lang='lat' dir='ltr'><strong><em>atque</em></strong></span> <span class='ocrx_word' id='word_1_212' title='bbox 1487 2773 1545 2816; x_wconf 97' lang='grc' dir='ltr'><strong><em>ιιι</em></strong></span> <span class='ocrx_word' id='word_1_213' title='bbox 1567 2763 1748 2817; x_wconf 88' lang='lat' dir='ltr'><strong><em>eadem</em></strong></span> <span class='ocrx_word' id='word_1_214' title='bbox 1773 2763 1858 2820; x_wconf 91' lang='lat' dir='ltr'><strong><em>illa</em></strong></span> <span class='ocrx_word' id='word_1_215' title='bbox 1887 2781 1994 2831; x_wconf 91' lang='lat' dir='ltr'><strong><em>res,</em></strong></span> 
     </span>
    </p>
   </div>
   <div class='ocr_carea' id='block_1_28' title="bbox 422 2841 1998 2924">
    <p class='ocr_par' dir='ltr' id='par_1_28' title="bbox 422 2841 1998 2924">
     <span class='ocr_line' id='line_1_28' title="bbox 422 2841 1998 2924; baseline 0.001 -17"><span class='ocrx_word' id='word_1_216' title='bbox 422 2841 562 2924; x_wconf 87' lang='lat' dir='ltr'><strong><em>quod</em></strong></span> <span class='ocrx_word' id='word_1_217' title='bbox 593 2855 780 2908; x_wconf 80' lang='lat' dir='ltr'><strong><em>attinet</em></strong></span> <span class='ocrx_word' id='word_1_218' title='bbox 814 2854 878 2908; x_wconf 88' lang='lat' dir='ltr'><strong><em>ad</em></strong></span> <span class='ocrx_word' id='word_1_219' title='bbox 905 2854 1146 2908; x_wconf 89' lang='lat' dir='ltr'><strong><em>homines</em></strong></span> <span class='ocrx_word' id='word_1_220' title='bbox 1172 2895 1186 2918; x_wconf 97' lang='lat'><strong><em>,</em></strong></span> <span class='ocrx_word' id='word_1_221' title='bbox 1219 2853 1368 2907; x_wconf 87' lang='lat' dir='ltr'><strong><em>ﬁrma</em></strong></span> <span class='ocrx_word' id='word_1_222' title='bbox 1397 2861 1613 2923; x_wconf 88' lang='lat' dir='ltr'><strong><em>rataque</em></strong></span> <span class='ocrx_word' id='word_1_223' title='bbox 1641 2863 1898 2918; x_wconf 88' lang='lat' dir='ltr'><strong><em>maneret,</em></strong></span> <span class='ocrx_word' id='word_1_224' title='bbox 1931 2854 1998 2908; x_wconf 88' lang='lat' dir='ltr'><strong><em>ad</em></strong></span> 
     </span>
    </p>
   </div>
   <div class='ocr_carea' id='block_1_29' title="bbox 417 2944 1999 3013">
    <p class='ocr_par' dir='ltr' id='par_1_29' title="bbox 417 2944 1999 3013">
     <span class='ocr_line' id='line_1_29' title="bbox 417 2944 1999 3013; baseline 0 -15"><span class='ocrx_word' id='word_1_225' title='bbox 417 2945 784 2999; x_wconf 85' lang='lat' dir='ltr'><strong><em>auctoritatem</em></strong></span> <span class='ocrx_word' id='word_1_226' title='bbox 827 2944 1182 2998; x_wconf 87' lang='lat' dir='ltr'><strong><em>authenticam</em></strong></span> <span class='ocrx_word' id='word_1_227' title='bbox 1223 2944 1360 2998; x_wconf 89' lang='lat' dir='ltr'><strong><em>actui</em></strong></span> <span class='ocrx_word' id='word_1_228' title='bbox 1406 2944 1808 3009; x_wconf 89' lang='lat' dir='ltr'><strong><em>conciliandam,</em></strong></span> <span class='ocrx_word' id='word_1_229' title='bbox 1837 2944 1999 3013; x_wconf 79' lang='lat' dir='ltr'><strong><em>jussit</em></strong></span> 
     </span>
    </p>
   </div>
   <div class='ocr_carea' id='block_1_30' title="bbox 417 3035 1995 3105">
    <p class='ocr_par' dir='ltr' id='par_1_30' title="bbox 417 3035 1995 3105">
     <span class='ocr_line' id='line_1_30' title="bbox 417 3035 1995 3105; baseline 0 -16"><span class='ocrx_word' id='word_1_230' title='bbox 417 3051 446 3089; x_wconf 90' lang='lat' dir='ltr'><strong><em>a</em></strong></span> <span class='ocrx_word' id='word_1_231' title='bbox 476 3036 696 3091; x_wconf 88' lang='lat' dir='ltr'><strong><em>notariis</em></strong></span> <span class='ocrx_word' id='word_1_232' title='bbox 717 3036 1110 3100; x_wconf 89' lang='lat' dir='ltr'><strong><em>ecclesiasticis,</em></strong></span> <span class='ocrx_word' id='word_1_233' title='bbox 1135 3043 1191 3090; x_wconf 90' lang='lat' dir='ltr'><strong><em>et</em></strong></span> <span class='ocrx_word' id='word_1_234' title='bbox 1218 3050 1310 3089; x_wconf 92' lang='lat' dir='ltr'><strong><em>sua</em></strong></span> <span class='ocrx_word' id='word_1_235' title='bbox 1336 3035 1498 3104; x_wconf 88' lang='lat' dir='ltr'><strong><em>ipsius</em></strong></span> <span class='ocrx_word' id='word_1_236' title='bbox 1524 3035 1700 3099; x_wconf 84' lang='lat' dir='ltr'><strong><em>verba,</em></strong></span> <span class='ocrx_word' id='word_1_237' title='bbox 1735 3043 1788 3090; x_wconf 90' lang='lat' dir='ltr'><strong><em>et</em></strong></span> <span class='ocrx_word' id='word_1_238' title='bbox 1818 3036 1995 3105; x_wconf 88' lang='lat' dir='ltr'><strong><em>populi</em></strong></span> 
     </span>
    </p>
   </div>
   <div class='ocr_carea' id='block_1_31' title="bbox 417 3125 1996 3196">
    <p class='ocr_par' dir='ltr' id='par_1_31' title="bbox 417 3125 1996 3196">
     <span class='ocr_line' id='line_1_31' title="bbox 417 3125 1996 3196; baseline 0 -15"><span class='ocrx_word' id='word_1_239' title='bbox 417 3126 520 3182; x_wconf 85' lang='lat' dir='ltr'><strong><em>sibi</em></strong></span> <span class='ocrx_word' id='word_1_240' title='bbox 547 3127 914 3196; x_wconf 86' lang='lat' dir='ltr'><strong><em>respondentis</em></strong></span> <span class='ocrx_word' id='word_1_241' title='bbox 952 3126 1396 3190; x_wconf 86' lang='lat' dir='ltr'><strong><em>acclamationes,</em></strong></span> <span class='ocrx_word' id='word_1_242' title='bbox 1446 3125 1568 3180; x_wconf 90' lang='lat' dir='ltr'><strong><em>stilo</em></strong></span> <span class='ocrx_word' id='word_1_243' title='bbox 1613 3126 1802 3195; x_wconf 85' lang='lat' dir='ltr'><strong><em>excipi.</em></strong></span> <span class='ocrx_word' id='word_1_244' title='bbox 1845 3125 1996 3191; x_wconf 84' lang='lat' dir='ltr'><strong><em>Quod</em></strong></span> 
     </span>
    </p>
   </div>
   <div class='ocr_carea' id='block_1_32' title="bbox 420 3215 1993 3287">
    <p class='ocr_par' dir='ltr' id='par_1_32' title="bbox 420 3215 1993 3287">
     <span class='ocr_line' id='line_1_32' title="bbox 420 3215 1993 3287; baseline 0.001 -17"><span class='ocrx_word' id='word_1_245' title='bbox 420 3234 550 3273; x_wconf 87' lang='lat' dir='ltr'><strong><em>vero</em></strong></span> <span class='ocrx_word' id='word_1_246' title='bbox 578 3218 642 3270; x_wconf 88' lang='lat' dir='ltr'><strong><em>ad</em></strong></span> <span class='ocrx_word' id='word_1_247' title='bbox 669 3218 952 3272; x_wconf 88' lang='lat' dir='ltr'><strong><em>voluntatis</em></strong></span> <span class='ocrx_word' id='word_1_248' title='bbox 985 3218 1176 3272; x_wconf 76' lang='lat' dir='ltr'><strong><em>divina:</em></strong></span> <span class='ocrx_word' id='word_1_249' title='bbox 1216 3217 1404 3286; x_wconf 88' lang='lat' dir='ltr'><strong><em>placita</em></strong></span> <span class='ocrx_word' id='word_1_250' title='bbox 1435 3232 1498 3272; x_wconf 88' lang='lat' dir='ltr'><strong><em>ac</em></strong></span> <span class='ocrx_word' id='word_1_251' title='bbox 1520 3215 1758 3282; x_wconf 89' lang='lat' dir='ltr'><strong><em>decreta,</em></strong></span> <span class='ocrx_word' id='word_1_252' title='bbox 1785 3217 1993 3287; x_wconf 84' lang='lat' dir='ltr'><strong><em>plebem</em></strong></span> 
     </span>
    </p>
   </div>
   <div class='ocr_carea' id='block_1_33' title="bbox 416 3309 1992 3380">
    <p class='ocr_par' dir='ltr' id='par_1_33' title="bbox 416 3309 1992 3380">
     <span class='ocr_line' id='line_1_33' title="bbox 416 3309 1992 3380; baseline 0.003 -18"><span class='ocrx_word' id='word_1_253' title='bbox 416 3309 743 3376; x_wconf 85' lang='lat' dir='ltr'><strong><em>adhortatur,</em></strong></span> <span class='ocrx_word' id='word_1_254' title='bbox 782 3319 837 3363; x_wconf 91' lang='lat' dir='ltr'><strong><em>ut</em></strong></span> <span class='ocrx_word' id='word_1_255' title='bbox 877 3310 1075 3378; x_wconf 90' lang='lat' dir='ltr'><strong><em>junctis</em></strong></span> <span class='ocrx_word' id='word_1_256' title='bbox 1115 3309 1360 3380; x_wconf 88' lang='lat' dir='ltr'><strong><em>precibus</em></strong></span> <span class='ocrx_word' id='word_1_257' title='bbox 1385 3352 1398 3376; x_wconf 92' lang='lat'><strong><em>,</em></strong></span> <span class='ocrx_word' id='word_1_258' title='bbox 1455 3325 1642 3365; x_wconf 92' lang='lat' dir='ltr'><strong><em>eorum</em></strong></span> <span class='ocrx_word' id='word_1_259' title='bbox 1693 3326 1810 3380; x_wconf 59' lang='lat' dir='ltr'><strong><em>quae</em></strong></span> <span class='ocrx_word' id='word_1_260' title='bbox 1851 3311 1992 3366; x_wconf 90' lang='lat' dir='ltr'><strong><em>Deus</em></strong></span> 
     </span>
    </p>
   </div>
   <div class='ocr_carea' id='block_1_34' title="bbox 416 3400 1994 3470">
    <p class='ocr_par' dir='ltr' id='par_1_34' title="bbox 416 3400 1994 3470">
     <span class='ocr_line' id='line_1_34' title="bbox 416 3400 1994 3470; baseline 0.001 -16"><span class='ocrx_word' id='word_1_261' title='bbox 416 3400 466 3454; x_wconf 93' lang='lat' dir='ltr'><strong><em>in</em></strong></span> <span class='ocrx_word' id='word_1_262' title='bbox 493 3401 618 3470; x_wconf 87' lang='lat' dir='ltr'><strong><em>ipsis</em></strong></span> <span class='ocrx_word' id='word_1_263' title='bbox 639 3409 886 3470; x_wconf 89' lang='lat' dir='ltr'><strong><em>operatus</em></strong></span> <span class='ocrx_word' id='word_1_264' title='bbox 908 3401 1096 3467; x_wconf 85' lang='lat' dir='ltr'><strong><em>fuerat,</em></strong></span> <span class='ocrx_word' id='word_1_265' title='bbox 1119 3400 1577 3456; x_wconf 80' lang='lat' dir='ltr'><strong><em>conﬁrmationem</em></strong></span> <span class='ocrx_word' id='word_1_266' title='bbox 1599 3401 1664 3456; x_wconf 91' lang='lat' dir='ltr'><strong><em>ab</em></strong></span> <span class='ocrx_word' id='word_1_267' title='bbox 1684 3402 1867 3456; x_wconf 86' lang='lat' dir='ltr'><strong><em>eodem</em></strong></span> <span class='ocrx_word' id='word_1_268' title='bbox 1893 3402 1994 3456; x_wconf 90' lang='lat' dir='ltr'><strong><em>im-</em></strong></span> 
     </span>
    </p>
   </div>
   <div class='ocr_carea' id='block_1_35' title="bbox 415 3491 1989 3564">
    <p class='ocr_par' dir='ltr' id='par_1_35' title="bbox 415 3491 1989 3564">
     <span class='ocr_line' id='line_1_35' title="bbox 415 3491 1989 3564; baseline 0.001 -18"><span class='ocrx_word' id='word_1_269' title='bbox 415 3499 625 3563; x_wconf 87' lang='lat' dir='ltr'><strong><em>petrare</em></strong></span> <span class='ocrx_word' id='word_1_270' title='bbox 651 3500 889 3563; x_wconf 86' lang='lat' dir='ltr'><strong><em>satagant</em></strong></span> <span class='ocrx_word' id='word_1_271' title='bbox 914 3510 926 3545; x_wconf 94' lang='lat'><strong>:</strong></span> <span class='ocrx_word' id='word_1_272' title='bbox 957 3491 1066 3546; x_wconf 82' lang='lat' dir='ltr'><strong><em>Hoc</em></strong></span> <span class='ocrx_word' id='word_1_273' title='bbox 1083 3509 1199 3564; x_wconf 89' lang='lat' dir='ltr'><strong><em>ergo</em></strong></span> <span class='ocrx_word' id='word_1_274' title='bbox 1227 3491 1359 3558; x_wconf 88' lang='lat' dir='ltr'><strong><em>volo,</em></strong></span> <span class='ocrx_word' id='word_1_275' title='bbox 1384 3493 1569 3561; x_wconf 86' lang='lat' dir='ltr'><strong><em>inquit.</em></strong></span> <span class='ocrx_word' id='word_1_276' title='bbox 1595 3493 1688 3545; x_wconf 91' lang='lat' dir='ltr'><strong><em>hoc</em></strong></span> <span class='ocrx_word' id='word_1_277' title='bbox 1713 3510 1743 3544; x_wconf 80' lang='grc' dir='ltr'><strong><em>ιι</em></strong></span> <span class='ocrx_word' id='word_1_278' title='bbox 1771 3492 1989 3547; x_wconf 89' lang='lat' dir='ltr'><strong><em>Domino</em></strong></span> 
     </span>
    </p>
   </div>
   <div class='ocr_carea' id='block_1_36' title="bbox 415 3584 1990 3656">
    <p class='ocr_par' dir='ltr' id='par_1_36' title="bbox 415 3584 1990 3656">
     <span class='ocr_line' id='line_1_36' title="bbox 415 3584 1990 3656; baseline 0.002 -18"><span class='ocrx_word' id='word_1_279' title='bbox 415 3584 522 3638; x_wconf 91' lang='lat' dir='ltr'><strong><em>Deo</em></strong></span> <span class='ocrx_word' id='word_1_280' title='bbox 548 3595 714 3639; x_wconf 88' lang='lat' dir='ltr'><strong><em>nostro</em></strong></span> <span class='ocrx_word' id='word_1_281' title='bbox 741 3602 872 3639; x_wconf 91' lang='lat' dir='ltr'><strong><em>nunc</em></strong></span> <span class='ocrx_word' id='word_1_282' title='bbox 901 3586 1048 3640; x_wconf 90' lang='lat' dir='ltr'><strong><em>etiam</em></strong></span> <span class='ocrx_word' id='word_1_283' title='bbox 1073 3587 1127 3638; x_wconf 89' lang='lat' dir='ltr'><strong><em>in</em></strong></span> <span class='ocrx_word' id='word_1_284' title='bbox 1154 3595 1300 3640; x_wconf 77' lang='lat' dir='ltr'><strong><em>(etate</em></strong></span> <span class='ocrx_word' id='word_1_285' title='bbox 1331 3585 1518 3656; x_wconf 80' lang='lat' dir='ltr'><strong><em>frigida</em></strong></span> <span class='ocrx_word' id='word_1_286' title='bbox 1538 3585 1660 3638; x_wconf 85' lang='lat' dir='ltr'><strong><em>votis</em></strong></span> <span class='ocrx_word' id='word_1_287' title='bbox 1690 3587 1990 3656; x_wconf 75' lang='lat' dir='ltr'><strong><em>ferventibus</em></strong></span> 
     </span>
    </p>
   </div>
   <div class='ocr_carea' id='block_1_37' title="bbox 413 3676 1992 3750">
    <p class='ocr_par' dir='ltr' id='par_1_37' title="bbox 413 3676 1992 3750">
     <span class='ocr_line' id='line_1_37' title="bbox 413 3676 1992 3750; baseline 0.002 -19"><span class='ocrx_word' id='word_1_288' title='bbox 413 3693 595 3748; x_wconf 87' lang='lat' dir='ltr'><strong><em>posco;</em></strong></span> <span class='ocrx_word' id='word_1_289' title='bbox 616 3678 707 3731; x_wconf 87' lang='lat' dir='ltr'><strong><em>hoc</em></strong></span> <span class='ocrx_word' id='word_1_290' title='bbox 722 3687 776 3731; x_wconf 90' lang='lat' dir='ltr'><strong><em>ut</em></strong></span> <span class='ocrx_word' id='word_1_291' title='bbox 797 3695 984 3732; x_wconf 88' lang='lat' dir='ltr'><strong><em>mecum</em></strong></span> <span class='ocrx_word' id='word_1_292' title='bbox 1007 3679 1176 3745; x_wconf 90' lang='lat' dir='ltr'><strong><em>oretis,</em></strong></span> <span class='ocrx_word' id='word_1_293' title='bbox 1203 3679 1459 3744; x_wconf 74' lang='lat' dir='ltr'><strong><em>exhortor,</em></strong></span> <span class='ocrx_word' id='word_1_294' title='bbox 1477 3676 1742 3742; x_wconf 86' lang='lat' dir='ltr'><strong><em>admoneo,</em></strong></span> <span class='ocrx_word' id='word_1_295' title='bbox 1766 3696 1905 3750; x_wconf 86' lang='lat' dir='ltr'><strong><em>rogo,</em></strong></span> <span class='ocrx_word' id='word_1_296' title='bbox 1936 3689 1992 3735; x_wconf 90' lang='lat' dir='ltr'><strong><em>ut</em></strong></span> 
     </span>
    </p>
   </div>
   <div class='ocr_carea' id='block_1_38' title="bbox 413 3769 1991 3842">
    <p class='ocr_par' dir='ltr' id='par_1_38' title="bbox 413 3769 1991 3842">
     <span class='ocr_line' id='line_1_38' title="bbox 413 3769 1991 3842; baseline 0.002 -20"><span class='ocrx_word' id='word_1_297' title='bbox 413 3770 632 3824; x_wconf 89' lang='lat' dir='ltr'><strong><em>omnium</em></strong></span> <span class='ocrx_word' id='word_1_298' title='bbox 646 3771 695 3823; x_wconf 90' lang='lat' dir='ltr'><strong><em>in</em></strong></span> <span class='ocrx_word' id='word_1_299' title='bbox 710 3787 831 3840; x_wconf 88' lang='lat' dir='ltr'><strong><em>pace</em></strong></span> <span class='ocrx_word' id='word_1_300' title='bbox 840 3771 1026 3824; x_wconf 86' lang='lat' dir='ltr'><strong><em>Christi</em></strong></span> <span class='ocrx_word' id='word_1_301' title='bbox 1037 3769 1232 3824; x_wconf 89' lang='lat' dir='ltr'><strong><em>collatis</em></strong></span> <span class='ocrx_word' id='word_1_302' title='bbox 1244 3777 1289 3822; x_wconf 90' lang='lat' dir='ltr'><strong><em>et</em></strong></span> <span class='ocrx_word' id='word_1_303' title='bbox 1299 3769 1530 3838; x_wconf 81' lang='lat' dir='ltr'><strong><em>conﬂatis</em></strong></span> <span class='ocrx_word' id='word_1_304' title='bbox 1548 3769 1793 3824; x_wconf 86' lang='lat' dir='ltr'><strong><em>mentibus</em></strong></span> <span class='ocrx_word' id='word_1_305' title='bbox 1811 3788 1900 3824; x_wconf 82' lang='lat' dir='ltr'><strong><em>con</em></strong></span> <span class='ocrx_word' id='word_1_306' title='bbox 1909 3773 1991 3842; x_wconf 82' lang='lat' dir='ltr'><strong><em>ﬁr-</em></strong></span> 
     </span>
    </p>
   </div>
   <div class='ocr_carea' id='block_1_39' title="bbox 412 3859 1984 3932">
    <p class='ocr_par' dir='ltr' id='par_1_39' title="bbox 412 3859 1984 3932">
     <span class='ocr_line' id='line_1_39' title="bbox 412 3859 1984 3932; baseline 0.001 -18"><span class='ocrx_word' id='word_1_307' title='bbox 412 3872 509 3914; x_wconf 89' lang='lat' dir='ltr'><strong><em>met</em></strong></span> <span class='ocrx_word' id='word_1_308' title='bbox 535 3861 685 3927; x_wconf 88' lang='lat' dir='ltr'><strong><em>Deus,</em></strong></span> <span class='ocrx_word' id='word_1_309' title='bbox 705 3862 838 3932; x_wconf 88' lang='lat' dir='ltr'><strong><em>quod</em></strong></span> <span class='ocrx_word' id='word_1_310' title='bbox 853 3870 1086 3931; x_wconf 82' lang='lat' dir='ltr'><strong><em>aperatus</em></strong></span> <span class='ocrx_word' id='word_1_311' title='bbox 1105 3870 1174 3915; x_wconf 86' lang='lat' dir='ltr'><strong><em>est</em></strong></span> <span class='ocrx_word' id='word_1_312' title='bbox 1191 3861 1242 3914; x_wconf 89' lang='lat' dir='ltr'><strong><em>in</em></strong></span> <span class='ocrx_word' id='word_1_313' title='bbox 1264 3859 1421 3914; x_wconf 88' lang='lat' dir='ltr'><strong><em>nobis.</em></strong></span> <span class='ocrx_word' id='word_1_314' title='bbox 1445 3859 1546 3924; x_wconf 81' lang='lat' dir='ltr'><strong><em>Qui</em></strong></span> <span class='ocrx_word' id='word_1_315' title='bbox 1563 3862 1692 3913; x_wconf 89' lang='lat' dir='ltr'><strong><em>misit</em></strong></span> <span class='ocrx_word' id='word_1_316' title='bbox 1715 3862 1834 3915; x_wconf 88' lang='lat' dir='ltr'><strong><em>mihi</em></strong></span> <span class='ocrx_word' id='word_1_317' title='bbox 1849 3879 1984 3927; x_wconf 89' lang='lat' dir='ltr'><strong><em>eum,</em></strong></span> 
     </span>
    </p>
   </div>
   <div class='ocr_carea' id='block_1_40' title="bbox 410 3951 1990 4027">
    <p class='ocr_par' dir='ltr' id='par_1_40' title="bbox 410 3951 1990 4027">
     <span class='ocr_line' id='line_1_40' title="bbox 410 3951 1990 4027; baseline 0.002 -21"><span class='ocrx_word' id='word_1_318' title='bbox 410 3961 565 4006; x_wconf 84' lang='lat' dir='ltr'><strong><em>servet</em></strong></span> <span class='ocrx_word' id='word_1_319' title='bbox 585 3968 722 4017; x_wconf 91' lang='lat' dir='ltr'><strong><em>eum,</em></strong></span> <span class='ocrx_word' id='word_1_320' title='bbox 741 3962 894 4006; x_wconf 85' lang='lat' dir='ltr'><strong><em>servet</em></strong></span> <span class='ocrx_word' id='word_1_321' title='bbox 910 3951 1225 4014; x_wconf 84' lang='lat' dir='ltr'><strong><em>incolumem,</em></strong></span> <span class='ocrx_word' id='word_1_322' title='bbox 1251 3960 1404 4006; x_wconf 90' lang='lat' dir='ltr'><strong><em>servet</em></strong></span> <span class='ocrx_word' id='word_1_323' title='bbox 1431 3951 1538 4006; x_wconf 88' lang='lat' dir='ltr'><strong><em>sine</em></strong></span> <span class='ocrx_word' id='word_1_324' title='bbox 1564 3953 1802 4021; x_wconf 85' lang='lat' dir='ltr'><strong><em>crimine;</em></strong></span> <span class='ocrx_word' id='word_1_325' title='bbox 1825 3964 1877 4007; x_wconf 91' lang='lat' dir='ltr'><strong><em>ut</em></strong></span> <span class='ocrx_word' id='word_1_326' title='bbox 1903 3956 1990 4027; x_wconf 85' lang='lat' dir='ltr'><strong><em>qui</em></strong></span> 
     </span>
    </p>
   </div>
   <div class='ocr_carea' id='block_1_41' title="bbox 411 4041 1982 4116">
    <p class='ocr_par' dir='ltr' id='par_1_41' title="bbox 411 4041 1982 4116">
     <span class='ocr_line' id='line_1_41' title="bbox 411 4041 1982 4116; baseline 0.003 -22"><span class='ocrx_word' id='word_1_327' title='bbox 411 4043 533 4113; x_wconf 80' lang='lat' dir='ltr'><strong><em>facit</em></strong></span> <span class='ocrx_word' id='word_1_328' title='bbox 565 4041 803 4113; x_wconf 87' lang='lat' dir='ltr'><strong><em>gaudium</em></strong></span> <span class='ocrx_word' id='word_1_329' title='bbox 827 4042 1047 4107; x_wconf 70' lang='lat' dir='ltr'><strong><em>viventis,</em></strong></span> <span class='ocrx_word' id='word_1_330' title='bbox 1075 4042 1238 4095; x_wconf 88' lang='lat' dir='ltr'><strong><em>locum</em></strong></span> <span class='ocrx_word' id='word_1_331' title='bbox 1262 4043 1493 4112; x_wconf 90' lang='lat' dir='ltr'><strong><em>suppleat</em></strong></span> <span class='ocrx_word' id='word_1_332' title='bbox 1521 4042 1982 4116; x_wconf 72' lang='lat' dir='ltr'><strong><em>mm&#39;ientis(lbid.,</em></strong></span> 
     </span>
    </p>
   </div>
   <div class='ocr_carea' id='block_1_42' title="bbox 411 4133 1983 4208">
    <p class='ocr_par' dir='ltr' id='par_1_42' title="bbox 411 4133 1983 4208">
     <span class='ocr_line' id='line_1_42' title="bbox 411 4133 1983 4208; baseline 0.003 -21"><span class='ocrx_word' id='word_1_333' title='bbox 411 4151 462 4188; x_wconf 73' lang='grc' dir='ltr'><strong><em>ιι.</em></strong></span> <span class='ocrx_word' id='word_1_334' title='bbox 489 4135 572 4204; x_wconf 78' lang='lat'><strong><em>9.).</em></strong></span> <span class='ocrx_word' id='word_1_335' title='bbox 605 4134 897 4188; x_wconf 90' lang='lat' dir='ltr'><strong><em>Ardentius</em></strong></span> <span class='ocrx_word' id='word_1_336' title='bbox 931 4143 1087 4203; x_wconf 89' lang='lat' dir='ltr'><strong><em>atque</em></strong></span> <span class='ocrx_word' id='word_1_337' title='bbox 1113 4133 1305 4189; x_wconf 72' lang='lat' dir='ltr'><strong><em>alicctu</em></strong></span> <span class='ocrx_word' id='word_1_338' title='bbox 1335 4135 1539 4204; x_wconf 85' lang='lat' dir='ltr'><strong><em>plenius</em></strong></span> <span class='ocrx_word' id='word_1_339' title='bbox 1566 4135 1694 4188; x_wconf 84' lang='lat' dir='ltr'><strong><em>nihil</em></strong></span> <span class='ocrx_word' id='word_1_340' title='bbox 1727 4138 1983 4208; x_wconf 86' lang='lat' dir='ltr'><strong><em>reperias.</em></strong></span> 
     </span>
    </p>
   </div>
   <div class='ocr_carea' id='block_1_43' title="bbox 411 4226 1988 4298">
    <p class='ocr_par' dir='ltr' id='par_1_43' title="bbox 411 4226 1988 4298">
     <span class='ocr_line' id='line_1_43' title="bbox 411 4226 1988 4298; baseline 0.002 -15"><span class='ocrx_word' id='word_1_341' title='bbox 411 4227 710 4283; x_wconf 82' lang='lat' dir='ltr'><strong><em>lleraclium</em></strong></span> <span class='ocrx_word' id='word_1_342' title='bbox 742 4243 903 4298; x_wconf 90' lang='lat' dir='ltr'><strong><em>porro</em></strong></span> <span class='ocrx_word' id='word_1_343' title='bbox 929 4226 1028 4281; x_wconf 90' lang='lat' dir='ltr'><strong><em>sibi</em></strong></span> <span class='ocrx_word' id='word_1_344' title='bbox 1052 4238 1414 4282; x_wconf 86' lang='lat' dir='ltr'><strong><em>successorem</em></strong></span> <span class='ocrx_word' id='word_1_345' title='bbox 1445 4228 1750 4298; x_wconf 81' lang='lat' dir='ltr'><strong><em>designasse</em></strong></span> <span class='ocrx_word' id='word_1_346' title='bbox 1774 4238 1988 4285; x_wconf 89' lang='lat' dir='ltr'><strong><em>conten-</em></strong></span> 
     </span>
    </p>
   </div>
   <div class='ocr_carea' id='block_1_44' title="bbox 410 4319 1989 4389">
    <p class='ocr_par' dir='ltr' id='par_1_44' title="bbox 410 4319 1989 4389">
     <span class='ocr_line' id='line_1_44' title="bbox 410 4319 1989 4389; baseline 0.003 -17"><span class='ocrx_word' id='word_1_347' title='bbox 410 4326 512 4382; x_wconf 89' lang='lat' dir='ltr'><strong><em>tus,</em></strong></span> <span class='ocrx_word' id='word_1_348' title='bbox 539 4319 843 4389; x_wconf 88' lang='lat' dir='ltr'><strong><em>episcopum</em></strong></span> <span class='ocrx_word' id='word_1_349' title='bbox 875 4333 995 4373; x_wconf 92' lang='lat' dir='ltr'><strong><em>eum</em></strong></span> <span class='ocrx_word' id='word_1_350' title='bbox 1025 4319 1325 4372; x_wconf 89' lang='lat' dir='ltr'><strong><em>consecrari</em></strong></span> <span class='ocrx_word' id='word_1_351' title='bbox 1357 4319 1539 4381; x_wconf 82' lang='lat' dir='ltr'><strong><em>noluit.</em></strong></span> <span class='ocrx_word' id='word_1_352' title='bbox 1573 4320 1623 4373; x_wconf 91' lang='lat' dir='ltr'><strong><em>in</em></strong></span> <span class='ocrx_word' id='word_1_353' title='bbox 1653 4320 1753 4374; x_wconf 90' lang='lat' dir='ltr'><strong><em>hoc</em></strong></span> <span class='ocrx_word' id='word_1_354' title='bbox 1783 4321 1989 4376; x_wconf 75' lang='lat' dir='ltr'><strong><em>scilicet</em></strong></span> 
     </span>
    </p>
   </div>
   <div class='ocr_carea' id='block_1_45' title="bbox 407 4408 1983 4482">
    <p class='ocr_par' dir='ltr' id='par_1_45' title="bbox 407 4408 1983 4482">
     <span class='ocr_line' id='line_1_45' title="bbox 407 4408 1983 4482; baseline 0.002 -19"><span class='ocrx_word' id='word_1_355' title='bbox 407 4420 681 4480; x_wconf 84' lang='lat' dir='ltr'><strong><em>peccatum</em></strong></span> <span class='ocrx_word' id='word_1_356' title='bbox 733 4423 852 4464; x_wconf 89' lang='lat' dir='ltr'><strong><em>esse</em></strong></span> <span class='ocrx_word' id='word_1_357' title='bbox 895 4408 1225 4472; x_wconf 84' lang='lat' dir='ltr'><strong><em>existimans,</em></strong></span> <span class='ocrx_word' id='word_1_358' title='bbox 1271 4409 1408 4478; x_wconf 88' lang='lat' dir='ltr'><strong><em>quod</em></strong></span> <span class='ocrx_word' id='word_1_359' title='bbox 1455 4410 1573 4464; x_wconf 87' lang='lat' dir='ltr'><strong><em>vivo</em></strong></span> <span class='ocrx_word' id='word_1_360' title='bbox 1606 4409 1821 4466; x_wconf 80' lang='lat' dir='ltr'><strong><em>Valerio</em></strong></span> <span class='ocrx_word' id='word_1_361' title='bbox 1869 4412 1983 4482; x_wconf 89' lang='lat' dir='ltr'><strong><em>ipse</em></strong></span> 
     </span>
    </p>
   </div>
   <div class='ocr_carea' id='block_1_46' title="bbox 408 4500 1985 4575">
    <p class='ocr_par' dir='ltr' id='par_1_46' title="bbox 408 4500 1985 4575">
     <span class='ocr_line' id='line_1_46' title="bbox 408 4500 1985 4575; baseline 0.003 -20"><span class='ocrx_word' id='word_1_362' title='bbox 408 4502 595 4557; x_wconf 81' lang='lat' dir='ltr'><strong><em>fuisset</em></strong></span> <span class='ocrx_word' id='word_1_363' title='bbox 614 4511 953 4557; x_wconf 86' lang='lat' dir='ltr'><strong><em>consecratus</em></strong></span> <span class='ocrx_word' id='word_1_364' title='bbox 973 4501 1022 4575; x_wconf 87' lang='lat'><strong><em>(1</em></strong></span> <span class='ocrx_word' id='word_1_365' title='bbox 1030 4501 1156 4569; x_wconf 85' lang='lat' dir='ltr'><strong><em>bid.,</em></strong></span> <span class='ocrx_word' id='word_1_366' title='bbox 1179 4519 1267 4555; x_wconf 89' lang='lat' dir='ltr'><strong><em>nn.</em></strong></span> <span class='ocrx_word' id='word_1_367' title='bbox 1296 4502 1349 4569; x_wconf 77' lang='grc'><strong><em>4,</em></strong></span> <span class='ocrx_word' id='word_1_368' title='bbox 1373 4500 1449 4574; x_wconf 83' lang='lat'><strong><em>5).</em></strong></span> <span class='ocrx_word' id='word_1_369' title='bbox 1472 4502 1623 4557; x_wconf 92' lang='lat' dir='ltr'><strong><em>lllum</em></strong></span> <span class='ocrx_word' id='word_1_370' title='bbox 1646 4503 1803 4572; x_wconf 81' lang='lat' dir='ltr'><strong><em>igitur</em></strong></span> <span class='ocrx_word' id='word_1_371' title='bbox 1825 4506 1876 4559; x_wconf 93' lang='lat' dir='ltr'><strong><em>in</em></strong></span> <span class='ocrx_word' id='word_1_372' title='bbox 1899 4518 1985 4559; x_wconf 88' lang='lat' dir='ltr'><strong><em>or-</em></strong></span> 
     </span>
    </p>
   </div>
   <div class='ocr_carea' id='block_1_47' title="bbox 407 4593 1986 4665">
    <p class='ocr_par' dir='ltr' id='par_1_47' title="bbox 407 4593 1986 4665">
     <span class='ocr_line' id='line_1_47' title="bbox 407 4593 1986 4665; baseline 0.001 -15"><span class='ocrx_word' id='word_1_373' title='bbox 407 4593 530 4650; x_wconf 88' lang='lat' dir='ltr'><strong><em>dine</em></strong></span> <span class='ocrx_word' id='word_1_374' title='bbox 575 4595 919 4665; x_wconf 82' lang='lat' dir='ltr'><strong><em>presbyterali</em></strong></span> <span class='ocrx_word' id='word_1_375' title='bbox 960 4595 1125 4648; x_wconf 90' lang='lat' dir='ltr'><strong><em>voluit</em></strong></span> <span class='ocrx_word' id='word_1_376' title='bbox 1154 4609 1430 4649; x_wconf 90' lang='lat' dir='ltr'><strong><em>remanere</em></strong></span> <span class='ocrx_word' id='word_1_377' title='bbox 1451 4635 1466 4658; x_wconf 88' lang='lat'><strong><em>,</em></strong></span> <span class='ocrx_word' id='word_1_378' title='bbox 1495 4594 1659 4648; x_wconf 89' lang='lat' dir='ltr'><strong><em>nihilo</em></strong></span> <span class='ocrx_word' id='word_1_379' title='bbox 1683 4604 1862 4650; x_wconf 88' lang='lat' dir='ltr'><strong><em>tamen</em></strong></span> <span class='ocrx_word' id='word_1_380' title='bbox 1897 4611 1986 4651; x_wconf 91' lang='lat' dir='ltr'><strong><em>se-</em></strong></span> 
     </span>
    </p>
   </div>
   <div class='ocr_carea' id='block_1_48' title="bbox 406 4685 1985 4758">
    <p class='ocr_par' dir='ltr' id='par_1_48' title="bbox 406 4685 1985 4758">
     <span class='ocr_line' id='line_1_48' title="bbox 406 4685 1985 4758; baseline 0 -15"><span class='ocrx_word' id='word_1_381' title='bbox 406 4688 520 4743; x_wconf 88' lang='lat' dir='ltr'><strong><em>cius</em></strong></span> <span class='ocrx_word' id='word_1_382' title='bbox 542 4703 699 4742; x_wconf 91' lang='lat' dir='ltr'><strong><em>omne</em></strong></span> <span class='ocrx_word' id='word_1_383' title='bbox 717 4687 1046 4757; x_wconf 79' lang='lat' dir='ltr'><strong><em>negotiorum</em></strong></span> <span class='ocrx_word' id='word_1_384' title='bbox 1075 4685 1278 4756; x_wconf 89' lang='lat' dir='ltr'><strong><em>pondus</em></strong></span> <span class='ocrx_word' id='word_1_385' title='bbox 1295 4687 1346 4741; x_wconf 91' lang='lat' dir='ltr'><strong><em>in</em></strong></span> <span class='ocrx_word' id='word_1_386' title='bbox 1366 4687 1868 4757; x_wconf 87' lang='lat' dir='ltr'><strong><em>enmdem‘contulit,</em></strong></span> <span class='ocrx_word' id='word_1_387' title='bbox 1889 4705 1985 4758; x_wconf 86' lang='lat' dir='ltr'><strong><em>po-</em></strong></span> 
     </span>
    </p>
   </div>
   <div class='ocr_carea' id='block_1_49' title="bbox 409 4776 1985 4850">
    <p class='ocr_par' dir='ltr' id='par_1_49' title="bbox 409 4776 1985 4850">
     <span class='ocr_line' id='line_1_49' title="bbox 409 4776 1985 4850; baseline 0 -16"><span class='ocrx_word' id='word_1_388' title='bbox 409 4779 588 4850; x_wconf 85' lang='lat' dir='ltr'><strong><em>pulum</em></strong></span> <span class='ocrx_word' id='word_1_389' title='bbox 620 4780 926 4844; x_wconf 89' lang='lat' dir='ltr'><strong><em>obsecrans,</em></strong></span> <span class='ocrx_word' id='word_1_390' title='bbox 969 4793 1166 4847; x_wconf 80' lang='lat' dir='ltr'><strong><em>perque</em></strong></span> <span class='ocrx_word' id='word_1_391' title='bbox 1209 4776 1472 4833; x_wconf 87' lang='lat' dir='ltr'><strong><em>Christum</em></strong></span> <span class='ocrx_word' id='word_1_392' title='bbox 1527 4779 1881 4849; x_wconf 82' lang='lat' dir='ltr'><strong><em>obstringens,</em></strong></span> <span class='ocrx_word' id='word_1_393' title='bbox 1928 4791 1985 4835; x_wconf 89' lang='lat' dir='ltr'><strong><em>ut</em></strong></span> 
     </span>
    </p>
   </div>
   <div class='ocr_carea' id='block_1_50' title="bbox 410 4870 1982 4943">
    <p class='ocr_par' dir='ltr' id='par_1_50' title="bbox 410 4870 1982 4943">
     <span class='ocr_line' id='line_1_50' title="bbox 410 4870 1982 4943; baseline 0 -16"><span class='ocrx_word' id='word_1_394' title='bbox 410 4871 464 4927; x_wconf 90' lang='lat' dir='ltr'><strong><em>in</em></strong></span> <span class='ocrx_word' id='word_1_395' title='bbox 502 4871 893 4942; x_wconf 84' lang='lat' dir='ltr'><strong><em>emergentibus</em></strong></span> <span class='ocrx_word' id='word_1_396' title='bbox 934 4872 1158 4941; x_wconf 87' lang='lat' dir='ltr'><strong><em>negotiis</em></strong></span> <span class='ocrx_word' id='word_1_397' title='bbox 1190 4870 1398 4925; x_wconf 89' lang='lat' dir='ltr'><strong><em>adirent</em></strong></span> <span class='ocrx_word' id='word_1_398' title='bbox 1425 4870 1490 4925; x_wconf 90' lang='lat' dir='ltr'><strong><em>ad</em></strong></span> <span class='ocrx_word' id='word_1_399' title='bbox 1522 4871 1844 4935; x_wconf 89' lang='lat' dir='ltr'><strong><em>Heraclium,</em></strong></span> <span class='ocrx_word' id='word_1_400' title='bbox 1875 4887 1982 4943; x_wconf 90' lang='lat' dir='ltr'><strong><em>quo</em></strong></span> 
     </span>
    </p>
   </div>
   <div class='ocr_carea' id='block_1_51' title="bbox 404 4963 1982 5034">
    <p class='ocr_par' dir='ltr' id='par_1_51' title="bbox 404 4963 1982 5034">
     <span class='ocr_line' id='line_1_51' title="bbox 404 4963 1982 5034; baseline 0.002 -17"><span class='ocrx_word' id='word_1_401' title='bbox 404 4963 481 5017; x_wconf 91' lang='lat' dir='ltr'><strong><em>eis</em></strong></span> <span class='ocrx_word' id='word_1_402' title='bbox 526 4963 638 5032; x_wconf 89' lang='lat' dir='ltr'><strong><em>ipse</em></strong></span> <span class='ocrx_word' id='word_1_403' title='bbox 687 4979 785 5034; x_wconf 89' lang='lat' dir='ltr'><strong><em>pro</em></strong></span> <span class='ocrx_word' id='word_1_404' title='bbox 827 4979 920 5017; x_wconf 89' lang='lat' dir='ltr'><strong><em>sua</em></strong></span> <span class='ocrx_word' id='word_1_405' title='bbox 967 4963 1224 5032; x_wconf 89' lang='lat' dir='ltr'><strong><em>sapientia</em></strong></span> <span class='ocrx_word' id='word_1_406' title='bbox 1254 4963 1587 5033; x_wconf 88' lang='lat' dir='ltr'><strong><em>provideret,</em></strong></span> <span class='ocrx_word' id='word_1_407' title='bbox 1609 4963 1748 5018; x_wconf 91' lang='lat' dir='ltr'><strong><em>vela</em></strong></span> <span class='ocrx_word' id='word_1_408' title='bbox 1777 4979 1836 5019; x_wconf 91' lang='lat' dir='ltr'><strong><em>se</em></strong></span> <span class='ocrx_word' id='word_1_409' title='bbox 1866 4973 1982 5020; x_wconf 88' lang='lat' dir='ltr'><strong><em>tan-</em></strong></span> 
     </span>
    </p>
   </div>
   <div class='ocr_carea' id='block_1_52' title="bbox 402 5051 1984 5123">
    <p class='ocr_par' dir='ltr' id='par_1_52' title="bbox 402 5051 1984 5123">
     <span class='ocr_line' id='line_1_52' title="bbox 402 5051 1984 5123; baseline 0.004 -18"><span class='ocrx_word' id='word_1_410' title='bbox 402 5068 557 5122; x_wconf 88' lang='lat' dir='ltr'><strong><em>quam</em></strong></span> <span class='ocrx_word' id='word_1_411' title='bbox 583 5068 612 5106; x_wconf 89' lang='lat' dir='ltr'><strong><em>a</em></strong></span> <span class='ocrx_word' id='word_1_412' title='bbox 637 5061 807 5123; x_wconf 89' lang='lat' dir='ltr'><strong><em>patre,</em></strong></span> <span class='ocrx_word' id='word_1_413' title='bbox 834 5052 920 5106; x_wconf 90' lang='lat' dir='ltr'><strong><em>ubi</em></strong></span> <span class='ocrx_word' id='word_1_414' title='bbox 947 5054 1304 5107; x_wconf 89' lang='lat' dir='ltr'><strong><em>necessarium</em></strong></span> <span class='ocrx_word' id='word_1_415' title='bbox 1334 5051 1592 5118; x_wconf 88' lang='lat' dir='ltr'><strong><em>haberet,</em></strong></span> <span class='ocrx_word' id='word_1_416' title='bbox 1622 5055 1900 5108; x_wconf 88' lang='lat' dir='ltr'><strong><em>consilium</em></strong></span> <span class='ocrx_word' id='word_1_417' title='bbox 1930 5065 1984 5111; x_wconf 90' lang='lat' dir='ltr'><strong><em>et</em></strong></span> 
     </span>
    </p>
   </div>
   <div class='ocr_carea' id='block_1_53' title="bbox 403 5143 1970 5215">
    <p class='ocr_par' dir='ltr' id='par_1_53' title="bbox 403 5143 1970 5215">
     <span class='ocr_line' id='line_1_53' title="bbox 403 5143 1970 5215; baseline 0.004 -19"><span class='ocrx_word' id='word_1_418' title='bbox 403 5144 653 5197; x_wconf 80' lang='lat' dir='ltr'><strong><em>auxilium</em></strong></span> <span class='ocrx_word' id='word_1_419' title='bbox 678 5152 942 5213; x_wconf 88' lang='lat' dir='ltr'><strong><em>posceret.</em></strong></span> <span class='ocrx_word' id='word_1_420' title='bbox 974 5143 1087 5198; x_wconf 87' lang='lat' dir='ltr'><strong><em>Non</em></strong></span> <span class='ocrx_word' id='word_1_421' title='bbox 1119 5144 1260 5198; x_wconf 89' lang='lat' dir='ltr'><strong><em>enim</em></strong></span> <span class='ocrx_word' id='word_1_422' title='bbox 1284 5143 1546 5213; x_wconf 81' lang='lat' dir='ltr'><strong><em>cogitabat</em></strong></span> <span class='ocrx_word' id='word_1_423' title='bbox 1568 5159 1663 5197; x_wconf 91' lang='lat' dir='ltr'><strong><em>suo</em></strong></span> <span class='ocrx_word' id='word_1_424' title='bbox 1691 5159 1748 5199; x_wconf 92' lang='lat' dir='ltr'><strong><em>se</em></strong></span> <span class='ocrx_word' id='word_1_425' title='bbox 1776 5147 1970 5215; x_wconf 79' lang='lat' dir='ltr'><strong><em>populo</em></strong></span> 
     </span>
    </p>
   </div>
   <div class='ocr_carea' id='block_1_54' title="bbox 403 5233 1972 5303">
    <p class='ocr_par' dir='ltr' id='par_1_54' title="bbox 403 5233 1972 5303">
     <span class='ocr_line' id='line_1_54' title="bbox 403 5233 1972 5303; baseline 0.003 -16"><span class='ocrx_word' id='word_1_426' title='bbox 403 5233 738 5297; x_wconf 87' lang='lat' dir='ltr'><strong><em>subtrahere,</em></strong></span> <span class='ocrx_word' id='word_1_427' title='bbox 765 5243 855 5288; x_wconf 92' lang='lat' dir='ltr'><strong><em>aut</em></strong></span> <span class='ocrx_word' id='word_1_428' title='bbox 879 5234 927 5288; x_wconf 90' lang='lat' dir='ltr'><strong><em>ei</em></strong></span> <span class='ocrx_word' id='word_1_429' title='bbox 960 5235 1065 5288; x_wconf 89' lang='lat' dir='ltr'><strong><em>ullo</em></strong></span> <span class='ocrx_word' id='word_1_430' title='bbox 1103 5242 1257 5303; x_wconf 86' lang='lat' dir='ltr'><strong><em>pacto</em></strong></span> <span class='ocrx_word' id='word_1_431' title='bbox 1295 5233 1485 5288; x_wconf 91' lang='lat' dir='ltr'><strong><em>deesse</em></strong></span> <span class='ocrx_word' id='word_1_432' title='bbox 1514 5233 1567 5287; x_wconf 93' lang='lat' dir='ltr'><strong><em>in</em></strong></span> <span class='ocrx_word' id='word_1_433' title='bbox 1608 5237 1925 5291; x_wconf 89' lang='lat' dir='ltr'><strong><em>necessariis</em></strong></span> <span class='ocrx_word' id='word_1_434' title='bbox 1959 5254 1972 5291; x_wconf 89' lang='lat'><strong>:</strong></span> 
     </span>
    </p>
   </div>
   <div class='ocr_carea' id='block_1_55' title="bbox 404 5323 1974 5397">
    <p class='ocr_par' dir='ltr' id='par_1_55' title="bbox 404 5323 1974 5397">
     <span class='ocr_line' id='line_1_55' title="bbox 404 5323 1974 5397; baseline 0.003 -21"><span class='ocrx_word' id='word_1_435' title='bbox 404 5332 454 5377; x_wconf 89' lang='lat' dir='ltr'><strong><em>at</em></strong></span> <span class='ocrx_word' id='word_1_436' title='bbox 497 5323 595 5377; x_wconf 89' lang='lat' dir='ltr'><strong><em>sibi</em></strong></span> <span class='ocrx_word' id='word_1_437' title='bbox 627 5323 988 5378; x_wconf 87' lang='lat' dir='ltr'><strong><em>tantummodo</em></strong></span> <span class='ocrx_word' id='word_1_438' title='bbox 1015 5324 1245 5394; x_wconf 89' lang='lat' dir='ltr'><strong><em>quietem</em></strong></span> <span class='ocrx_word' id='word_1_439' title='bbox 1277 5323 1505 5393; x_wconf 89' lang='lat' dir='ltr'><strong><em>aliquam</em></strong></span> <span class='ocrx_word' id='word_1_440' title='bbox 1536 5339 1602 5378; x_wconf 92' lang='lat' dir='ltr'><strong><em>eo</em></strong></span> <span class='ocrx_word' id='word_1_441' title='bbox 1629 5325 1806 5380; x_wconf 90' lang='lat' dir='ltr'><strong><em>animo</em></strong></span> <span class='ocrx_word' id='word_1_442' title='bbox 1826 5341 1974 5397; x_wconf 67' lang='lat' dir='ltr'><strong><em>quaa-</em></strong></span> 
     </span>
    </p>
   </div>
   <div class='ocr_carea' id='block_1_56' title="bbox 404 5412 1979 5486">
    <p class='ocr_par' dir='ltr' id='par_1_56' title="bbox 404 5412 1979 5486">
     <span class='ocr_line' id='line_1_56' title="bbox 404 5412 1979 5486; baseline 0.004 -19"><span class='ocrx_word' id='word_1_443' title='bbox 404 5412 573 5478; x_wconf 86' lang='lat' dir='ltr'><strong><em>rebat,</em></strong></span> <span class='ocrx_word' id='word_1_444' title='bbox 607 5429 710 5467; x_wconf 90' lang='lat' dir='ltr'><strong><em>non</em></strong></span> <span class='ocrx_word' id='word_1_445' title='bbox 759 5423 816 5468; x_wconf 88' lang='lat' dir='ltr'><strong><em>ut</em></strong></span> <span class='ocrx_word' id='word_1_446' title='bbox 861 5415 1117 5469; x_wconf 89' lang='lat' dir='ltr'><strong><em>otiarctur</em></strong></span> <span class='ocrx_word' id='word_1_447' title='bbox 1145 5428 1206 5469; x_wconf 87' lang='lat' dir='ltr'><strong><em>ac</em></strong></span> <span class='ocrx_word' id='word_1_448' title='bbox 1234 5429 1328 5484; x_wconf 88' lang='lat' dir='ltr'><strong><em>per</em></strong></span> <span class='ocrx_word' id='word_1_449' title='bbox 1358 5413 1616 5474; x_wconf 89' lang='lat' dir='ltr'><strong><em>desidiam</em></strong></span> <span class='ocrx_word' id='word_1_450' title='bbox 1663 5424 1871 5486; x_wconf 90' lang='lat' dir='ltr'><strong><em>tempus</em></strong></span> <span class='ocrx_word' id='word_1_451' title='bbox 1899 5427 1979 5473; x_wconf 84' lang='lat' dir='ltr'><strong><em>te-</em></strong></span> 
     </span>
    </p>
   </div>
   <div class='ocr_carea' id='block_1_57' title="bbox 405 5504 1981 5578">
    <p class='ocr_par' dir='ltr' id='par_1_57' title="bbox 405 5504 1981 5578">
     <span class='ocr_line' id='line_1_57' title="bbox 405 5504 1981 5578; baseline 0.004 -21"><span class='ocrx_word' id='word_1_452' title='bbox 405 5513 580 5569; x_wconf 90' lang='lat' dir='ltr'><strong><em>reret,</em></strong></span> <span class='ocrx_word' id='word_1_453' title='bbox 613 5504 707 5558; x_wconf 92' lang='lat' dir='ltr'><strong><em>sed</em></strong></span> <span class='ocrx_word' id='word_1_454' title='bbox 735 5513 792 5559; x_wconf 90' lang='lat' dir='ltr'><strong><em>ut</em></strong></span> <span class='ocrx_word' id='word_1_455' title='bbox 819 5521 876 5560; x_wconf 90' lang='lat' dir='ltr'><strong><em>se</em></strong></span> <span class='ocrx_word' id='word_1_456' title='bbox 905 5513 1092 5569; x_wconf 89' lang='lat' dir='ltr'><strong><em>totum,</em></strong></span> <span class='ocrx_word' id='word_1_457' title='bbox 1128 5505 1301 5576; x_wconf 88' lang='lat' dir='ltr'><strong><em>quoad</em></strong></span> <span class='ocrx_word' id='word_1_458' title='bbox 1338 5506 1390 5560; x_wconf 93' lang='lat' dir='ltr'><strong><em>in</em></strong></span> <span class='ocrx_word' id='word_1_459' title='bbox 1439 5505 1536 5562; x_wconf 85' lang='lat' dir='ltr'><strong><em>hac</em></strong></span> <span class='ocrx_word' id='word_1_460' title='bbox 1565 5506 1670 5561; x_wconf 84' lang='lat' dir='ltr'><strong><em>vita</em></strong></span> <span class='ocrx_word' id='word_1_461' title='bbox 1699 5522 1981 5578; x_wconf 90' lang='lat' dir='ltr'><strong><em>superesse</em></strong></span> 
     </span>
    </p>
   </div>
   <div class='ocr_carea' id='block_1_58' title="bbox 404 5595 1978 5666">
    <p class='ocr_par' dir='ltr' id='par_1_58' title="bbox 404 5595 1978 5666">
     <span class='ocr_line' id='line_1_58' title="bbox 404 5595 1978 5666; baseline 0.004 -17"><span class='ocrx_word' id='word_1_462' title='bbox 404 5595 549 5649; x_wconf 88' lang='lat' dir='ltr'><strong><em>Deus</em></strong></span> <span class='ocrx_word' id='word_1_463' title='bbox 587 5597 922 5661; x_wconf 90' lang='lat' dir='ltr'><strong><em>concederet,</em></strong></span> <span class='ocrx_word' id='word_1_464' title='bbox 955 5595 1344 5666; x_wconf 87' lang='lat' dir='ltr'><strong><em>Scripturarum</em></strong></span> <span class='ocrx_word' id='word_1_465' title='bbox 1373 5598 1549 5653; x_wconf 87' lang='lat' dir='ltr'><strong><em>studio</em></strong></span> <span class='ocrx_word' id='word_1_466' title='bbox 1576 5600 1833 5655; x_wconf 87' lang='lat' dir='ltr'><strong><em>traderet.</em></strong></span> <span class='ocrx_word' id='word_1_467' title='bbox 1862 5600 1978 5655; x_wconf 83' lang='lat' dir='ltr'><strong><em>Jam</em></strong></span> 
     </span>
    </p>
   </div>
   <div class='ocr_carea' id='block_1_59' title="bbox 403 5688 1978 5759">
    <p class='ocr_par' dir='ltr' id='par_1_59' title="bbox 403 5688 1978 5759">
     <span class='ocr_line' id='line_1_59' title="bbox 403 5688 1978 5759; baseline 0.005 -19"><span class='ocrx_word' id='word_1_468' title='bbox 403 5696 526 5741; x_wconf 83' lang='lat' dir='ltr'><strong><em>ante</em></strong></span> <span class='ocrx_word' id='word_1_469' title='bbox 559 5703 588 5742; x_wconf 91' lang='lat' dir='ltr'><strong><em>a</em></strong></span> <span class='ocrx_word' id='word_1_470' title='bbox 621 5689 772 5744; x_wconf 90' lang='lat' dir='ltr'><strong><em>nobis</em></strong></span> <span class='ocrx_word' id='word_1_471' title='bbox 801 5688 1135 5744; x_wconf 88' lang='lat' dir='ltr'><strong><em>observatum</em></strong></span> <span class='ocrx_word' id='word_1_472' title='bbox 1176 5699 1286 5759; x_wconf 91' lang='lat' dir='ltr'><strong><em>est,</em></strong></span> <span class='ocrx_word' id='word_1_473' title='bbox 1316 5690 1420 5746; x_wconf 90' lang='lat' dir='ltr'><strong><em>duo</em></strong></span> <span class='ocrx_word' id='word_1_474' title='bbox 1459 5692 1682 5748; x_wconf 90' lang='lat' dir='ltr'><strong><em>concilia</em></strong></span> <span class='ocrx_word' id='word_1_475' title='bbox 1720 5693 1978 5748; x_wconf 73' lang='lat' dir='ltr'><strong><em>Numidiae</em></strong></span> 
     </span>
    </p>
   </div>
   <div class='ocr_carea' id='block_1_60' title="bbox 404 5777 1976 5856">
    <p class='ocr_par' dir='ltr' id='par_1_60' title="bbox 404 5777 1976 5856">
     <span class='ocr_line' id='line_1_60' title="bbox 404 5777 1976 5856; baseline 0.003 -18"><span class='ocrx_word' id='word_1_476' title='bbox 404 5785 458 5838; x_wconf 78' lang='lat' dir='ltr'><strong><em>et</em></strong></span> <span class='ocrx_word' id='word_1_477' title='bbox 483 5777 827 5852; x_wconf 76' lang='lat' dir='ltr'><strong><em>Carthaginis</em></strong></span> <span class='ocrx_word' id='word_1_478' title='bbox 853 5779 1025 5836; x_wconf 89' lang='lat' dir='ltr'><strong><em>eidem</em></strong></span> <span class='ocrx_word' id='word_1_479' title='bbox 1052 5789 1176 5839; x_wconf 86' lang='lat' dir='ltr'><strong><em>ante</em></strong></span> <span class='ocrx_word' id='word_1_480' title='bbox 1219 5796 1419 5856; x_wconf 87' lang='lat' dir='ltr'><strong><em>paucos</em></strong></span> <span class='ocrx_word' id='word_1_481' title='bbox 1454 5795 1622 5840; x_wconf 89' lang='lat' dir='ltr'><strong><em>annos</em></strong></span> <span class='ocrx_word' id='word_1_482' title='bbox 1647 5784 1976 5843; x_wconf 86' lang='lat' dir='ltr'><strong><em>commisisse</em></strong></span> 
     </span>
    </p>
   </div>
   <div class='ocr_carea' id='block_1_61' title="bbox 1582 333 2591 396">
    <p class='ocr_par' dir='ltr' id='par_1_61' title="bbox 1582 333 2591 396">
     <span class='ocr_line' id='line_1_61' title="bbox 1582 333 2591 396; baseline 0.003 -5"><span class='ocrx_word' id='word_1_483' title='bbox 1582 334 1738 392; x_wconf 86' lang='lat' dir='ltr'><strong><em>VITA</em></strong></span> <span class='ocrx_word' id='word_1_484' title='bbox 1775 335 1830 392; x_wconf 91' lang='lat' dir='ltr'><strong><em>S.</em></strong></span> <span class='ocrx_word' id='word_1_485' title='bbox 1874 335 2237 395; x_wconf 84' lang='lat' dir='ltr'><strong><em>AUGUSTINI</em></strong></span> <span class='ocrx_word' id='word_1_486' title='bbox 2275 333 2591 396; x_wconf 87' lang='lat' dir='ltr'><strong><em>EPISCOPI.</em></strong></span> 
     </span>
    </p>
   </div>
   <div class='ocr_carea' id='block_1_62' title="bbox 3588 354 3700 414">
    <p class='ocr_par' dir='ltr' id='par_1_62' title="bbox 3588 354 3700 414">
     <span class='ocr_line' id='line_1_62' title="bbox 3588 354 3700 414; baseline 0 0"><span class='ocrx_word' id='word_1_487' title='bbox 3588 354 3700 414; x_wconf 71' lang='grc'><strong><em>544</em></strong></span> 
     </span>
    </p>
   </div>
   <div class='ocr_carea' id='block_1_63' title="bbox 2123 453 3695 538">
    <p class='ocr_par' dir='ltr' id='par_1_63' title="bbox 2123 453 3695 538">
     <span class='ocr_line' id='line_1_63' title="bbox 2123 453 3695 538; baseline 0.012 -30"><span class='ocrx_word' id='word_1_488' title='bbox 2123 453 2257 510; x_wconf 89' lang='lat' dir='ltr'><strong><em>hanc</em></strong></span> <span class='ocrx_word' id='word_1_489' title='bbox 2283 456 2625 524; x_wconf 83' lang='lat' dir='ltr'><strong><em>provinciam.</em></strong></span> <span class='ocrx_word' id='word_1_490' title='bbox 2652 455 2708 512; x_wconf 87' lang='lat' dir='ltr'><strong><em>In</em></strong></span> <span class='ocrx_word' id='word_1_491' title='bbox 2735 472 2851 513; x_wconf 90' lang='lat' dir='ltr'><strong><em>eam</em></strong></span> <span class='ocrx_word' id='word_1_492' title='bbox 2874 473 2985 516; x_wconf 92' lang='lat' dir='ltr'><strong><em>rem</em></strong></span> <span class='ocrx_word' id='word_1_493' title='bbox 3013 463 3236 534; x_wconf 89' lang='lat' dir='ltr'><strong><em>populus</em></strong></span> <span class='ocrx_word' id='word_1_494' title='bbox 3258 463 3332 522; x_wconf 88' lang='lat' dir='ltr'><strong><em>illi</em></strong></span> <span class='ocrx_word' id='word_1_495' title='bbox 3359 466 3551 538; x_wconf 84' lang='lat' dir='ltr'><strong><em>quinos</em></strong></span> <span class='ocrx_word' id='word_1_496' title='bbox 3573 469 3695 528; x_wconf 85' lang='lat' dir='ltr'><strong><em>dies</em></strong></span> 
     </span>
    </p>
   </div>
   <div class='ocr_carea' id='block_1_64' title="bbox 2116 546 3696 621">
    <p class='ocr_par' dir='ltr' id='par_1_64' title="bbox 2116 546 3696 621">
     <span class='ocr_line' id='line_1_64' title="bbox 2116 546 3696 621; baseline 0.011 -22"><span class='ocrx_word' id='word_1_497' title='bbox 2116 561 2211 615; x_wconf 90' lang='lat' dir='ltr'><strong><em>per</em></strong></span> <span class='ocrx_word' id='word_1_498' title='bbox 2255 546 2614 603; x_wconf 89' lang='lat' dir='ltr'><strong><em>hebdomadas</em></strong></span> <span class='ocrx_word' id='word_1_499' title='bbox 2655 550 2890 621; x_wconf 87' lang='lat' dir='ltr'><strong><em>singulas</em></strong></span> <span class='ocrx_word' id='word_1_500' title='bbox 2932 564 3288 613; x_wconf 89' lang='lat' dir='ltr'><strong><em>concesserat.</em></strong></span> <span class='ocrx_word' id='word_1_501' title='bbox 3338 557 3534 615; x_wconf 79' lang='lat' dir='ltr'><strong><em>Verum</em></strong></span> <span class='ocrx_word' id='word_1_502' title='bbox 3584 577 3696 618; x_wconf 90' lang='lat' dir='ltr'><strong><em>non</em></strong></span> 
     </span>
    </p>
   </div>
   <div class='ocr_carea' id='block_1_65' title="bbox 2113 639 3695 722">
    <p class='ocr_par' dir='ltr' id='par_1_65' title="bbox 2113 639 3695 722">
     <span class='ocr_line' id='line_1_65' title="bbox 2113 639 3695 722; baseline 0.01 -30"><span class='ocrx_word' id='word_1_503' title='bbox 2113 639 2204 692; x_wconf 91' lang='lat' dir='ltr'><strong><em>diu</em></strong></span> <span class='ocrx_word' id='word_1_504' title='bbox 2236 639 2371 694; x_wconf 83' lang='lat' dir='ltr'><strong><em>ismd</em></strong></span> <span class='ocrx_word' id='word_1_505' title='bbox 2411 649 2678 696; x_wconf 89' lang='lat' dir='ltr'><strong><em>servatum</em></strong></span> <span class='ocrx_word' id='word_1_506' title='bbox 2710 653 2792 696; x_wconf 87' lang='lat' dir='ltr'><strong><em>est</em></strong></span> <span class='ocrx_word' id='word_1_507' title='bbox 2829 661 2841 699; x_wconf 93' lang='lat'>:</span> <span class='ocrx_word' id='word_1_508' title='bbox 2873 660 3044 716; x_wconf 89' lang='lat' dir='ltr'><strong><em>neque</em></strong></span> <span class='ocrx_word' id='word_1_509' title='bbox 3085 649 3261 704; x_wconf 91' lang='lat' dir='ltr'><strong><em>minus</em></strong></span> <span class='ocrx_word' id='word_1_510' title='bbox 3293 666 3447 706; x_wconf 89' lang='lat' dir='ltr'><strong><em>mane</em></strong></span> <span class='ocrx_word' id='word_1_511' title='bbox 3475 667 3633 722; x_wconf 89' lang='lat' dir='ltr'><strong><em>quam</em></strong></span> <span class='ocrx_word' id='word_1_512' title='bbox 3662 666 3695 708; x_wconf 83' lang='lat' dir='ltr'><strong><em>a</em></strong></span> 
     </span>
    </p>
   </div>
   <div class='ocr_carea' id='block_1_66' title="bbox 2114 731 3696 812">
    <p class='ocr_par' dir='ltr' id='par_1_66' title="bbox 2114 731 3696 812">
     <span class='ocr_line' id='line_1_66' title="bbox 2114 731 3696 812; baseline 0.011 -29"><span class='ocrx_word' id='word_1_513' title='bbox 2114 731 2336 800; x_wconf 88' lang='lat' dir='ltr'><strong><em>prandio</em></strong></span> <span class='ocrx_word' id='word_1_514' title='bbox 2368 748 2556 788; x_wconf 88' lang='lat' dir='ltr'><strong><em>causas</em></strong></span> <span class='ocrx_word' id='word_1_515' title='bbox 2583 735 2766 790; x_wconf 90' lang='lat' dir='ltr'><strong><em>audire</em></strong></span> <span class='ocrx_word' id='word_1_516' title='bbox 2792 735 2883 791; x_wconf 87' lang='lat' dir='ltr'><strong><em>Vir</em></strong></span> <span class='ocrx_word' id='word_1_517' title='bbox 2912 748 3125 796; x_wconf 89' lang='lat' dir='ltr'><strong><em>sanctus</em></strong></span> <span class='ocrx_word' id='word_1_518' title='bbox 3151 742 3462 812; x_wconf 84' lang='lat' dir='ltr'><strong><em>cogebatur.</em></strong></span> <span class='ocrx_word' id='word_1_519' title='bbox 3495 744 3563 800; x_wconf 89' lang='lat' dir='ltr'><strong><em>Et</em></strong></span> <span class='ocrx_word' id='word_1_520' title='bbox 3588 745 3696 802; x_wconf 92' lang='lat' dir='ltr'><strong><em>hoc</em></strong></span> 
     </span>
    </p>
   </div>
   <div class='ocr_carea' id='block_1_67' title="bbox 2112 823 3694 900">
    <p class='ocr_par' dir='ltr' id='par_1_67' title="bbox 2112 823 3694 900">
     <span class='ocr_line' id='line_1_67' title="bbox 2112 823 3694 900; baseline 0.011 -25"><span class='ocrx_word' id='word_1_521' title='bbox 2112 823 2324 891; x_wconf 88' lang='lat' dir='ltr'><strong><em>quidem</em></strong></span> <span class='ocrx_word' id='word_1_522' title='bbox 2373 823 2488 892; x_wconf 82' lang='lat' dir='ltr'><strong><em>fuit,</em></strong></span> <span class='ocrx_word' id='word_1_523' title='bbox 2532 841 2627 881; x_wconf 91' lang='lat' dir='ltr'><strong><em>cur</em></strong></span> <span class='ocrx_word' id='word_1_524' title='bbox 2654 826 2792 898; x_wconf 88' lang='lat' dir='ltr'><strong><em>plebi</em></strong></span> <span class='ocrx_word' id='word_1_525' title='bbox 2831 830 3172 900; x_wconf 87' lang='lat' dir='ltr'><strong><em>supplicaret,</em></strong></span> <span class='ocrx_word' id='word_1_526' title='bbox 3219 836 3414 891; x_wconf 90' lang='lat' dir='ltr'><strong><em>molem</em></strong></span> <span class='ocrx_word' id='word_1_527' title='bbox 3460 836 3597 892; x_wconf 88' lang='lat' dir='ltr'><strong><em>hanc</em></strong></span> <span class='ocrx_word' id='word_1_528' title='bbox 3638 838 3694 892; x_wconf 90' lang='lat' dir='ltr'><strong><em>in</em></strong></span> 
     </span>
    </p>
   </div>
   <div class='ocr_carea' id='block_1_68' title="bbox 2114 913 3694 1002">
    <p class='ocr_par' dir='ltr' id='par_1_68' title="bbox 2114 913 3694 1002">
     <span class='ocr_line' id='line_1_68' title="bbox 2114 913 3694 1002; baseline 0.013 -36"><span class='ocrx_word' id='word_1_529' title='bbox 2114 913 2412 971; x_wconf 87' lang='lat' dir='ltr'><strong><em>Heraclium</em></strong></span> <span class='ocrx_word' id='word_1_530' title='bbox 2471 917 2744 974; x_wconf 86' lang='lat' dir='ltr'><strong><em>transferri</em></strong></span> <span class='ocrx_word' id='word_1_531' title='bbox 2796 920 3015 989; x_wconf 90' lang='lat' dir='ltr'><strong><em>sineret,</em></strong></span> <span class='ocrx_word' id='word_1_532' title='bbox 3065 936 3426 999; x_wconf 88' lang='lat' dir='ltr'><strong><em>annueretque</em></strong></span> <span class='ocrx_word' id='word_1_533' title='bbox 3477 948 3490 984; x_wconf 91' lang='lat'><strong>:</strong></span> <span class='ocrx_word' id='word_1_534' title='bbox 3531 946 3694 1002; x_wconf 89' lang='lat' dir='ltr'><strong><em>quam</em></strong></span> 
     </span>
    </p>
   </div>
   <div class='ocr_carea' id='block_1_69' title="bbox 2073 1005 3700 1090">
    <p class='ocr_par' dir='ltr' id='par_1_69' title="bbox 2073 1005 3700 1090">
     <span class='ocr_line' id='line_1_69' title="bbox 2073 1005 3700 1090; baseline 0.013 -31"><span class='ocrx_word' id='word_1_535' title='bbox 2073 1005 2418 1075; x_wconf 81' lang='lat' dir='ltr'><strong><em>petitionem</em></strong></span> <span class='ocrx_word' id='word_1_536' title='bbox 2475 1011 2604 1066; x_wconf 91' lang='lat' dir='ltr'><strong><em>nihil</em></strong></span> <span class='ocrx_word' id='word_1_537' title='bbox 2654 1023 2895 1069; x_wconf 85' lang='lat' dir='ltr'><strong><em>cunctata</em></strong></span> <span class='ocrx_word' id='word_1_538' title='bbox 2942 1016 3092 1086; x_wconf 89' lang='lat' dir='ltr'><strong><em>plebs</em></strong></span> <span class='ocrx_word' id='word_1_539' title='bbox 3145 1030 3350 1090; x_wconf 78' lang='lat' dir='ltr'><strong><em>gratam</em></strong></span> <span class='ocrx_word' id='word_1_540' title='bbox 3399 1037 3456 1078; x_wconf 89' lang='lat' dir='ltr'><strong><em>se</em></strong></span> <span class='ocrx_word' id='word_1_541' title='bbox 3496 1023 3700 1080; x_wconf 89' lang='lat' dir='ltr'><strong><em>habere</em></strong></span> 
     </span>
    </p>
   </div>
   <div class='ocr_carea' id='block_1_70' title="bbox 2112 1095 3703 1183">
    <p class='ocr_par' dir='ltr' id='par_1_70' title="bbox 2112 1095 3703 1183">
     <span class='ocr_line' id='line_1_70' title="bbox 2112 1095 3703 1183; baseline 0.014 -34"><span class='ocrx_word' id='word_1_542' title='bbox 2112 1095 2424 1165; x_wconf 79' lang='lat' dir='ltr'><strong><em>signiﬁcavit</em></strong></span> <span class='ocrx_word' id='word_1_543' title='bbox 2451 1099 2632 1172; x_wconf 85' lang='lat' dir='ltr'><strong><em>(Ibid.,</em></strong></span> <span class='ocrx_word' id='word_1_544' title='bbox 2660 1120 2711 1158; x_wconf 92' lang='lat' dir='ltr'><strong><em>n.</em></strong></span> <span class='ocrx_word' id='word_1_545' title='bbox 2735 1104 2814 1173; x_wconf 87' lang='lat'><strong><em>5).</em></strong></span> <span class='ocrx_word' id='word_1_546' title='bbox 2840 1105 2996 1162; x_wconf 85' lang='lat' dir='ltr'><strong><em>Petiit</em></strong></span> <span class='ocrx_word' id='word_1_547' title='bbox 3019 1108 3234 1165; x_wconf 90' lang='lat' dir='ltr'><strong><em>demum</em></strong></span> <span class='ocrx_word' id='word_1_548' title='bbox 3258 1113 3601 1183; x_wconf 88' lang='lat' dir='ltr'><strong><em>Augustinus,</em></strong></span> <span class='ocrx_word' id='word_1_549' title='bbox 3637 1123 3703 1171; x_wconf 85' lang='lat' dir='ltr'><strong><em>ut</em></strong></span> 
     </span>
    </p>
   </div>
   <div class='ocr_carea' id='block_1_71' title="bbox 2111 1189 3699 1272">
    <p class='ocr_par' dir='ltr' id='par_1_71' title="bbox 2111 1189 3699 1272">
     <span class='ocr_line' id='line_1_71' title="bbox 2111 1189 3699 1272; baseline 0.013 -31"><span class='ocrx_word' id='word_1_550' title='bbox 2111 1189 2198 1258; x_wconf 90' lang='lat' dir='ltr'><strong><em>qui</em></strong></span> <span class='ocrx_word' id='word_1_551' title='bbox 2247 1203 2482 1260; x_wconf 89' lang='lat' dir='ltr'><strong><em>possent,</em></strong></span> <span class='ocrx_word' id='word_1_552' title='bbox 2526 1209 2706 1249; x_wconf 91' lang='lat' dir='ltr'><strong><em>rerum</em></strong></span> <span class='ocrx_word' id='word_1_553' title='bbox 2746 1197 2800 1250; x_wconf 93' lang='lat' dir='ltr'><strong><em>in</em></strong></span> <span class='ocrx_word' id='word_1_554' title='bbox 2843 1200 3118 1267; x_wconf 70' lang='lat' dir='ltr'><strong><em>prmsentia</em></strong></span> <span class='ocrx_word' id='word_1_555' title='bbox 3167 1213 3437 1272; x_wconf 87' lang='lat' dir='ltr'><strong><em>gestarum</em></strong></span> <span class='ocrx_word' id='word_1_556' title='bbox 3486 1206 3699 1262; x_wconf 88' lang='lat' dir='ltr'><strong><em>tabulas</em></strong></span> 
     </span>
    </p>
   </div>
   <div class='ocr_carea' id='block_1_72' title="bbox 2109 1282 3698 1362">
    <p class='ocr_par' dir='ltr' id='par_1_72' title="bbox 2109 1282 3698 1362">
     <span class='ocr_line' id='line_1_72' title="bbox 2109 1282 3698 1362; baseline 0.011 -27"><span class='ocrx_word' id='word_1_557' title='bbox 2109 1282 2475 1354; x_wconf 83' lang='lat' dir='ltr'><strong><em>obsignarent,</em></strong></span> <span class='ocrx_word' id='word_1_558' title='bbox 2504 1303 2671 1358; x_wconf 90' lang='lat' dir='ltr'><strong><em>eaque</em></strong></span> <span class='ocrx_word' id='word_1_559' title='bbox 2698 1291 2874 1344; x_wconf 89' lang='lat' dir='ltr'><strong><em>omnia</em></strong></span> <span class='ocrx_word' id='word_1_560' title='bbox 2903 1293 3126 1362; x_wconf 89' lang='lat' dir='ltr'><strong><em>populus</em></strong></span> <span class='ocrx_word' id='word_1_561' title='bbox 3157 1295 3345 1350; x_wconf 88' lang='lat' dir='ltr'><strong><em>ultimo</em></strong></span> <span class='ocrx_word' id='word_1_562' title='bbox 3371 1312 3467 1350; x_wconf 89' lang='lat' dir='ltr'><strong><em>suo</em></strong></span> <span class='ocrx_word' id='word_1_563' title='bbox 3494 1298 3698 1353; x_wconf 77' lang='lat' dir='ltr'><strong><em>suffra-</em></strong></span> 
     </span>
    </p>
   </div>
   <div class='ocr_carea' id='block_1_73' title="bbox 2107 1376 3696 1451">
    <p class='ocr_par' dir='ltr' id='par_1_73' title="bbox 2107 1376 3696 1451">
     <span class='ocr_line' id='line_1_73' title="bbox 2107 1376 3696 1451; baseline 0.012 -24"><span class='ocrx_word' id='word_1_564' title='bbox 2107 1376 2193 1445; x_wconf 87' lang='lat' dir='ltr'><strong><em>gio</em></strong></span> <span class='ocrx_word' id='word_1_565' title='bbox 2221 1380 2602 1449; x_wconf 85' lang='lat' dir='ltr'><strong><em>communiret;</em></strong></span> <span class='ocrx_word' id='word_1_566' title='bbox 2632 1381 2771 1451; x_wconf 90' lang='lat' dir='ltr'><strong><em>quod</em></strong></span> <span class='ocrx_word' id='word_1_567' title='bbox 2802 1393 2855 1438; x_wconf 91' lang='lat' dir='ltr'><strong><em>et</em></strong></span> <span class='ocrx_word' id='word_1_568' title='bbox 2885 1383 3072 1439; x_wconf 79' lang='lat' dir='ltr'><strong><em>factum</em></strong></span> <span class='ocrx_word' id='word_1_569' title='bbox 3105 1397 3188 1441; x_wconf 90' lang='lat' dir='ltr'><strong><em>est</em></strong></span> <span class='ocrx_word' id='word_1_570' title='bbox 3220 1389 3358 1443; x_wconf 89' lang='lat' dir='ltr'><strong><em>illico</em></strong></span> <span class='ocrx_word' id='word_1_571' title='bbox 3396 1391 3556 1444; x_wconf 87' lang='lat' dir='ltr'><strong><em>variis</em></strong></span> <span class='ocrx_word' id='word_1_572' title='bbox 3594 1405 3696 1446; x_wconf 88' lang='lat' dir='ltr'><strong><em>ac-</em></strong></span> 
     </span>
    </p>
   </div>
   <div class='ocr_carea' id='block_1_74' title="bbox 2107 1467 3699 1552">
    <p class='ocr_par' dir='ltr' id='par_1_74' title="bbox 2107 1467 3699 1552">
     <span class='ocr_line' id='line_1_74' title="bbox 2107 1467 3699 1552; baseline 0.01 -30"><span class='ocrx_word' id='word_1_573' title='bbox 2107 1467 2528 1536; x_wconf 87' lang='lat' dir='ltr'><strong><em>clamationibus,</em></strong></span> <span class='ocrx_word' id='word_1_574' title='bbox 2578 1489 2708 1542; x_wconf 90' lang='lat' dir='ltr'><strong><em>quas</em></strong></span> <span class='ocrx_word' id='word_1_575' title='bbox 2759 1474 2970 1546; x_wconf 89' lang='lat' dir='ltr'><strong><em>quidem</em></strong></span> <span class='ocrx_word' id='word_1_576' title='bbox 3019 1477 3069 1531; x_wconf 90' lang='lat' dir='ltr'><strong><em>in</em></strong></span> <span class='ocrx_word' id='word_1_577' title='bbox 3120 1479 3383 1550; x_wconf 89' lang='lat' dir='ltr'><strong><em>episcopis</em></strong></span> <span class='ocrx_word' id='word_1_578' title='bbox 3434 1481 3699 1552; x_wconf 79' lang='lat' dir='ltr'><strong><em>eligendis</em></strong></span> 
     </span>
    </p>
   </div>
   <div class='ocr_carea' id='block_1_75' title="bbox 2108 1563 3698 1642">
    <p class='ocr_par' dir='ltr' id='par_1_75' title="bbox 2108 1563 3698 1642">
     <span class='ocr_line' id='line_1_75' title="bbox 2108 1563 3698 1642; baseline 0.011 -30"><span class='ocrx_word' id='word_1_579' title='bbox 2108 1563 2347 1631; x_wconf 88' lang='lat' dir='ltr'><strong><em>usurpari</em></strong></span> <span class='ocrx_word' id='word_1_580' title='bbox 2373 1565 2573 1624; x_wconf 86' lang='lat' dir='ltr'><strong><em>solitas.</em></strong></span> <span class='ocrx_word' id='word_1_581' title='bbox 2597 1580 2724 1619; x_wconf 91' lang='lat' dir='ltr'><strong><em>vero</em></strong></span> <span class='ocrx_word' id='word_1_582' title='bbox 2745 1567 2916 1622; x_wconf 91' lang='lat' dir='ltr'><strong><em>simile</em></strong></span> <span class='ocrx_word' id='word_1_583' title='bbox 2942 1567 3220 1640; x_wconf 86' lang='lat' dir='ltr'><strong><em>est(lbid.,</em></strong></span> <span class='ocrx_word' id='word_1_584' title='bbox 3255 1589 3307 1624; x_wconf 86' lang='lat' dir='ltr'><strong><em>n.</em></strong></span> <span class='ocrx_word' id='word_1_585' title='bbox 3341 1571 3414 1642; x_wconf 89' lang='grc'><strong><em>6).</em></strong></span> <span class='ocrx_word' id='word_1_586' title='bbox 3440 1572 3551 1627; x_wconf 91' lang='lat' dir='ltr'><strong><em>Sub</em></strong></span> <span class='ocrx_word' id='word_1_587' title='bbox 3576 1573 3698 1629; x_wconf 67' lang='lat' dir='ltr'><strong><em>haec</em></strong></span> 
     </span>
    </p>
   </div>
   <div class='ocr_carea' id='block_1_76' title="bbox 2107 1652 3696 1738">
    <p class='ocr_par' dir='ltr' id='par_1_76' title="bbox 2107 1652 3696 1738">
     <span class='ocr_line' id='line_1_76' title="bbox 2107 1652 3696 1738; baseline 0.01 -31"><span class='ocrx_word' id='word_1_588' title='bbox 2107 1652 2200 1708; x_wconf 77' lang='lat' dir='ltr'><strong><em>Vir</em></strong></span> <span class='ocrx_word' id='word_1_589' title='bbox 2242 1665 2454 1711; x_wconf 89' lang='lat' dir='ltr'><strong><em>sanctus</em></strong></span> <span class='ocrx_word' id='word_1_590' title='bbox 2496 1661 2725 1727; x_wconf 82' lang='lat' dir='ltr'><strong><em>perrexit</em></strong></span> <span class='ocrx_word' id='word_1_591' title='bbox 2753 1659 2818 1714; x_wconf 90' lang='lat' dir='ltr'><strong><em>ad</em></strong></span> <span class='ocrx_word' id='word_1_592' title='bbox 2853 1659 3181 1717; x_wconf 73' lang='lat' dir='ltr'><strong><em>olferendum</em></strong></span> <span class='ocrx_word' id='word_1_593' title='bbox 3209 1664 3525 1720; x_wconf 76' lang='lat' dir='ltr'><strong><em>sacrificium</em></strong></span> <span class='ocrx_word' id='word_1_594' title='bbox 3546 1710 3559 1732; x_wconf 95' lang='lat'><strong><em>,</em></strong></span> <span class='ocrx_word' id='word_1_595' title='bbox 3591 1683 3696 1738; x_wconf 85' lang='lat' dir='ltr'><strong><em>po-</em></strong></span> 
     </span>
    </p>
   </div>
   <div class='ocr_carea' id='block_1_77' title="bbox 2105 1745 3694 1828">
    <p class='ocr_par' dir='ltr' id='par_1_77' title="bbox 2105 1745 3694 1828">
     <span class='ocr_line' id='line_1_77' title="bbox 2105 1745 3694 1828; baseline 0.009 -30"><span class='ocrx_word' id='word_1_596' title='bbox 2105 1745 2230 1814; x_wconf 88' lang='lat' dir='ltr'><strong><em>pulo</em></strong></span> <span class='ocrx_word' id='word_1_597' title='bbox 2259 1747 2406 1815; x_wconf 88' lang='lat' dir='ltr'><strong><em>prius</em></strong></span> <span class='ocrx_word' id='word_1_598' title='bbox 2435 1749 2672 1818; x_wconf 88' lang='lat' dir='ltr'><strong><em>impense</em></strong></span> <span class='ocrx_word' id='word_1_599' title='bbox 2696 1750 2988 1818; x_wconf 89' lang='lat' dir='ltr'><strong><em>admonito,</em></strong></span> <span class='ocrx_word' id='word_1_600' title='bbox 3019 1761 3074 1807; x_wconf 88' lang='lat' dir='ltr'><strong><em>ut</em></strong></span> <span class='ocrx_word' id='word_1_601' title='bbox 3104 1769 3268 1809; x_wconf 69' lang='lat' dir='ltr'><strong><em>sacra:</em></strong></span> <span class='ocrx_word' id='word_1_602' title='bbox 3297 1755 3453 1825; x_wconf 81' lang='lat' dir='ltr'><strong><em>hujus</em></strong></span> <span class='ocrx_word' id='word_1_603' title='bbox 3483 1758 3694 1828; x_wconf 89' lang='lat' dir='ltr'><strong><em>suppli-</em></strong></span> 
     </span>
    </p>
   </div>
   <div class='ocr_carea' id='block_1_78' title="bbox 2107 1837 3686 1916">
    <p class='ocr_par' dir='ltr' id='par_1_78' title="bbox 2107 1837 3686 1916">
     <span class='ocr_line' id='line_1_78' title="bbox 2107 1837 3686 1916; baseline 0.01 -28"><span class='ocrx_word' id='word_1_604' title='bbox 2107 1837 2327 1890; x_wconf 87' lang='lat' dir='ltr'><strong><em>cationis</em></strong></span> <span class='ocrx_word' id='word_1_605' title='bbox 2359 1838 2486 1893; x_wconf 90' lang='lat' dir='ltr'><strong><em>hora</em></strong></span> <span class='ocrx_word' id='word_1_606' title='bbox 2517 1855 2574 1894; x_wconf 89' lang='lat' dir='ltr'><strong><em>se</em></strong></span> <span class='ocrx_word' id='word_1_607' title='bbox 2616 1842 2839 1912; x_wconf 90' lang='lat' dir='ltr'><strong><em>quisque</em></strong></span> <span class='ocrx_word' id='word_1_608' title='bbox 2865 1843 2931 1898; x_wconf 92' lang='lat' dir='ltr'><strong><em>ab</em></strong></span> <span class='ocrx_word' id='word_1_609' title='bbox 2959 1844 3078 1899; x_wconf 90' lang='lat' dir='ltr'><strong><em>aliis</em></strong></span> <span class='ocrx_word' id='word_1_610' title='bbox 3109 1845 3252 1900; x_wconf 88' lang='lat' dir='ltr'><strong><em>curis</em></strong></span> <span class='ocrx_word' id='word_1_611' title='bbox 3289 1848 3537 1902; x_wconf 88' lang='lat' dir='ltr'><strong><em>avelleret</em></strong></span> <span class='ocrx_word' id='word_1_612' title='bbox 3557 1891 3588 1916; x_wconf 15' lang='grc' dir='ltr'><strong><em>,Δ</em></strong></span> <span class='ocrx_word' id='word_1_613' title='bbox 3617 1865 3686 1905; x_wconf 87' lang='lat' dir='ltr'><strong><em>ac</em></strong></span> 
     </span>
    </p>
   </div>
   <div class='ocr_carea' id='block_1_79' title="bbox 2107 1927 3698 2008">
    <p class='ocr_par' dir='ltr' id='par_1_79' title="bbox 2107 1927 3698 2008">
     <span class='ocr_line' id='line_1_79' title="bbox 2107 1927 3698 2008; baseline 0.009 -28"><span class='ocrx_word' id='word_1_614' title='bbox 2107 1927 2292 1980; x_wconf 83' lang='lat' dir='ltr'><strong><em>scdulo</em></strong></span> <span class='ocrx_word' id='word_1_615' title='bbox 2338 1946 2435 1996; x_wconf 86' lang='lat' dir='ltr'><strong><em>pro</em></strong></span> <span class='ocrx_word' id='word_1_616' title='bbox 2486 1930 2808 2000; x_wconf 84' lang='lat' dir='ltr'><strong><em>llipponensi</em></strong></span> <span class='ocrx_word' id='word_1_617' title='bbox 2838 1935 3094 2002; x_wconf 84' lang='lat' dir='ltr'><strong><em>Ecclesia,</em></strong></span> <span class='ocrx_word' id='word_1_618' title='bbox 3122 1952 3220 2006; x_wconf 89' lang='lat' dir='ltr'><strong><em>pro</em></strong></span> <span class='ocrx_word' id='word_1_619' title='bbox 3256 1952 3314 1991; x_wconf 90' lang='lat' dir='ltr'><strong><em>se</em></strong></span> <span class='ocrx_word' id='word_1_620' title='bbox 3343 1947 3498 2008; x_wconf 88' lang='lat' dir='ltr'><strong><em>atque</em></strong></span> <span class='ocrx_word' id='word_1_621' title='bbox 3526 1939 3698 1995; x_wconf 80' lang='lat' dir='ltr'><strong><em>[lera-</em></strong></span> 
     </span>
    </p>
   </div>
   <div class='ocr_carea' id='block_1_80' title="bbox 2105 2018 3690 2098">
    <p class='ocr_par' dir='ltr' id='par_1_80' title="bbox 2105 2018 3690 2098">
     <span class='ocr_line' id='line_1_80' title="bbox 2105 2018 3690 2098; baseline 0.01 -27"><span class='ocrx_word' id='word_1_622' title='bbox 2105 2018 2209 2071; x_wconf 89' lang='lat' dir='ltr'><strong><em>clio</em></strong></span> <span class='ocrx_word' id='word_1_623' title='bbox 2239 2030 2577 2088; x_wconf 80' lang='lat' dir='ltr'><strong><em>precarentur</em></strong></span> <span class='ocrx_word' id='word_1_624' title='bbox 2612 2021 2795 2096; x_wconf 86' lang='lat' dir='ltr'><strong><em>(Ibid.,</em></strong></span> <span class='ocrx_word' id='word_1_625' title='bbox 2823 2042 2875 2078; x_wconf 91' lang='lat' dir='ltr'><strong><em>n.</em></strong></span> <span class='ocrx_word' id='word_1_626' title='bbox 2901 2025 2973 2097; x_wconf 84' lang='lat'><strong><em>7).</em></strong></span> <span class='ocrx_word' id='word_1_627' title='bbox 2993 2026 3191 2082; x_wconf 73' lang='lat' dir='ltr'><strong><em>Ethrcc</em></strong></span> <span class='ocrx_word' id='word_1_628' title='bbox 3219 2044 3378 2098; x_wconf 90' lang='lat' dir='ltr'><strong><em>porro</em></strong></span> <span class='ocrx_word' id='word_1_629' title='bbox 3405 2031 3690 2086; x_wconf 81' lang='lat' dir='ltr'><strong><em>continent</em></strong></span> 
     </span>
    </p>
   </div>
   <div class='ocr_carea' id='block_1_81' title="bbox 2105 2109 3690 2194">
    <p class='ocr_par' dir='ltr' id='par_1_81' title="bbox 2105 2109 3690 2194">
     <span class='ocr_line' id='line_1_81' title="bbox 2105 2109 3690 2194; baseline 0.009 -30"><span class='ocrx_word' id='word_1_630' title='bbox 2105 2109 2325 2180; x_wconf 87' lang='lat' dir='ltr'><strong><em>hujusce</em></strong></span> <span class='ocrx_word' id='word_1_631' title='bbox 2347 2126 2637 2170; x_wconf 88' lang='lat' dir='ltr'><strong><em>conventus</em></strong></span> <span class='ocrx_word' id='word_1_632' title='bbox 2665 2124 2801 2183; x_wconf 86' lang='lat' dir='ltr'><strong><em>acta,</em></strong></span> <span class='ocrx_word' id='word_1_633' title='bbox 2825 2133 2941 2186; x_wconf 68' lang='lat' dir='ltr'><strong><em>qum</em></strong></span> <span class='ocrx_word' id='word_1_634' title='bbox 2964 2119 3103 2173; x_wconf 90' lang='lat' dir='ltr'><strong><em>inter</em></strong></span> <span class='ocrx_word' id='word_1_635' title='bbox 3129 2119 3542 2190; x_wconf 85' lang='lat' dir='ltr'><strong><em>Augustinianas</em></strong></span> <span class='ocrx_word' id='word_1_636' title='bbox 3571 2125 3690 2194; x_wconf 87' lang='lat' dir='ltr'><strong><em>epi-</em></strong></span> 
     </span>
    </p>
   </div>
   <div class='ocr_carea' id='block_1_82' title="bbox 2105 2202 3696 2284">
    <p class='ocr_par' dir='ltr' id='par_1_82' title="bbox 2105 2202 3696 2284">
     <span class='ocr_line' id='line_1_82' title="bbox 2105 2202 3696 2284; baseline 0.01 -30"><span class='ocrx_word' id='word_1_637' title='bbox 2105 2202 2269 2257; x_wconf 88' lang='lat' dir='ltr'><strong><em>stolas</em></strong></span> <span class='ocrx_word' id='word_1_638' title='bbox 2298 2205 2492 2259; x_wconf 88' lang='lat' dir='ltr'><strong><em>iuscrta</em></strong></span> <span class='ocrx_word' id='word_1_639' title='bbox 2513 2216 2652 2261; x_wconf 89' lang='lat' dir='ltr'><strong><em>sunt.</em></strong></span> <span class='ocrx_word' id='word_1_640' title='bbox 2680 2208 2877 2262; x_wconf 79' lang='lat' dir='ltr'><strong><em>Extant</em></strong></span> <span class='ocrx_word' id='word_1_641' title='bbox 2906 2209 3132 2266; x_wconf 79' lang='lat' dir='ltr'><strong><em>Heraclii</em></strong></span> <span class='ocrx_word' id='word_1_642' title='bbox 3156 2213 3451 2284; x_wconf 82' lang='lat' dir='ltr'><strong><em>presbyteri</em></strong></span> <span class='ocrx_word' id='word_1_643' title='bbox 3483 2231 3696 2270; x_wconf 85' lang='lat' dir='ltr'><strong><em>sermo-</em></strong></span> 
     </span>
    </p>
   </div>
   <div class='ocr_carea' id='block_1_83' title="bbox 2105 2295 3693 2378">
    <p class='ocr_par' dir='ltr' id='par_1_83' title="bbox 2105 2295 3693 2378">
     <span class='ocr_line' id='line_1_83' title="bbox 2105 2295 3693 2378; baseline 0.011 -30"><span class='ocrx_word' id='word_1_644' title='bbox 2105 2310 2198 2349; x_wconf 90' lang='lat' dir='ltr'><strong><em>nes</em></strong></span> <span class='ocrx_word' id='word_1_645' title='bbox 2225 2295 2330 2349; x_wconf 89' lang='lat' dir='ltr'><strong><em>dno</em></strong></span> <span class='ocrx_word' id='word_1_646' title='bbox 2360 2315 2372 2352; x_wconf 88' lang='lat'>:</span> <span class='ocrx_word' id='word_1_647' title='bbox 2401 2315 2533 2352; x_wconf 88' lang='lat' dir='ltr'><strong><em>unus</em></strong></span> <span class='ocrx_word' id='word_1_648' title='bbox 2550 2300 2846 2370; x_wconf 85' lang='lat' dir='ltr'><strong><em>Augustino</em></strong></span> <span class='ocrx_word' id='word_1_649' title='bbox 2873 2314 3134 2372; x_wconf 67' lang='lat' dir='ltr'><strong><em>prmsente</em></strong></span> <span class='ocrx_word' id='word_1_650' title='bbox 3165 2304 3392 2370; x_wconf 88' lang='lat' dir='ltr'><strong><em>habitus,</em></strong></span> <span class='ocrx_word' id='word_1_651' title='bbox 3421 2308 3472 2362; x_wconf 83' lang='lat' dir='ltr'><strong><em>in</em></strong></span> <span class='ocrx_word' id='word_1_652' title='bbox 3503 2325 3606 2378; x_wconf 87' lang='lat' dir='ltr'><strong><em>quo</em></strong></span> <span class='ocrx_word' id='word_1_653' title='bbox 3630 2326 3693 2366; x_wconf 85' lang='lat' dir='ltr'><strong><em>se</em></strong></span> 
     </span>
    </p>
   </div>
   <div class='ocr_carea' id='block_1_84' title="bbox 2105 2385 3693 2471">
    <p class='ocr_par' dir='ltr' id='par_1_84' title="bbox 2105 2385 3693 2471">
     <span class='ocr_line' id='line_1_84' title="bbox 2105 2385 3693 2471; baseline 0.011 -32"><span class='ocrx_word' id='word_1_654' title='bbox 2105 2385 2190 2441; x_wconf 90' lang='lat' dir='ltr'><strong><em>ille</em></strong></span> <span class='ocrx_word' id='word_1_655' title='bbox 2221 2389 2538 2457; x_wconf 59' lang='lat' dir='ltr'><strong><em>praedicandi</em></strong></span> <span class='ocrx_word' id='word_1_656' title='bbox 2557 2393 2701 2447; x_wconf 88' lang='lat' dir='ltr'><strong><em>verbi</em></strong></span> <span class='ocrx_word' id='word_1_657' title='bbox 2728 2393 2821 2448; x_wconf 90' lang='lat' dir='ltr'><strong><em>Dei</em></strong></span> <span class='ocrx_word' id='word_1_658' title='bbox 2847 2396 3167 2464; x_wconf 86' lang='lat' dir='ltr'><strong><em>provinciam</em></strong></span> <span class='ocrx_word' id='word_1_659' title='bbox 3195 2415 3360 2468; x_wconf 88' lang='lat' dir='ltr'><strong><em>nuper</em></strong></span> <span class='ocrx_word' id='word_1_660' title='bbox 3385 2401 3693 2471; x_wconf 87' lang='lat' dir='ltr'><strong><em>suscepisse</em></strong></span> 
     </span>
    </p>
   </div>
   <div class='ocr_carea' id='block_1_85' title="bbox 2104 2481 3696 2562">
    <p class='ocr_par' dir='ltr' id='par_1_85' title="bbox 2104 2481 3696 2562">
     <span class='ocr_line' id='line_1_85' title="bbox 2104 2481 3696 2562; baseline 0.012 -32"><span class='ocrx_word' id='word_1_661' title='bbox 2104 2481 2417 2536; x_wconf 88' lang='lat' dir='ltr'><strong><em>necessitate</em></strong></span> <span class='ocrx_word' id='word_1_662' title='bbox 2447 2485 2800 2554; x_wconf 90' lang='lat' dir='ltr'><strong><em>compulsum,</em></strong></span> <span class='ocrx_word' id='word_1_663' title='bbox 2833 2495 2988 2558; x_wconf 90' lang='lat' dir='ltr'><strong><em>atque</em></strong></span> <span class='ocrx_word' id='word_1_664' title='bbox 3036 2489 3162 2545; x_wconf 91' lang='lat' dir='ltr'><strong><em>illud</em></strong></span> <span class='ocrx_word' id='word_1_665' title='bbox 3207 2492 3316 2561; x_wconf 91' lang='lat' dir='ltr'><strong><em>jam</em></strong></span> <span class='ocrx_word' id='word_1_666' title='bbox 3348 2503 3468 2548; x_wconf 89' lang='lat' dir='ltr'><strong><em>ante</em></strong></span> <span class='ocrx_word' id='word_1_667' title='bbox 3495 2494 3696 2562; x_wconf 71' lang='lat' dir='ltr'><strong><em>prtedi-</em></strong></span> 
     </span>
    </p>
   </div>
   <div class='ocr_carea' id='block_1_86' title="bbox 2103 2573 3695 2651">
    <p class='ocr_par' dir='ltr' id='par_1_86' title="bbox 2103 2573 3695 2651">
     <span class='ocr_line' id='line_1_86' title="bbox 2103 2573 3695 2651; baseline 0.011 -30"><span class='ocrx_word' id='word_1_668' title='bbox 2103 2583 2224 2623; x_wconf 89' lang='lat' dir='ltr'><strong><em>care</em></strong></span> <span class='ocrx_word' id='word_1_669' title='bbox 2245 2573 2470 2640; x_wconf 84' lang='lat' dir='ltr'><strong><em>coepisse</em></strong></span> <span class='ocrx_word' id='word_1_670' title='bbox 2494 2576 2805 2645; x_wconf 85' lang='lat' dir='ltr'><strong><em>proﬁtetur;</em></strong></span> <span class='ocrx_word' id='word_1_671' title='bbox 2835 2579 2970 2634; x_wconf 88' lang='lat' dir='ltr'><strong><em>alter</em></strong></span> <span class='ocrx_word' id='word_1_672' title='bbox 2995 2579 3062 2634; x_wconf 89' lang='lat' dir='ltr'><strong><em>dc</em></strong></span> <span class='ocrx_word' id='word_1_673' title='bbox 3094 2583 3268 2637; x_wconf 81' lang='lat' dir='ltr'><strong><em>verbis</em></strong></span> <span class='ocrx_word' id='word_1_674' title='bbox 3299 2584 3524 2651; x_wconf 84' lang='lat' dir='ltr'><strong><em>Domini,</em></strong></span> <span class='ocrx_word' id='word_1_675' title='bbox 3555 2585 3695 2639; x_wconf 79' lang='lat' dir='ltr'><strong><em>Mat-</em></strong></span> 
     </span>
    </p>
   </div>
   <div class='ocr_carea' id='block_1_87' title="bbox 2102 2658 3688 2748">
    <p class='ocr_par' dir='ltr' id='par_1_87' title="bbox 2102 2658 3688 2748">
     <span class='ocr_line' id='line_1_87' title="bbox 2102 2658 3688 2748; baseline 0.013 -37"><span class='ocrx_word' id='word_1_676' title='bbox 2102 2658 2224 2714; x_wconf 72' lang='lat' dir='ltr'><strong><em>thmi</em></strong></span> <span class='ocrx_word' id='word_1_677' title='bbox 2248 2664 2417 2731; x_wconf 88' lang='lat' dir='ltr'><strong><em>capite</em></strong></span> <span class='ocrx_word' id='word_1_678' title='bbox 2445 2665 2650 2722; x_wconf 91' lang='lat' dir='ltr'><strong><em>decimo</em></strong></span> <span class='ocrx_word' id='word_1_679' title='bbox 2675 2679 2883 2738; x_wconf 88' lang='lat' dir='ltr'><strong><em>quarto,</em></strong></span> <span class='ocrx_word' id='word_1_680' title='bbox 2918 2671 3004 2724; x_wconf 88' lang='lat' dir='ltr'><strong><em>ubi</em></strong></span> <span class='ocrx_word' id='word_1_681' title='bbox 3036 2674 3288 2729; x_wconf 85' lang='lat' dir='ltr'><strong><em>Dominus</em></strong></span> <span class='ocrx_word' id='word_1_682' title='bbox 3312 2692 3470 2746; x_wconf 87' lang='lat' dir='ltr'><strong><em>super</em></strong></span> <span class='ocrx_word' id='word_1_683' title='bbox 3519 2693 3688 2748; x_wconf 85' lang='lat' dir='ltr'><strong><em>aquas</em></strong></span> 
     </span>
    </p>
   </div>
   <div class='ocr_carea' id='block_1_88' title="bbox 2102 2751 3695 2824">
    <p class='ocr_par' dir='ltr' id='par_1_88' title="bbox 2102 2751 3695 2824">
     <span class='ocr_line' id='line_1_88' title="bbox 2102 2751 3695 2824; baseline 0.014 -23"><span class='ocrx_word' id='word_1_684' title='bbox 2102 2751 2432 2821; x_wconf 89' lang='lat' dir='ltr'><strong><em>ambulavit,</em></strong></span> <span class='ocrx_word' id='word_1_685' title='bbox 2477 2763 2531 2812; x_wconf 92' lang='lat' dir='ltr'><strong><em>et</em></strong></span> <span class='ocrx_word' id='word_1_686' title='bbox 2575 2757 2763 2814; x_wconf 83' lang='lat' dir='ltr'><strong><em>Petrus</em></strong></span> <span class='ocrx_word' id='word_1_687' title='bbox 2812 2761 3071 2815; x_wconf 83' lang='lat' dir='ltr'><strong><em>titubavit.</em></strong></span> <span class='ocrx_word' id='word_1_688' title='bbox 3119 2764 3432 2821; x_wconf 73' lang='lat' dir='ltr'><strong><em>Maximinus</em></strong></span> <span class='ocrx_word' id='word_1_689' title='bbox 3477 2770 3695 2824; x_wconf 66' lang='lat' dir='ltr'><strong><em>Arianae</em></strong></span> 
     </span>
    </p>
   </div>
   <div class='ocr_carea' id='block_1_89' title="bbox 2102 2847 3693 2929">
    <p class='ocr_par' dir='ltr' id='par_1_89' title="bbox 2102 2847 3693 2929">
     <span class='ocr_line' id='line_1_89' title="bbox 2102 2847 3693 2929; baseline 0.015 -35"><span class='ocrx_word' id='word_1_690' title='bbox 2102 2853 2260 2896; x_wconf 69' lang='lat' dir='ltr'><strong><em>scene</em></strong></span> <span class='ocrx_word' id='word_1_691' title='bbox 2290 2847 2587 2917; x_wconf 88' lang='lat' dir='ltr'><strong><em>cpiscopus,</em></strong></span> <span class='ocrx_word' id='word_1_692' title='bbox 2611 2851 2698 2920; x_wconf 90' lang='lat' dir='ltr'><strong><em>qui</em></strong></span> <span class='ocrx_word' id='word_1_693' title='bbox 2734 2852 2830 2906; x_wconf 88' lang='lat' dir='ltr'><strong><em>sub</em></strong></span> <span class='ocrx_word' id='word_1_694' title='bbox 2859 2853 2996 2908; x_wconf 89' lang='lat' dir='ltr'><strong><em>idem</em></strong></span> <span class='ocrx_word' id='word_1_695' title='bbox 3026 2863 3232 2925; x_wconf 86' lang='lat' dir='ltr'><strong><em>tempus</em></strong></span> <span class='ocrx_word' id='word_1_696' title='bbox 3261 2857 3561 2929; x_wconf 83' lang='lat' dir='ltr'><strong><em>Hipponem</em></strong></span> <span class='ocrx_word' id='word_1_697' title='bbox 3594 2878 3693 2917; x_wconf 85' lang='lat' dir='ltr'><strong><em>ve-</em></strong></span> 
     </span>
    </p>
   </div>
   <div class='ocr_carea' id='block_1_90' title="bbox 2101 2935 3690 3012">
    <p class='ocr_par' dir='ltr' id='par_1_90' title="bbox 2101 2935 3690 3012">
     <span class='ocr_line' id='line_1_90' title="bbox 2101 2935 3690 3012; baseline 0.014 -27"><span class='ocrx_word' id='word_1_698' title='bbox 2101 2935 2198 3000; x_wconf 90' lang='lat' dir='ltr'><strong><em>nit,</em></strong></span> <span class='ocrx_word' id='word_1_699' title='bbox 2229 2935 2485 3007; x_wconf 86' lang='lat' dir='ltr'><strong><em>principio</em></strong></span> <span class='ocrx_word' id='word_1_700' title='bbox 2529 2939 2842 3012; x_wconf 87' lang='lat' dir='ltr'><strong><em>disceplavit</em></strong></span> <span class='ocrx_word' id='word_1_701' title='bbox 2881 2961 2999 2999; x_wconf 92' lang='lat' dir='ltr'><strong><em>cum</em></strong></span> <span class='ocrx_word' id='word_1_702' title='bbox 3043 2947 3290 3002; x_wconf 84' lang='lat' dir='ltr'><strong><em>Heraclio</em></strong></span> <span class='ocrx_word' id='word_1_703' title='bbox 3335 2952 3444 3010; x_wconf 85' lang='lat' dir='ltr'><strong><em>sive</em></strong></span> <span class='ocrx_word' id='word_1_704' title='bbox 3478 2953 3690 3008; x_wconf 86' lang='lat' dir='ltr'><strong><em>Eraclio</em></strong></span> 
     </span>
    </p>
   </div>
   <div class='ocr_carea' id='block_1_91' title="bbox 2103 3026 3694 3111">
    <p class='ocr_par' dir='ltr' id='par_1_91' title="bbox 2103 3026 3694 3111">
     <span class='ocr_line' id='line_1_91' title="bbox 2103 3026 3694 3111; baseline 0.014 -35"><span class='ocrx_word' id='word_1_705' title='bbox 2103 3026 2449 3096; x_wconf 80' lang='lat' dir='ltr'><strong><em>presbytero,</em></strong></span> <span class='ocrx_word' id='word_1_706' title='bbox 2507 3047 2603 3101; x_wconf 90' lang='lat' dir='ltr'><strong><em>per</em></strong></span> <span class='ocrx_word' id='word_1_707' title='bbox 2658 3049 2814 3103; x_wconf 90' lang='lat' dir='ltr'><strong><em>quem</em></strong></span> <span class='ocrx_word' id='word_1_708' title='bbox 2860 3047 3040 3106; x_wconf 91' lang='lat' dir='ltr'><strong><em>postea</em></strong></span> <span class='ocrx_word' id='word_1_709' title='bbox 3082 3039 3196 3108; x_wconf 87' lang='lat' dir='ltr'><strong><em>ipse</em></strong></span> <span class='ocrx_word' id='word_1_710' title='bbox 3240 3042 3564 3111; x_wconf 86' lang='lat' dir='ltr'><strong><em>Augustinus</em></strong></span> <span class='ocrx_word' id='word_1_711' title='bbox 3594 3031 3694 3099; x_wconf 36' lang='lat' dir='ltr'><strong><em>&#39;ad</em></strong></span> 
     </span>
    </p>
   </div>
   <div class='ocr_carea' id='block_1_92' title="bbox 2100 3116 3696 3203">
    <p class='ocr_par' dir='ltr' id='par_1_92' title="bbox 2100 3116 3696 3203">
     <span class='ocr_line' id='line_1_92' title="bbox 2100 3116 3696 3203; baseline 0.011 -31"><span class='ocrx_word' id='word_1_712' title='bbox 2100 3116 2386 3174; x_wconf 89' lang='lat' dir='ltr'><strong><em>ineundum</em></strong></span> <span class='ocrx_word' id='word_1_713' title='bbox 2414 3137 2532 3177; x_wconf 93' lang='lat' dir='ltr'><strong><em>cum</em></strong></span> <span class='ocrx_word' id='word_1_714' title='bbox 2583 3125 2768 3180; x_wconf 89' lang='lat' dir='ltr'><strong><em>eodem</em></strong></span> <span class='ocrx_word' id='word_1_715' title='bbox 2818 3126 3070 3184; x_wconf 75' lang='lat' dir='ltr'><strong><em>bmretico</em></strong></span> <span class='ocrx_word' id='word_1_716' title='bbox 3106 3131 3421 3203; x_wconf 78' lang='lat' dir='ltr'><strong><em>colloquium</em></strong></span> <span class='ocrx_word' id='word_1_717' title='bbox 3468 3144 3696 3190; x_wconf 84' lang='lat' dir='ltr'><strong><em>vocatus</em></strong></span> 
     </span>
    </p>
   </div>
   <div class='ocr_carea' id='block_1_93' title="bbox 2100 3209 3103 3293">
    <p class='ocr_par' dir='ltr' id='par_1_93' title="bbox 2100 3209 3103 3293">
     <span class='ocr_line' id='line_1_93' title="bbox 2100 3209 3103 3293; baseline 0.012 -31"><span class='ocrx_word' id='word_1_718' title='bbox 2100 3218 2184 3263; x_wconf 85' lang='lat' dir='ltr'><strong><em>est</em></strong></span> <span class='ocrx_word' id='word_1_719' title='bbox 2210 3209 2430 3280; x_wconf 87' lang='lat' dir='ltr'><strong><em>(Collat.</em></strong></span> <span class='ocrx_word' id='word_1_720' title='bbox 2459 3229 2574 3268; x_wconf 87' lang='lat' dir='ltr'><strong><em>cmn</em></strong></span> <span class='ocrx_word' id='word_1_721' title='bbox 2595 3214 2901 3285; x_wconf 77' lang='lat' dir='ltr'><strong><em>Maximino,</em></strong></span> <span class='ocrx_word' id='word_1_722' title='bbox 2931 3235 2983 3272; x_wconf 92' lang='lat' dir='ltr'><strong><em>n.</em></strong></span> <span class='ocrx_word' id='word_1_723' title='bbox 3020 3217 3103 3293; x_wconf 78' lang='grc'><strong><em>1).</em></strong></span> 
     </span>
    </p>
   </div>
   <div class='ocr_carea' id='block_1_94' title="bbox 2169 3301 3693 3386">
    <p class='ocr_par' dir='ltr' id='par_1_94' title="bbox 2169 3301 3693 3386">
     <span class='ocr_line' id='line_1_94' title="bbox 2169 3301 3693 3386; baseline 0.012 -32"><span class='ocrx_word' id='word_1_724' title='bbox 2169 3301 2221 3354; x_wconf 76' lang='grc'><strong><em>4.</em></strong></span> <span class='ocrx_word' id='word_1_725' title='bbox 2251 3301 2394 3357; x_wconf 88' lang='lat' dir='ltr'><strong><em>Libri</em></strong></span> <span class='ocrx_word' id='word_1_726' title='bbox 2425 3304 2489 3358; x_wconf 91' lang='lat' dir='ltr'><strong><em>ad</em></strong></span> <span class='ocrx_word' id='word_1_727' title='bbox 2523 3307 2812 3362; x_wconf 88' lang='lat' dir='ltr'><strong><em>monachos</em></strong></span> <span class='ocrx_word' id='word_1_728' title='bbox 2839 3309 3214 3368; x_wconf 88' lang='lat' dir='ltr'><strong><em>Adrumetinos</em></strong></span> <span class='ocrx_word' id='word_1_729' title='bbox 3241 3329 3413 3385; x_wconf 87' lang='lat' dir='ltr'><strong><em>neque</em></strong></span> <span class='ocrx_word' id='word_1_730' title='bbox 3440 3325 3559 3386; x_wconf 88' lang='lat' dir='ltr'><strong><em>post</em></strong></span> <span class='ocrx_word' id='word_1_731' title='bbox 3586 3317 3693 3373; x_wconf 91' lang='lat' dir='ltr'><strong><em>hoc</em></strong></span> 
     </span>
    </p>
   </div>
   <div class='ocr_carea' id='block_1_95' title="bbox 2099 3400 3692 3477">
    <p class='ocr_par' dir='ltr' id='par_1_95' title="bbox 2099 3400 3692 3477">
     <span class='ocr_line' id='line_1_95' title="bbox 2099 3400 3692 3477; baseline 0.011 -31"><span class='ocrx_word' id='word_1_732' title='bbox 2099 3400 2328 3462; x_wconf 89' lang='lat' dir='ltr'><strong><em>tempus,</em></strong></span> <span class='ocrx_word' id='word_1_733' title='bbox 2348 3411 2519 3466; x_wconf 89' lang='lat' dir='ltr'><strong><em>neque</em></strong></span> <span class='ocrx_word' id='word_1_734' title='bbox 2546 3407 2670 3453; x_wconf 88' lang='lat' dir='ltr'><strong><em>ante</em></strong></span> <span class='ocrx_word' id='word_1_735' title='bbox 2700 3401 2983 3471; x_wconf 87' lang='lat' dir='ltr'><strong><em>conscripti</em></strong></span> <span class='ocrx_word' id='word_1_736' title='bbox 3004 3412 3128 3457; x_wconf 91' lang='lat' dir='ltr'><strong><em>sunt</em></strong></span> <span class='ocrx_word' id='word_1_737' title='bbox 3151 3423 3162 3456; x_wconf 90' lang='lat'><strong>:</strong></span> <span class='ocrx_word' id='word_1_738' title='bbox 3187 3406 3611 3477; x_wconf 80' lang='lat' dir='ltr'><strong><em>quandoquidem</em></strong></span> <span class='ocrx_word' id='word_1_739' title='bbox 3633 3407 3692 3464; x_wconf 89' lang='lat' dir='ltr'><strong><em>in</em></strong></span> 
     </span>
    </p>
   </div>
   <div class='ocr_carea' id='block_1_96' title="bbox 2097 3479 3692 3566">
    <p class='ocr_par' dir='ltr' id='par_1_96' title="bbox 2097 3479 3692 3566">
     <span class='ocr_line' id='line_1_96' title="bbox 2097 3479 3692 3566; baseline 0.011 -30"><span class='ocrx_word' id='word_1_740' title='bbox 2097 3479 2578 3543; x_wconf 82' lang='lat' dir='ltr'><strong><em>Retractationihus</em></strong></span> <span class='ocrx_word' id='word_1_741' title='bbox 2603 3489 2741 3545; x_wconf 90' lang='lat' dir='ltr'><strong><em>circa</em></strong></span> <span class='ocrx_word' id='word_1_742' title='bbox 2772 3506 2969 3546; x_wconf 89' lang='lat' dir='ltr'><strong><em>annum</em></strong></span> <span class='ocrx_word' id='word_1_743' title='bbox 3003 3494 3579 3566; x_wconf 85' lang='lat' dir='ltr'><strong><em>quadringentesimum</em></strong></span> <span class='ocrx_word' id='word_1_744' title='bbox 3607 3498 3692 3552; x_wconf 85' lang='lat' dir='ltr'><strong><em>vi-</em></strong></span> 
     </span>
    </p>
   </div>
   <div class='ocr_carea' id='block_1_97' title="bbox 2095 3574 3694 3656">
    <p class='ocr_par' dir='ltr' id='par_1_97' title="bbox 2095 3574 3694 3656">
     <span class='ocr_line' id='line_1_97' title="bbox 2095 3574 3694 3656; baseline 0.009 -28"><span class='ocrx_word' id='word_1_745' title='bbox 2095 3574 2355 3644; x_wconf 87' lang='lat' dir='ltr'><strong><em>gesimum</em></strong></span> <span class='ocrx_word' id='word_1_746' title='bbox 2383 3577 2666 3647; x_wconf 90' lang='lat' dir='ltr'><strong><em>septimum</em></strong></span> <span class='ocrx_word' id='word_1_747' title='bbox 2701 3581 2856 3635; x_wconf 91' lang='lat' dir='ltr'><strong><em>editis</em></strong></span> <span class='ocrx_word' id='word_1_748' title='bbox 2883 3583 3428 3656; x_wconf 89' lang='lat' dir='ltr'><strong><em>comprehenduntur,</em></strong></span> <span class='ocrx_word' id='word_1_749' title='bbox 3475 3603 3574 3643; x_wconf 89' lang='lat' dir='ltr'><strong><em>nec</em></strong></span> <span class='ocrx_word' id='word_1_750' title='bbox 3607 3599 3694 3642; x_wconf 85' lang='lat' dir='ltr'><strong><em>ta-</em></strong></span> 
     </span>
    </p>
   </div>
   <div class='ocr_carea' id='block_1_98' title="bbox 2095 3669 3692 3750">
    <p class='ocr_par' dir='ltr' id='par_1_98' title="bbox 2095 3669 3692 3750">
     <span class='ocr_line' id='line_1_98' title="bbox 2095 3669 3692 3750; baseline 0.008 -29"><span class='ocrx_word' id='word_1_751' title='bbox 2095 3683 2218 3722; x_wconf 91' lang='lat' dir='ltr'><strong><em>men</em></strong></span> <span class='ocrx_word' id='word_1_752' title='bbox 2244 3669 2313 3723; x_wconf 92' lang='lat' dir='ltr'><strong><em>ibi</em></strong></span> <span class='ocrx_word' id='word_1_753' title='bbox 2333 3670 2433 3724; x_wconf 91' lang='lat' dir='ltr'><strong><em>nisi</em></strong></span> <span class='ocrx_word' id='word_1_754' title='bbox 2459 3671 2701 3727; x_wconf 91' lang='lat' dir='ltr'><strong><em>ultimum</em></strong></span> <span class='ocrx_word' id='word_1_755' title='bbox 2724 3674 2896 3728; x_wconf 89' lang='lat' dir='ltr'><strong><em>locum</em></strong></span> <span class='ocrx_word' id='word_1_756' title='bbox 2923 3685 3200 3746; x_wconf 89' lang='lat' dir='ltr'><strong><em>occupant.</em></strong></span> <span class='ocrx_word' id='word_1_757' title='bbox 3224 3677 3351 3733; x_wconf 87' lang='lat' dir='ltr'><strong><em>Erat</em></strong></span> <span class='ocrx_word' id='word_1_758' title='bbox 3370 3694 3529 3748; x_wconf 90' lang='lat' dir='ltr'><strong><em>porro</em></strong></span> <span class='ocrx_word' id='word_1_759' title='bbox 3548 3679 3692 3750; x_wconf 88' lang='lat' dir='ltr'><strong><em>apud</em></strong></span> 
     </span>
    </p>
   </div>
   <div class='ocr_carea' id='block_1_99' title="bbox 2095 3757 3691 3839">
    <p class='ocr_par' dir='ltr' id='par_1_99' title="bbox 2095 3757 3691 3839">
     <span class='ocr_line' id='line_1_99' title="bbox 2095 3757 3691 3839; baseline 0.009 -29"><span class='ocrx_word' id='word_1_760' title='bbox 2095 3757 2441 3813; x_wconf 86' lang='lat' dir='ltr'><strong><em>Adrumetum</em></strong></span> <span class='ocrx_word' id='word_1_761' title='bbox 2467 3802 2482 3826; x_wconf 93' lang='lat'><strong><em>,</em></strong></span> <span class='ocrx_word' id='word_1_762' title='bbox 2513 3763 2780 3818; x_wconf 88' lang='lat' dir='ltr'><strong><em>civitatem</em></strong></span> <span class='ocrx_word' id='word_1_763' title='bbox 2825 3765 2878 3820; x_wconf 92' lang='lat' dir='ltr'><strong><em>in</em></strong></span> <span class='ocrx_word' id='word_1_764' title='bbox 2923 3766 3180 3822; x_wconf 82' lang='lat' dir='ltr'><strong><em>Bizacena</em></strong></span> <span class='ocrx_word' id='word_1_765' title='bbox 3227 3770 3496 3839; x_wconf 88' lang='lat' dir='ltr'><strong><em>provincia</em></strong></span> <span class='ocrx_word' id='word_1_766' title='bbox 3544 3772 3691 3825; x_wconf 84' lang='lat' dir='ltr'><strong><em>cele—</em></strong></span> 
     </span>
    </p>
   </div>
   <div class='ocr_carea' id='block_1_100' title="bbox 2095 3849 3694 3934">
    <p class='ocr_par' dir='ltr' id='par_1_100' title="bbox 2095 3849 3694 3934">
     <span class='ocr_line' id='line_1_100' title="bbox 2095 3849 3694 3934; baseline 0.01 -31"><span class='ocrx_word' id='word_1_767' title='bbox 2095 3849 2263 3914; x_wconf 90' lang='lat' dir='ltr'><strong><em>brem,</em></strong></span> <span class='ocrx_word' id='word_1_768' title='bbox 2297 3854 2678 3909; x_wconf 90' lang='lat' dir='ltr'><strong><em>monachorum</em></strong></span> <span class='ocrx_word' id='word_1_769' title='bbox 2707 3860 3071 3929; x_wconf 85' lang='lat' dir='ltr'><strong><em>congregatio,</em></strong></span> <span class='ocrx_word' id='word_1_770' title='bbox 3099 3861 3183 3916; x_wconf 91' lang='lat' dir='ltr'><strong><em>cui</em></strong></span> <span class='ocrx_word' id='word_1_771' title='bbox 3209 3870 3333 3917; x_wconf 90' lang='lat' dir='ltr'><strong><em>tunc</em></strong></span> <span class='ocrx_word' id='word_1_772' title='bbox 3359 3863 3522 3918; x_wconf 91' lang='lat' dir='ltr'><strong><em>abbas</em></strong></span> <span class='ocrx_word' id='word_1_773' title='bbox 3551 3880 3694 3934; x_wconf 72' lang='lat' dir='ltr'><strong><em>prae-</em></strong></span> 
     </span>
    </p>
   </div>
   <div class='ocr_carea' id='block_1_101' title="bbox 2093 3941 3692 4023">
    <p class='ocr_par' dir='ltr' id='par_1_101' title="bbox 2093 3941 3692 4023">
     <span class='ocr_line' id='line_1_101' title="bbox 2093 3941 3692 4023; baseline 0.011 -27"><span class='ocrx_word' id='word_1_774' title='bbox 2093 3951 2208 3996; x_wconf 88' lang='lat' dir='ltr'><strong><em>erat</em></strong></span> <span class='ocrx_word' id='word_1_775' title='bbox 2234 3941 2563 3999; x_wconf 79' lang='lat' dir='ltr'><strong><em>Valentinus.</em></strong></span> <span class='ocrx_word' id='word_1_776' title='bbox 2592 3946 2724 4002; x_wconf 90' lang='lat' dir='ltr'><strong><em>Cum</em></strong></span> <span class='ocrx_word' id='word_1_777' title='bbox 2747 3964 2815 4003; x_wconf 79' lang='lat' dir='ltr'><strong><em>ex</em></strong></span> <span class='ocrx_word' id='word_1_778' title='bbox 2835 3954 2951 4019; x_wconf 87' lang='lat' dir='ltr'><strong><em>ejus</em></strong></span> <span class='ocrx_word' id='word_1_779' title='bbox 2976 3951 3203 4007; x_wconf 89' lang='lat' dir='ltr'><strong><em>alumnis</em></strong></span> <span class='ocrx_word' id='word_1_780' title='bbox 3229 3953 3441 4023; x_wconf 90' lang='lat' dir='ltr'><strong><em>quidam</em></strong></span> <span class='ocrx_word' id='word_1_781' title='bbox 3468 3957 3692 4013; x_wconf 82' lang='lat' dir='ltr'><strong><em>nomine</em></strong></span> 
     </span>
    </p>
   </div>
   <div class='ocr_carea' id='block_1_102' title="bbox 2094 4033 3685 4118">
    <p class='ocr_par' dir='ltr' id='par_1_102' title="bbox 2094 4033 3685 4118">
     <span class='ocr_line' id='line_1_102' title="bbox 2094 4033 3685 4118; baseline 0.01 -30"><span class='ocrx_word' id='word_1_782' title='bbox 2094 4033 2283 4089; x_wconf 87' lang='lat' dir='ltr'><strong><em>Florus</em></strong></span> <span class='ocrx_word' id='word_1_783' title='bbox 2305 4078 2319 4104; x_wconf 94' lang='lat'><strong><em>,</em></strong></span> <span class='ocrx_word' id='word_1_784' title='bbox 2357 4037 2421 4092; x_wconf 85' lang='lat' dir='ltr'><strong><em>ad</em></strong></span> <span class='ocrx_word' id='word_1_785' title='bbox 2459 4038 2643 4094; x_wconf 87' lang='lat' dir='ltr'><strong><em>urbem</em></strong></span> <span class='ocrx_word' id='word_1_786' title='bbox 2674 4040 3011 4108; x_wconf 87' lang='lat' dir='ltr'><strong><em>Uzalensem,</em></strong></span> <span class='ocrx_word' id='word_1_787' title='bbox 3035 4061 3152 4114; x_wconf 73' lang='lat' dir='ltr'><strong><em>qua:</em></strong></span> <span class='ocrx_word' id='word_1_788' title='bbox 3181 4047 3344 4116; x_wconf 89' lang='lat' dir='ltr'><strong><em>patria</em></strong></span> <span class='ocrx_word' id='word_1_789' title='bbox 3382 4047 3543 4118; x_wconf 88' lang='lat' dir='ltr'><strong><em>ipsius</em></strong></span> <span class='ocrx_word' id='word_1_790' title='bbox 3565 4047 3685 4116; x_wconf 79' lang='lat' dir='ltr'><strong><em>fuit,</em></strong></span> 
     </span>
    </p>
   </div>
   <div class='ocr_carea' id='block_1_103' title="bbox 2093 4129 3690 4208">
    <p class='ocr_par' dir='ltr' id='par_1_103' title="bbox 2093 4129 3690 4208">
     <span class='ocr_line' id='line_1_103' title="bbox 2093 4129 3690 4208; baseline 0.009 -28"><span class='ocrx_word' id='word_1_791' title='bbox 2093 4142 2192 4180; x_wconf 91' lang='lat' dir='ltr'><strong><em>una</em></strong></span> <span class='ocrx_word' id='word_1_792' title='bbox 2223 4142 2341 4182; x_wconf 90' lang='lat' dir='ltr'><strong><em>cum</em></strong></span> <span class='ocrx_word' id='word_1_793' title='bbox 2373 4129 2554 4185; x_wconf 89' lang='lat' dir='ltr'><strong><em>Felice</em></strong></span> <span class='ocrx_word' id='word_1_794' title='bbox 2579 4131 2942 4189; x_wconf 74' lang='lat' dir='ltr'><strong><em>Adrumetinze</em></strong></span> <span class='ocrx_word' id='word_1_795' title='bbox 2971 4136 3095 4190; x_wconf 91' lang='lat' dir='ltr'><strong><em>item</em></strong></span> <span class='ocrx_word' id='word_1_796' title='bbox 3121 4138 3547 4208; x_wconf 86' lang='lat' dir='ltr'><strong><em>congregationis</em></strong></span> <span class='ocrx_word' id='word_1_797' title='bbox 3570 4154 3690 4194; x_wconf 83' lang='lat' dir='ltr'><strong><em>mo-</em></strong></span> 
     </span>
    </p>
   </div>
   <div class='ocr_carea' id='block_1_104' title="bbox 2091 4219 3682 4298">
    <p class='ocr_par' dir='ltr' id='par_1_104' title="bbox 2091 4219 3682 4298">
     <span class='ocr_line' id='line_1_104' title="bbox 2091 4219 3682 4298; baseline 0.009 -27"><span class='ocrx_word' id='word_1_798' title='bbox 2091 4219 2261 4274; x_wconf 90' lang='lat' dir='ltr'><strong><em>nacho</em></strong></span> <span class='ocrx_word' id='word_1_799' title='bbox 2283 4221 2532 4283; x_wconf 88' lang='lat' dir='ltr'><strong><em>venisset,</em></strong></span> <span class='ocrx_word' id='word_1_800' title='bbox 2559 4222 2604 4275; x_wconf 90' lang='lat' dir='ltr'><strong><em>is</em></strong></span> <span class='ocrx_word' id='word_1_801' title='bbox 2630 4233 2892 4292; x_wconf 84' lang='lat' dir='ltr'><strong><em>repertam</em></strong></span> <span class='ocrx_word' id='word_1_802' title='bbox 2935 4227 3042 4281; x_wconf 91' lang='lat' dir='ltr'><strong><em>illic</em></strong></span> <span class='ocrx_word' id='word_1_803' title='bbox 3068 4229 3348 4298; x_wconf 88' lang='lat' dir='ltr'><strong><em>Augustini</em></strong></span> <span class='ocrx_word' id='word_1_804' title='bbox 3378 4230 3442 4284; x_wconf 92' lang='lat' dir='ltr'><strong><em>ad</em></strong></span> <span class='ocrx_word' id='word_1_805' title='bbox 3471 4231 3682 4286; x_wconf 83' lang='lat' dir='ltr'><strong><em>Sixtum</em></strong></span> 
     </span>
    </p>
   </div>
   <div class='ocr_carea' id='block_1_105' title="bbox 2091 4309 3685 4390">
    <p class='ocr_par' dir='ltr' id='par_1_105' title="bbox 2091 4309 3685 4390">
     <span class='ocr_line' id='line_1_105' title="bbox 2091 4309 3685 4390; baseline 0.011 -28"><span class='ocrx_word' id='word_1_806' title='bbox 2091 4309 2365 4377; x_wconf 87' lang='lat' dir='ltr'><strong><em>epistolam</em></strong></span> <span class='ocrx_word' id='word_1_807' title='bbox 2396 4311 2587 4383; x_wconf 80' lang='lat' dir='ltr'><strong><em>(Epist.</em></strong></span> <span class='ocrx_word' id='word_1_808' title='bbox 2621 4315 2773 4386; x_wconf 67' lang='lat' dir='ltr'><strong><em>till),</em></strong></span> <span class='ocrx_word' id='word_1_809' title='bbox 2823 4317 3056 4374; x_wconf 89' lang='lat' dir='ltr'><strong><em>dictante</em></strong></span> <span class='ocrx_word' id='word_1_810' title='bbox 3081 4319 3269 4375; x_wconf 91' lang='lat' dir='ltr'><strong><em>eodem</em></strong></span> <span class='ocrx_word' id='word_1_811' title='bbox 3301 4320 3496 4390; x_wconf 88' lang='lat' dir='ltr'><strong><em>Felice,</em></strong></span> <span class='ocrx_word' id='word_1_812' title='bbox 3537 4333 3685 4378; x_wconf 87' lang='lat' dir='ltr'><strong><em>tran-</em></strong></span> 
     </span>
    </p>
   </div>
   <div class='ocr_carea' id='block_1_106' title="bbox 2091 4401 3685 4485">
    <p class='ocr_par' dir='ltr' id='par_1_106' title="bbox 2091 4401 3685 4485">
     <span class='ocr_line' id='line_1_106' title="bbox 2091 4401 3685 4485; baseline 0.011 -33"><span class='ocrx_word' id='word_1_813' title='bbox 2091 4401 2298 4469; x_wconf 88' lang='lat' dir='ltr'><strong><em>scripsit</em></strong></span> <span class='ocrx_word' id='word_1_814' title='bbox 2336 4402 2512 4473; x_wconf 79' lang='lat' dir='ltr'><strong><em>(Apud</em></strong></span> <span class='ocrx_word' id='word_1_815' title='bbox 2555 4404 2910 4476; x_wconf 81' lang='lat' dir='ltr'><strong><em>Augustinum,</em></strong></span> <span class='ocrx_word' id='word_1_816' title='bbox 2935 4407 3095 4478; x_wconf 83' lang='lat' dir='ltr'><strong><em>Epist.</em></strong></span> <span class='ocrx_word' id='word_1_817' title='bbox 3145 4409 3270 4476; x_wconf 76' lang='lat'><strong><em>216,</em></strong></span> <span class='ocrx_word' id='word_1_818' title='bbox 3314 4429 3365 4465; x_wconf 83' lang='grc' dir='ltr'><strong><em>η.</em></strong></span> <span class='ocrx_word' id='word_1_819' title='bbox 3411 4413 3486 4485; x_wconf 76' lang='grc'><strong><em>2).</em></strong></span> <span class='ocrx_word' id='word_1_820' title='bbox 3535 4413 3685 4470; x_wconf 84' lang='lat' dir='ltr'><strong><em>Hanc</em></strong></span> 
     </span>
    </p>
   </div>
   <div class='ocr_carea' id='block_1_107' title="bbox 2089 4495 3680 4567">
    <p class='ocr_par' dir='ltr' id='par_1_107' title="bbox 2089 4495 3680 4567">
     <span class='ocr_line' id='line_1_107' title="bbox 2089 4495 3680 4567; baseline 0.012 -23"><span class='ocrx_word' id='word_1_821' title='bbox 2089 4506 2234 4557; x_wconf 86' lang='lat' dir='ltr'><strong><em>vero,</em></strong></span> <span class='ocrx_word' id='word_1_822' title='bbox 2253 4507 2372 4547; x_wconf 90' lang='lat' dir='ltr'><strong><em>cum</em></strong></span> <span class='ocrx_word' id='word_1_823' title='bbox 2396 4495 2740 4551; x_wconf 90' lang='lat' dir='ltr'><strong><em>Adrumetum</em></strong></span> <span class='ocrx_word' id='word_1_824' title='bbox 2763 4499 2917 4553; x_wconf 89' lang='lat' dir='ltr'><strong><em>allata</em></strong></span> <span class='ocrx_word' id='word_1_825' title='bbox 2949 4511 3109 4567; x_wconf 89' lang='lat' dir='ltr'><strong><em>esset,</em></strong></span> <span class='ocrx_word' id='word_1_826' title='bbox 3136 4503 3188 4557; x_wconf 90' lang='lat' dir='ltr'><strong><em>in</em></strong></span> <span class='ocrx_word' id='word_1_827' title='bbox 3211 4503 3436 4559; x_wconf 90' lang='lat' dir='ltr'><strong><em>alienum</em></strong></span> <span class='ocrx_word' id='word_1_828' title='bbox 3461 4522 3680 4563; x_wconf 90' lang='lat' dir='ltr'><strong><em>sensum</em></strong></span> 
     </span>
    </p>
   </div>
   <div class='ocr_carea' id='block_1_108' title="bbox 2089 4588 3681 4659">
    <p class='ocr_par' dir='ltr' id='par_1_108' title="bbox 2089 4588 3681 4659">
     <span class='ocr_line' id='line_1_108' title="bbox 2089 4588 3681 4659; baseline 0.011 -25"><span class='ocrx_word' id='word_1_829' title='bbox 2089 4592 2378 4652; x_wconf 89' lang='lat' dir='ltr'><strong><em>rapuerunt</em></strong></span> <span class='ocrx_word' id='word_1_830' title='bbox 2407 4588 2644 4640; x_wconf 84' lang='lat' dir='ltr'><strong><em>nonnulli</em></strong></span> <span class='ocrx_word' id='word_1_831' title='bbox 2672 4629 2686 4652; x_wconf 97' lang='lat'><strong><em>,</em></strong></span> <span class='ocrx_word' id='word_1_832' title='bbox 2715 4591 2950 4659; x_wconf 90' lang='lat' dir='ltr'><strong><em>quinque</em></strong></span> <span class='ocrx_word' id='word_1_833' title='bbox 2996 4591 3214 4646; x_wconf 82' lang='lat' dir='ltr'><strong><em>forsitan</em></strong></span> <span class='ocrx_word' id='word_1_834' title='bbox 3247 4603 3337 4649; x_wconf 88' lang='lat' dir='ltr'><strong><em>aut</em></strong></span> <span class='ocrx_word' id='word_1_835' title='bbox 3365 4611 3467 4649; x_wconf 92' lang='lat' dir='ltr'><strong><em>non</em></strong></span> <span class='ocrx_word' id='word_1_836' title='bbox 3508 4597 3681 4652; x_wconf 90' lang='lat' dir='ltr'><strong><em>multo</em></strong></span> 
     </span>
    </p>
   </div>
   <div class='ocr_carea' id='block_1_109' title="bbox 2087 4673 3681 4756">
    <p class='ocr_par' dir='ltr' id='par_1_109' title="bbox 2087 4673 3681 4756">
     <span class='ocr_line' id='line_1_109' title="bbox 2087 4673 3681 4756; baseline 0.011 -32"><span class='ocrx_word' id='word_1_837' title='bbox 2087 4673 2268 4742; x_wconf 87' lang='lat' dir='ltr'><strong><em>plures</em></strong></span> <span class='ocrx_word' id='word_1_838' title='bbox 2297 4677 2576 4741; x_wconf 90' lang='lat' dir='ltr'><strong><em>monachi,</em></strong></span> <span class='ocrx_word' id='word_1_839' title='bbox 2608 4679 2696 4747; x_wconf 91' lang='lat' dir='ltr'><strong><em>qui</em></strong></span> <span class='ocrx_word' id='word_1_840' title='bbox 2725 4679 2792 4732; x_wconf 90' lang='lat' dir='ltr'><strong><em>ab</em></strong></span> <span class='ocrx_word' id='word_1_841' title='bbox 2819 4682 2978 4735; x_wconf 88' lang='lat' dir='ltr'><strong><em>sociis</em></strong></span> <span class='ocrx_word' id='word_1_842' title='bbox 3002 4682 3110 4736; x_wconf 88' lang='lat' dir='ltr'><strong><em>suis</em></strong></span> <span class='ocrx_word' id='word_1_843' title='bbox 3131 4724 3146 4749; x_wconf 98' lang='lat'><strong><em>,</em></strong></span> <span class='ocrx_word' id='word_1_844' title='bbox 3178 4699 3311 4754; x_wconf 90' lang='lat' dir='ltr'><strong><em>quos</em></strong></span> <span class='ocrx_word' id='word_1_845' title='bbox 3337 4687 3532 4741; x_wconf 89' lang='lat' dir='ltr'><strong><em>rectius</em></strong></span> <span class='ocrx_word' id='word_1_846' title='bbox 3561 4689 3681 4756; x_wconf 88' lang='lat' dir='ltr'><strong><em>epi-</em></strong></span> 
     </span>
    </p>
   </div>
   <div class='ocr_carea' id='block_1_110' title="bbox 2089 4765 3678 4838">
    <p class='ocr_par' dir='ltr' id='par_1_110' title="bbox 2089 4765 3678 4838">
     <span class='ocr_line' id='line_1_110' title="bbox 2089 4765 3678 4838; baseline 0.01 -20"><span class='ocrx_word' id='word_1_847' title='bbox 2089 4765 2275 4819; x_wconf 90' lang='lat' dir='ltr'><strong><em>stolam</em></strong></span> <span class='ocrx_word' id='word_1_848' title='bbox 2323 4767 2624 4838; x_wconf 83' lang='lat' dir='ltr'><strong><em>intelligere</em></strong></span> <span class='ocrx_word' id='word_1_849' title='bbox 2669 4780 2871 4825; x_wconf 90' lang='lat' dir='ltr'><strong><em>certum</em></strong></span> <span class='ocrx_word' id='word_1_850' title='bbox 2903 4783 3036 4837; x_wconf 91' lang='lat' dir='ltr'><strong><em>erat,</em></strong></span> <span class='ocrx_word' id='word_1_851' title='bbox 3062 4777 3452 4832; x_wconf 88' lang='lat' dir='ltr'><strong><em>contendebant</em></strong></span> <span class='ocrx_word' id='word_1_852' title='bbox 3478 4780 3547 4833; x_wconf 86' lang='lat' dir='ltr'><strong><em>ita</em></strong></span> <span class='ocrx_word' id='word_1_853' title='bbox 3577 4779 3678 4835; x_wconf 84' lang='lat' dir='ltr'><strong><em>de—</em></strong></span> 
     </span>
    </p>
   </div>
   <div class='ocr_carea' id='block_1_111' title="bbox 2089 4855 3680 4935">
    <p class='ocr_par' dir='ltr' id='par_1_111' title="bbox 2089 4855 3680 4935">
     <span class='ocr_line' id='line_1_111' title="bbox 2089 4855 3680 4935; baseline 0.011 -26"><span class='ocrx_word' id='word_1_854' title='bbox 2089 4855 2227 4910; x_wconf 78' lang='lat' dir='ltr'><strong><em>fendi</em></strong></span> <span class='ocrx_word' id='word_1_855' title='bbox 2258 4859 2499 4927; x_wconf 84' lang='lat' dir='ltr'><strong><em>gratiam,</em></strong></span> <span class='ocrx_word' id='word_1_856' title='bbox 2528 4870 2584 4913; x_wconf 90' lang='lat' dir='ltr'><strong><em>nt</em></strong></span> <span class='ocrx_word' id='word_1_857' title='bbox 2619 4861 2843 4916; x_wconf 90' lang='lat' dir='ltr'><strong><em>liberum</em></strong></span> <span class='ocrx_word' id='word_1_858' title='bbox 2891 4864 3166 4919; x_wconf 89' lang='lat' dir='ltr'><strong><em>arbitrium</em></strong></span> <span class='ocrx_word' id='word_1_859' title='bbox 3210 4866 3578 4935; x_wconf 90' lang='lat' dir='ltr'><strong><em>adimeretur;</em></strong></span> <span class='ocrx_word' id='word_1_860' title='bbox 3624 4880 3680 4926; x_wconf 89' lang='lat' dir='ltr'><strong><em>et</em></strong></span> 
     </span>
    </p>
   </div>
   <div class='ocr_carea' id='block_1_112' title="bbox 2087 4953 3675 5032">
    <p class='ocr_par' dir='ltr' id='par_1_112' title="bbox 2087 4953 3675 5032">
     <span class='ocr_line' id='line_1_112' title="bbox 2087 4953 3675 5032; baseline 0.011 -28"><span class='ocrx_word' id='word_1_861' title='bbox 2087 4964 2417 5021; x_wconf 88' lang='lat' dir='ltr'><strong><em>consequens</em></strong></span> <span class='ocrx_word' id='word_1_862' title='bbox 2444 4962 2606 5017; x_wconf 89' lang='lat' dir='ltr'><strong><em>esset,</em></strong></span> <span class='ocrx_word' id='word_1_863' title='bbox 2652 4953 2930 5010; x_wconf 88' lang='lat' dir='ltr'><strong><em>Dominum</em></strong></span> <span class='ocrx_word' id='word_1_864' title='bbox 2973 4958 3024 5011; x_wconf 93' lang='lat' dir='ltr'><strong><em>in</em></strong></span> <span class='ocrx_word' id='word_1_865' title='bbox 3065 4968 3303 5016; x_wconf 84' lang='lat' dir='ltr'><strong><em>extremo</em></strong></span> <span class='ocrx_word' id='word_1_866' title='bbox 3338 4961 3539 5032; x_wconf 89' lang='lat' dir='ltr'><strong><em>judicio</em></strong></span> <span class='ocrx_word' id='word_1_867' title='bbox 3568 4980 3675 5021; x_wconf 90' lang='lat' dir='ltr'><strong><em>non</em></strong></span> 
     </span>
    </p>
   </div>
   <div class='ocr_carea' id='block_1_113' title="bbox 2088 5042 3672 5128">
    <p class='ocr_par' dir='ltr' id='par_1_113' title="bbox 2088 5042 3672 5128">
     <span class='ocr_line' id='line_1_113' title="bbox 2088 5042 3672 5128; baseline 0.008 -32"><span class='ocrx_word' id='word_1_868' title='bbox 2088 5042 2414 5097; x_wconf 87' lang='lat' dir='ltr'><strong><em>redditurum</em></strong></span> <span class='ocrx_word' id='word_1_869' title='bbox 2473 5045 2756 5114; x_wconf 90' lang='lat' dir='ltr'><strong><em>unicuique</em></strong></span> <span class='ocrx_word' id='word_1_870' title='bbox 2806 5047 3094 5103; x_wconf 90' lang='lat' dir='ltr'><strong><em>secundum</em></strong></span> <span class='ocrx_word' id='word_1_871' title='bbox 3139 5045 3298 5121; x_wconf 82' lang='lat' dir='ltr'><strong><em>Opera</em></strong></span> <span class='ocrx_word' id='word_1_872' title='bbox 3327 5053 3443 5123; x_wconf 88' lang='lat' dir='ltr'><strong><em>ejus</em></strong></span> <span class='ocrx_word' id='word_1_873' title='bbox 3487 5053 3672 5128; x_wconf 90' lang='lat' dir='ltr'><strong><em>(Ibid.,</em></strong></span> 
     </span>
    </p>
   </div>
   <div class='ocr_carea' id='block_1_114' title="bbox 2087 5134 3672 5209">
    <p class='ocr_par' dir='ltr' id='par_1_114' title="bbox 2087 5134 3672 5209">
     <span class='ocr_line' id='line_1_114' title="bbox 2087 5134 3672 5209; baseline 0.012 -24"><span class='ocrx_word' id='word_1_874' title='bbox 2087 5150 2137 5186; x_wconf 88' lang='lat' dir='ltr'><strong><em>n.</em></strong></span> <span class='ocrx_word' id='word_1_875' title='bbox 2173 5135 2249 5205; x_wconf 81' lang='lat'><strong><em>3).</em></strong></span> <span class='ocrx_word' id='word_1_876' title='bbox 2304 5134 2707 5204; x_wconf 87' lang='lat' dir='ltr'><strong><em>Ingravescente</em></strong></span> <span class='ocrx_word' id='word_1_877' title='bbox 2738 5138 2788 5192; x_wconf 91' lang='lat' dir='ltr'><strong><em>in</em></strong></span> <span class='ocrx_word' id='word_1_878' title='bbox 2820 5139 2936 5194; x_wconf 89' lang='lat' dir='ltr'><strong><em>dies</em></strong></span> <span class='ocrx_word' id='word_1_879' title='bbox 2966 5140 3212 5209; x_wconf 91' lang='lat' dir='ltr'><strong><em>discidio,</em></strong></span> <span class='ocrx_word' id='word_1_880' title='bbox 3239 5159 3359 5200; x_wconf 91' lang='lat' dir='ltr'><strong><em>cum</em></strong></span> <span class='ocrx_word' id='word_1_881' title='bbox 3386 5145 3549 5203; x_wconf 90' lang='lat' dir='ltr'><strong><em>etiam</em></strong></span> <span class='ocrx_word' id='word_1_882' title='bbox 3572 5149 3672 5202; x_wconf 88' lang='lat' dir='ltr'><strong><em>im-</em></strong></span> 
     </span>
    </p>
   </div>
   <div class='ocr_carea' id='block_1_115' title="bbox 2087 5225 3668 5295">
    <p class='ocr_par' dir='ltr' id='par_1_115' title="bbox 2087 5225 3668 5295">
     <span class='ocr_line' id='line_1_115' title="bbox 2087 5225 3668 5295; baseline 0.009 -17"><span class='ocrx_word' id='word_1_883' title='bbox 2087 5225 2239 5295; x_wconf 89' lang='lat' dir='ltr'><strong><em>periti</em></strong></span> <span class='ocrx_word' id='word_1_884' title='bbox 2267 5225 2336 5278; x_wconf 91' lang='lat' dir='ltr'><strong><em>illi</em></strong></span> <span class='ocrx_word' id='word_1_885' title='bbox 2365 5225 2416 5278; x_wconf 90' lang='lat' dir='ltr'><strong><em>in</em></strong></span> <span class='ocrx_word' id='word_1_886' title='bbox 2461 5227 2748 5282; x_wconf 83' lang='lat' dir='ltr'><strong><em>monachos</em></strong></span> <span class='ocrx_word' id='word_1_887' title='bbox 2795 5229 3103 5287; x_wconf 84' lang='lat' dir='ltr'><strong><em>innocentes</em></strong></span> <span class='ocrx_word' id='word_1_888' title='bbox 3131 5233 3387 5290; x_wconf 83' lang='lat' dir='ltr'><strong><em>invidiam</em></strong></span> <span class='ocrx_word' id='word_1_889' title='bbox 3432 5253 3668 5293; x_wconf 86' lang='lat' dir='ltr'><strong><em>commo-</em></strong></span> 
     </span>
    </p>
   </div>
   <div class='ocr_carea' id='block_1_116' title="bbox 2086 5317 3668 5389">
    <p class='ocr_par' dir='ltr' id='par_1_116' title="bbox 2086 5317 3668 5389">
     <span class='ocr_line' id='line_1_116' title="bbox 2086 5317 3668 5389; baseline 0.011 -21"><span class='ocrx_word' id='word_1_890' title='bbox 2086 5324 2285 5378; x_wconf 85' lang='lat' dir='ltr'><strong><em>verent,</em></strong></span> <span class='ocrx_word' id='word_1_891' title='bbox 2320 5317 2794 5389; x_wconf 88' lang='lat' dir='ltr'><strong><em>perturbarentque</em></strong></span> <span class='ocrx_word' id='word_1_892' title='bbox 2837 5322 3014 5377; x_wconf 87' lang='lat' dir='ltr'><strong><em>omnia</em></strong></span> <span class='ocrx_word' id='word_1_893' title='bbox 3035 5364 3048 5388; x_wconf 89' lang='lat'><strong><em>,</em></strong></span> <span class='ocrx_word' id='word_1_894' title='bbox 3084 5334 3230 5380; x_wconf 89' lang='lat' dir='ltr'><strong><em>ratus</em></strong></span> <span class='ocrx_word' id='word_1_895' title='bbox 3258 5336 3342 5381; x_wconf 90' lang='lat' dir='ltr'><strong><em>est</em></strong></span> <span class='ocrx_word' id='word_1_896' title='bbox 3377 5328 3566 5384; x_wconf 90' lang='lat' dir='ltr'><strong><em>Florus</em></strong></span> <span class='ocrx_word' id='word_1_897' title='bbox 3588 5330 3668 5386; x_wconf 76' lang='lat' dir='ltr'><strong><em>of-</em></strong></span> 
     </span>
    </p>
   </div>
   <div class='ocr_carea' id='block_1_117' title="bbox 2088 5407 3672 5483">
    <p class='ocr_par' dir='ltr' id='par_1_117' title="bbox 2088 5407 3672 5483">
     <span class='ocr_line' id='line_1_117' title="bbox 2088 5407 3672 5483; baseline 0.01 -22"><span class='ocrx_word' id='word_1_898' title='bbox 2088 5407 2191 5462; x_wconf 84' lang='lat' dir='ltr'><strong><em>ﬁcii</em></strong></span> <span class='ocrx_word' id='word_1_899' title='bbox 2221 5408 2300 5462; x_wconf 92' lang='lat' dir='ltr'><strong><em>sui</em></strong></span> <span class='ocrx_word' id='word_1_900' title='bbox 2328 5423 2466 5474; x_wconf 89' lang='lat' dir='ltr'><strong><em>esse,</em></strong></span> <span class='ocrx_word' id='word_1_901' title='bbox 2496 5408 2652 5479; x_wconf 91' lang='lat' dir='ltr'><strong><em>hujus</em></strong></span> <span class='ocrx_word' id='word_1_902' title='bbox 2693 5411 2767 5466; x_wconf 88' lang='lat' dir='ltr'><strong><em>rei</em></strong></span> <span class='ocrx_word' id='word_1_903' title='bbox 2815 5413 3028 5468; x_wconf 88' lang='lat' dir='ltr'><strong><em>tandem</em></strong></span> <span class='ocrx_word' id='word_1_904' title='bbox 3057 5414 3395 5473; x_wconf 82' lang='lat' dir='ltr'><strong><em>Valentinum</em></strong></span> <span class='ocrx_word' id='word_1_905' title='bbox 3427 5419 3672 5483; x_wconf 85' lang='lat' dir='ltr'><strong><em>abbatem</em></strong></span> 
     </span>
    </p>
   </div>
   <div class='ocr_carea' id='block_1_118' title="bbox 2086 5499 3667 5582">
    <p class='ocr_par' dir='ltr' id='par_1_118' title="bbox 2086 5499 3667 5582">
     <span class='ocr_line' id='line_1_118' title="bbox 2086 5499 3667 5582; baseline 0.01 -29"><span class='ocrx_word' id='word_1_906' title='bbox 2086 5499 2390 5555; x_wconf 83' lang='lat' dir='ltr'><strong><em>admonere.</em></strong></span> <span class='ocrx_word' id='word_1_907' title='bbox 2427 5502 2521 5556; x_wconf 91' lang='lat' dir='ltr'><strong><em>llic</em></strong></span> <span class='ocrx_word' id='word_1_908' title='bbox 2565 5502 2841 5572; x_wconf 85' lang='lat' dir='ltr'><strong><em>epistolam</em></strong></span> <span class='ocrx_word' id='word_1_909' title='bbox 2888 5505 3028 5560; x_wconf 89' lang='lat' dir='ltr'><strong><em>illam</em></strong></span> <span class='ocrx_word' id='word_1_910' title='bbox 3059 5523 3184 5564; x_wconf 86' lang='lat' dir='ltr'><strong><em>vere</em></strong></span> <span class='ocrx_word' id='word_1_911' title='bbox 3221 5511 3496 5582; x_wconf 84' lang='lat' dir='ltr'><strong><em>Augustini</em></strong></span> <span class='ocrx_word' id='word_1_912' title='bbox 3525 5528 3667 5582; x_wconf 88' lang='lat' dir='ltr'><strong><em>esse,</em></strong></span> 
     </span>
    </p>
   </div>
   <div class='ocr_carea' id='block_1_119' title="bbox 2086 5595 3672 5666">
    <p class='ocr_par' dir='ltr' id='par_1_119' title="bbox 2086 5595 3672 5666">
     <span class='ocr_line' id='line_1_119' title="bbox 2086 5595 3672 5666; baseline 0.009 -18"><span class='ocrx_word' id='word_1_913' title='bbox 2086 5609 2250 5662; x_wconf 86' lang='lat' dir='ltr'><strong><em>eaque</em></strong></span> <span class='ocrx_word' id='word_1_914' title='bbox 2279 5609 2383 5647; x_wconf 90' lang='lat' dir='ltr'><strong><em>non</em></strong></span> <span class='ocrx_word' id='word_1_915' title='bbox 2424 5595 2578 5648; x_wconf 88' lang='lat' dir='ltr'><strong><em>aliam</em></strong></span> <span class='ocrx_word' id='word_1_916' title='bbox 2624 5611 2780 5666; x_wconf 89' lang='lat' dir='ltr'><strong><em>quam</em></strong></span> <span class='ocrx_word' id='word_1_917' title='bbox 2813 5598 3161 5656; x_wconf 82' lang='lat' dir='ltr'><strong><em>orthodoxam</em></strong></span> <span class='ocrx_word' id='word_1_918' title='bbox 3204 5603 3498 5661; x_wconf 89' lang='lat' dir='ltr'><strong><em>doctrinam</em></strong></span> <span class='ocrx_word' id='word_1_919' title='bbox 3531 5606 3672 5663; x_wconf 89' lang='lat' dir='ltr'><strong><em>tradi</em></strong></span> 
     </span>
    </p>
   </div>
   <div class='ocr_carea' id='block_1_120' title="bbox 2086 5684 3670 5766">
    <p class='ocr_par' dir='ltr' id='par_1_120' title="bbox 2086 5684 3670 5766">
     <span class='ocr_line' id='line_1_120' title="bbox 2086 5684 3670 5766; baseline 0.013 -27"><span class='ocrx_word' id='word_1_920' title='bbox 2086 5685 2302 5739; x_wconf 86' lang='lat' dir='ltr'><strong><em>minime</em></strong></span> <span class='ocrx_word' id='word_1_921' title='bbox 2326 5684 2572 5740; x_wconf 81' lang='lat' dir='ltr'><strong><em>dubitans</em></strong></span> <span class='ocrx_word' id='word_1_922' title='bbox 2599 5728 2612 5749; x_wconf 88' lang='lat'><strong><em>,</em></strong></span> <span class='ocrx_word' id='word_1_923' title='bbox 2637 5688 2870 5743; x_wconf 88' lang='lat' dir='ltr'><strong><em>animum</em></strong></span> <span class='ocrx_word' id='word_1_924' title='bbox 2900 5691 3105 5748; x_wconf 82' lang='lat' dir='ltr'><strong><em>induxit</em></strong></span> <span class='ocrx_word' id='word_1_925' title='bbox 3149 5710 3364 5764; x_wconf 88' lang='lat' dir='ltr'><strong><em>operam</em></strong></span> <span class='ocrx_word' id='word_1_926' title='bbox 3409 5699 3541 5758; x_wconf 90' lang='lat' dir='ltr'><strong><em>dare</em></strong></span> <span class='ocrx_word' id='word_1_927' title='bbox 3567 5746 3579 5766; x_wconf 88' lang='lat'><strong><em>,</em></strong></span> <span class='ocrx_word' id='word_1_928' title='bbox 3611 5712 3670 5759; x_wconf 87' lang='lat' dir='ltr'><strong><em>ut</em></strong></span> 
     </span>
    </p>
   </div>
   <div class='ocr_carea' id='block_1_121' title="bbox 2090 5779 3670 5864">
    <p class='ocr_par' dir='ltr' id='par_1_121' title="bbox 2090 5779 3670 5864">
     <span class='ocr_line' id='line_1_121' title="bbox 2090 5779 3670 5864; baseline 0.013 -27"><span class='ocrx_word' id='word_1_929' title='bbox 2090 5779 2278 5852; x_wconf 89' lang='lat' dir='ltr'><strong><em>impias</em></strong></span> <span class='ocrx_word' id='word_1_930' title='bbox 2305 5779 2424 5836; x_wconf 88' lang='lat' dir='ltr'><strong><em>illas</em></strong></span> <span class='ocrx_word' id='word_1_931' title='bbox 2449 5781 2764 5852; x_wconf 73' lang='lat' dir='ltr'><strong><em>quaestiones</em></strong></span> <span class='ocrx_word' id='word_1_932' title='bbox 2794 5783 2862 5842; x_wconf 88' lang='lat' dir='ltr'><strong><em>ab</em></strong></span> <span class='ocrx_word' id='word_1_933' title='bbox 2886 5783 3094 5844; x_wconf 85' lang='lat' dir='ltr'><strong><em>inscitia</em></strong></span> <span class='ocrx_word' id='word_1_934' title='bbox 3120 5792 3471 5864; x_wconf 85' lang='lat' dir='ltr'><strong><em>quorumdam</em></strong></span> <span class='ocrx_word' id='word_1_935' title='bbox 3499 5812 3528 5854; x_wconf 89' lang='lat' dir='ltr'><strong><em>e</em></strong></span> <span class='ocrx_word' id='word_1_936' title='bbox 3555 5798 3670 5858; x_wconf 78' lang='lat' dir='ltr'><strong><em>suis</em></strong></span> 
     </span>
    </p>
   </div>
  </div>
