4042 6360
264 301 398 362 διε
1665 297 1866 354 uasa

1982 297 2233 356 lTAVUS.

243 416 547 472 alumnis
574 414 842 487 profectas
865 411 1096 468 auferret
1123 409 1294 484 (Apud
1311 413 1442 482 Aug.
1463 409 1698 482 Ep.216,
1729 429 1781 465 η.
1807 413 1890 483 1):

266 523 542 579 eamque
561 508 630 563 ob
646 521 860 561 causam
892 503 1036 558 misit
1063 502 1128 557 ad
1152 502 1411 557 Evodium
1440 501 1748 558 Uzalensem
1784 502 1896 571 epi-

260 612 558 668 scopum,
578 597 719 653 illius
734 609 896 667 super
910 595 994 649 his
1007 592 1380 664 quaestionibus
1393 593 1643 662 rescripta
1657 591 1894 662 ﬂagitans

265 689 476 758 (lbm.
495 691 573 759 5).
593 689 691 745 Ubi
704 688 964 758 comperit
981 686 1360 749 Evodius,esse
1375 684 1510 739 inter
1521 684 1892 740 Adrumctinos

2003 413 2240 484 quinque
2269 408 2735 486 episcoporum‘ad
2763 418 3122 478 Innocentium
3153 425 3423 499 epistolas,
3450 447 3572 491 cum

2002 503 2169 558 tribus
2216 504 2456 574 ejusdem
2501 522 2650 578 papae
2697 513 3000 580 reSponsis;
3052 514 3302 584 epistolas
3364 536 3572 593 quoque

1997 593 2228 650 Africani
2254 600 2463 654 concilii
2486 600 2551 654 ad
2577 600 2868 670 Zosimum,
2897 614 2948 659 et
2978 605 3174 661 Zosimi
3201 609 3266 664 ad
3293 612 3570 671 universos

1999 685 2158 740 totius
2187 687 2331 742 orbis
2369 689 2677 760 episcopos;
2707 692 2934 763 denique
2968 697 3177 752 concilii
3223 701 3444 769 plenarii
3491 712 3569 760 to-

262 782 602 837 monachos
631 790 734 834 tam
755 779 1098 834 vehementes
1124 791 1284 848 super
1307 777 1470 848 gratia
1509 785 1561 830 et
1604 777 1770 831 libero
1806 792 1889 831 ar-

259 869 467 927 bitrio
498 873 582 928 vel
608 871 701 926 Dei
745 870 950 940 justitia
993 869 1389 936 contentiones,
1422 869 1720 938 rescripsit,
1748 869 1887 939 quod

262 963 387 1034 ipsi
446 963 687 1018 veritatis
733 960 1052 1031 indagationi
1097 959 1388 1023 studerent,
1434 959 1533 1013 sibi
1582 961 1787 1029 probari
1838 960 1888 1014 id

263 1053 543 1124 quidem,
572 1068 754 1108 verum
786 1051 1019 1106 studium
1045 1051 1466 1121 istud'oportere
1508 1050 1575 1103 al)
1607 1051 1887 1120 asperitate

262 1149 446 1203 omni
473 1158 528 1202 et
553 1146 898 1202 contentione
923 1159 1041 1200 esse
1065 1144 1329 1208 alienum;
1359 1160 1390 1199 e
1415 1144 1749 1198 contentione
1779 1153 1887 1198 tur-

264 1241 382 1296 bas
420 1239 604 1305 nasci,
632 1239 700 1294 ab
724 1252 908 1294 amore
927 1246 1102 1292 autem
1128 1236 1368 1290 veritatis
1391 1236 1635 1305 pietatem
1665 1236 1881 1304 requiri.

262 1331 427 1386 Dein
460 1330 568 1385 illis
594 1327 884 1385 secundum
919 1327 1197 1398 Augustini
1226 1325 1519 1380 doctrinam
1550 1325 1789 1394 exponit,
1822 1325 1888 1378 li-

264 1422 490 1478 berum
518 1421 798 1476 arbitrium
823 1434 944 1474 esse
970 1418 1184 1489 quidem
1215 1418 1266 1472 in
1297 1417 1540 1483 homine,
1582 1417 1676 1471 sed
1705 1431 1735 1470 a
1763 1431 1886 1485 per-

264 1521 506 1584 petrata
547 1511 739 1566 Adami
767 1509 924 1580 culpa
951 1509 1185 1564 saucium
1215 1517 1372 1578 atque
1401 1508 1668 1562 infirmum
1688 1549 1702 1573 ,
1729 1507 1882 1577 eique

261 1603 536 1659 sanando
574 1601 842 1658 Christum
886 1601 1213 1655 Salvatorern
1258 1599 1476 1654 missum
1516 1598 1698 1654 fuisse.
1747 1597 1880 1652 Tum

267 1693 494 1748 additis
525 1692 660 1747 hanc
691 1691 742 1745 in
772 1705 884 1745 rem
911 1690 1026 1744 aliis
1053 1688 1384 1743 documentis
1404 1729 1418 1750 ,
1462 1689 1580 1742 illos
1608 1687 1876 1754 admonet,

263 1784 318 1840 si
348 1783 584 1854 quando
615 1783 754 1837 inter
788 1780 1068 1852 legendum
1110 1780 1454 1834 illustriorum
1484 1780 1714 1833 virorum
1750 1779 1882 1834 scri-

264 1885 369 1946 pta
406 1875 654 1930 incidunt
678 1872 732 1928 in
759 1888 822 1928 ea
849 1887 967 1943 qua:
995 1871 1278 1926 difficulter
1304 1870 1617 1940 intelligant,
1649 1886 1752 1924 non
1781 1869 1878 1925 de-

264 1965 418 2021 bere
462 1966 610 2036 ipsos
653 1964 1044 2035 praecipitanter
1072 1963 1125 2016 in
1170 1978 1352 2017 eorum
1383 1961 1876 2016 condemnationem

266 2058 440 2122 ferri,
475 2056 570 2112 sed
592 2056 851 2122 oratione,
883 2063 940 2110 ut
963 2054 1146 2110 eadem
1176 2054 1260 2107 illa
1291 2061 1467 2108 mente
1496 2062 1862 2122 assequamur,

266 2146 651 2202 contendere?
680 2145 849 2218 (Tom.
878 2146 965 2214 10,
993 2145 1160 2217 Epist.
1195 2144 1393 2200 Valent.
1423 2147 1489 2198 ad
1511 2145 1664 2216 Aug.,
1687 2146 1738 2198 in
1767 2155 1872 2199 not.

267 2235 633 2310 Rescripsit.)

349 2335 415 2388 5.
455 2331 829 2404 lmperitorum
859 2330 1093 2402 querelis
1130 2345 1233 2386 nec
1274 2329 1458 2384 Evodii
1503 2331 1735 2401 episcopi
1786 2346 1874 2386 re-

269 2425 529 2495 sponsio,
561 2439 658 2478 nec
679 2423 839 2478 etiam
865 2438 895 2476 a
923 2421 1118 2477 Sabino
1159 2430 1341 2477 sancto
1381 2422 1610 2492 quodam
1654 2423 1874 2495 presby-

269 2524 404 2572 tero
430 2515 556 2570 data
606 2516 660 2569 in
704 2515 980 2585 epistolam
1007 2557 1022 2582 ,
1051 2515 1116 2570 de
1145 2530 1245 2584 qua
1270 2514 1682 2584 disceptabatur,
1715 2532 1876 2586 expo-

271 2610 412 2664 sitio
442 2608 699 2664 satisfecit
733 2607 922 2681 (Epist.
969 2608 1074 2664 216
1098 2649 1112 2676 ,
1160 2626 1212 2662 η.
1255 2606 1334 2680 '5).
1360 2609 1496 2663 Hinc
1523 2609 1872 2680 Augustinum

269 2700 577 2769 ipsummet
635 2715 936 2755 convenere
977 2700 1115 2767 duo,
1159 2699 1474 2756 Cresconius
1521 2703 1774 2758 duntaxat
1823 2714 1876 2760 et

270 2789 463 2856 Felix,
493 2790 627 2844 alius
666 2789 750 2844 hic
775 2790 987 2859 quidem
1027 2791 1094 2844 ab
1121 2805 1185 2845 eo
1222 2792 1310 2860 qui
1351 2791 1488 2845 Flori
1532 2807 1712 2848 comes
1736 2794 1874 2863 apud

273 2880 496 2936 Uzalim
535 2882 737 2946 fuerat;
783 2889 943 2951 atque
988 2882 1176 2935 horum
1215 2881 1440 2936 duorum
1486 2883 1718 2938 discessu
1746 2925 1758 2948 ,
1786 2882 1875 2939 alii

271 2970 516 3025 fratrum
559 2972 726 3042 quieti
769 2980 1158 3026 remanserunt.
1210 2972 1365 3042 Apud
1409 2982 1646 3040 sanctum
1681 2977 1873 3030 Docto-

274 3077 406 3118 rem
435 3065 713 3134 conquesti
757 3074 881 3118 sunt
909 3065 1012 3129 isti,
1045 3065 1266 3134 gratiam
1301 3065 1377 3120 sic
1401 3067 1675 3134 praedicari
1705 3086 1732 3122 a
1758 3070 1875 3139 qui-

273 3153 516 3208 busdam
547 3168 577 3208 e
603 3154 716 3208 suis
746 3154 1016 3220 fratribus,
1047 3162 1103 3207 ut
1131 3153 1198 3208 ab
1233 3155 1296 3208 iis
1324 3163 1378 3209 et
1408 3165 1628 3226 negetur
1651 3158 1900 3213 liberum»

275 3244 571 3298 arbitrium
595 3285 608 3309 ,
642 3253 694 3298 et
723 3243 1018 3299 aftirmetur
1047 3259 1142 3298 nos
1181 3260 1245 3300 ex
1275 3247 1470 3300 nostris
1512 3248 1759 3316 operibus
1783 3250 1872 3318 ju-

275 3334 553 3389 dicandos
578 3350 682 3390 non
710 3350 860 3390 esse:
891 3352 920 3390 a
952 3338 1185 3406 pluribus
1215 3345 1388 3392 tamen
1418 3339 1537 3394 aliis
1561 3355 1680 3394 cum
1706 3341 1873 3409 gratia

279 3424 524 3479 liberum
570 3426 843 3481 arbitrium
883 3428 1097 3496 agnosci
1143 3428 1318 3482 testati
1357 3437 1481 3484 sunt
1513 3429 1702 3500 (Epist.
1745 3431 1870 3499 2H,

279 3533 343 3570 η.
383 3515 458 3589 1).
484 3517 647 3572 [idem
682 3519 897 3588 insuper
929 3519 1170 3573 excitata:
1205 3519 1342 3588 apud
1369 3536 1428 3575 se
1465 3521 1875 3590 perturbationis

283 3624 505 3664 causam
529 3610 581 3664 in
611 3609 826 3665 Florum
858 3611 1244 3666 transferebant
1283 3611 1471 3682 (lbid.,
1499 3630 1552 3666 η.
1599 3614 1676 3684 6).
1717 3613 1874 3670 Suam

285 3702 450 3772 igitur
471 3701 537 3758 ad
567 3701 774 3757 Sixtum
807 3703 1084 3774 epistolam
1124 3704 1225 3758 illis
1249 3719 1431 3759 coram
1475 3706 1720 3775 exposuit
1762 3707 1872 3761 Au-

287 3795 534 3864 gustinus
560 3793 758 3867 (Epist.
781 3795 887 3850 2l5
913 3836 928 3863 ,
950 3812 1004 3849 n.
1047 3795 1120 3864 l),
1149 3811 1212 3850 ac
1232 3804 1484 3864 praeterea
1510 3798 1784 3868 epistolam
1809 3800 1875 3854 ad

287 3882 632 3939 Valentinum
660 3893 714 3940 et
737 3885 851 3955 ejus
889 3886 1312 3955 congregationis
1341 3887 1630 3943 monachos
1667 3889 1877 3959 scripsit

289 3974 345 4028 in
376 3975 593 4029 arduam
633 3976 778 4031 illam
826 3976 893 4030 de
917 3977 1188 4032 voluntate
1228 3985 1282 4032 et
1319 3979 1487 4047 gratia
1527 3979 1874 4048 quaestionem

288 4063 480 4134 (Ibid.,
503 4081 553 4118 η.
575 4062 656 4136 2).
687 4065 761 4120 lbi
791 4067 1038 4136 rogabat,
1067 4065 1167 4121 sibi
1202 4066 1338 4120 mitti
1377 4065 1610 4134 Florum,
1639 4069 1690 4122 id
1716 4070 1876 4124 nimi-

287 4168 409 4208 rum
437 4155 760 4225 conjectans,
786 4155 927 4226 quod
960 4171 1050 4212 res
1085 4165 1236 4223 erat,
1273 4158 1527 4213 adversus
1568 4160 1714 4214 illum
1757 4160 1877 4218 ideo

290 4247 603 4301 tumultuari
631 4247 944 4313 nonnullos,
978 4247 1119 4317 quod
1161 4263 1266 4302 non
1306 4249 1436 4304 satis
1471 4249 1538 4304 ab
1575 4249 1638 4304 iis
1680 4251 1873 4306 intelli-

287 4348 536 4408 geretur,
561 4355 683 4394 cum
711 4339 1078 4394 difficillimam
1108 4340 1453 4411 qumstionem
1493 4350 1547 4396 et
1583 4343 1764 4412 paucis
1798 4344 1876 4398 in-

290 4430 622 4499 telligibilem
663 4431 872 4487 solvere
911 4440 1069 4502 atque
1099 4432 1330 4488 enodare
1370 4442 1650 4488 conaretur
1683 4433 1872 4505 (Epist.

287 4519 416 4588 2H,
441 4539 492 4574 η.
517 4521 597 4593 6).
629 4522 919 4593 Epistolam
951 4522 1087 4579 hanc
1113 4523 1328 4578 tradidit
1347 4525 1620 4580 monachis
1645 4524 1870 4580 reditum

287 4613 600 4680 parantibus
631 4613 683 4668 in
713 4615 1094 4670 monasterium
1125 4630 1277 4669 suum
1301 4655 1317 4682 ,
1345 4615 1436 4670 ubi
1481 4615 1702 4682 Pascha,
1733 4617 1874 4688 quod

287 4703 393 4758 hoc
417 4719 558 4759 anno
596 4704 1117 4775 quadringentesimo
1145 4706 1401 4778 vigesimo
1429 4707 1654 4777 septimo
1680 4708 1732 4761 in
1762 4717 1872 4764 ter-

293 4794 424 4848 tium
457 4810 624 4850 nonas
651 4796 845 4865 apriles
883 4797 1183 4863 incidebat,
1212 4797 1528 4852 celebraturi
1571 4805 1739 4852 erant.
1775 4799 1874 4854 Ve-

284 4899 402 4939 rum
430 4886 513 4939 vel
544 4885 813 4955 quidpiam
854 4902 921 4941 ne
952 4888 1416 4956 proficiscerentur
1442 4889 1764 4956 intercessit,
1791 4891 1870 4946 vel

283 4974 404 5030 illos
430 4975 758 5044 Augustinus
795 4975 1067 5047 aliquanto
1095 4977 1292 5032 diutius
1331 4979 1400 5033 ob
1442 4978 1495 5033 id
1536 4979 1707 5034 solum
1735 4982 1872 5049 apud

281 5081 339 5121 se
383 5067 588 5132 tenuit,
621 5075 680 5122 ut
714 5077 897 5123 contra
939 5084 1129 5124 novam
1179 5069 1422 5126 hieresim
1471 5072 1869 5143 Pelagianorum

284 5157 654 5214 instructiores
704 5159 770 5213 ad
815 5174 942 5215 suos
988 5160 1221 5216 redirent
1269 5161 1470 5233 (Epist.
1503 5162 1646 5229 215,
1687 5181 1740 5218 n.
1778 5165 1868 5236 1).

280 5248 578 5304 Transacto
600 5250 826 5318 Pascha,
853 5251 1134 5321 epistolam
1166 5252 1232 5308 iis
1260 5253 1479 5308 alteram
1518 5254 1690 5309 adhuc
1726 5255 1872 5311 dedit

282 5341 349 5395 ad
374 5340 717 5396 Valentinum
744 5351 799 5398 et
838 5343 954 5413 ejus
996 5343 1285 5398 monachos
1303 5384 1319 5411 ,
1350 5360 1481 5414 quos
1509 5345 1577 5400 de
1618 5345 1777 5400 Floro
1803 5347 1868 5400 ad

283 5445 342 5485 se
383 5430 705 5488 destinando
747 5449 956 5489 rursum
1004 5435 1289 5505 compellat
1331 5435 1386 5488 in
1427 5434 1541 5490 haec
1576 5437 1732 5492 verba
1765 5453 1778 5489 :
1808 5437 1869 5492 Si

284 5521 403 5590 quid
432 5521 497 5575 de
525 5523 660 5577 vobis
685 5540 896 5592 mereor,
927 5527 1090 5579 veniat
1110 5527 1177 5578 ad
1206 5542 1282 5579 me
1304 5531 1457 5595 frater
1474 5524 1521 5578 F
1525 5527 1660 5579 lorus
1679 5525 1864 5597 (lbid.,

302 5627 356 5664 η.
378 5611 461 5683 8).
495 5612 606 5667 lllis
629 5615 786 5669 etiam
818 5631 912 5684 per
949 5616 1166 5672 eosdem
1197 5617 1339 5672 misit
1363 5617 1587 5672 duorum
1611 5618 1865 5673 concilio-

286 5713 405 5761 l'ttm
431 5704 860 5780 Carthaginensis
901 5711 1189 5781 provincia:
1231 5719 1286 5766 et
1331 5709 1606 5778 Numidiae,
1655 5725 1858 5766 necnon

1998 775 2100 831 tius
2129 777 2322 832 Africae
2349 781 2759 837 constitutiones
2801 783 3054 840 adversus
3082 802 3292 844 errores
3334 791 3572 864 Pelagia-

1993 881 2092 921 nos
2127 885 2138 921 :
2174 884 2290 938 quae
2317 872 2491 926 omnia
2524 872 2625 926 illis
2655 872 2928 943 dirigenda
2957 890 3076 930 esse
3100 878 3353 946 credidit,
3379 883 3570 953 quibus

1991 973 2372 1030 cognoscerent
2418 965 2859 1034 quemadmodum
2919 970 3176 1025 catholica
3233 973 3470 1030 Ecclesia
3514 977 3567 1031 in

1992 1049 2086 1103 Dei
2111 1051 2472 1109 misericordia
2503 1055 2797 1127 Pelagianae
2832 1058 3048 1116 haeresis
3081 1078 3281 1118 venena
3306 1066 3569 1138 depulerit

1991 1138 2150 1206 Ibid,
2197 1159 2248 1195 η.
2295 1144 2374 1214 2).
2423 1145 2517 1200 llis
2560 1147 2762 1203 addidit
2811 1164 3012 1206 novum
3041 1151 3106 1207 de
3140 1153 3240 1208 hac
3281 1156 3391 1225 ipsa
3419 1173 3563 1229 qure-

1989 1231 2179 1298 SIione,
2211 1233 2350 1288 circa
2376 1251 2534 1306 quam
2571 1239 2910 1310 laborabant,
2941 1244 3194 1314 scriptum
3226 1245 3256 1300 ὸ
3287 1262 3344 1302 se
3375 1249 3563 1306 librum

1989 1320 2040 1375 in
2066 1336 2247 1376 eorum
2277 1326 2498 1392 gratiam
2523 1369 2538 1393 ,
2563 1329 2648 1382 cui
2694 1331 2897 1386 titulum
2941 1333 3148 1398 indidit,
3191 1335 3270 1390 De
3298 1335 3475 1392 Gratia
3517 1351 3563 1394 et

1988 1412 2170 1468 Libero
2201 1415 2442 1484 Arbitrio,
2475 1419 2543 1472 ad
2579 1418 2900 1476 Valentinum
2934 1434 2980 1478 et
3006 1443 3116 1479 cum
3142 1427 3231 1480 illo
3254 1431 3560 1496 monachos;

1987 1506 2073 1560 ubi
2100 1506 2430 1564 demonstrat
2467 1512 2677 1581 quidem
2708 1517 2920 1584 copiose
2940 1559 2954 1583 ,
2997 1519 3240 1576 homines
3280 1522 3446 1578 libero
3471 1540 3560 1578 ar-

1985 1599 2141 1654 bitrio
2156 1615 2275 1656 esse
2303 1603 2568 1672 praeditos,
2593 1605 2685 1659 sed
2705 1606 2805 1660 hoc
2822 1609 2986 1666 multo
3013 1612 3300 1682 copiosius,
3331 1615 3573 1676 liberum.

1984 1690 2186 1745 scilicet
2235 1693 2509 1748 arbitrium
2555 1705 2738 1765 gratiae
2782 1699 3028 1767 praesidio
3075 1700 3380 1758 destitutum
3430 1705 3559 1760 nihil

1983 1797 2140 1850 posse
2173 1801 2186 1836 :
2217 1793 2372 1854 atque
2415 1786 2478 1839 ad
2522 1787 2637 1854 ejus
2668 1788 2947 1844 lectionem
2992 1805 3084 1846 eos
3111 1793 3397 1850 exhortans
3439 1799 3509 1850 ait
3541 1815 3555 1850 :

1982 1873 2209 1944 Repetite
2236 1877 2442 1932 assidue
2480 1880 2660 1933 librum
2700 1881 2887 1947 istum;
2925 1893 2970 1936 et
3013 1885 3058 1938 si
3099 1885 3377 1957 intelligitis
3403 1931 3418 1955 ,
3454 1889 3558 1944 Deo

1979 1967 2174 2036 gratias
2203 1971 2372 2037 agite;
2401 1968 2483 2023 ubi
2509 1981 2678 2024 autem
2716 1989 2813 2025 non
2846 1971 3145 2044 intelligitis,
3169 1986 3307 2029 orate
3333 1987 3385 2029 ut
3409 1978 3557 2031 intel-

1981 2056 2184 2126 ligatis:
2215 2058 2352 2112 dabit
2374 2059 2505 2113 enim
2538 2063 2674 2115 vobis
2697 2061 2945 2117 Dominus
2977 2065 3279 2120 intellectum
3312 2067 3410 2140 (De
3427 2067 3559 2123 Gra-

1980 2147 2051 2200 tia
2075 2156 2122 2201 et
2145 2147 2321 2203 Libero
2343 2149 2585 2218 Arbitrio,
2609 2170 2661 2206 n.
2690 2153 2802 2225 46).
2829 2154 3039 2211 lluncce
3058 2157 3249 2211 librum
3279 2169 3332 2213 et
3350 2161 3450 2213 alia
3475 2177 3564 2214 su-

1979 2253 2072 2309 pra
2121 2251 2412 2296 memorata
2463 2243 2832 2312 instrumenta,
2886 2261 3003 2316 quae
3051 2247 3116 2301 ad
3163 2249 3560 2319 Pelagianorum

1980 2329 2480 2387 condemnationem
2529 2335 2882 2402 spectabant,
2933 2337 3226 2404 monachis,
3288 2355 3380 2408 per
3429 2356 3561 2410 quos

1979 2419 2360 2488 mittebantur,
2409 2431 2533 2478 ante
2578 2423 2870 2480 discessum
2912 2427 2968 2481 in
3014 2431 3293 2497 praesentia
3337 2432 3557 2502 legerat,

1979 2526 2188 2566 necnon
2215 2512 2461 2584 Cypriani
2486 2516 2686 2584 pariter
2712 2517 2904 2572 librum
2947 2519 2998 2572 in
3028 2518 3332 2575 Orationem
3375 2523 3558 2577 Domi-

1980 2605 2170 2668 nicam,
2206 2605 2258 2657 in
2286 2619 2391 2674 quo
2421 2613 2638 2661 sanctus
2672 2606 2764 2662 ille
2793 2619 2995 2680 martyr
3016 2610 3237 2679 gratiam
3267 2610 3562 2668 luculenter

1979 2695 2335 2749 commendat.

2051 2788 2104 2841 6.
2137 2787 2416 2857 Augustini
2470 2789 2669 2844 litteras
2699 2789 2995 2860 librumque
3023 2789 3121 2844 sibi
3145 2799 3221 2846 ~et
3245 2792 3355 2846 suis
3386 2792 3562 2848 fratri-

1979 2879 2079 2934 bus
2107 2888 2464 2949 nuncupatum
2490 2895 2551 2935 ea
2579 2895 2679 2950 qua
2715 2897 2810 2950 par
2836 2891 2951 2936 erat
2983 2885 3328 2939 ueneratione
3355 2886 3564 2956 accepit

1981 2969 2287 3024 Valentinus
2324 2988 2336 3024 :
2366 2986 2537 3041 neque
2574 2972 2873 3038 commisit,
2930 2974 3054 3042 quin
3091 2974 3308 3031 fratrem
3349 2976 3563 3034 Florum

1979 3061 2044 3114 ad
2071 3061 2217 3115 illum
2251 3062 2512 3126 mitteret;
2556 3061 2675 3116 data
2707 3063 2920 3131 insuper
2945 3064 3166 3134 epistola
3193 3065 3365 3138 (Apud
3391 3069 3564 3140 Augu-

1978 3155 2184 3218 stinum,
2220 3151 2386 3222 Epist.
2408 3151 2534 3222 2l6)
2562 3191 2577 3218 ,
2609 3168 2709 3222 qua
2738 3153 2789 3206 id
2817 3169 2974 3209 omne
2997 3156 3136 3225 quod
3166 3158 3217 3211 in
3245 3161 3565 3218 monasterio

1979 3258 2076 3297 suo
2101 3253 2308 3312 gestum
2339 3243 2529 3308 fuerat,
2560 3244 2806 3298 narrabat
2833 3254 3017 3299 sancto
3046 3247 3288 3315 Prtesuli,
3315 3265 3378 3305 ac
3411 3266 3564 3308 suam

1978 3334 2146 3403 ipsius
2177 3334 2334 3389 fidem
2360 3374 2375 3399 ,
2408 3333 2647 3388 eamdem
2675 3343 2726 3388 et
2752 3333 2926 3389 fratris
2957 3336 3099 3391 Flori
3125 3353 3244 3392 esse
3269 3339 3561 3406 afﬁrmans,

1981 3425 2346 3496 profitebatur.
2374 3425 2699 3493 Augustinus
2726 3425 2876 3480 lectis
2896 3425 3160 3482 Valentini
3192 3430 3400 3498 litteris,
3433 3449 3564 3508 quas

1980 3513 2144 3569 frater
2171 3515 2358 3569 Florus
2383 3515 2576 3583 aliique
2606 3530 2724 3569 cum
2755 3531 2818 3570 eo
2845 3517 3000 3571 simul
3035 3519 3100 3572 ad
3142 3520 3310 3589 ipsum
3339 3523 3560 3576 venien-

1983 3615 2061 3662 tes
2089 3606 2411 3668 attulerant,
2441 3607 2550 3675 egit
2580 3606 2687 3660 Deo
2724 3607 2920 3674 gratias
2939 3649 2952 3672 ,
2985 3609 3123 3678 quod
3164 3612 3430 3672 eorum.in
3459 3612 3563 3667 Do-

1980 3696 2125 3750 mino
2147 3711 2332 3766 pacem
2356 3737 2369 3760 ,
2399 3705 2452 3751 et
2478 3697 2528 3749 in
2559 3696 2778 3751 veritate
2803 3697 3208 3754 consensionem
3227 3741 3242 3766 ,
3272 3709 3326 3754 et
3352 3701 3406 3755 in
3437 3701 3562 3758 cha-

1983 3788 2145 3842 ritate
2182 3787 2514 3856 ﬂagrantiam
2539 3802 2605 3840 ex
2635 3786 2736 3840 illis
2761 3789 3095 3858 cognovisset
3120 3809 3134 3843 :
3161 3803 3342 3844 verum
3368 3790 3436 3845 de
3457 3791 3562 3847 fra-

1983 3888 2061 3933 tre
2084 3876 2242 3932 Floro
2269 3877 2578 3930 nominatim
2601 3917 2615 3942 ,
2634 3877 2943 3931 catholicam
2967 3879 3017 3932 in
3040 3892 3105 3933 eo
3131 3879 3287 3933 fidem
3307 3880 3374 3934 de
3396 3883 3560 3950 gratia

1980 3980 2036 4026 et
2064 3973 2234 4027 libero
2271 3971 2490 4026 arbitrio
2529 3972 2794 4026 invenisse
2841 3988 2898 4026 se
2927 3973 3132 4026 laetatus
3174 3983 3274 4027 est.
3328 3973 3472 4028 Unde
3509 3976 3561 4028 hi

1987 4065 2158 4135 potius
2182 4063 2464 4134 corrigendi
2487 4071 2636 4128 sunt,
2666 4063 2758 4129 ait,
2798 4079 2919 4131 quos
2948 4063 3145 4133 quidem
3194 4064 3411 4134 propitio
3454 4064 3562 4120 Deo

1983 4163 2236 4209 correctos
2265 4171 2369 4209 esse
2402 4156 2516 4225 jam
2545 4154 2802 4220 eaistium,
2833 4154 2916 4224 qui
2944 4170 3056 4206 eum
3089 4170 3187 4207 non
3223 4154 3562 4225 intelligebant

1985 4245 2097 4318 (De
2119 4245 2442 4315 Correptione
2468 4254 2514 4298 et
2562 4243 2754 4307 Gratia,
2793 4261 2881 4298 nn.
2906 4246 2956 4310 1,
3001 4245 3088 4315 2).
3121 4247 3338 4316 Accepit
3385 4256 3558 4302 tamen

1986 4347 2201 4392 sanctus
2230 4338 2442 4404 Doctor,
2471 4335 2627 4405 idque
2662 4335 2879 4390 forsitan
2907 4351 2971 4390 ex
3002 4337 3115 4405 ipso
3142 4337 3334 4402 Floro,
3362 4354 3480 4394 esse
3505 4339 3558 4394 in

1978 4431 2356 4488 Adrumatensi
2399 4429 2725 4483 monasterio
2753 4428 3034 4500 quemdam
3060 4470 3074 4495 ,
3104 4432 3192 4499 qui
3223 4431 3420 4488 diceret
3451 4449 3465 4485 :
3499 4432 3561 4488 Si

1978 4521 2117 4578 Deus
2162 4529 2398 4591 aperatur
2437 4519 2492 4572 in
2536 4517 2678 4572 nobis
2721 4518 2843 4573 uelle
2869 4528 2914 4573 et
2940 4521 3136 4589 operari
3161 4561 3175 4586 ,
3225 4522 3561 4590 nequidquam

1980 4614 2277 4686 principium
2302 4611 2387 4677 qui
2409 4618 2629 4680 prtesunt
2648 4609 2768 4690 quid
2786 4609 3035 4680 agendum
3055 4611 3131 4665 uel
3155 4614 3448 4684 fugiendum
3471 4617 3558 4680 sit;

1979 4714 2066 4759 aut
2087 4703 2265 4758 saltem
2294 4711 2557 4772 postquam
2581 4699 2716 4770 quod
2746 4700 2928 4754 bonum
2967 4710 3248 4768 rectumque
3275 4704 3338 4756 sit
3369 4718 3556 4771 praece-

1981 4799 2165 4867 perint,
2189 4793 2532 4848 tantummodo
2557 4799 2699 4846 orent
2726 4789 2910 4858 Deum,
2953 4801 3006 4845 ut
3029 4792 3082 4846 id
3106 4793 3342 4862 discipuli
3365 4803 3554 4863 agant;

1978 4905 2075 4942 non
2097 4897 2262 4941 autem
2283 4901 2365 4939 eos
2385 4884 2678 4955 corripiant,
2708 4884 2754 4937 si
2774 4899 2873 4937 non
2890 4885 3106 4953 egerint,
3135 4901 3250 4938 cum
3283 4884 3419 4938 Deus
3454 4902 3555 4939 non

1975 4979 2077 5034 illis
2105 4978 2294 5032 dederit
2313 4977 2476 5048 ipsam
2492 5014 2509 5042 ,
2536 4991 2635 5042 qua
2654 4983 2902 5046 precepta
2922 4976 3028 5044 ejus
3053 4975 3202 5044 ﬁunt,
3234 4975 3433 5043 ﬁdelem
3460 4974 3555 5032 Dei

1976 5079 2021 5123 et
2051 5069 2264 5138 proximi
2298 5067 2591 5121 charitatem
2622 5065 3074 5138 (Retractationum
3113 5065 3238 5120 libro
3264 5065 3331 5134 2,
3368 5085 3414 5121 ο.
3446 5069 3513 5123 67
3533 5112 3550 5138 ,

1976 5159 2053 5214 De
2067 5157 2392 5228 Correptione
2415 5166 2462 5210 et
2483 5155 2680 5223 Gratia,
2711 5173 2762 5210 η.
2794 5153 2938 5226 5-6).
2965 5154 3030 5210 Ut
3056 5155 3155 5210 hoc
3180 5157 3336 5212 etiam
3365 5159 3550 5226 telum,

1974 5267 2080 5322 quo
2105 5250 2328 5306 validius
2355 5249 2487 5304 nihil
2515 5249 2582 5303 ab
2603 5248 2666 5303 iis
2689 5248 2776 5318 qui
2801 5257 3006 5303 terrena
3033 5249 3244 5318 sapiunt
3263 5251 3551 5323 intorqueri

1978 5359 2132 5414 posse
2165 5342 2439 5408 videatur,
2479 5357 2508 5394 a
2537 5340 2725 5396 tradita
2768 5339 3005 5394 doctrina
3044 5343 3226 5412 gratiae
3265 5344 3555 5415 depelleret

1947 5435 2319 5504 'Augustinus,
2371 5435 2595 5488 alterum
2633 5433 2864 5500 librum,
2911 5434 3000 5502 qui
3047 5433 3123 5488 De
3164 5434 3485 5508 Correptione
3508 5451 3554 5496 et

1977 5528 2153 5584 Gratia
2179 5535 2523 5597 praenotatur,
2552 5526 2618 5580 ad
2647 5525 2863 5581 eosdem
2884 5526 3222 5583 Valentinum
3250 5539 3303 5584 et
3327 5546 3444 5585 cum
3462 5532 3550 5586 illo

1974 5617 2266 5672 monachos
2289 5617 2527 5686 scripsit;
2557 5633 2660 5670 non
2693 5632 2798 5686 quo
2827 5617 3080 5673 adversus
3107 5634 3201 5675 eos
3228 5622 3390 5690 ipsos,
3419 5637 3550 5692 quo-

1970 5719 2093 5762 rum
2117 5714 2320 5762 rectum
2351 5715 2466 5764 erat
2507 5722 2601 5762 cor
2643 5724 2762 5763 cum
2809 5709 2937 5775 Deo,
2978 5709 3071 5765 sed
3115 5710 3372 5768 adversus
3413 5713 3554 5786 ipsas
