4042 6360
461 348 567 418 ων

463 475 744 541 Immanis,
775 481 835 531 nt
854 468 945 541 alt,
974 472 1323 545 cegitalibn'cs
1365 486 1464 547 pro
1503 470 1737 531 caelestis
1780 483 1835 528 et
1864 464 2058 527 divina:

463 566 648 640 gratiae
693 567 952 623 chari‘tate
988 574 1236 623 ecrtarct.
1282 564 1415 624 Nam
1460 564 1550 622 ille
1598 568 1710 637 ipse
1740 564 2056 632 monachus,

462 651 614 730 cujus
661 654 839 715 animo
886 668 1193 716 Oceur're'rat
1250 659 1509 730 ejusmodi
1556 657 1842 730 cogitatio,
1888 656 2062 729 potuit

466 756 610 806 rcc’to
638 752 693 806 in
724 744 889 806 Deum
918 748 1081 808 corde
1102 768 1206 807 non
1241 752 1310 807 ob
1337 750 1477 806 aliud
1510 759 1742 806 mentem
1770 750 1838 806 de
1875 750 1974 805 hac
1999 762 2060 806 re

462 852 614 901 suam
640 846 871 914 aperire,
905 847 1005 901 nisi
1034 855 1091 902 ut
1116 848 1276 903 istum
1306 863 1518 920 quoque
1544 847 1742 902 nodum
1770 844 2058 903 solertissi-

461 952 582 993 mus
632 944 695 992 ac
743 939 1233 1009 perspicacissimus
1278 940 1464 1011 gratia:
1514 938 1710 995 Doctor
1746 924 2066 1010 explicareti

464 1020 731 1100 Explicuit
758 1047 885 1087 sane
919 1047 1175 1103 perquam
1216 1028 1496 1105 diligenter
1526 1032 1620 1089 Dei
1664 1033 1874 1105 adjutus
1904 1049 2059 1089 reve-
2103 1094 2106 1098 Α

469 1122 697 1190 latione;
727 1140 832 1195 quo
860 1126 917 1179 ﬁt
946 1136 1002 1180 ut
1039 1141 1145 1180 non
1176 1118 1369 1196 injuria
1395 1125 1589 1181 librum
1627 1141 1782 1182 suum
1813 1126 1915 1181 hoc
1958 1126 2061 1182 ﬁne

466 1216 751 1272 concludat
783 1236 795 1271 :
832 1214 961 1285 Quae
992 1235 1107 1272 cum
1143 1218 1213 1271 ita
1237 1219 1356 1284 sint,
1386 1234 1476 1272 nec
1501 1217 1665 1289 gratia
1697 1214 1923 1290 prohibet
1951 1233 2062 1271 cor-

463 1308 762 1380 reptionem,
792 1328 879 1379 nec
916 1313 1165 1383 correptio
1197 1320 1344 1383 negat
1387 1313 1606 1383 gratiam
1637 1325 1656 1367 :
1682 1321 1727 1365 et
1756 1311 1868 1365 ideo
1896 1313 1965 1365 sic
1991 1319 2061 1365 est

466 1404 810 1475 prwcipienda
826 1405 1051 1475 justitia,
1076 1414 1130 1459 ut
1162 1422 1193 1460 a
1213 1405 1321 1459 Deo
1351 1406 1538 1477 gratia,
1570 1423 1671 1477 qua
1696 1404 1752 1459 id
1771 1403 1906 1476 quod
1933 1420 2064 1475 pra:-

462 1494 647 1564 cipitur
674 1496 784 1565 ﬁat,
826 1494 966 1565 ﬁdeli
998 1500 1229 1551 oratione
1262 1506 1530 1567 poscatur,
1578 1505 1624 1549 et
1668 1496 1760 1549 hoc
1791 1504 2053 1564 utrumque

462 1588 536 1640 ita
556 1582 844 1659 faciendum
882 1599 975 1655 est,
1012 1597 1069 1643 ut
1116 1598 1274 1660 neque
1308 1590 1457 1659 justa
1496 1587 1743 1658 correptio
1780 1584 2063 1658 negligatur

465 1672 564 1750 (De
592 1672 915 1752 Correptione
957 1690 1002 1735 et
1031 1678 1241 1746 Gratia,
1278 1697 1331 1735 n.
1371 1678 1486 1750 49).
1532 1678 1629 1733 llic
1672 1678 1885 1749 quidem
1929 1676 2063 1757 liber

463 1789 656 1843 parvus
686 1776 831 1831 mole
860 1784 962 1841 est,
997 1776 1093 1831 sed
1135 1775 1378 1830 doctrina
1424 1776 1713 1838 maximus;
1764 1782 1903 1827 totus
1948 1787 2062 1843 my-

462 1868 636 1921 steriis
661 1868 909 1931 refertus,
945 1868 1246 1923 universam
1280 1868 1472 1922 divina:
1497 1867 1681 1938 gratia:
1708 1863 2059 1920 (economiam

460 1957 631 2012 oculis
662 1957 873 2028 subjicit
898 1999 912 2021 ,
942 1966 1001 2012 ut
1034 1958 1158 2028 jure
1202 1958 1398 2013 merito
1437 1972 1628 2012 aureus
1667 1972 1695 2010 a
1739 1952 2062 2011 doctissimis

464 2050 935 2121 nuncupetur.Ego
952 2050 1173 2120 quidem,
1187 2047 1598 2104 eminentissimi
1618 2048 1717 2101 viri
1736 2048 1891 2102 verba
1916 2054 2059 2111 sunt,

466 2139 599 2193 hunc
630 2139 817 2194 librum
844 2143 977 2194 soleo
1006 2141 1266 2212 appellare
1292 2140 1503 2203 clavem,
1545 2155 1643 2209 qua
1678 2138 1744 2191 ad
1781 2136 2063 2192 universam

463 2232 736 2303 Augustini
772 2232 834 2286 de
858 2233 1029 2285 divina
1065 2233 1231 2303 gratia
1269 2241 1313 2286 et
1342 2230 1495 2285 libero
1532 2231 1742 2284 arbitrio
1780 2228 2062 2299 doctrinam

462 2326 633 2380 aditus
662 2326 887 2396 aperitur
912 2324 1114 2398 (Naris,
1139 2325 1380 2381 Historia
1403 2325 1583 2397 Pelag.
1610 2325 1694 2379 lib.
1719 2323 1771 2391 l,
1790 2340 1902 2393 cap.
1929 2320 2019 2392 25)
2045 2338 2057 2375 :

461 2435 619 2491 quem
655 2435 788 2476 sane
828 2420 1021 2476 librum
1064 2430 1280 2477 sanctus
1329 2422 1560 2491 Prosper
1602 2420 1797 2475 merito
1846 2419 2061 2491 plenum

459 2510 654 2567 divina
682 2511 1012 2567 auctoritatis
1039 2514 1092 2569 in
1119 2514 1347 2583 epistola
1379 2512 1445 2567 ad
1478 2513 1831 2584 Augustinum
1861 2528 2064 2567 nuncu-

462 2606 613 2677 pavit
639 2603 814 2677 (Apud
830 2605 1190 2677 Augustinum,
1212 2606 1379 2678 Epist.
1403 2605 1532 2673 2'25,
1564 2624 1617 2660 η.
1644 2605 1725 2676 2).
1788 2654 1791 2655 ,

1098 2699 1326 2754 CAPUT
1367 2699 1478 2754 νη.

463 2789 496 2849 ι
517 2786 709 2847 Contra
720 2787 993 2862 Pelagiani
1009 2791 1195 2845 erroris
1218 2792 1455 2861 retiquias
1472 2791 1525 2844 in
1554 2788 1707 2844 Vitali
1729 2791 2063 2863 deprehensas

540 2882 856 2953 Augmtinnts
900 2892 1109 2954 pugnat.
1138 2891 1189 2937 et
1213 2884 1485 2937 sententias
1518 2881 1583 2935 de
1610 2883 1774 2954 gratia
1802 2882 2064 2935 duodecim

530 2977 748 3047 profert.
780 2973 816 3029 2
845 2971 1145 3028 Palatinum
1173 2983 1361 3037 monet,
1404 2974 1672 3042 petendum
1694 2991 1725 3026 a
1752 2973 1859 3027 Deo
1886 2974 2064 3045 gratia:

529 3070 840 3140 «dimittat
858 3069 931 3123 ad
966 3067 1384 3139 perseverandum
1414 3069 1467 3122 in
1491 3068 1637 3121 bono.
1672 3068 1705 3122 '5
1727 3067 2064 3139 Lepnriicon-

536 3168 615 3216 tu
638 3160 794 3229 ﬁdem
840 3159 1215 3215 .Incaruatieuis
1252 3169 1301 3213 et
1344 3160 1524 3230 gratia:
1566 3176 1760 3214 errores
1800 3161 1851 3212 in
1885 3159 2064 3215 Galliis

531 3251 860 3307 damnantur.
910 3253 946 3306 4
985 3251 1065 3305 Ad
1110 3267 1289 3307 sanam
1320 3251 1472 3317 ﬁdem
1514 3260 1778 3305 revocatur
1815 3250 2063 3323 Leporius

530 3359 688 3413 Opera
728 3342 1019 3414 Augustini.
1068 3342 1102 3398 5
1147 3340 1250 3395 Hic
1294 3341 1612 3396 recensendis
1659 3343 1764 3397 suis
1806 3344 2063 3413 opusculis

530 3437 794 3492 incumbit.
825 3436 860 3492 6
891 3435 1173 3508 Speculum
1192 3451 1263 3489 ea:
1283 3436 1526 3489 uniuersa:
1550 3435 1832 3505 Scriptura:
1856 3436 1977 3488 locis
1996 3434 2065 3487 ad

530 3530 929 3602 conformanda:
973 3529 1051 3585 vet
1090 3528 1435 3583 etnendandes
1489 3544 1651 3583 nwres
1694 3528 1887 3582 idoneis
1914 3528 2058 3582 insti-

532 3623 651 3678 luit.

534 3715 588 3770 ί.
616 3713 773 3769 Circa
813 3711 1165 3783 quastione!)
1196 3710 1268 3766 de
1296 3710 1465 3781 gratia
1508 3710 1602 3765 Dei
1641 3720 1695 3765 ct
1722 3710 1893 3765 libero
1919 3710 2061 3764 arbi-

462 3803 571 3860 trio
590 3804 873 3859 laborabat
890 3803 1077 3858 Vitatis
1104 3803 1346 3873 quidam,
1373 3803 1595 3873 perinde
1627 3814 1787 3873 atque
1811 3801 2060 3857 nwnacbi

459 3896 900 3951 Adrummes.
939 3894 1029 3949 Vir
1048 3894 1138 3948 ille
1164 3894 1218 3947 in
1242 3893 1649 3964 Carthaginensi
1670 3894 1907 3947 Ecclesia
1934 3909 2059 3948 cru-

459 3985 825 4057 ditus(Epist.
870 3984 999 4052 217,
1031 4002 1087 4038 η.
1127 3983 1221 4058 9),
1252 4000 1317 4039 ac
1343 3987 1463 4039 vitm
1509 3984 1727 4039 forsitan
1774 4000 1971 4054 genere
1994 4000 2061 4040 ac

462 4079 795 4149 professione
834 4078 1125 4133 monachus
1171 4086 1328 4143 erat;
1359 4079 1427 4132 ob
1456 4077 1614 4147 idque
1640 4093 1747 4131 non
1777 4079 1876 4131 alia
1903 4093 2061 4147 quam

462 4172 646 4228 fratris
660 4172 1016 4244 appellatione
1039 4171 1323 4226 decoratur
1344 4171 1411 4225 ab
1434 4171 1724 4241 Augustino
1750 4188 1763 4236 ;
1793 4170 1881 4240 qui
1898 4170 2059 4225 etiam

465 4274 529 4320 ut
546 4264 615 4320 ad
643 4263 785 4320 servi
807 4264 923 4330 Dei,
952 4264 1037 4318 cui
1056 4264 1280 4318 salutem
1299 4262 1446 4329 dicit,
1462 4278 1581 4319 sese
1602 4262 1817 4317 modum
1842 4276 2062 4331 compo-

462 4363 578 4423 nat,
610 4354 928 4426 sibimetipsi
955 4368 1110 4409 servo
1136 4354 1331 4407 Christi
1359 4368 1421 4409 ac
1442 4366 1541 4423 per
1567 4352 1738 4423 ipsum
1766 4368 1920 4408 servo
1948 4368 2061 4407 ser-

459 4458 650 4505 vorm
670 4449 837 4519 ipsius
851 4447 1060 4503 titulum
1070 4447 1259 4502 sttuit.
1286 4446 1435 4502 Ilium
1454 4446 1669 4515 (intidem
1687 4462 1793 4501 non
1812 4446 2063 4502 credebat

460 4541 776 4597 suam
814 4554 935 4597 esse
980 4541 1362 4609 Pelagianam;
1398 4540 1500 4595 sed
1540 4548 1653 4596 tam
1698 4540 2059 4599 orthodoxam

460 4644 588 4690 esse
614 4633 855 4699 νοιω,
877 4641 934 4687 ιη
958 4632 1094 4687 nihil
1120 4632 1275 4711 istius
1300 4632 1373 4686 ad
1398 4633 1570 4701 ipsum
1603 4632 1871 4697 luminat,
1899 4634 1978 4688 vel
2004 4633 2059 4686 in

460 4725 581 4799 ipso
625 4725 1023 4793 ηιίηυθνοωτ
1058 4724 1260 4779 erroris
1298 4722 1578 4796 (tua...
1624 4723 1751 4795 es).
1792 4723 2060 4794 Magiam

461 4819 649 4889 quippe
674 4817 849 4871 omnia
892 4815 960 4869 ad
986 4815 1187 4883 Μυκη
1214 4816 1450 4886 piamque
1470 4815 1626 4869 vitam
1656 4816 1913 4870 hominum
1940 4832 2058 4886 per—

464 4911 675 4967 tinentia
694 4911 772 4964 ita
802 4909 1051 4975 tribuunt,
1084 4908 1254 4979 inquit
1293 4916 1507 4962 sanctius
1526 4909 1744 4972 Doctor,
1777 4908 1932 4962 libero
1974 4924 2060 4963 νου

459 5002 673 5059 tantam
710 5003 939 5068 arbitrio,
986 5010 1041 5056 ut
1083 5000 1317 5056 habent:
1358 5016 1427 5055 ea:
1452 5000 1613 5068 ηώίι,
1655 5017 1754 5055 non
1778 5017 1813 5055 tt
1838 5001 2059 5057 Domino

463 5106 640 5168 putent
683 5112 791 5153 rue
809 5096 1066 5168 poscenda
1096 5111 1113 5149 :
1138 5102 1191 5150 tu
1234 5098 1423 5160 utan,
1454 5096 1578 5149 sim
1606 5110 1720 5163 qua:
1742 5095 1807 5149 de
1839 5108 1886 5150 te
1902 5097 2059 5151 audio

462 5200 580 5245 vera
595 5200 732 5259 sunt,
749 5192 949 5247 initium
965 5191 1205 5263 ﬁdei,'ubi
1220 5190 1456 5246 estetiant
1466 5189 1669 5243 initium
1686 5189 1846 5255 bonae,
1870 5190 1965 5244 hoc
1986 5197 2059 5245 est

466 5284 568 5354 pit:
607 5284 899 5353 autumatis,
945 5300 1048 5341 non
1076 5286 1149 5340 bis
1168 5286 1367 5339 denum
1390 5299 1497 5338 esse
1537 5281 1631 5337 Dei
1654 5298 1675 5349 ;
1702 5283 1791 5338 sed
1818 5300 1890 5338 ea:
1916 5284 2059 5337 nobis

464 5388 559 5429 nos
582 5373 765 5429 habere
788 5378 1050 5431 cernendis
1071 5387 1131 5431 ut
1160 5376 1361 5431 credam
1384 5376 1687 5447 incipiamus
1719 5390 1738 5430 :
1762 5384 1940 5430 caetera
1966 5391 2061 5429 au-

464 5474 563 5520 tem
590 5466 840 5537 religiosae
864 5468 979 5523 vitm
999 5470 1131 5524 bona
1163 5468 1326 5524 Deam
1345 5480 1435 5541 per
1456 5469 1674 5541 gratiam
1701 5482 1846 5523 suam
1858 5470 1973 5541 jam
1996 5484 2060 5523 ea:

466 5558 570 5627 ﬁde
591 5558 894 5629 petentibus,
920 5562 1275 5628 quaerentibus,
1298 5560 1617 5632 pulsantibus
1638 5561 1831 5616 donare
1847 5576 2059 5615 consen-

464 5652 530 5705 tis
552 5648 737 5724 (Ibid.,
754 5665 803 5702 n.
821 5648 1128 5720 29).Vitalis
1151 5667 1276 5723 ergo
1297 5653 1504 5708 divinas
1525 5654 1865 5709 auctoritates
1888 5652 2057 5707 errori

458 5755 562 5800 suo
591 5741 887 5799 contrarias
924 5742 1035 5797 alio
1074 5742 1442 5814 detorquebat,
1491 5760 1559 5800 ne
1603 5758 1668 5800 ex
1692 5746 1805 5800 illis
1832 5745 2057 5815 gratiam

463 5837 561 5894 Dei
572 5836 639 5897 ad
654 5821 861 5919 initium
876 5851 1089 5917 quoque
1116 5834 1240 5895 ﬁdei
1270 5853 1333 5894 ac
1362 5839 1464 5911 piae
1492 5838 1779 5896 voluntatis
1805 5852 2054 5915 necessa-

1611 358 1773 415 vrrA
1811 358 1867 415 s.
1910 341 2277 413 summm
2317 344 2637 413 EPISCOPL

2167 471 2298 525 riam
2318 484 2434 527 esse
2456 479 2749 528 constaret.
2782 473 2913 529 Nam
2930 474 2996 530 ad
3017 475 3148 531 illud
3167 476 3429 547 Apostoli,
3445 478 3762 556 Deusestqu

2166 574 2403 633 Oper-amr
2421 566 2475 618 in
2500 566 2634 619 vobis
2651 574 2698 620 et
2713 567 2838 620 uelle
2852 575 2897 620 et
2910 570 3149 638 perﬁcere
3173 570 3431 643 (Phittpp.
3461 589 3519 641 rt,
3547 575 3658 650 13),
3681 591 3757 634 re-

2167 657 2481 728 Spondehat,
2508 673 2604 729 per
2630 660 2798 730 legem
2820 674 2991 723 suam,
3022 677 3116 731 per
3134 662 3432 734 Scﬁpturas
3447 681 3572 723 snas
3594 670 3760 727 Dem
3828 733 3835 737 ,

2167 753 2373 821 operari
2393 760 2449 807 ut
2477 752 2723 821 velimus,
2746 768 2875 825 quas
2895 754 2983 809 vel
3002 755 3231 825 legimus
3251 758 3334 813 vel
3352 760 3595 818 audimus
3618 778 3633 828 ;
3666 764 3759 819 sed

2166 843 2246 900 eis
2262 845 2564 900 consentire
2589 847 2671 901 vel
2699 861 2806 900 non
2833 848 3157 915 consentire,
3177 850 3248 903 ita
3273 858 3514 906 nostrum
3540 868 3684 920 esse,
3700 864 3763 910 ut

2167 936 2211 991 si
2229 938 2452 992 velimus
2474 937 2583 1003 ﬁat,
2613 939 2847 993 siautem
2874 939 3124 1007 nolimus,
3156 941 3283 996 nihil
3314 943 3365 997 in
3392 945 3545 999 nobis
3570 961 3765 1016 opera-

2167 1027 2365 1082 tionem
2386 1029 2475 1084 Dei
2496 1030 2669 1084 valere
2683 1028 2935 1085 faciamus
2948 1030 3141 1101 (Epist.
3160 1029 3286 1100 217,
3310 1050 3363 1087 η.
3384 1033 3456 1103 l).
3482 1035 3591 1091 Nec
3604 1048 3763 1094 secus

2168 1118 2617 1191 interpretabatur
2655 1122 3156 1193 Psalmographum,
3205 1125 3405 1180 idcirco
3430 1127 3629 1183 dictum
3664 1140 3767 1199 pu-

2168 1216 2305 1278 tans,
2354 1230 2565 1285 gressus
2593 1215 2826 1273 hominis
2868 1216 3021 1286 dirigi
3046 1231 3079 1269 a
3106 1217 3352 1284 Domino,
3385 1230 3445 1274 ut
3469 1224 3611 1277 viam
3644 1224 3764 1294 ejus

2169 1307 2294 1361 velit
2317 1304 2483 1379 (Psal.
2507 1323 2692 1374 xxxvn,
2709 1309 2851 1383 2‘5);
2882 1313 3001 1381 quia
3031 1306 3146 1377 eius
3172 1311 3487 1380 doctrinam,
3511 1316 3766 1373 suasione

2167 1398 2518 1467 praecedente,
2549 1400 2908 1471 subsequente
2936 1407 3293 1461 consensione
3314 1412 3584 1472 sectatur;
3615 1406 3766 1477 quod

2166 1487 2411 1545 libertate
2459 1492 2683 1547 naturali
2720 1494 2763 1547 si
2783 1494 2897 1548 vult
2934 1494 3078 1561 facit,
3122 1498 3169 1552 si
3194 1508 3300 1551 non
3323 1494 3436 1550 vult
3456 1513 3565 1551 non
3612 1499 3764 1566 facit,

2168 1598 2264 1653 pro
2292 1599 2355 1638 eo
2383 1584 2522 1655 quod
2570 1583 2771 1651 fecerit,
2815 1588 3090 1658 prtcmium
3119 1589 3202 1643 vel
3245 1589 3562 1659 supplicium
3607 1598 3768 1646 rece-

2170 1682 2370 1743 pturus.
2427 1675 2509 1729 Ad
2536 1678 2780 1732 eumdem
2834 1680 3074 1746 modum,
3107 1696 3205 1751 per
3245 1680 3417 1751 legem
3468 1680 3561 1737 Dei
3604 1690 3771 1753 atque

2167 1765 2460 1820 doctrinam
2484 1766 2877 1838 Scripturarum
2900 1771 3013 1826 ﬁeri
3028 1771 3321 1836 dicebatur,
3338 1772 3479 1844 quod
3505 1774 3767 1845 scripturn

2168 1867 2283 1926 est,
2323 1858 2657 1932 Pra’paratur
2690 1863 2920 1918 voluntas
2960 1876 2993 1919 a
3036 1863 3257 1919 Domino
3300 1864 3480 1938 (Prov.
3498 1880 3616 1931 Vin,
3646 1864 3766 1941 45):

2167 1966 2230 2005 ac
2284 1966 2389 2006 non
2456 1966 2550 2021 per
2601 1954 2862 2009 occultam
2923 1956 3326 2026 inspirationcm
3393 1959 3577 2029 gratia:
3645 1958 3764 2013 Dei.

2167 2041 2365 2098 Contra
2406 2043 2547 2099 hunc
2578 2043 2767 2101 Vitalis
2791 2062 3030 2103 errorem
3078 2049 3405 2120 Augusﬁnus
3455 2050 3507 2104 in
3537 2049 3768 2119 epistola

2168 2135 2379 2192 circiter
2400 2135 2503 2192 hoc
2528 2146 2739 2210 tempus
2770 2141 2835 2195 ad
2863 2158 2982 2196 eum
3011 2143 3207 2212 scripta
3244 2142 3447 2213 profert
3477 2154 3768 2214 argumen-

2167 2234 2279 2282 tum
2307 2244 2372 2283 ex
2397 2232 2641 2298 precibus
2676 2232 2959 2295 Ecclesizc,
2988 2234 3187 2304 judicio
3232 2248 3349 2302 suo,
3379 2249 3441 2290 ac
3468 2248 3527 2290 rc
3549 2250 3769 2307 quoque

2169 2320 2304 2389 ipsa,
2334 2336 2589 2391 perquam
2615 2325 2871 2393 validum,
2895 2336 2947 2379 et
2975 2328 3354 2395 persuatlendm
3376 2329 3582 2382 veritati
3609 2328 3771 2384 valde

2169 2408 2438 2465 idoneum.
2473 2412 2709 2469 Ecclesia
2742 2414 2936 2486 quippe
2973 2426 3024 2471 et
3065 2428 3161 2486 pro
3194 2416 3491 2473 infidelibus
3532 2428 3683 2489 rogat
3706 2426 3773 2475 ut

2167 2511 2565 2572 convertantur,
2598 2514 2651 2560 et
2681 2518 2777 2575 pro
2814 2507 3000 2561 iisdem
3028 2508 3300 2563 conversis
3328 2508 3393 2562 ad
3436 2509 3594 2564 ﬁdem
3636 2525 3771 2581 gra-

2168 2595 2269 2651 tias
2295 2598 2401 2667 agit
2429 2614 2442 2662 ;
2472 2601 2921 2668 quemadmodum
2959 2610 3010 2655 et
3041 2613 3136 2671 pro
3164 2602 3294 2671 ipsis
3322 2598 3566 2657 ﬁdelibus
3593 2604 3774 2659 Deum

2170 2698 2430 2759 precatur,
2468 2699 2524 2745 ut
2564 2691 2615 2744 in
2658 2707 2722 2745 eo
2760 2694 2901 2762 quod
2934 2708 3053 2748 esse
3083 2701 3360 2762 coeperunt
3399 2694 3514 2763 ejus
3543 2710 3777 2752 munere

2170 2790 2531 2850 perseverent.
2562 2783 2713 2853 Atqui
2737 2827 2751 2851 ,
2781 2785 2884 2850 ait,
2911 2786 3015 2839 hinc
3046 2804 3075 2839 a
3108 2786 3323 2840 Domino
3361 2788 3615 2858 poscenda
3658 2802 3778 2843 esse

2170 2890 2268 2926 non
2300 2874 2505 2938 renuis;
2528 2875 2649 2943 quid
2678 2884 2852 2943 restat,
2877 2876 3033 2944 frater
3064 2877 3264 2944 Vitatis,
3283 2880 3379 2932 nisi
3406 2890 3461 2933 ut
3485 2880 3546 2933 ab
3586 2880 3677 2934 illo
3707 2897 3778 2935 ea

2170 2966 2349 3020 donari
2376 2969 2598 3038 fatearis,
2646 2985 2678 3021 a
2714 2986 2811 3038 quo
2859 2964 3109 3039 poscenda
3156 2988 3260 3025 esse
3285 2974 3532 3027 censentis
3563 2970 3774 3045 (Epist.

2168 3059 2293 3127 2|7,
2325 3078 2375 3114 η.
2404 3061 2436 3116 5
2464 3061 2596 3133 sqq).
2633 3058 2795 3132 Urget
2832 3064 3076 3118 eumdem
3120 3064 3435 3120 auctoritate
3463 3068 3629 3121 sancti
3656 3067 3779 3139 Cy-

2171 3157 2340 3225 priani
2380 3156 2446 3210 de
2476 3156 2613 3211 libro
2644 3157 2694 3210 in
2727 3156 3033 3212 Orationem
3075 3158 3425 3224 Dominicam,
3458 3168 3510 3213 cl
3539 3160 3674 3215 libro
3700 3161 3781 3217 de

2170 3244 2506 3301 Murtalitate.
2555 3246 2777 3304 Monens
2818 3248 3009 3303 deinde
3047 3260 3125 3317 ut,
3158 3250 3201 3304 si
3233 3267 3357 3306 vere
3403 3252 3646 3307 volumus
3675 3251 3781 3309 de-

2170 3339 2387 3395 fendere
2415 3342 2638 3396 liberum
2686 3342 2985 3409 arbitrium,
3029 3358 3097 3397 ne
3128 3359 3497 3415 oppugnemus
3542 3344 3682 3400 unde
3709 3345 3780 3402 ﬁt

2170 3434 2393 3490 liberum
2418 3476 2431 3500 ,
2478 3434 2636 3490 docet
2675 3435 2952 3490 arbitrium
2993 3451 3199 3502 eorum,
3247 3438 3335 3508 qui
3378 3436 3561 3492 ﬁdeles
3592 3437 3774 3508 ﬁunt,

2168 3542 2265 3595 per
2290 3524 2556 3580 Christum
2601 3526 2813 3582 liberari
2842 3542 2872 3581 a
2902 3526 3097 3583 diaboli
3129 3538 3410 3598 potestate,
3454 3538 3512 3584 ut
3540 3530 3627 3584 illo
3659 3546 3779 3588 non

2169 3620 2491 3688 impediente
2537 3621 2755 3675 credant
2790 3620 2842 3675 in
2885 3621 3058 3693 ipsum
3104 3622 3269 3677 libera
3295 3623 3583 3679 voluntate.
3614 3625 3775 3691 Quo-

2169 3712 2309 3766 niam
2335 3712 2546 3767 tandem
2573 3713 2798 3784 quaastio
2818 3712 3076 3772 adversus
3100 3714 3321 3769 Vitalcm
3349 3716 3621 3771 tractanda
3650 3715 3777 3774 haec

2168 3805 2384 3859 omnino
2410 3814 2543 3870 erat,
2590 3815 2771 3861 utrum
2798 3807 3067 3877 pratcedat
3095 3808 3284 3879 gratia,
3317 3824 3382 3863 an
3413 3808 3781 3880 subsequatur

2169 3895 2398 3952 hominis
2428 3898 2777 3964 voluntatem,
2812 3899 2911 3954 hoc
2933 3908 3035 3967 est,
3068 3909 3243 3954 utrum
3262 3901 3415 3956 nobis
3444 3901 3620 3968 detur,
3642 3902 3775 3970 quia

2168 3988 2433 4052 volumus,
2478 4004 2546 4042 an
2592 4004 2687 4056 per
2730 3988 2898 4059 ipsam
2946 3991 3085 4044 Deus
3128 3991 3289 4045 etiam
3319 3988 3423 4046 hoc
3462 3990 3676 4056 efﬁciat,
3710 3998 3777 4047 ut

2168 4079 2428 4144 velimus;
2461 4079 2705 4148 proponit
2734 4079 2808 4133 illi
2839 4080 3121 4136 duodecim
3167 4082 3459 4137 sententias
3483 4082 3550 4137 de
3570 4082 3773 4153 gratia,

2167 4186 2285 4241 quin
2316 4180 2475 4223 totam
2516 4170 2653 4226 hanc
2694 4172 3047 4242 quaistionem
3086 4172 3344 4226 dirimunt
3378 4188 3390 4226 :
3419 4188 3539 4226 cum
3569 4189 3633 4227 ex
3660 4172 3775 4228 illis

2170 4277 2277 4317 non
2304 4262 2474 4316 solum
2507 4262 2773 4327 omnibus,
2802 4261 2896 4317 sed
2923 4263 3081 4317 ctiam
3105 4262 3325 4332 singulis
3354 4254 3771 4331 id/conﬁciatur,

2169 4366 2225 4410 ut
2254 4358 2605 4411 confiteamur
2633 4357 2797 4426 gratia
2828 4355 2923 4411 Dei
2955 4356 3235 4427 pracvcniri
3274 4355 3547 4410 hominum
3578 4355 3776 4410 volun-

2168 4457 2346 4513 tates;
2380 4454 2436 4504 et
2463 4463 2558 4518 per
2603 4449 2739 4503 hanc
2762 4464 2854 4503 cas
2881 4449 3057 4519 potius
3101 4446 3413 4517 praeparari,
3454 4463 3609 4517 quam
3636 4462 3774 4516 pro-

2166 4550 2286 4611 pter
2324 4556 2510 4597 earnm
2540 4542 2787 4596 meritum
2816 4539 2949 4595 dari.
2993 4534 3119 4594 Haec
3165 4548 3341 4593 autem
3384 4538 3452 4595 ad
3481 4554 3772 4595 numerum

2168 4633 2551 4689 duodenarium
2580 4632 2791 4703 redigit,
2816 4642 2871 4687 ut
2901 4630 3109 4687 facilius
3131 4630 3402 4686 memorim
3423 4629 3768 4701 mandentur,

2166 4725 2572 4794 distinctiusquc
2604 4733 2899 4780 teneantur.
2933 4723 3083 4790 Sese,
3114 4740 3232 4778 cum
3258 4724 3328 4778 sit
3354 4724 3586 4797 propitio
3614 4722 3773 4779 Chri-

2168 4827 2251 4872 sto
2278 4818 2603 4873 Christianus
2641 4817 2956 4883 catholicus,
2987 4818 3183 4874 asserit
3210 4818 3572 4874 indubitanter
3600 4819 3765 4887 scire,

2168 4909 2283 4965 lucc
2304 4910 2391 4964 illa
2417 4910 2634 4964 totidem
2664 4909 2913 4980 dogmata
2935 4924 3054 4964 esse
3083 4908 3346 4965 catholica
3372 4919 3520 4965 extra
3544 4919 3784 5007 οοιιιτοω⁸

2168 5002 2393 5056 versiam
2421 5016 2633 5056 omnem
2661 5003 2850 5070 pesita,
2878 5016 2908 5055 a
2930 5000 3121 5072 quibus
3142 5000 3403 5056 recedere
3424 5000 3782 5073 nequaquam}

2168 5094 2372 5161 liceret,
2406 5110 2590 5163 quarvc
2618 5095 2685 5149 ad
2722 5095 2881 5149 ﬁdem
2926 5096 3192 5165 pertinere
3236 5110 3303 5149 ne
3336 5094 3520 5149 Vitatis
3549 5094 3765 5165 quidem

2167 5201 2464 5256 repugnare
2495 5195 2696 5257 posset.
2744 5187 2799 5241 Si
2839 5195 3012 5243 tamet)
3054 5203 3119 5243 ex
3150 5188 3227 5241 eis
3265 5186 3482 5257 aliquod
3508 5196 3667 5250 esset,
3698 5170 3781 5241 de.

2167 5298 2271 5353 quo
2296 5291 2542 5336 censeret
2564 5280 2939 5345 dulitandum,
2967 5281 3187 5352 rogabat
3213 5280 3266 5334 id
3291 5281 3389 5335 sibi
3413 5279 3761 5351 signiﬁcaret;

2168 5383 2228 5429 ut
2250 5373 2424 5429 cidem
2456 5374 2569 5444 ipse
2598 5389 2692 5443 pro
2714 5389 2801 5441 ea,
2836 5389 2994 5443 quam
3025 5374 3277 5431 Dmninus
3307 5372 3478 5433 daret,
3507 5370 3765 5427 facultate

2168 5468 2540 5537 responderet.
2563 5466 2778 5521 Interim
2799 5482 2917 5536 quae
2937 5476 3122 5521 contra
3142 5464 3384 5536 proferre
3406 5465 3583 5536 potuit
3598 5464 3764 5519 frater

2169 5563 2378 5629 Vitalis,
2421 5571 2476 5617 et
2524 5578 2644 5632 qua:
2688 5562 2879 5631 partim
2934 5560 3205 5630 protulere
3250 5569 3433 5630 postea
3463 5559 3551 5628 qui
3602 5558 3763 5628 vulgo

2164 5655 2413 5710 diamltll‘
2458 5654 2888 5724 Semipelagiani,
2919 5668 2980 5707 ea
3010 5653 3161 5707 diluit
3203 5662 3257 5708 et
3285 5654 3477 5707 evertit
3515 5652 3759 5720 egregius

2165 5749 2349 5818 gratiae
2376 5746 2644 5801 defensor.
2679 5746 2915 5814 Denique
2943 5746 2999 5803 in
3022 5754 3263 5799 ostreum
3290 5743 3512 5812 cpistola
3543 5741 3639 5795 hoc
3662 5740 3760 5794 ad-

2170 5840 2267 5907 dit,
2315 5838 2359 5903 si
2400 5837 2682 5894 contendat
2725 5837 2810 5893 ille
2846 5854 2941 5911 pro
2978 5838 3056 5895 eis
3085 5837 3175 5910 qui
3202 5834 3422 5893 credere
3459 5833 3665 5902 nolunt,
3701 5839 3760 5897 ut
