4116 6366
526 358 625 418 551

532 484 873 537 consensum,
904 475 962 523 ut
982 466 1061 522 illi
1082 463 1529 529 communionem,
1558 477 1660 532 qua
1679 462 1912 530 privatus
1940 461 2007 515 ab
2029 464 2106 517 eis

527 563 729 628 fuerat,
775 562 1088 626 restituant,
1134 557 1349 612 minime
1395 553 1692 625 significant
1732 570 1744 606 :
1782 552 1875 608 sed
1922 562 2105 609 contra

528 658 771 714 absolute
798 655 981 710 dicunt
1022 651 1267 708 eumdem
1310 665 1341 703 a
1381 663 1439 703 se
1477 647 1637 701 fuisse
1674 653 1962 715 receptum,
2005 647 2104 701 rati

530 752 693 808 dubio
723 748 927 820 procul,
958 745 1166 817 quando
1194 744 1238 799 is
1264 756 1452 811 pravas
1477 738 1753 809 opiniones
1778 739 1846 794 ob
1873 753 2003 810 quas
2027 738 2106 793 in-

530 848 769 898 currerat
813 836 1163 894 damnationis
1208 848 1441 905 poenam,
1474 831 1800 901 ejuraverat,
1849 845 1908 886 se
1949 845 2106 900 posse

532 937 676 989 illam
698 931 1011 990 sententiam
1036 928 1238 992 tollere,
1272 940 1369 981 nec
1389 940 1507 980 eum
1535 938 1655 979 esse
1676 924 1742 979 ad
1763 922 1961 994 primos
1981 938 2106 978 suos

525 1026 733 1096 judices
761 1020 1154 1078 remittendum.
1205 1018 1281 1071 Ex
1309 1016 1465 1086 hujus
1494 1014 1733 1085 epistolae
1774 1012 1897 1068 stilo
1925 1022 2108 1068 censet

531 1117 758 1173 Jacobus
785 1112 1098 1171 Sirmundus
1122 1124 1241 1169 eam
1276 1108 1342 1163 ab
1366 1106 1660 1178 Augustino
1688 1106 1936 1161 dictatam
1964 1119 2103 1159 esse.

606 1207 660 1263 5.
689 1206 938 1262 Omnium
965 1202 1055 1273 qui
1082 1201 1147 1255 ab
1171 1199 1463 1269 Augustino
1482 1204 1837 1254 retractantur
1853 1195 2107 1250 librorum

538 1297 729 1354 seriem
752 1334 769 1361 ,
797 1303 856 1349 ut
881 1293 989 1364 jam
1018 1289 1414 1346 observavimus
1433 1329 1446 1353 ,
1479 1286 1673 1342 claudit
1698 1286 1832 1341 liber
1866 1284 1932 1339 de
1972 1283 2107 1340 Cor-

532 1388 773 1458 reptione
814 1394 867 1440 et
915 1382 1117 1440 Gratia.
1150 1380 1274 1435 lude
1324 1393 1451 1433 vero
1490 1393 1595 1432 non
1645 1386 1844 1432 temere
1869 1376 2107 1445 colligas,

533 1481 675 1537 hunc
704 1479 894 1533 librum
934 1484 987 1531 et
1015 1473 1467 1531 Retractationum
1512 1486 1644 1540 opus
1669 1484 1775 1524 uno
1818 1466 2110 1536 eodemque

533 1568 916 1643 propemodum
949 1576 1189 1638 tempore
1216 1564 1444 1635 perfecta
1486 1561 1649 1617 fuisse
1669 1603 1684 1629 ,
1716 1560 1813 1615 sub
1840 1560 1999 1615 finem
2026 1558 2109 1611 vi-

534 1663 728 1718 delicet
764 1661 887 1714 anui
920 1656 1425 1729 quadringentesimi
1452 1653 1691 1723 vigesimi
1726 1652 1955 1723 septimi.
1977 1648 2108 1705 Nam

534 1752 634 1807 etsi
668 1750 805 1807 liber
833 1750 923 1803 ille
951 1749 1003 1803 in
1039 1747 1221 1804 Galliis
1248 1754 1371 1800 ante
1395 1745 1540 1799 visus
1572 1744 1636 1797 sit
1662 1783 1676 1809 ,
1709 1757 1866 1811 quam
1896 1746 2110 1794 sanctus

536 1843 730 1897 Doctor
753 1839 1172 1894 Rctraetatioues
1202 1835 1412 1891 easdem
1434 1834 1734 1903 vulgasset;
1766 1830 1903 1885 hanc
1933 1836 2107 1883 tamen

534 1930 990 1995 lucubrationem,
1046 1926 1303 1997 siquidem
1341 1926 1503 1979 libros
1549 1932 1730 1977 contra
1768 1920 2109 1974 Maximinum

536 2038 674 2077 anno
695 2019 1210 2094 quadringentesimo
1230 2017 1485 2087 vigesimo
1510 2024 1696 2069 octavo
1712 2010 1982 2067 confectos
2005 2025 2110 2064 non

537 2112 967 2184 comprehendit,
996 2125 1153 2165 nemo
1178 2108 1442 2180 putaverit
1476 2104 1771 2160 absolutam
1802 2102 1967 2157 multo
1995 2108 2113 2171 post

537 2212 777 2259 exactum
810 2201 1135 2270 superiorem
1167 2212 1362 2251 anuum
1387 2215 1399 2251 :
1424 2211 1596 2265 neque
1630 2195 1789 2249 etiam
1840 2192 1931 2247 diu
1978 2191 2114 2244 mul-

539 2303 697 2364 toque
743 2302 863 2346 ante
885 2332 899 2358 ,
946 2289 1137 2361 quippe
1164 2303 1283 2343 cum
1316 2287 1369 2341 in
1416 2286 1552 2341 libro
1581 2285 1650 2341 de
1680 2284 1925 2339 Doctrina
1967 2281 2110 2335 chri-

537 2388 707 2442 stiana
732 2396 940 2455 quarto,
965 2398 1121 2453 quem
1146 2390 1254 2434 tum
1274 2379 1425 2446 fecit,
1452 2394 1571 2433 cum
1602 2376 1890 2433 secundum
1920 2375 2113 2429 librum

538 2476 988 2534 Rctractationum
1016 2474 1101 2527 vix
1124 2472 1409 2541 inceperat,
1464 2468 1636 2523 tradat
1672 2466 1991 2536 Augustinus
2016 2480 2113 2519 an-

536 2585 635 2627 nos
662 2571 827 2625 ferme
852 2576 972 2622 octo
1000 2565 1086 2621 vel
1111 2564 1337 2634 amplius
1364 2561 1633 2617 effluxisse
1657 2602 1670 2626 ,
1718 2574 1782 2613 ex
1810 2573 1917 2628 quo
1941 2558 2115 2611 Caesa-

536 2677 681 2719 ream
709 2675 893 2716 mense
924 2656 1212 2729 septembri
1240 2654 1366 2710 anni
1394 2663 1510 2724 post
1533 2650 2114 2721 quadringentesimum

538 2754 729 2811 decimi
752 2752 922 2807 octavi
949 2749 1191 2821 petierat.
1224 2746 1547 2816 Augustinus
1566 2742 1875 2813 jamdudum
1917 2756 2114 2812 propo-

540 2853 755 2909 suerat,
806 2857 930 2897 suos
977 2854 1165 2895 omnes
1203 2839 1367 2892 libros
1392 2879 1405 2903 ,
1458 2834 1709 2905 epistolas
1737 2849 1799 2887 ac
1842 2848 2115 2889 sermones

540 2935 771 2990 adhibita
823 2931 1018 3001 judicis
1072 2929 1353 2985 severitate
1384 2940 1694 2991 recensere;
1731 2939 1936 2978 necnon
1965 2924 2116 2993 rigidi

540 3024 777 3081 censoris
809 3023 997 3090 instar,
1020 3019 1271 3092 quidquid
1294 3019 1344 3072 in
1373 3018 1479 3072 illis
1505 3015 1997 3086 reprehendendum
2024 3031 2119 3084 pu-

541 3124 709 3178 taret,
739 3113 993 3183 opusculo
1029 3111 1096 3166 ad
1124 3111 1225 3165 hoc
1252 3111 1421 3179 ipsum
1447 3108 1684 3163 instituto
1710 3107 1958 3178 colligere
1980 3106 1999 3178 (
2018 3105 2120 3162 Re-

544 3205 894 3259 tractationum
946 3202 1176 3275 prologo,
1217 3218 1269 3255 n.
1302 3202 1327 3255 1
1355 3201 1374 3270 )
1404 3216 1417 3252 :
1446 3214 1547 3254 nec
1575 3214 1703 3253 sane
1732 3212 1898 3268 pauca
1927 3207 2115 3265 erant,

540 3310 658 3365 qua:
686 3308 717 3348 a
765 3309 823 3348 se
866 3293 1004 3348 dicta
1053 3292 1314 3362 scriptave
1354 3290 1629 3349 noluisset.
1671 3288 1975 3343 Marcellino
2008 3290 2117 3359 jam

540 3385 661 3442 inde
689 3386 757 3440 ab
793 3400 934 3441 anno
959 3381 1479 3455 quadringentesimo
1519 3380 1840 3436 duodecimo
1889 3380 2120 3436 testaba-

540 3488 643 3546 tur,
673 3487 854 3548 optare
905 3492 963 3532 se
1004 3482 1063 3531 ut
1091 3475 1398 3530 incumbere
1427 3473 1548 3527 huic
1576 3472 1748 3527 labori
1788 3471 1890 3527 sibi
1935 3471 2122 3526 liceret

541 3572 737 3643 (Epist.
801 3570 923 3637 145,
966 3586 1052 3623 nn.
1084 3568 1138 3633 2,
1172 3566 1262 3638 '5);
1304 3581 1408 3637 quo
1461 3565 1636 3637 palam
1676 3564 1911 3630 faceret,
1962 3578 2119 3633 quam

540 3681 645 3721 non
676 3672 817 3719 esset
844 3670 1093 3732 acceptor
1122 3674 1365 3730 personae
1394 3673 1523 3713 suae.
1556 3658 1719 3728 Igitur
1740 3656 1965 3712 iudicem
1995 3672 2118 3725 per-

542 3754 711 3810 texuit
738 3754 994 3807 librorum
1021 3765 1235 3807 suorum
1252 3790 1266 3815 ,
1293 3762 1424 3819 quos
1454 3747 1652 3802 idcirco
1677 3746 1965 3802 secundum
1994 3753 2119 3799 aeta-

550 3856 655 3899 tem
681 3844 934 3914 cujusque
964 3840 1258 3905 ordinavit,
1288 3848 1345 3892 ut
1364 3838 1409 3893 si
1438 3837 1627 3907 quibus
1660 3837 1888 3906 placeret
1905 3835 2120 3890 eosdem

546 3956 615 3996 ex
641 3939 730 3992 illa
760 3937 896 3992 serie
933 3936 1175 3990 evolvere
1195 3974 1208 3999 ,
1251 3931 1519 4004 quomodo
1554 3929 1837 3984 scribendo
1862 3930 1976 3998 ipse
2002 3943 2123 3998 pro-

545 4028 768 4091 fecerit,
806 4026 1228 4080 animadvertere
1256 4024 1495 4078 valerent
1517 4020 1969 4091 (Retractationum
1999 4036 2121 4090 pro-

546 4120 682 4190 logo,
714 4135 767 4172 .
791 4116 866 4189 5).
891 4115 1165 4187 Propterea
1188 4132 1321 4169 nunc
1349 4114 1479 4186 facio
1509 4112 1678 4178 libros,
1725 4113 1829 4176 ait,
1863 4112 1915 4164 in
1944 4111 2122 4182 quibus

548 4209 791 4279 opuscula
820 4226 929 4264 mea
957 4208 1279 4263 retractanda
1307 4206 1525 4275 suscepi,
1558 4214 1611 4258 ut
1636 4220 1727 4258 nec
1764 4220 1841 4257 me
1868 4204 2034 4273 ipsum
2070 4204 2123 4255 in

547 4300 775 4357 omnibus
818 4317 897 4355 me
950 4309 1170 4354 secutum
1227 4299 1381 4368 fuisse
1443 4296 1808 4358 demonstrem;
1858 4293 1945 4347 sed
2006 4308 2123 4362 pro-

549 4394 772 4463 ficienter
819 4408 897 4445 me
938 4390 1162 4445 existimo
1210 4387 1319 4443 Deo
1368 4388 1631 4441 miserante
1685 4384 1977 4453 scripsisse,
2018 4400 2125 4436 non

551 4493 715 4537 tamen
759 4499 791 4535 a
855 4480 1157 4553 perfectione
1205 4478 1415 4548 coepisse
1454 4516 1469 4531 .
1521 4474 1923 4545 quandoquidem
1978 4490 2124 4527 arro-

549 4573 752 4645 gantius
794 4573 988 4642 loquor,
1033 4586 1185 4639 quam
1248 4569 1447 4630 verius,
1492 4566 1535 4620 si
1588 4566 1663 4620 vel
1702 4581 1833 4618 nunc
1858 4565 2005 4630 dico,
2048 4579 2126 4617 me

550 4665 618 4719 ad
676 4664 1027 4735 perfectione:
1090 4661 1199 4714 sine
1248 4658 1354 4713 ullo
1394 4674 1561 4713 errore
1621 4656 1874 4710 scribendi
1913 4656 2027 4726 jam
2074 4656 2127 4709 in

553 4759 650 4813 ista
675 4765 821 4813 (etate
859 4755 1066 4808 venisse.
1094 4752 1199 4807 Sed
1223 4751 1423 4804 interest
1467 4757 1705 4821 quantum
1756 4758 1802 4803 et
1848 4750 1900 4802 in
1948 4748 2127 4818 quibus

552 4848 699 4903 rebus
764 4855 953 4901 erretur
974 4861 993 4911 ;
1062 4852 1107 4898 et
1174 4858 1325 4912 quam
1390 4842 1540 4912 facile
1592 4843 1797 4914 quisque
1871 4842 2124 4911 corrigat,

552 4940 633 4997 uel
672 4950 860 5011 quanta
932 4934 1207 5007 pertinacia
1264 4949 1411 4987 suum
1472 4933 1737 5001 defendere
1795 4942 2000 4985 conetur
2046 4948 2128 4984 er-

552 5048 737 5087 rorem.
766 5029 924 5083 Bona:
960 5027 1147 5099 quippe
1179 5026 1284 5097 spei
1318 5035 1391 5079 est
1442 5024 1624 5090 homo,
1668 5024 1713 5077 si
1742 5039 1853 5076 eum
1902 5022 1973 5076 sic
2007 5038 2129 5093 pro-

554 5126 799 5193 cientem
820 5122 925 5176 dies
954 5120 1159 5175 ultimus
1189 5119 1301 5172 uitta
1326 5117 1477 5187 hujus
1496 5114 1736 5169 invenerit
1760 5155 1774 5179 ,
1802 5122 1854 5167 ut
1884 5114 2133 5184 adjician-

557 5224 638 5269 tur
673 5216 746 5281 ei,
776 5230 888 5282 quae
912 5212 1191 5284 procienti
1221 5210 1524 5280 defuerunt;
1550 5218 1597 5262 et
1623 5208 1954 5278 perficiendus
1982 5224 2134 5277 quam

557 5304 836 5376 puniendus
881 5305 1041 5374 potius
1077 5302 1341 5373 judicetur
1371 5298 1474 5372 (De
1526 5297 1671 5352 Dono
1732 5299 2129 5368 perseverantiae,

560 5410 613 5447 n.
657 5392 771 5463 55).
824 5392 1006 5446 Eidem
1060 5392 1301 5462 catalogo
1344 5391 1579 5444 inserere
1610 5387 1776 5443 voluit
1803 5404 1892 5443 eas
1924 5404 2135 5458 quoque

561 5482 1062 5548 commentationes,
1095 5496 1227 5551 quas
1254 5489 1373 5552 post
1400 5480 1805 5536 conversionem
1831 5478 2004 5534 adhuc
2042 5494 2133 5535 ca-

534 5576 914 5632 ltechumenns
932 5574 1190 5641 ediderat,
1221 5589 1288 5630 eo
1324 5573 1462 5645 quod
1494 5573 1684 5643 publici
1712 5572 1844 5643 juris
1874 5570 2027 5627 facta:
2047 5585 2135 5626 es-

564 5679 712 5737 sent,
744 5683 843 5724 nec
894 5666 1008 5723 sine
1057 5666 1229 5722 fructu
1258 5667 1579 5737 legerentur,
1607 5665 1768 5720 modo
1804 5665 2045 5736 quaedam
2083 5664 2138 5721 in

566 5762 673 5823 illis
695 5768 869 5819 errata
892 5768 1293 5829 excusarentur,
1335 5769 1426 5815 aut
1472 5759 1658 5818 saltem
1688 5772 1795 5814 non
1827 5765 2133 5837 putarentur

1627 348 1784 403 VITA
1824 349 1881 404 S.
1924 346 2291 406 AUGUSTINI
2331 348 2656 409 EPISCOPI.

3684 365 3790 423 552

2213 465 2581 536 amplectenda
2610 466 3064 537 (Retractationum
3083 486 3312 547 prorogo,
3342 494 3395 532 .
3423 477 3505 549 5).
3531 479 3793 540 Accurate

2214 556 2270 611 in
2299 557 2519 627 singulis
2572 560 2867 632 quibusque
2896 562 3146 633 Operibus
3168 607 3183 632 ,
3232 582 3351 637 qua:
3399 569 3484 625 vel
3524 584 3583 627 se
3613 573 3790 643 ipsum

2213 647 2543 704 offenderent
2565 690 2580 715 ,
2637 652 2718 706 vel
2770 653 2903 708 alios
2954 654 3222 714 offendere
3261 671 3508 730 possent,
3539 663 3791 735 adnotat,

2212 737 2527 796 illustrando
2546 740 2692 797 locos
2713 742 2970 801 obscuros
2987 760 3051 801 ac
3066 748 3241 816 pravis
3260 749 3786 821 interpretationibus

2212 831 2471 888 obnoxios
2501 831 2701 903 (Epist.
2731 834 2867 903 224,
2896 852 2942 890 c.
2972 837 3081 909 2);
3110 847 3166 894 et
3197 840 3513 911 corrigendo
3535 844 3793 916 quidquid

2212 922 2281 979 ab
2308 924 2665 980 ecclesiastica
2699 927 2878 997 regula
2918 928 3148 985 alienum
3176 932 3377 1001 putavit
3398 932 3711 1003 (Possidius,
3738 937 3795 990 in

2228 1013 2340 1069 Vita
2366 1016 2647 1087 Augustini,
2670 1033 2716 1071 c.
2743 1017 2851 1089 28)
2878 1032 2939 1074 se
2975 1019 3077 1075 illis
3103 1028 3216 1075 tum
3259 1022 3640 1091 immiscuisse,
3667 1041 3793 1080 cum

2214 1105 2470 1163 Ecclesiae
2498 1124 2650 1162 usum
2688 1109 2771 1165 vel
2796 1108 3088 1165 doctrinam
3121 1112 3346 1168 necdum
3372 1114 3502 1170 satis
3528 1123 3670 1171 esset
3697 1130 3790 1171 as-

2212 1207 2447 1254 secutus.
2479 1199 2800 1254 Faeiendum
2831 1200 2931 1255 sibi
2980 1204 3208 1271 putavit,
3247 1204 3460 1274 quando
3501 1222 3569 1260 ex
3596 1214 3673 1261 tot
3706 1207 3791 1261 lu-

2213 1290 2581 1345 cubrationum
2606 1302 2819 1346 suarum
2841 1293 3098 1364 exemplis
3127 1294 3261 1348 nawi
3279 1336 3294 1361 ,
3330 1297 3421 1367 qui
3444 1296 3792 1366 irrepserant,

2213 1383 2441 1453 expungi
2472 1397 2577 1438 non
2617 1391 2869 1453 possent,
2917 1393 2974 1438 ut
2999 1399 3183 1440 eorum
3240 1386 3554 1443 admoneret
3596 1402 3791 1443 omnes

2214 1473 2486 1542 homines,
2517 1483 2677 1545 atque
2702 1476 2773 1531 ita
2795 1491 2852 1532 se
2886 1477 2999 1548 ipse
3026 1477 3125 1533 sub
3170 1477 3426 1548 magistro
3452 1492 3559 1532 uno
3582 1476 3795 1547 judica

2215 1572 2334 1632 ret,
2365 1565 2516 1634 cujus
2554 1566 2623 1622 de
2658 1567 3039 1623 offensionibus
3080 1566 3335 1637 judicium
3378 1566 3603 1623 evadere
3626 1582 3796 1639 cupe-

2214 1665 2298 1712 ret
2329 1656 2782 1730 (Retractationum
2819 1661 3028 1733 prologo
3053 1703 3066 1726 ,
3116 1677 3204 1714 nn.
3248 1659 3304 1727 2,
3346 1658 3438 1730 3).
3482 1659 3559 1714 Eo
3606 1659 3797 1715 ductus

2216 1749 2471 1815 consilio,
2515 1751 2768 1821 quidquid
2808 1753 3049 1808 homines
3109 1767 3298 1822 parum
3353 1751 3557 1807 cordati
3597 1750 3797 1806 dicturi

2216 1847 2406 1906 erant,
2438 1839 2587 1895 nihili
2631 1840 2775 1897 fecit.
2829 1842 2961 1896 Nam
2990 1842 3058 1897 de
3099 1841 3449 1912 prudentibus
3487 1841 3542 1896 id
3587 1850 3796 1897 certun

2216 1931 2657 2003 exploratumque
2680 1933 2941 2002 habebat,
2969 1950 3065 1990 eos
3105 1936 3206 1991 sibi
3249 1936 3377 1990 vitio
3403 1950 3672 2004 nunqua-
3698 1933 3797 1989 da-

2216 2029 2365 2077 turos
2387 2063 2402 2089 ,
2433 2024 2572 2093 quod
2600 2040 2809 2081 errores
2835 2022 2961 2081 suos
2993 2026 3175 2081 humili
3201 2026 3460 2082 modestia
3479 2027 3797 2097 corrigeret,

2216 2130 2335 2169 cum
2374 2116 2441 2170 ad
2488 2116 2863 2185 perfectionem
2912 2118 3157 2174 humanis
3208 2118 3411 2175 viribus
3457 2118 3791 2190 superiorem

2217 2206 2315 2261 sibi
2343 2221 2450 2261 non
2488 2207 2722 2263 licuisset
2749 2210 3023 2277 pervenire
3046 2250 3061 2274 ,
3093 2218 3151 2264 ut
3179 2210 3380 2266 scilicet
3407 2225 3670 2280 nusquam
3702 2211 3792 2265 la

2218 2297 2434 2352 beretur
2456 2296 2643 2369 (Epist.
2676 2300 2799 2366 145,
2841 2316 2930 2354 nn.
2958 2300 3014 2367 2,
3070 2299 3147 2370 ).
3177 2300 3411 2355 Primum
3452 2300 3643 2355 librum
3673 2314 3799 2355 sane

2218 2396 2335 2442 ctus
2363 2388 2559 2442 Doctor
2584 2404 2649 2443 ex
2677 2389 2740 2443 iis
2768 2390 3090 2460 composuit,
3109 2406 3228 2460 qua:
3254 2399 3378 2446 ante
3396 2390 3796 2461 episcopatum;

2219 2478 2505 2532 secundum
2552 2494 2709 2547 vero,
2752 2495 2816 2534 ex
2855 2480 2920 2535 iis
2948 2496 3066 2551 qua:
3090 2481 3202 2551 jam
3227 2480 3512 2552 episcopus
3537 2481 3799 2537 ediderat.

2220 2568 2295 2621 Ea
2328 2569 2529 2623 ratione
2554 2570 2815 2641 comperit
2847 2569 3115 2643 (namque
3152 2572 3410 2629 hactenus
3435 2571 3563 2627 illud
3589 2573 3804 2642 ignora-

2221 2671 2369 2715 verat
2395 2660 2584 2733 [Epist.
2623 2661 2748 2728 224,
2780 2679 2832 2715 n.
2872 2660 2967 2734 2])
2993 2676 3051 2718 se
3079 2678 3239 2732 opera
3282 2663 3562 2732 nonaginta
3603 2661 3709 2716 tria
3745 2662 3805 2717 in

2220 2751 2367 2805 libris
2419 2752 2657 2807 ducentis
2709 2753 2923 2822 triginta
2968 2753 3176 2808 duobus
3222 2754 3277 2808 in
3334 2754 3506 2809 lucem
3553 2752 3804 2807 emisisse

2228 2838 2678 2911 (Retractationum
2704 2842 2790 2896 lib.
2819 2841 2875 2907 2,
2906 2859 3021 2914 cap.
3056 2842 3165 2914 6'1).
3200 2842 3342 2897 Duos
3366 2842 3529 2897 hosce
3554 2840 3718 2896 libros
3741 2849 3809 2895 ut

2221 2940 2344 2986 ante
2374 2932 2564 3001 publici
2587 2932 2723 3002 juris
2761 2932 2994 3000 faceret,
3024 2948 3181 3001 quam
3227 2933 3478 3002 epistolas
3502 2946 3564 2986 ac
3591 2946 3806 2987 sermo

2224 3038 2319 3076 nes
2362 3038 2486 3075 suos
2540 3024 2930 3091 recensuisset,
2971 3039 3002 3078 a
3044 3023 3295 3079 fratribus
3340 3022 3438 3078 fuit
3471 3023 3805 3092 compulsus.

2223 3110 2493 3167 Possidius
2545 3122 2773 3167 testatur
2804 3115 3012 3169 titulum
3053 3116 3156 3168 illis
3208 3114 3432 3169 inditum
3485 3114 3681 3181 fuisse,
3722 3114 3812 3169 De

2224 3202 2531 3259 Recensione
2576 3204 2817 3259 librorum
2861 3206 3166 3278 (Possidius
3189 3248 3203 3272 ,
3256 3207 3311 3260 in
3348 3206 3463 3262 Vita
3491 3209 3757 3279 Augustini
3789 3250 3806 3275 ,

2224 3311 2271 3348 c.
2296 3293 2412 3365 28).
2440 3294 2817 3350 Verumtamen
2840 3311 2963 3351 cum
3002 3296 3308 3352 eorumdem
3339 3298 3579 3352 meminit
3621 3299 3807 3368 Augu-

2224 3384 2424 3449 stinus,
2463 3394 2518 3438 ut
2547 3385 2831 3454 plurimum
2862 3386 3023 3440 verbo
3065 3386 3375 3442 Retraetare
3405 3387 3586 3440 utitur.
3622 3387 3809 3456 Itaque

2225 3475 2385 3530 hodie
2410 3477 2814 3532 Retractationes
2855 3478 3211 3533 inscribuntur
3268 3478 3427 3534 iidem
3471 3479 3625 3545 libri,
3666 3494 3808 3548 quo~

2226 3568 2385 3623 modo
2435 3569 2573 3639 apud
2622 3570 2905 3639 ipsummet
2949 3570 3336 3639 Augustinum,
3395 3578 3450 3625 et
3510 3569 3809 3624 secundum

2226 3674 2347 3714 eum
2374 3659 2511 3728 apud
2556 3660 2874 3728 Prosperum
2902 3671 2955 3715 et
2982 3659 3358 3715 Cassiodorum
3390 3660 3674 3729 inscriptos
3714 3676 3810 3715 re-

2227 3751 2419 3820 perias.
2464 3750 2568 3805 Sed
2592 3766 2719 3806 eave
2757 3767 2826 3807 ne
2869 3766 3050 3807 vocem
3104 3751 3240 3805 hanc
3265 3750 3406 3807 idem
3429 3765 3618 3806 sonare
3648 3762 3771 3820 puta

2227 3843 2397 3908 veris,
2460 3841 2601 3911 quod
2660 3842 3011 3911 palinodiam,
3072 3852 3128 3896 ut
3177 3842 3395 3907 dicunt,
3455 3843 3813 3897 canerczilla

2228 3932 2420 4002 quippe
2444 3933 2583 4001 apud
2609 3932 2960 4001 Augustinum
2994 3924 3187 4002 passim
3215 3948 3493 3987 recensere
3522 3948 3582 3986 ac
3606 3947 3807 3987 secun-

2227 4022 2349 4078 dam
2391 4039 2571 4077 curam
2643 4023 2896 4079 adhibere
2944 4022 3223 4093 signicat.
3276 4022 3342 4077 Et
3395 4022 3567 4092 reipsa
3610 4035 3810 4091 quanta

2228 4122 2424 4184 quanta
2466 4114 2749 4170 severitate
2796 4115 2932 4169 hanc
2967 4124 3212 4169 exerceat
3258 4129 3571 4177 censuram,
3614 4114 3663 4167 in
3705 4112 3815 4166 hoc

2228 4204 2397 4260 ferme
2422 4215 2729 4277 occupatur,
2761 4215 2817 4260 ut
2845 4216 3075 4262 mentem
3099 4222 3249 4263 suam
3275 4205 3509 4277 aperiat,
3535 4206 3815 4275 provideat

2231 4311 2298 4350 ne
2324 4296 2374 4348 iu
2402 4296 2703 4364 sequiorem
2730 4311 2945 4351 sensum
2976 4297 3135 4351 verba
3168 4296 3408 4365 quaedam
3443 4296 3594 4365 paulo
3620 4295 3815 4350 obscu-

2234 4388 2375 4441 riora
2397 4387 2743 4456 accipiantur,
2769 4396 2860 4442 aut
2877 4388 3127 4443 emendet
3154 4387 3258 4441 alia
3285 4387 3564 4452 nonnulla;
3596 4386 3816 4441 interim

2231 4493 2503 4545 errorem,
2551 4479 2605 4533 in
2671 4493 2829 4548 quem
2889 4477 3163 4542 inciderit,
3232 4478 3435 4532 nullum
3477 4487 3812 4543 retractans,

2234 4581 2426 4641 praeter
2473 4569 2984 4641 Semipelagianum,
3046 4586 3111 4624 ne
3156 4585 3313 4639 quem
3356 4569 3490 4624 forte
3518 4566 3818 4624 deterreret

2231 4662 2347 4731 ejus
2382 4662 2713 4716 observantia
2756 4670 2810 4715 et
2862 4660 3222 4725 existimatio,
3273 4661 3555 4730 quominus
3602 4658 3701 4712 hac
3753 4659 3814 4713 in

2235 4761 2385 4821 parte
2409 4766 2439 4805 a
2464 4752 2728 4806 sententia
2774 4750 2937 4820 ipsius
2966 4749 3281 4806 discederet.
3330 4751 3471 4805 idem
3504 4750 3615 4820 ipse
3639 4750 3813 4805 varios

2235 4857 2302 4897 ex
2332 4842 2447 4896 istis
2487 4842 2690 4896 duobus
2721 4840 2869 4897 libris
2897 4841 3139 4910 producit
3177 4841 3353 4906 locos,
3388 4840 3474 4895 ubi
3498 4855 3729 4895 errorem
3756 4839 3818 4894 il-

2238 4932 2382 4999 lum,
2415 4933 2466 4986 in
2494 4948 2651 5002 quem
2692 4940 2815 4986 ante
2855 4932 3214 5002 episc0patum
3247 4933 3423 5002 lapsus
3464 4931 3668 4997 fuerat,
3714 4930 3817 4984 ab-

2233 5024 2464 5094 jurabat.
2490 5024 2742 5078 Sanctum
2771 5023 3049 5078 Doctorem
3072 5023 3414 5078 recensendis
3440 5024 3549 5077 suis
3566 5022 3820 5093 operibus

2237 5116 2529 5182 desudare,
2582 5116 2740 5170 etiam
2788 5115 3090 5185 priusquam
3155 5114 3254 5169 hac
3316 5113 3381 5168 de
3429 5130 3490 5169 re
3532 5113 3818 5183 quidquam

2239 5212 2529 5277 edidisset,
2565 5209 2833 5265 ferebatur
2872 5210 2925 5263 in
2968 5209 3181 5274 Galliis;
3212 5217 3265 5263 et
3294 5207 3442 5262 illum
3469 5207 3697 5262 Hilarius
3721 5205 3823 5259 ob-

2243 5301 2484 5357 secrabat
2503 5343 2517 5368 ,
2543 5310 2600 5356 ut
2626 5302 2713 5355 ubi
2744 5300 2971 5371 primum
2998 5315 3058 5355 ea
3108 5300 3348 5355 recensio
3380 5300 3434 5353 in
3464 5299 3632 5354 lucem
3658 5297 3826 5352 exiis-

2241 5403 2359 5459 set,
2393 5394 2529 5449 hanc
2558 5393 2623 5448 ad
2655 5409 2713 5449 se
2760 5394 2997 5448 mitteret
3039 5390 3228 5464 (Epist.
3270 5391 3396 5457 226,
3442 5409 3495 5445 .
3536 5390 3645 5463 l0).
3676 5391 3825 5456 Quo-

2243 5485 2382 5540 circa
2423 5484 2745 5553 Augustiuus
2774 5483 2827 5537 in
2853 5498 2949 5538 suo
2974 5482 3040 5537 ad
3066 5481 3320 5537 Hilarium
3348 5495 3625 5551 responso,
3669 5494 3827 5534 eam-

2243 5576 2363 5632 dem
2395 5576 2462 5630 ab
2500 5590 2565 5630 eo
2612 5574 2841 5630 necdum
2889 5574 3080 5629 lectam
3118 5572 3279 5627 fuisse
3297 5585 3325 5639 ,
3360 5581 3416 5626 ut
3445 5580 3645 5626 certum
3672 5570 3860 5640 ponit.-

2250 5665 2349 5739 (De
2381 5666 2524 5721 Dono
2551 5664 2927 5734 perseverantiae
2956 5705 2970 5729 ,
3000 5681 3052 5717 n.
3075 5663 3190 5733 27).
3222 5666 3513 5734 Aggressus
3528 5668 3609 5716 est
3632 5658 3831 5717 deinde

2248 5758 2613 5820 recensionem
2660 5756 3001 5833 epistolarum
3044 5770 3295 5824 suarum,
3340 5770 3370 5810 e
3411 5752 3604 5833 quibus
3629 5749 3837 5814 multa:
