2058 3183
152 160 204 188 553

152 218 205 251 jam
225 214 369 249 relegem.
394 219 454 240 eum
468 218 528 238 eum
546 208 707 245 r‘esptiudere
720 213 780 236 octo
793 208 889 236 Juliani
908 208 940 235 li-

155 262 209 288 bris
217 259 334 295 oportuit
349 258 450 295 (Epist.
463 257 526 289 224,
539 264 565 283 n.
576 255 617 291 2).
632 255 711 290 Atqui
723 262 756 282 ne
769 258 823 282 tum
835 253 942 290 quidem

156 307 289 337 laborem,
300 312 377 339 quem
393 302 491 338 oppido
504 300 680 329 necessarium
691 299 825 335 judieabat
835 319 842 332 ,
859 298 942 327 inter—

155 350 352 378 misitzhorum
376 345 491 383 operum
510 346 586 374 alteri
607 346 677 373 diem
690 366 698 378 ,
721 345 797 372 alteri
818 349 921 372 noctem
934 365 942 377 ,

157 403 216 423 cum
229 402 281 423 non
297 393 368 421 aliud
385 391 493 427 majoris
513 391 639 419 momenti
664 390 800 425 negotium
814 389 942 421 obstaret,

159 440 367 475 impertiebatur.
383 438 481 464 Verum
506 437 644 471 quantovis
665 440 799 463 teneretur
813 435 944 462 desiderio

161 489 335 512 memoratum
356 490 422 517 opus
438 482 589 517 perﬁciendi
603 502 610 514 ,
627 481 690 508 illud
708 485 795 507 tamen
818 479 942 514 imperfe-

158 535 228 557 ctum
244 529 393 563 relinquere
406 528 518 562 primum
528 526 669 553 Vandalico
684 526 762 557 bello,
774 525 869 552 dehinc
882 532 944 559 pro-

159 576 213 610 pria
238 581 286 602 sua
317 578 403 600 morte
431 577 537 599 coactus
555 576 605 598 est.
632 571 765 598 Possidius
787 569 857 597 enim
877 569 945 596 duos

160 625 259 647 tantum
273 619 495 646 lletraetationnm
508 618 590 643 libros
604 616 732 651 agnoscit.
749 614 885 649 Supplevit
896 614 946 640 hoc

158 665 272 700 quodam
289 664 366 690 modo
381 664 449 690 idem
465 662 600 689 Possidius
620 669 652 688 eo
668 660 784 687 indicnlo
796 679 805 692 ,
825 666 904 694 quem
930 665 947 685 θ

159 711 244 738 sancti
258 710 314 737 Viri
327 709 401 736 libris
413 730 420 741 ,
437 708 556 743 epistolis
569 715 599 734 ac
614 706 780 734 sermonibus
794 704 944 737 contexuit;

161 756 259 791 quibus
273 755 395 782 omnibus
418 761 547 780 summam
570 753 640 780 mille
654 752 759 786 triginta
774 750 946 786 scriptionum

160 801 254 830 oouﬁci
268 800 397 832 afﬁrmat;
412 800 519 834 acceptis
540 799 570 825 iis
582 819 588 831 ,
603 798 674 825 addit
688 798 741 829 ille,
758 797 801 832 qui
819 796 948 823 numerari

161 855 209 873 non
236 849 350 880 possunt,
377 845 434 879 quia
459 852 502 870 nec
520 851 648 870 numerum
676 842 813 877 designarit
835 842 947 876 ipsorum

164 891 318 926 (Possidius,
335 891 360 916 in
374 889 491 916 Indiculo
501 910 507 921 ,
522 897 578 923 cap.
595 888 649 923 l0).
667 887 874 914 Innumerabiles
888 894 947 914 esse

163 937 233 971 illitis
253 936 378 970 epistolas
400 942 430 961 ac
451 941 588 961 sermones
607 933 698 959 Victor
720 931 835 959 Vitcnsis
855 935 948 959 auctor

161 986 200 1009 cst
220 981 270 1016 (De
285 980 460 1007 Persecutione
475 979 597 1011 Vandal.,
610 979 652 1004 lib.
664 979 687 1010 i,
705 986 730 1004 n.
743 977 781 1013 5).
797 977 887 1012 Neque
898 976 949 1004 hoc

160 1027 277 1061 profecto
298 1026 348 1052 sibi
369 1026 506 1059 quisquam
520 1032 589 1058 είλετο
605 1023 760 1058 persuadeat
779 1023 814 1050 de
834 1022 881 1050 illo
895 1023 950 1050 An‘o

161 1073 244 1099 tistite
254 1092 261 1104 ,
275 1072 319 1106 qui
335 1076 403 1098 totos
417 1072 521 1105 triginta
536 1076 620 1097 annos
633 1070 730 1097 oraculi
745 1069 804 1096 loco
818 1069 949 1096 universae

161 1119 287 1146 Ecclesia:
304 1118 393 1145 latina:
411 1118 477 1149 fuit;
492 1117 536 1151 qui
552 1117 663 1143 aliorum
680 1120 772 1150 rogatu
786 1120 950 1150 quacumque

163 1164 223 1190 data
235 1164 374 1191 oecasione
389 1164 467 1190 verba
487 1164 572 1189 facere
585 1162 737 1196 compulsus
747 1165 789 1188 est
805 1160 949 1197 (Retractaa

170 1210 265 1236 tionum
286 1210 398 1244 prologo,
427 1209 515 1243 11.2);
540 1208 584 1242 qui
609 1208 722 1242 denique
748 1207 780 1233 ad
804 1211 949 1234 extremam

166 1262 249 1289 usque
266 1255 449 1289 tegritudincm
472 1254 576 1280 assidue
595 1254 705 1280 verbum
730 1254 775 1280 Dei
800 1252 951 1287 prmdicavit

164 1300 322 1335 (Possidius,
336 1300 362 1326 in
377 1299 434 1326 Vita
447 1299 590 1334 Augustini,
611 1307 633 1325 ε.
657 1299 686 1325 5i
697 1298 717 1332 ).

195 1347 224 1373 6.
245 1346 355 1373 Videtur
375 1346 508 1373 Possidius
537 1346 662 1378 innuere,
686 1345 860 1380 Augustinum
884 1344 950 1372 illud

162 1392 249 1426 operis
262 1392 334 1427 quod
350 1392 485 1426 Speculum
500 1392 642 1426 inscripsit,
654 1391 835 1425 composuisse
847 1391 953 1418 circltcr

163 1438 231 1465 idem
247 1442 360 1472 tempus,
374 1445 426 1471 quo
438 1437 647 1464 Rctractationes
659 1444 730 1469 suas,
746 1441 772 1462 et
787 1436 864 1470 paqu
876 1440 953 1463 ante-

163 1489 239 1517 quam
257 1483 298 1509 vel
323 1482 513 1509 descenderent
537 1484 562 1508 in
584 1482 710 1514 Africam,
727 1482 767 1507 vel
791 1481 950 1515 llippoueutv

164 1528 275 1562 Itegium
296 1527 451 1554 accederent
470 1527 581 1554 Vandali
596 1526 685 1562 (Ibid,
706 1536 728 1553 c.
745 1527 802 1561 '28).
820 1526 856 1553 Ea
878 1534 953 1553 com-

164 1573 291 1600 mentatio
312 1577 415 1599 constat
441 1573 571 1607 excerptis
593 1581 624 1599 ex
652 1577 762 1606 utroque
784 1572 954 1599 Testamento

165 1619 244 1651 locis,
259 1619 285 1645 in
307 1619 402 1653 quibus
422 1619 498 1645 nobis
518 1618 614 1652 aliquid
633 1626 647 1644 a
671 1618 725 1645 Deo
745 1618 896 1653 praicipitur
909 1621 954 1645 aut

166 1664 322 1698 prohibetur
333 1673 340 1691 :
351 1672 404 1691 non
416 1665 484 1691 enim
495 1669 633 1699 propterea
646 1664 791 1698 composita
806 1669 857 1697 est,
871 1670 899 1691 ut
912 1664 954 1691 illa

166 1711 312 1744 discamus,
334 1719 391 1745 qum
415 1711 596 1738 tantummodo
619 1719 666 1737 nos
687 1714 808 1744 oporteat
829 1703 953 1743 credere;

166 1761 254 1790 neque
267 1765 294 1783 ιιι
308 1762 486 1791 proponantur
497 1764 522 1782 in
536 1756 632 1791 quibus
647 1763 720 1782 sacra
737 1755 848 1790 quadam
860 1755 955 1782 obscu-

166 1803 244 1829 ritate
263 1808 451 1834 exerceamur;
469 1808 560 1828 vcrum
581 1806 610 1828 ut
632 1801 770 1836 praeceptis
792 1800 955 1835 simplicibus

167 1853 245 1883 atque
255 1855 269 1874 a
282 1847 423 1882 ﬁgurarum
438 1848 573 1875 inrolucro
589 1847 688 1879 liberis,
704 1853 762 1881 quae
786 1846 876 1873 ﬁdeles
896 1853 955 1873 om-

169 1900 216 1920 nes
236 1900 345 1920 servare
368 1900 477 1920 necesse
498 1894 540 1925 sit,
564 1893 646 1920 nostri
670 1891 840 1919 instituantur
857 1897 955 1919 mores.

169 1941 240 1968 lianc
253 1945 344 1968 autem
365 1941 547 1967 collectionem
569 1947 661 1966 eorum
677 1939 760 1973 gratia
779 1938 955 1970 concinnavit,

168 1986 212 2020 qui
223 1986 277 2021 jam
292 1986 441 2019 credentes,
456 1985 562 2013 obedire
577 1986 630 2012 Deo
642 1985 747 2017 volunt;
761 1984 873 2011 maxime
883 1991 956 2016 vero,

168 2032 263 2065 quibus
275 2039 329 2058 non
342 2030 401 2058 licet
417 2031 505 2058 multm
521 2031 627 2057 lectioni
648 2038 755 2064 operam
771 2030 844 2063 dare,
860 2037 912 2064 quo
929 2032 958 2057 se

170 2077 241 2111 ipsos
254 2077 279 2104 in
293 2084 324 2104 ea
341 2078 562 2112 contemplantes,
578 2077 622 2103 ubi
638 2077 691 2103 Deo
716 2080 824 2110 pareant
842 2080 887 2102 ant
905 2083 958 2102 non

171 2127 288 2156 pareant,
297 2128 422 2158 quantum
433 2122 592 2157 profecerim
603 2123 627 2149 in
637 2122 759 2156 operibus
767 2121 851 2154 bonis,
861 2121 959 2156 quidve

170 2169 219 2195 sibi
241 2168 327 2196 adhuc
346 2169 415 2196 desit
433 2169 463 2195 ad
481 2168 678 2202 perfectionem,
701 2167 918 2202 deprehendant:
933 2171 960 2193 et

171 2213 208 2241 sic
224 2213 274 2248 ipsi
289 2214 322 2241 de
334 2214 419 2246 bonis,
436 2219 495 2248 qua:
511 2213 536 2240 in
554 2222 582 2240 se
597 2213 840 2246 animadverterint,
863 2213 959 2248 gratias

171 2263 264 2294 agant;
280 2267 373 2286 omnes
383 2266 443 2286 suas
454 2264 532 2286 eurus
546 2267 576 2285 ΩΟ
589 2266 680 2293 DI‘CCCS
695 2258 727 2285 {Id
744 2266 835 2285 corum
850 2266 959 2285 CODSCP°

172 2306 303 2332 vationem
327 2305 396 2332 ﬁdeli
416 2306 512 2340 pietate
527 2305 662 2332 conferant
686 2309 712 2331 et
732 2312 827 2331 nervos
846 2312 908 2331 suos
927 2303 959 2331 ad

173 2355 216 2383 ea,
227 2350 322 2385 quibus
338 2358 367 2377 se
386 2350 526 2377 destitutos
542 2350 664 2382 viderint,
680 2349 857 2384 comparanda
872 2349 959 2377 inten-

174 2396 246 2423 dant.
261 2395 295 2423 Et
308 2396 358 2423 hoc
372 2396 419 2423 fuit
433 2403 529 2428 caus:e,
542 2403 589 2422 cur
601 2395 701 2422 eisdem
713 2395 843 2430 cxcerptis
855 2394 960 2430 Speculi

175 2440 276 2468 titulum
287 2441 459 2474 inscriberet;
474 2440 570 2475 quibus
584 2441 710 2468 duntaxat
723 2440 819 2475 adjecit
829 2440 962 2475 prmfatioé

176 2494 246 2519 nem,
263 2495 315 2522 qua
337 2487 440 2515 consilii
464 2487 505 2514 sui
528 2487 656 2514 rationem
680 2486 777 2514 reddit.
798 2487 883 2514 Lotos
902 2487 962 2514 illos

175 2532 318 2560 secundum
338 2531 458 2560 ordinem
473 2532 599 2559 librorum
619 2532 762 2566 Scriptura:
781 2531 862 2560 refert
878 2541 885 2558 :
901 2536 960 2559 cum

176 2581 262 2606 autem
274 2577 342 2605 inter
356 2578 428 2613 ipsos
441 2578 559 2605 nonnulli
570 2578 707 2605 videantur
716 2577 764 2604 sibi
776 2577 888 2604 Invicem
899 2584 961 2605 con-

176 2623 258 2656 trarii,
268 2623 317 2651 hos
325 2627 431 2651 sanctus
440 2623 566 2657 Antistes,
579 2626 637 2658 post
647 2622 795 2650 absolutum
806 2622 960 2657 Speculum,

175 2669 365 2704 quaestionibus
388 2670 531 2705 propositis
553 2670 733 2704 expositurum
758 2677 787 2697 se
807 2669 962 2697 conciliatu—

175 2721 288 2750 rumque
301 2714 450 2750 pollicetur.
466 2714 686 2742 Lucubrationem
701 2715 769 2742 hanc
782 2722 909 2750 nusquam
922 2715 963 2742 in-

176 2759 278 2791 venias;
288 2759 342 2787 imo
350 2767 415 2787 vero
428 2767 486 2786 eam
501 2760 534 2787 ab
548 2760 695 2795 Augustino
705 2759 813 2787 omnino
820 2767 872 2787 non
884 2759 963 2788 fuisse

175 2803 271 2832 editam
285 2804 348 2833 hinc
357 2805 476 2839 judicare
496 2809 546 2837 est,
560 2806 631 2840 quod
644 2805 779 2833 Possidius
793 2805 891 2833 nullam
907 2805 964 2840 ejus

176 2851 337 2878 mentionem
366 2850 444 2882 facit,
469 2852 572 2878 tametsi
596 2860 628 2878 ne
655 2851 834 2886 prmfationem
859 2850 963 2886 quidem

317 2896 431 2927 SANCT.
450 2897 586 2927 Accusa".
601 2897 625 2927 Ι.
800 2891 802 2893 ’

823 152 921 180 LIBER
942 146 1109 179 OCTAVUS.

1727 149 1780 179 5M

994 208 1106 243 Speculo
1132 202 1265 242 prmﬁxatti
1289 205 1323 234 ab
1348 209 1455 235 auctore
1478 207 1581 235 suentio
1609 210 1778 244 prmtericrit.

1004 250 1007 252 ’
1308 251 1421 281 CAPUT
1442 253 1507 281 VIII.

995 299 1008 327 ί
1023 296 1170 333 Bonifacius
1181 299 1316 326 secundant
1329 307 1432 327 uxorem
1446 300 1530 332 ducit,
1546 304 1568 328 et
1583 302 1780 336 magnis'postea

1031 344 1215 372 calamitatibus
1227 344 1395 379 conﬂictatur.
1405 345 1424 372 2
1437 344 1536 372 Bellum
1554 346 1577 372 ei
1596 346 1661 373 hosti
1675 345 1780 381 Imperii

1006 398 1008 400 '
1030 390 1158 417 declarato
1179 390 1297 426 infertur,
1318 391 1393 417 misso
1417 388 1543 418 Mavortia
1561 391 1666 426 aliisque
1684 395 1710 419 in
1723 399 1780 419 eum

1030 435 1143 462 ducibus.
1158 436 1175 463 5
1187 434 1340 470 Augustinus
1349 433 1509 471 Bonifacium
1524 445 1568 472 per
1586 437 1681 464 litteras
1702 443 1728 464 ut
1751 439 1779 465 in

1031 481 1136 516 olficium
1150 481 1235 508 redeat
1245 481 1402 508 adhortatur.
1412 482 1428 509 6
1441 482 1597 518 Segisvultus
1606 484 1679 518 capti
1692 484 1718 510 in
1728 483 1781 511 Ba-

1031 526 1152 560 m'facium
1166 525 1224 553 belli
1241 535 1327 553 curam
1341 527 1453 561 suscipit.
1472 527 1489 555 5
1504 527 1646 561 Effundunt
1666 537 1693 556 se
1710 528 1782 555 Van-

1031 570 1083 598 dali
1095 571 1122 598 in
1132 571 1242 607 Africam
1264 571 1309 599 Dei
1323 577 1395 605 nutu,
1411 577 1438 599 ut
1451 574 1588 608 puniantur
1604 574 1658 607 alii,
1673 575 1717 601 alii
1735 582 1780 601 co-

1032 621 1160 643 ronentur.
1181 617 1197 644 6
1214 617 1307 652 Africa'
1324 626 1368 652 per
1387 618 1514 646 Vandalus
1527 619 1598 654 ferox
1614 625 1637 647 et
1657 620 1782 647 horrenda

1032 661 1203 697 depopulatio.
1216 662 1231 690 7
1243 663 1280 689 An
1294 664 1415 698 episcopis
1431 664 1502 691 liccat
1518 665 1544 691 in
1559 665 1698 692 istiusmodi
1715 665 1784 693 mla-

1033 707 1160 734 mitatibus
1175 709 1235 743 fuga
1248 708 1296 734 sibi
1310 709 1447 736 consulere.

1007 758 1010 759 '
1035 752 1060 779 l.
1078 752 1226 788 Antequam
1253 753 1321 781 lmuc
1343 758 1440 781 annum
1462 755 1625 788 claudamtis,
1639 757 1782 791 repetenda

998 802 1036 824 est
1053 797 1180 825 Bonifacii
1192 798 1296 825 comitis
1309 799 1432 831 historia;
1446 800 1490 834 qui
1506 804 1575 828 nunc
1590 802 1685 829 mirum
1698 811 1784 838 quan-

999 848 1053 869 tum
1067 847 1180 870 mutatus
1194 843 1281 870 abillo
1295 848 1346 877 est,
1360 845 1435 879 cujus
1444 851 1505 872 ante
1516 846 1614 880 aliquot
1622 855 1706 875 annos
1721 847 1784 875 feci-

999 895 1058 915 mus
1071 888 1243 916 mentionem.
1259 889 1377 917 Diximus
1393 890 1465 917 illum
1485 891 1510 918 in
1529 890 1616 919 Africa
1634 900 1705 921 anno
1722 901 1787 928 qna—

999 934 1205 969 driugentcsimo
1218 935 1321 963 decim'o
1334 936 1446 971 septimo
1460 937 1485 965 in
1501 937 1571 965 bello
1589 939 1705 973 gerendo
1718 947 1785 968 con-

1001 984 1039 1007 tra
1053 980 1182 1008 Barbaros
1193 985 1360 1016 occupatum,
1372 982 1406 1009 de
1417 982 1569 1010 abdicandis
1579 984 1702 1011 omnibus
1715 986 1788 1020 cogi-

1001 1029 1084 1059 tasse;
1099 1030 1126 1054 at
1139 1027 1162 1054 ei
1181 1027 1344 1061 persuasisse
1361 1028 1535 1063 Augustinum
1547 1034 1626 1064 atque
1644 1030 1766 1065 Alypium
1778 1052 1786 1061 ,

1001 1076 1030 1098 ut
1048 1072 1073 1099 in
1088 1072 1194 1100 comitis
1207 1081 1315 1101 munere
1337 1080 1520 1108 perseverans,
1545 1074 1592 1102 Dei
1614 1078 1641 1102 ct
1663 1075 1787 1102 Ecclesia:

1001 1118 1090 1151 rebus,
1105 1119 1173 1153 quod
1185 1118 1303 1154 profecto
1318 1119 1440 1150 faciebat,
1453 1128 1560 1155 operam
1576 1121 1715 1155 praeberet,
1731 1126 1789 1148 ser-

1001 1171 1066 1190 vaus
1077 1163 1180 1191 interim
1196 1165 1357 1199 propositum
1369 1165 1472 1194 colendi
1486 1165 1629 1200 perfectam
1645 1167 1787 1194 continen-

1003 1209 1076 1241 tiam,
1092 1216 1123 1237 ac
1136 1210 1200 1237 nihil
1214 1209 1248 1237 de.
1263 1210 1374 1238 fortuna:
1388 1212 1535 1240 commodis
1551 1217 1596 1240 aut
1610 1212 1684 1240 vanis
1702 1212 1789 1240 hono-

1002 1255 1075 1282 ribus
1082 1256 1209 1290 augendis
1223 1256 1351 1284 sollicitus
1362 1256 1455 1293 (Epist.
1464 1257 1560 1290 210,».
1568 1257 1606 1293 5).
1617 1258 1641 1285 Is
1653 1257 1789 1286 Castinum

1003 1299 1029 1328 in
1044 1300 1182 1336 Hispanias
1192 1309 1261 1329 anno
1274 1302 1402 1336 vigesimo
1414 1303 1531 1330 secundo
1543 1308 1601 1338 post
1612 1304 1790 1340 quadringenv

1003 1345 1125 1373 tesimum
1138 1351 1253 1380 secutus,
1268 1347 1365 1374 ibidem
1381 1355 1441 1374 cum
1457 1347 1502 1375 illo
1514 1348 1640 1376 adversus
1659 1349 1792 1378 Vandalos

1003 1390 1162 1426 depugnavit
1176 1391 1299 1427 (Prosper
1309 1412 1315 1423 ,
1328 1392 1354 1419 in
1368 1392 1519 1429 Clit-unico);
1534 1399 1583 1420 uec
1597 1392 1715 1425 dubium,
1725 1395 1788 1429 quiti

1004 1435 1126 1463 militaris
1145 1436 1203 1470 ejus
1222 1436 1314 1470 peritia
1336 1436 1468 1464 funestum
1487 1437 1596 1472 hujusce
1616 1439 1677 1465 belli
1692 1440 1790 1466 exitum

1004 1482 1152 1515 avertisset,
1168 1482 1217 1509 nisi
1233 1484 1361 1517 arrogans
1384 1483 1517 1518 Ingenium
1537 1483 1636 1511 Castini
1652 1486 1790 1518 reveritus,

1005 1526 1031 1553 in
1044 1531 1147 1561 portum
1161 1527 1248 1560 Urbis,
1264 1531 1295 1555 ac
1312 1528 1373 1556 inde
1393 1529 1418 1555 in
1434 1528 1550 1556 Africam
1564 1537 1624 1557 sese
1638 1531 1792 1565 recepisset.

1005 1571 1120 1607 Prosper
1129 1576 1201 1600 certe
1218 1572 1364 1600 discessum
1384 1573 1457 1600 illum
1478 1573 1590 1609 Imperio
1605 1575 1686 1603 fuisse
1700 1576 1795 1603 multa-

1005 1621 1063 1645 rum
1078 1617 1256 1645 calamitatum
1271 1624 1295 1645 et
1312 1618 1440 1645 malorum
1458 1619 1674 1654 subsequentium
1690 1620 1793 1647 initium

1007 1662 1096 1690 tradit.
1109 1662 1165 1690 Hoc
1177 1666 1264 1690 tamen
1286 1671 1339 1690 non
1362 1664 1397 1690 ita
1416 1665 1504 1691 statim
1519 1665 1641 1699 apparuit
1653 1674 1660 1692 :
1674 1673 1689 1693 e
1701 1670 1794 1693 contra

1006 1713 1066 1737 'cum
1080 1709 1193 1737 Placidia
1212 1717 1281 1737 anno
1295 1710 1555 1745 quadringentesimo
1570 1711 1699 1746 vigesimo
1718 1712 1796 1739 tertio

1007 1754 1114 1783 ineunte
1124 1756 1378 1790 Constantinopolim
1393 1755 1531 1790 perfugere
1545 1760 1616 1783 esset
1628 1761 1733 1788 coacta;
1747 1758 1797 1784 Ilo-—

1009 1801 1127 1833 nifacius,
1143 1801 1212 1836 quod
1227 1801 1251 1828 ei
1267 1802 1339 1829 solus
1354 1800 1430 1828 ﬁdem
1446 1802 1603 1834 servaverit,
1618 1809 1649 1828 ac
1669 1806 1794 1829 necessa-

1008 1847 1075 1874 riam
1086 1847 1135 1882 ipsi
1149 1846 1286 1882 peeuniam
1304 1854 1336 1873 ex
1353 1846 1439 1874 Africa
1460 1847 1645 1880 tr:msmiscrit,
1661 1847 1694 1874 ab
1713 1847 1796 1874 histu-

1009 1893 1071 1920 ricis
1083 1892 1293 1920 commendatur.
1309 1891 1381 1918 Idem
1401 1899 1506 1926 quoque
1525 1891 1650 1919 defuncto
1665 1892 1792 1923 Honorio,

1010 1938 1079 1973 quod
1093 1937 1325 1973 quidem.decimo
1346 1942 1440 1964 octavo
1460 1936 1588 1963 kalendas
1608 1937 1711 1972 augusti
1733 1939 1794 1964 anni

1011 1984 1088 2018 Imjus
1101 1983 1219 2018 contigit,
1234 1983 1304 2009 illam
1325 1983 1351 2010 in
1369 1982 1549 2017 recuperando
1565 1982 1728 2010 Occidentali
1743 1982 1796 2010 Im-

1011 2030 1094 2065 perio,
1108 2030 1177 2064 quod
1190 2029 1304 2056 Joannes
1323 2034 1508 2063 orenpavcrat,
1522 2028 1589 2063 juvit
1602 2028 1705 2064 (Ibid.).
1721 2029 1798 2056 Post-

1011 2083 1088 2110 quam
1113 2075 1155 2102 bic
1178 2083 1248 2102 anno
1272 2075 1531 2110 quznlringentesimo
1554 2074 1682 2109 vigesimo
1704 2075 1796 2109 quinto

1011 2120 1096 2147 victus
1109 2122 1269 2155 necatusque
1281 2125 1362 2151 esset,
1377 2128 1408 2147 ac
1416 2120 1612 2146 Valentinianus
1625 2119 1717 2147 Romae
1730 2127 1800 2147 nono

1011 2166 1138 2194 kalendas
1148 2166 1264 2193 octobris
1278 2166 1396 2200 ejusdem
1416 2167 1477 2193 anni
1493 2167 1629 2201 Augustus
1642 2166 1691 2193 sub
1707 2166 1800 2193 matris

1013 2213 1094 2239 tutela
1114 2212 1279 2245 declaratus;
1302 2212 1465 2239 Bonifacium
1486 2220 1518 2238 ex
1541 2212 1629 2239 Africa
1653 2212 1678 2239 in
1701 2212 1800 2240 Urbem

1013 2258 1131 2285 evocavit
1151 2258 1280 2291 Placidia;
1301 2265 1380 2293 quem
1396 2262 1422 2284 et
1441 2258 1516 2285 novis
1534 2257 1704 2292 dignitatibus
1729 2259 1802 2285 anxit

1015 2302 1110 2339 (Epist.
1125 2302 1187 2335 220,
1208 2312 1234 2329 η.
1256 2303 1273 2330 4
1286 2303 1306 2339 ).
1331 2303 1393 2337 Ejus
1416 2303 1519 2330 ruinam
1539 2303 1572 2330 ad
1593 2308 1694 2330 tantum
1719 2304 1799 2331 istum

1014 2348 1143 2376 lienorum
1165 2349 1298 2376 cumulum
1314 2349 1430 2384 plerique
1444 2356 1536 2376 omnes
1551 2349 1683 2381 retulere;
1703 2349 1800 2384 quippe

1013 2397 1066 2428 quo
1079 2394 1105 2420 in
1129 2393 1203 2420 Illum
1224 2393 1303 2424 Aetii.
1319 2393 1363 2429 qui
1383 2393 1437 2429 jam
1455 2398 1516 2421 tunc
1534 2394 1559 2421 in
1585 2391 1643 2420 aula
1659 2393 1800 2428 plurimum

1014 2440 1101 2467 Valere
1115 2444 1241 2474 cmperat.
1256 2439 1385 2467 concitata
1399 2443 1470 2467 esset
1483 2439 1633 2466 invidentia.
1644 2440 1801 2474 Quanquam

1014 2484 1166 2512 Sanctorum
1175 2485 1289 2512 virorum
1300 2484 1409 2521 judicio,
1422 2490 1498 2511 causa
1510 2484 1628 2519 ejusdem
1642 2491 1720 2511 casus
1732 2490 1800 2519 prai-

1014 2530 1091 2566 cipua
1102 2530 1159 2562 fuit,
1175 2531 1244 2566 quod
1255 2531 1390 2566 cupiditati
1405 2530 1555 2563 obsecutus,
1567 2537 1644 2565 quam
1660 2530 1747 2558 colere
1759 2530 1800 2557 in-

1014 2578 1147 2610 stituerat,
1158 2577 1345 2604 continentiam
1358 2577 1519 2603 deseruiSset
1530 2575 1621 2611 (Ibid.,
1634 2584 1660 2602 n.
1670 2576 1709 2610 5),
1719 2579 1799 2611 atque

1014 2622 1109 2649 iterum
1124 2629 1232 2649 uxorem
1250 2622 1380 2657 Pelagiana
1399 2621 1537 2656 quamdam
1550 2621 1711 2656 pra-divitem
1722 2621 1800 2649 fetui-

1016 2675 1076 2694 nam
1086 2668 1205 2696 duxisset
1215 2668 1322 2695 domum
1338 2667 1528 2703 (Marcellinus.
1537 2667 1563 2694 iu
1575 2666 1726 2702 Chronica).
1740 2668 1801 2696 llaec

1016 2713 1139 2740 Ariansm
1156 2714 1276 2741 limresim
1290 2712 1475 2748 proﬁtebatur;
1489 2711 1535 2740 sed
1559 2720 1617 2740 eam
1638 2713 1681 2740 ille
1705 2713 1802 2741 dueere

1016 2758 1108 2791 noluit,
1124 2758 1174 2785 nisi
1185 2759 1257 2794 prius
1267 2758 1363 2786 factam
1374 2757 1557 2785 Catholicam:
1571 2758 1640 2793 quod
1660 2764 1802 2793 meumque.

1016 2804 1172 2840 Augustino,
1188 2812 1265 2839 quem
1277 2811 1396 2832 summus
1409 2804 1483 2831 dolor
1495 2809 1603 2839 ceperat
1613 2804 1647 2831 ob
1668 2812 1801 2839 nunquam

1015 2850 1066 2877 sibi
1080 2855 1260 2889 exspectatum
1284 2850 1374 2877 harum
1392 2850 1540 2885 nuptiarum
1557 2850 1689 2881 uirtutium,
1709 2850 1802 2878 solatio

1467 2895 1664 2934 [Dim-ltuit.)
