2058 3183
244 194 296 222 fuit
307 192 411 229 (Epist.
424 189 486 222 2‘20,
495 197 522 217 n.
533 187 579 224 ι).
594 187 676 214 Porro
695 183 817 219 conjugio
829 181 890 209 huic
905 179 970 229 illud
982 179 1029 208 de-

237 227 347 268 decoris
361 235 513 268 accedebat,
524 233 604 270 quod,
616 231 721 260 tametsi
733 238 799 257 uxor
808 229 867 264 ejus
876 227 1032 255 catholicam

237 285 323 316 Itidem
333 283 454 318 amplexa
464 281 606 311 diceretur,
615 283 702 306 tamen
714 276 740 304 in
749 275 830 310 ipsius
840 274 919 302 domo
931 276 1031 300 tantam

239 330 295 360 sibi
318 317 501 358 auctoritatem
524 326 711 360 arrugaverant
730 320 841 354 Ariani,
862 324 891 346 ut
912 317 1029 353 ejusdem

247 377 339 409 tiliam,
351 383 382 403 cx
397 375 448 402 hoc
461 373 528 401 forte
544 368 713 399 matrimonio
732 371 830 397 natam.
853 364 1028 401 baptizarent.

243 422 330 452 Unam
349 420 466 456 quidem,
486 422 514 446 ut
535 416 656 452 superius
680 414 858 444 observatum.
882 419 913 439 ex
940 410 1030 446 priore

245 467 357 502 conjuge
380 465 485 496 tulerat,
505 469 581 497 quam
601 459 692 494 nuptui
708 457 852 486 tradiderat
873 455 1029 502 Sebastiano

186 521 192 526 ·
244 501 334 540 ωιήίιὶ
348 519 356 537 :
368 517 460 538 verum
471 515 530 536 cum
548 506 593 533 ille
611 511 702 532 comes
720 503 780 530 fidei
801 501 939 530 catholicae
958 503 1030 527 esset

244 558 373 589 addictus,
382 562 490 583 uxorem
505 560 564 580 eum
573 551 681 579 duxisse
693 549 828 581 Ariauam,
840 547 964 575 credibile
975 554 1028 574 non

244 604 356 632 videtur.
367 602 435 635 Quin
449 601 528 629 etiam
540 598 649 625 ancillas
660 597 715 624 Deo
729 596 828 623 dicatas
841 594 874 622 de
888 593 969 621 domo
978 592 1030 620 Bo-

245 649 333 678 nifaeii
362 647 478 675 ferebant
502 646 535 672 ab
558 643 658 671 eisdem
681 640 814 670 hteretieis
842 639 1026 674 rebaptisatas.

238 695 319 723 illum
329 700 432 730 quoque
444 699 526 719 uxore
539 690 652 724 legitima
667 695 719 715 non
736 689 889 714 contentum
898 705 907 718 ,
920 684 1028 719 pellices

244 741 323 769 etiam
335 729 406 766 domi
416 737 488 765 alere
500 735 616 771 jactabat
636 740 736 761 rumor.
750 733 784 759 At
803 738 882 762 vero,
897 730 918 758 si
933 729 1027 764 conju-

243 785 313 819 gium
326 783 378 811 hoc
389 782 520 810 scelerum
534 780 666 814 scaturigo
677 777 788 810 exstitit,
800 776 862 804 illud
874 775 953 803 etiam
964 774 1029 802 insi-

243 828 333 865 gnium
356 827 534 856 calamitatum
557 826 695 853 innumera
717 827 857 851 consecuta
879 825 921 848 est
937 820 1028 847 multi-

244 873 322 903 tudo:
337 873 434 909 quibus
442 870 634 899 calamitatibus
644 875 750 895 causam
758 868 869 902 ipsemet
879 864 1029 893 Bonifacius

237 918 339 954 partim
352 917 496 953 ιιι-ιιιὺυίωο
509 913 705 951 dicitnr(1bid.,
719 922 746 940 η.
760 912 799 948 5).

248 990 253 992 .
278 964 306 991 2.
322 963 456 990 Memoria:
469 960 556 997 prodit
568 960 693 995 Prosper,
709 959 808 986 bellum
821 956 847 985 ei
860 957 965 992 publico
977 964 1026 984 no-

239 1009 315 1037 mine
334 1008 460 1036 indictum
481 1005 572 1039 luisse,
586 1004 656 1040 quod
670 1003 755 1031 redire
774 1002 800 1030 in
822 1002 919 1030 italiam
937 1001 1028 1036 jussus

244 1062 296 1082 non
319 1054 450 1090 paruisset
471 1051 603 1088 (Prosper,
617 1050 642 1076 in
655 1047 801 1083 Chronico).
816 1047 881 1075 Rem
898 1047 975 1082 paulo
987 1047 1026 1074 la-

244 1100 300 1127 tius
309 1103 396 1132 narrat
407 1096 560 1131 Procopius.
575 1095 652 1130 Atqui
664 1102 696 1121 ex
707 1092 851 1128 Augustino
864 1091 1026 1126 intelligitur,

242 1145 409 1175 Bonifacium
423 1143 486 1172 belli
501 1149 611 1171 causam
628 1140 735 1168 solitum
750 1139 860 1173 rejicere
874 1138 900 1166 in
915 1146 972 1171 eos,
983 1137 1028 1173 qui

241 1191 281 1218 illi
294 1190 393 1226 optime
407 1189 440 1216 de
450 1188 584 1222 republica
594 1185 689 1214 merito
700 1181 795 1212 malam
805 1183 916 1219 gratiam
929 1187 955 1210 et
964 1189 1029 1210 cou-

241 1236 322 1264 traria
336 1234 513 1263 reddidissent
533 1231 633 1269 (Epist.
650 1230 711 1263 220,
726 1229 812 1265 11.8);
830 1233 909 1263 atque
930 1228 956 1255 in
977 1227 1028 1255 hoc

242 1281 334 1314 etiam,
346 1279 417 1316 quod
429 1278 499 1306 bona
507 1277 596 1305 saeculi
610 1275 698 1312 hujus,
706 1283 765 1310 qua:
779 1274 902 1301 nimirum
915 1273 956 1300 vel
967 1280 1029 1308 spe-

243 1327 329 1358 rabat,
346 1323 387 1352 vel
400 1322 563 1360 possidebat,
584 1321 633 1348 sibi
650 1324 743 1355 negata
765 1322 811 1347 aut
831 1318 890 1346 aliis
909 1318 1028 1352 delegata

243 1370 349 1399 doleret
364 1368 456 1406 (Ibid.,
466 1376 493 1394 η.
508 1367 547 1402 5).
561 1365 641 1394 Venit
651 1365 798 1401 llipponem
808 1368 968 1398 eotempore
978 1363 1029 1390 Bo-

245 1415 358 1444 nifacius
367 1423 373 1441 :
383 1418 409 1441 at
423 1418 544 1441 sanctum
557 1411 706 1439 Antistitem
714 1417 769 1446 pra:
779 1409 898 1445 corporis
908 1408 1028 1436 imbecil-

245 1461 319 1489 litate
332 1459 374 1487 vix
385 1460 537 1494 loquentem
551 1456 650 1492 reperit
664 1465 670 1483 :
681 1461 761 1491 atque
774 1456 821 1488 ita,
836 1462 895 1490 quae
904 1454 938 1482 ad
946 1454 1028 1489 ipsius

243 1507 356 1534 salutem
379 1505 529 1533 necessaria
542 1508 626 1536 erant,
644 1503 737 1530 audire
755 1502 789 1530 ab
803 1502 849 1530 illo
863 1509 1028 1537 nequaquam

244 1552 330 1587 potuit
347 1551 438 1588 (Ibid.,
452 1559 479 1578 ιι.
491 1550 531 1586 9.).
543 1549 655 1582 Bellum,
666 1548 737 1583 quod
749 1548 796 1576 ille
806 1548 934 1576 adversus
947 1546 1029 1582 lmpe

244 1598 311 1626 rium
325 1597 457 1629 sustinuit,
468 1603 534 1624 nova
549 1596 623 1631 culpa
637 1596 695 1627 fuit,
711 1599 737 1623 et
749 1595 859 1622 aliarum
873 1602 940 1629 pene
951 1593 1029 1621 innu-

243 1650 376 1671 sacrarum
394 1641 454 1670 fons
472 1646 551 1677 atque
572 1641 656 1677 origo.
683 1641 745 1673 Quis
770 1648 821 1667 non
849 1639 939 1672 videat,
961 1638 1029 1674 quod

243 1688 316 1716 ntulti
330 1688 442 1716 homines
459 1687 504 1714 tibi
522 1687 662 1714 csluereant
675 1686 709 1713 ao'
724 1685 843 1714 tuendam
855 1690 924 1711 tuam
942 1689 1030 1720 poten-

244 1734 306 1760 tiam
315 1733 482 1766 veLsalutem,
496 1732 539 1766 qui
554 1732 650 1760 etiamsi
660 1732 704 1759 tibi
716 1740 800 1759 omnes
812 1730 898 1766 fideles
907 1731 967 1762 sint,
983 1738 1028 1757 nee

244 1779 275 1806 ab
289 1779 373 1814 aliqua
387 1787 473 1806 eorum
490 1778 550 1806 ulla
570 1779 702 1805 timeantur
713 1777 822 1810 insidite,
842 1784 930 1811 nempe
946 1780 1028 1802 tamen

245 1828 279 1855 ad
294 1836 323 1855 ea
334 1827 399 1854 bona
410 1834 466 1861 qua
477 1826 525 1861 ipsi
542 1833 639 1860 quoque
652 1833 703 1851 non
721 1824 857 1851 secundum
876 1823 969 1855 Deum,
984 1823 1029 1850 sed

242 1874 379 1901 secundant
392 1871 512 1900 malum
530 1872 704 1907 diligunt,per
724 1875 748 1896 te
765 1870 869 1904 cupiunt
882 1869 1028 1904 pervenire;

242 1926 273 1945 ae
285 1926 331 1953 per
344 1918 391 1944 hoc
400 1918 442 1952 qui
455 1917 582 1951 refrenare
600 1920 624 1942 et
642 1922 797 1950 compescere
815 1914 919 1953 debuisti
931 1914 1028 1948 cupidi-

243 1967 306 1989 tates
320 1965 385 1994 tuas,
402 1961 502 1996 explere
511 1961 607 1995 cogeris
620 1959 731 1987 alienas?
740 1959 814 1992 Quod
828 1964 854 1986 ut
864 1960 923 1993 ﬁat,
931 1967 1028 1986 necesse

244 2011 280 2034 est
289 2006 369 2034 nulla
380 2013 437 2042 quas
451 2005 505 2032 Deo
518 2005 659 2040 displicent,
674 2007 747 2040 ﬁant.
771 2004 826 2031 Nec
836 2005 871 2031 sic
885 2009 967 2031 tanien
981 2012 1025 2031 ex-

245 2053 345 2088 plentur
361 2052 424 2079 tales
441 2051 604 2086 cupiditates;
618 2059 676 2077 nam
686 2050 785 2086 [acilius
799 2054 940 2077 resecantur
954 2050 980 2077 in
992 2050 1028 2077 eis

242 2098 286 2132 qui
298 2097 382 2125 Deum
392 2097 508 2133 diligunt,
524 2105 599 2132 quam
615 2097 641 2123 in
657 2096 691 2124 eis
702 2097 745 2131 qui
765 2096 885 2123 mundum
907 2096 1027 2131 diligunt,

243 2142 380 2177 aliquando
391 2141 525 2168 satiantur.
544 2140 618 2168 Vides
635 2146 686 2167 tam
701 2141 780 2168 multa
797 2141 913 2173 contrita,
929 2147 955 2167 ut
971 2141 1027 2176 jam

244 2188 291 2215 vile
304 2186 412 2222 aliquid,
425 2186 491 2221 quod
501 2186 624 2222 rapiatur,
632 2186 673 2213 vix
686 2186 825 2213 inveniatur
839 2185 934 2221 (lbid.,
945 2185 1025 2222 91.6).

244 2232 285 2260 Ad
298 2232 367 2266 hanc,
380 2239 440 2260 cum
454 2231 602 2259 Bonifacius
619 2231 646 2259 in
664 2231 746 2258 armis
764 2238 797 2259 eo
813 2232 898 2259 solum
919 2239 1026 2258 reman-

243 2278 334 2310 sisset,
361 2281 390 2305 ut
410 2276 570 2314 provinciam
596 2281 724 2305 tutaretur
743 2276 777 2304 ab
799 2276 870 2304 Afris
895 2277 1023 2310 barbaris,

242 2332 310 2360 quos
321 2320 430 2352 omnino
444 2323 620 2360 perdomitum
633 2323 675 2355 iri,
689 2322 778 2350 statim
798 2326 877 2357 atque
893 2330 1025 2350 summum

241 2369 378 2404 copiarum
393 2368 533 2404 imperium
553 2367 718 2400 obtinuisset,
735 2368 883 2394 communis
901 2372 958 2394 erat
976 2374 1024 2394 ex-

239 2413 386 2450 spectatio;
399 2417 491 2441 contra
500 2420 564 2441 vero
574 2412 678 2440 tametsi
690 2411 741 2440 bac
752 2412 806 2447 jam
822 2416 951 2447 potestate
965 2412 1024 2447 pol-

239 2459 324 2493 teret,
348 2464 570 2493 numerositqu
596 2456 718 2485 ductarct
742 2457 902 2490 exmitnm;
938 2461 1024 2485 tamen

241 2504 321 2532 iidem
331 2503 368 2531 illi
377 2503 481 2531 barbari
489 2502 616 2530 altissime
626 2503 652 2530 in
663 2502 824 2537 provinciam
833 2501 1023 2537 irrumpebant,

239 2549 329 2578 omnia
352 2548 540 2581 devastabant,
554 2548 720 2583 expilabant,
733 2547 972 2583 depopulabantur;
988 2548 1024 2576 ita

240 2600 270 2623 ut
283 2596 377 2628 multa,
394 2602 453 2630 quae
472 2595 548 2630 plena
568 2594 672 2630 populis
687 2598 780 2628 erant,
794 2594 852 2622 loca
874 2595 901 2622 in
920 2595 1024 2623 desert

240 2644 436 2673 converterent,
451 2647 501 2668 nec
510 2640 649 2668 resistente
661 2642 804 2676 quoquam.
815 2648 864 2668 nec
877 2640 1023 2675 Bonifacto,

243 2689 272 2712 ut
284 2689 481 2717 coercerentur,
499 2684 665 2720 providente,
688 2684 785 2720 quippe
807 2692 886 2720 quem
909 2686 1024 2721 propriae

239 2737 295 2760 sine
322 2730 414 2757 salutis
441 2737 503 2757 cura
533 2729 704 2758 vehementer
732 2735 887 2766 occupatum
910 2731 1024 2760 habebat

242 2774 335 2810 (lbid.,
350 2784 377 2802 ιι.
393 2775 433 2809 7).
446 2775 550 2803 Etenim
562 2775 655 2804 eodem
669 2777 745 2804 hoste
759 2776 864 2812 Imperii
878 2777 1022 2812 declamo,

239 2820 341 2849 curavit
354 2820 426 2848 Felix
437 2820 463 2849 in
476 2820 549 2849 illum
561 2826 590 2849 ut
598 2821 730 2850 exercitus
743 2824 902 2857 mitteretur,
912 2822 1023 2852 ducibus

788 124 865 153 VITA
885 124 912 152 S.
935 121 1116 151 AUGUS‘A‘INI
1135 124 1294 154 EPISCOPI.

1818 135 1871 163 656

1085 180 1221 216 Mavortio,
1237 183 1362 211 Galbione
1384 193 1415 213 ac
1435 185 1547 219 Sinocc;
1561 187 1606 223 qui
1625 195 1685 216 cum
1704 190 1866 218 Bonitacium

1086 227 1238 255 obsiderent
1254 229 1378 265 (quonam
1391 231 1415 257 in
1430 231 1488 258 loco
1503 240 1555 260 non
1567 234 1746 270 exprimitur),
1760 235 1866 263 Haver-

1084 273 1134 300 tins
1147 279 1172 300 et
1185 273 1276 301 Galbio
1298 283 1345 309 per
1364 275 1527 305 obsidionem
1548 278 1679 307 interfecti
1694 284 1755 307 sunt
1775 282 1867 316 prodi-

1084 319 1154 346 tione
1167 319 1283 353 Sinocis;
1296 328 1373 355 quem
1388 322 1472 357 ipsum
1486 328 1577 358 postea
1592 325 1742 353 Bonifacius
1762 327 1865 355 detecta

1082 364 1198 398 ejusdem
1213 365 1321 400 perfidia
1335 367 1467 395 interemit
1483 368 1614 404 (Prosper,
1625 371 1651 397 in
1661 370 1807 406 Chronico).

1117 410 1142 436 5.
1164 410 1307 444 Bonifacio,
1317 412 1378 439 dum
1391 419 1539 442 versaretur
1549 415 1576 442 in
1589 416 1723 450 periculis,
1738 425 1789 444 non
1801 418 1866 445 scri-

1082 456 1133 489 psit
1146 457 1315 491 Augustinus,
1330 459 1428 486 veritus
1443 460 1551 493 scilicet,
1568 470 1601 488 ne
1615 463 1654 489 vel
1668 464 1783 498 perlator
1797 465 1866 492 litte-

1081 510 1169 529 rarum
1190 503 1216 530 in
1229 503 1370 531 discrimen
1387 506 1496 539 veniret,
1509 507 1550 534 vel
1568 507 1630 541 ipsa
1644 508 1748 541 littertc,
1770 510 1865 544 quibus

1080 548 1190 575 Comitis
1203 549 1310 576 consilia
1327 550 1495 584 improbaret,
1517 552 1542 579 in
1560 553 1678 587 ejusdem
1701 554 1866 582 adversario-

1081 602 1137 620 rum
1155 602 1248 621 manns
1269 596 1415 623 inciderent
1435 597 1529 632 (Epist.
1546 598 1607 630 220,
1626 607 1652 625 η.
1668 598 1713 635 2).
1734 600 1786 628 Sed
1804 608 1865 628 cum

1081 643 1171 673 postea
1199 640 1277 667 ﬁdum
1298 642 1430 670 hominem
1446 648 1472 670 et
1487 643 1591 678 ipsimet
1602 645 1735 673 Bonifacio
1753 646 1863 673 charum

1081 690 1172 711 nactus
1187 691 1266 718 esset,
1282 686 1389 714 Paulum
1401 688 1522 715 videlicet
1535 689 1685 722 diaconum,
1701 698 1748 717 sua
1766 690 1862 718 adver-

1080 738 1125 757 sus
1139 730 1211 758 illum
1227 731 1342 760 Charitas
1357 733 1460 761 beatum
1482 734 1584 762 induxit
1598 735 1740 762 Priesulem
1750 756 1757 767 ,
1772 740 1801 762 ut
1816 737 1865 772 ipsi

1081 783 1128 809 pro
1140 783 1186 802 sua
1202 776 1227 803 in
1245 776 1350 804 Christo
1370 782 1468 805 :cterna
1488 780 1572 807 salute
1596 780 1693 815 aliquid
1713 781 1866 816 loqueretur

1082 819 1185 855 (Ibid,
1213 830 1238 848 η.
1264 821 1308 857 Ι).
1330 822 1357 850 ιιι
1383 823 1487 851 damnis
1514 832 1571 859 qua:
1598 832 1629 852 ex
1656 825 1725 853 bello
1747 826 1866 860 patieba-

1080 870 1122 892 tur
1134 866 1232 899 Africa,
1255 867 1287 893 ad
1311 869 1462 902 superiores
1484 877 1576 896 causas
1599 871 1686 905 potius
1712 870 1866 898 attendebat

1079 911 1251 944 Augustinus,
1265 916 1293 938 ut
1305 913 1348 946 qui
1364 913 1468 940 nescius
1482 921 1533 940 non
1545 919 1616 941 esset
1632 914 1728 942 debere
1743 915 1866 942 homines

1079 956 1204 991 quidquid
1228 958 1288 984 mali
1313 959 1435 991 tolerant,
1459 960 1513 987 suis
1533 962 1646 994 peccatis
1666 960 1797 995 imputare
1814 970 1820 987 :
1838 967 1866 988 at

1079 1009 1141 1029 vero
1155 1010 1213 1030 cum
1229 1003 1346 1038 impense
1356 1004 1485 1032 Comitem
1498 1006 1628 1040 diligeret,
1643 1006 1749 1040 optabat
1763 1014 1794 1033 ex
1818 1014 1865 1033 eo—

1080 1056 1137 1075 rum
1151 1057 1261 1076 numero
1272 1050 1344 1077 illum
1360 1058 1410 1077 non
1424 1059 1495 1083 eSse,
1509 1060 1557 1086 per
1570 1060 1635 1086 quos
1649 1052 1718 1079 Deus
1730 1057 1864 1086 tempora-

1079 1094 1140 1121 liler
1164 1095 1319 1129 populorum
1338 1097 1449 1123 crimina
1467 1098 1611 1128 ulciscitur,
1626 1102 1652 1124 et
1666 1105 1732 1132 quos
1748 1103 1865 1132 postmo-

1079 1139 1141 1166 dum
1152 1141 1258 1166 zrternis
1271 1142 1404 1176 suppliciis
1414 1143 1487 1177 punit
1499 1142 1591 1178 (Ibid,
1602 1151 1627 1168 n.
1638 1143 1676 1178 8).
1688 1143 1819 1177 Principio
1828 1143 1864 1170 illi

1080 1185 1105 1212 in
1120 1187 1273 1214 memoriam
1287 1192 1392 1214 revocat
1406 1188 1541 1222 pristinam
1558 1189 1691 1222 pietatem,
1705 1188 1865 1215 desiderium

1080 1231 1168 1258 omnia
1181 1231 1355 1267 relinquendi,
1367 1237 1394 1260 et
1408 1233 1578 1260 continentia:
1589 1233 1727 1260 servandae
1742 1234 1864 1268 proposi-

1080 1280 1146 1302 tum.
1162 1276 1260 1304 Deinde
1280 1278 1314 1304 ob
1337 1278 1430 1305 oculos
1453 1278 1537 1305 eidem
1563 1286 1667 1305 summo
1687 1285 1747 1306 cum
1768 1278 1865 1306 atleetu

1079 1322 1214 1349 charitatis
1229 1323 1311 1357 ponit,
1329 1331 1407 1358 quam
1423 1323 1564 1358 lugendum
1583 1324 1608 1350 in
1622 1328 1719 1350 statum
1735 1323 1866 1351 adductus

1079 1373 1159 1400 esset,
1174 1375 1233 1395 cum
1244 1368 1359 1396 secundo
1372 1377 1420 1396 suo
1434 1369 1610 1401 matrimonio,
1626 1373 1682 1396 tum
1695 1369 1774 1402 bello,
1789 1369 1863 1403 quod

1079 1418 1229 1447 susceptum
1240 1414 1314 1441 abeo
1327 1413 1439 1446 fuisset;
1457 1422 1515 1449 qua:
1527 1414 1626 1442 scelera
1638 1414 1680 1441 vel
1699 1414 1755 1449 ipse
1772 1422 1818 1449 per
1837 1421 1867 1441 se

1079 1458 1267 1491 committeret,
1279 1459 1319 1486 vel
1341 1466 1388 1486 sua
1405 1466 1483 1486 causa
1503 1459 1535 1486 ab
1562 1459 1622 1486 aliis
1639 1459 1768 1486 committi
1785 1466 1867 1493 opor-

1081 1506 1156 1530 teret.
1177 1503 1251 1536 Quod
1263 1503 1295 1530 ad
1311 1503 1436 1537 rationes,
1450 1504 1544 1539 quibus
1561 1511 1619 1531 sese
1634 1504 1738 1539 purgari
1760 1504 1865 1531 Bonifa-

1080 1548 1136 1574 cius
1149 1548 1326 1582 existimabat,
1342 1557 1419 1576 suum
1440 1557 1492 1576 non
1512 1556 1571 1576 esse
1583 1549 1617 1576 de
1631 1549 1682 1575 illis
1695 1549 1869 1583 pronuntiare

1081 1596 1207 1625 testatur;
1222 1593 1325 1628 quando
1339 1598 1475 1628 utramque
1487 1598 1587 1628 partem
1601 1601 1653 1620 non
1666 1593 1784 1620 audierat
1799 1592 1866 1619 :sed

1080 1637 1112 1664 ad
1124 1638 1285 1665 Bonifacium
1302 1639 1448 1673 pertinere,
1464 1644 1493 1665 ut
1515 1638 1537 1665 si
1561 1646 1613 1665 non
1637 1638 1707 1673 apud
1728 1638 1865 1668 homines,

1080 1688 1153 1711 certe
1166 1684 1234 1719 apud
1248 1683 1380 1711 Christum
1397 1685 1492 1719 ipsum,
1506 1684 1580 1719 cujus
1599 1691 1627 1711 se
1642 1683 1745 1711 ﬁdelem
1760 1691 1865 1710 servum

1081 1729 1263 1763 proﬁtebatur,
1273 1734 1300 1756 ct
1313 1729 1381 1764 apud
1402 1729 1589 1756 conscientiam
1611 1729 1754 1763 propriam,
1772 1728 1797 1755 in
1812 1736 1865 1762 qua

1080 1782 1109 1802 se
1126 1775 1184 1801 solo
1202 1775 1336 1802 saecularis
1355 1775 1477 1801 vanitatis
1491 1782 1581 1801 amore
1595 1782 1627 1801 eo
1646 1773 1784 1801 devenisse
1804 1781 1865 1808 per-

1080 1825 1218 1855 specturus
1227 1825 1296 1852 erat,
1311 1820 1488 1847 innocentiam
1507 1827 1582 1846 suam
1595 1818 1720 1846 defendat
1735 1827 1741 1845 :
1759 1817 1867 1845 tandem

1080 1871 1108 1892 ut
1129 1866 1242 1893 maxime
1268 1873 1360 1892 verum
1380 1870 1460 1897 esset,
1481 1865 1613 1892 laboribus
1633 1864 1687 1891 suis
1701 1872 1752 1891 non
1775 1871 1866 1898 parem

1079 1911 1188 1945 gratiam
1206 1911 1359 1945 rependisse
1382 1910 1532 1945 Imperium,
1552 1909 1620 1936 haud
1634 1917 1693 1937 esse
1716 1910 1863 1942 christiani,

1079 1956 1225 1991 cujusmodi
1241 1960 1312 1988 erat,
1326 1956 1394 1983 mala
1412 1956 1467 1982 sive
1490 1962 1537 1990 pro
1550 1955 1626 1982 bonis
1645 1955 1701 1982 sive
1723 1963 1771 1990 pro
1788 1956 1865 1982 malis

1079 2002 1191 2029 reddere
1204 2001 1295 2036 (Ibid.,
1306 2007 1328 2028 et
1340 2002 1414 2035 21.5).
1426 2001 1472 2028 llis
1486 2001 1570 2034 addit,
1583 2001 1606 2028 si
1620 2008 1649 2028 se
1661 2001 1790 2033 consulat,
1803 2001 1867 2036 quid

1079 2047 1243 2082 sequendum
1255 2047 1279 2073 in
1298 2051 1369 2073 tanta
1385 2047 1540 2073 necessitate
1553 2046 1685 2078 videatur;
1700 2053 1751 2073 nou
1767 2046 1866 2073 habere

1080 2101 1109 2121 se
1127 2094 1188 2129 quid
1210 2093 1312 2121 consilii
1327 2101 1405 2128 super
1418 2092 1571 2128 dignitatum
1593 2097 1672 2127 atque
1685 2100 1764 2127 opum
1781 2092 1865 2127 ipsius

1079 2139 1277 2166 conservatione
1292 2143 1413 2173 suggerat
1425 2147 1430 2164 :
1446 2146 1534 2165 verum
1546 2138 1568 2164 si
1580 2138 1686 2170 animre,
1694 2146 1773 2172 quam
1783 2142 1864 2165 cxte-

1079 2185 1116 2212 ris
1129 2185 1252 2212 Omnibus
1264 2184 1312 2219 ipsi
1323 2188 1426 2218 oportet
1438 2190 1496 2210 esse
1507 2183 1699 2217 pretiosiorem,
1712 2183 1865 2210 consultum

1079 2230 1150 2261 velit,
1163 2238 1223 2257 eum
1237 2237 1253 2256 a
1267 2237 1295 2256 se
1306 2229 1368 2256 illud
1381 2228 1489 2256 Joannis
1503 2228 1653 2255 auditurum
1664 2237 1670 2254 :
1683 2237 1694 2253 ο
1705 2227 1790 2255 Nolite
1801 2228 1864 2255 dili-

1078 2283 1135 2310 gere
1149 2274 1269 2301 mundum
1284 2282 1328 2300 nec
1343 2282 1371 2300 ea
1381 2271 1475 2312 qute’tn
1488 2273 1580 2299 tuendo
1597 2278 1653 2300 sunt
1667 2282 1676 2299 ι
1694 2272 1725 2309 (ι
1737 2272 1814 2300 Joan.
1827 2281 1844 2300 ll
1854 2293 1864 2306 ,

1079 2320 1134 2355 15).
1148 2319 1214 2346 Ecre
1227 2319 1367 2352 consilium,
1379 2319 1463 2354 pergit
1477 2323 1585 2346 sanctus
1595 2317 1650 2351 Vir,
1659 2319 1751 2354 arripe,
1762 2323 1786 2345 et
1806 2327 1863 2353 age.

1079 2365 1129 2392 llic
1144 2370 1263 2400 appareat
1277 2365 1298 2392 si
1312 2367 1349 2392 vir
1363 2365 1433 2399 fortis
1453 2373 1488 2391 es.
1508 2364 1584 2391 Vince
1603 2364 1761 2399 cupiditates,
1775 2365 1865 2400 quibus

1078 2411 1123 2437 iste
1135 2411 1246 2446 diligitur
1256 2410 1377 2442 mundus;
1389 2418 1434 2443 age
1445 2409 1614 2444 penitentiam
1627 2409 1658 2435 de
1669 2409 1799 2443 prateritis
1810 2417 1865 2435 ma-

1078 2457 1120 2490 lis,
1133 2457 1233 2492 quando
1245 2457 1275 2482 ab
1289 2456 1324 2483 eis
1336 2455 1512 2490 cupiditatibus
1526 2455 1605 2482 rictus
1618 2463 1662 2490 per
1676 2454 1800 2482 desideria
1812 2463 1864 2482 non

1077 2503 1143 2530 bona
1156 2502 1293 2530 trahebaris
1305 2501 1397 2538 (Epist.
1411 2501 1472 2533 29.0,
1481 2509 1507 2526 ιι.
1519 2500 1558 2535 9).
1580 2500 1710 2527 Euntdem
1726 2500 1780 2534 jam
1801 2505 1863 2528 atate

1077 2548 1279 2583 compellavcrat
1295 2546 1321 2574 in
1335 2547 1391 2573 hmc
1403 2546 1482 2573 verba
1496 2544 1592 2580 (Ibid,
1603 2553 1628 2571 ιι.
1642 2544 1671 2579 5)
1684 2552 1690 2570 :
1706 2544 1867 2572 Christianus

1078 2602 1113 2626 es.
1125 2602 1168 2620 cor
1181 2593 1266 2625 habes,
1278 2591 1359 2618 Deum
1372 2591 1441 2617 tium
1453 2598 1461 2617 :
1475 2594 1501 2616 tu
1521 2590 1575 2625 ipse
1588 2589 1718 2616 considera
1729 2597 1785 2624 quc
1803 2589 1865 2615 nolo

1077 2641 1168 2673 dicere,
1181 2644 1204 2666 et
1213 2638 1321 2666 inuenies
1338 2638 1370 2664 de
1389 2637 1487 2671 quantis
1501 2636 1574 2663 malis
1593 2635 1681 2662 debeas
1695 2643 1768 2671 agere
1781 2635 1864 2670 pani-

1078 2687 1196 2716 tcntimn;
1221 2689 1322 2720 prapter
1342 2691 1417 2718 quam
1436 2682 1480 2709 tibi
1501 2682 1575 2709 credo
1591 2681 1727 2708 Dominum
1748 2689 1865 2716 parcere,

1077 2736 1100 2759 et
1109 2740 1125 2758 a
1136 2731 1252 2766 periculis
1261 2730 1374 2757 omnibus
1384 2729 1497 2761 liberare,
1509 2734 1536 2755 ut
1549 2736 1610 2763 agas
1619 2736 1673 2755 eam
1685 2728 1750 2755 sicut
1763 2727 1863 2761 agenda

1076 2781 1111 2804 est
1118 2784 1129 2810 ,'
1143 2776 1187 2804 sed
1206 2776 1229 2803 si
1241 2776 1305 2802 illud
1317 2775 1406 2802 audias
1420 2774 1487 2810 quod
1499 2774 1620 2808 scriptum
1632 2778 1685 2807 est,
1703 2783 1713 2800 ι
1727 2772 1768 2801 Ne
1781 2773 1865 2800 tardes

1076 2822 1184 2851 converti
1203 2822 1237 2849 ad
1255 2821 1387 2849 Dominum
1399 2841 1406 2853 ,
1423 2828 1501 2855 neque
1520 2819 1622 2854 ili/feras
1645 2820 1677 2847 de
1695 2819 1735 2847 die
1747 2819 1774 2847 in
1798 2818 1864 2846 diem
