2058 3183
246 133 296 163 55,

245 192 375 219 transiens
381 190 522 226 provincias
529 194 552 217 et
563 190 686 224 regiones,
695 188 762 216 animi
772 189 873 215 ambiens
885 188 1033 215 crudelitate

245 237 419 269 et-otrocitate,
428 241 530 268 cuncta,
541 243 597 271 qua
608 235 697 269 potuit,
711 234 900 269 exspoliatione,
911 234 1031 267 cladibus,

245 283 398 317 diversisque
405 281 544 314 tormentis,
555 280 688 312 incendiis,
698 280 801 314 aliisque
811 278 1033 306 innuntcrabilibus

245 332 268 355 et
280 327 394 363 infandis
403 327 477 353 stratis
487 325 641 360 depopulata
654 329 709 357 est;
723 324 786 360 nulli
801 324 883 355 sexui,
897 324 961 350 nulli
972 332 1032 359 par-

246 381 305 401 rm
313 372 393 403 atati,
408 379 453 398 nec
465 371 526 406 ipsis
545 370 593 397 Dei
606 370 776 398 sacerdotibus
791 369 829 395 t'el
843 369 973 400 ministris,
989 377 1034 396 nec

246 419 308 453 ipsis
321 418 483 446 ecclesiarum
502 417 654 444 ornamentis
667 424 710 443 seu
722 415 890 442 instrumentis
901 415 938 442 vel
950 415 1031 450 ludiﬁ-

246 465 302 492 eiis.
327 463 361 491 Et
383 463 448 490 Itane
475 462 654 498 ferocissimam
676 461 784 487 hostium
811 460 990 496 grassationem
1011 464 1033 487 et

249 510 422 541 mstationcm,
435 508 477 536 ille
492 507 541 534 Dei
555 507 639 540 homo,
653 511 676 533 el
690 508 782 542 factam
791 506 868 541 fuisse
877 510 901 532 et
908 506 973 539 fieri,
983 514 1033 532 non

248 559 275 582 ut
286 555 368 582 ca'teri
382 554 525 585 hominum,
539 553 659 580 sentiebat
673 556 696 579 et
709 551 853 587 cogitabat:
863 551 908 578 sed
921 551 997 578 altius
1011 556 1033 578 et

248 600 400 636 profundius
411 608 442 628 ea
454 599 626 630 considerans,
640 602 663 625 et
673 598 698 625 in
707 597 746 625 Itis
757 598 899 624 animarum
909 598 1034 632 praecipue

247 646 285 673 uel
300 645 412 680 pericula
427 645 465 671 uel
478 649 570 671 mortes
584 643 734 679 precidem,
749 643 822 670 solito
835 642 945 678 amplius
957 643 1033 678 (quo-

247 692 316 719 niam
334 697 362 719 ut
375 691 495 725 scriptum
511 694 556 721 est,
575 699 584 715 ι
597 689 647 722 Qui
660 689 763 724 apponit
777 689 917 721 scientiam,
929 689 1033 724 apponit

234 737 359 765 dolorem
373 746 385 763 ι
397 734 598 773 [Eccle.t,18];
612 740 635 762 et
649 744 658 760 ι
671 734 720 761 Cor
732 733 882 769 intelligens,
891 734 957 761 tinea
971 734 1033 760 ossi-

231 791 236 794 ’
246 783 302 817 bus)
313 784 434 819 s-fuerunt
441 782 463 810 ei
471 782 590 817 lacrymte
597 789 674 816 panes
681 780 722 807 die
728 785 833 806 acnocte
840 779 924 815 (Psal.
931 787 985 810 xu,
992 780 1032 814 ι),

245 828 479 862 onmﬁssinramque
489 831 512 854 et
523 825 652 860 lugubrem
666 832 719 859 pra:
731 824 827 851 ueteris
839 831 892 850 sua:
903 824 1032 850 senectutis

240 875 296 909 jam
310 881 373 909 pene
387 877 523 900 extremam
535 871 640 898 (lucebat
649 878 678 896 ac
691 869 812 897 tolerabat
825 869 910 896 vitam.
930 868 1032 896 Videbat

244 919 310 945 enim
320 917 364 945 ille
375 919 449 944 homo
463 916 511 943 Dei
523 916 633 943 civitates
647 915 745 942 excidio
757 915 878 950 perditas,
893 914 1033 949 pariterque

245 971 302 990 cum
315 962 429 997 adiﬁciis
439 961 556 988 uillarum
567 960 727 992 habitatum,
748 959 810 986 alios
820 959 904 986 hostili
917 966 976 986 nece
989 966 1032 985 ea;-

244 1009 357 1040 stinctos,
373 1008 436 1034 alios
448 1006 572 1042 elfugatos
585 1011 660 1042 atque
678 1006 803 1041 dispersos
812 1013 822 1037 ;
840 1004 967 1032 Ecelesias
988 1013 1031 1032 sa-

244 1054 384 1082 cerdotibus
398 1061 430 1080 ao
442 1053 562 1080 ministris
576 1052 715 1085 destitutas,
729 1052 883 1087 virginesque
901 1059 986 1078 sacras
1009 1056 1031 1078 et

244 1108 356 1136 quosque
374 1099 527 1126 continentes
546 1099 636 1134 ubique
655 1098 807 1133 dissipatos;
826 1102 849 1124 et
868 1097 894 1124 in
912 1098 951 1124 Itis
969 1098 1031 1124 alios
1069 1128 1073 1132 _

243 1145 371 1173 tormentis
384 1145 514 1180 defecisse,
525 1144 590 1171 alios
603 1143 688 1179 gladio
703 1143 864 1177 interemptos
885 1151 946 1174 esse,
968 1143 1032 1169 alios

206 1193 215 1198 '
242 1191 268 1218 in
288 1190 438 1225 captivitate,
461 1189 559 1225 perdita
578 1188 656 1215 animi
675 1193 698 1215 et
716 1188 827 1223 corporis
846 1188 986 1223 integritate
1002 1195 1031 1214 ac

242 1235 301 1269 ﬁdei
313 1254 321 1266 ,
342 1235 410 1262 malo
429 1242 499 1261 more
512 1242 543 1260 ae
555 1233 620 1260 duro
638 1233 750 1260 hostibus
764 1232 906 1264 deservire;
925 1233 1030 1267 hymnos

243 1281 289 1308 Dei
298 1285 321 1308 et
331 1281 419 1308 laudes
431 1280 462 1307 de
472 1279 582 1306 ecclesiis
592 1278 736 1313 deperiisse,
747 1278 857 1312 cedi/icio
869 1278 1030 1305 ecclesiarum

241 1333 317 1360 quam
331 1325 447 1360 plurimis
460 1325 521 1351 locis
534 1324 631 1359 ignibus
643 1328 816 1356 concremata;
830 1323 961 1355 solemnia,
972 1330 1031 1358 qua

240 1371 295 1398 Deo
314 1370 451 1403 debentur,
466 1370 497 1396 de
511 1369 619 1404 propriis
633 1368 694 1396 locis
707 1368 809 1405 desiisse
827 1368 969 1402 sacriﬁcia;
988 1376 1029 1395 sa-

239 1420 367 1443 cramenta
378 1415 463 1442 diuina
477 1414 515 1441 vel
529 1423 579 1441 non
591 1414 678 1451 qutcri,
699 1413 737 1440 re!
749 1413 868 1447 querenti
883 1413 924 1448 qui
946 1413 1029 1440 tradat

240 1470 290 1489 non
304 1461 378 1497 facile
396 1460 516 1496 reperiri;
529 1460 555 1486 in
569 1460 638 1495 ipsas
652 1459 772 1486 montium
785 1459 861 1486 siluas
874 1463 896 1485 et
910 1467 1028 1486 caremus

239 1512 367 1543 petrarum
380 1511 404 1534 et
415 1506 549 1542 speluncas
562 1505 743 1541 confugientes,
752 1504 790 1532 vel
803 1504 838 1532 ad
851 1512 961 1540 quasque
970 1513 1026 1532 mu-

238 1553 345 1580 nitiones
363 1553 427 1580 alios
446 1553 523 1587 fuisse
542 1555 697 1587 expugnatos
711 1556 734 1577 et
747 1551 900 1586 interfectos,
915 1551 979 1578 alios
992 1551 1028 1578 ita

238 1599 384 1626 necessariis
392 1598 569 1626 sustentaculis
581 1597 694 1624 evolutos
701 1601 774 1631 atque
787 1596 907 1631 privatos,
919 1601 946 1623 ut
959 1596 1027 1631 fante

236 1644 435 1672 contabescerent
449 1651 459 1671 :
471 1644 587 1679 ipsosque
602 1642 769 1670 Ecclesian
779 1642 927 1677 prtcpositos
939 1646 962 1669 et
973 1642 1026 1669 ele-

235 1690 310 1723 ricos,
323 1689 366 1725 qui
380 1689 446 1724 forte
467 1688 515 1715 Dei
528 1687 648 1722 beneﬁcio
668 1687 705 1714 uel
722 1695 764 1714 eos
782 1695 832 1714 non
846 1687 1003 1715 incurrerunt
1013 1708 1022 1722 ,

235 1734 274 1762 rel
282 1735 436 1761 incurrentes
444 1738 581 1765 erascrant,
588 1732 660 1759 rebus
666 1731 780 1759 omnibus
788 1731 940 1766 “spoliatos
952 1737 1026 1767 atque

234 1781 358 1812 nudatos,
377 1779 548 1814 egentissimo:
567 1777 719 1810 mendicare,
744 1785 788 1804 nec
809 1777 845 1804 eis
863 1777 978 1804 omnibus
990 1777 1024 1804 ad

234 1826 330 1859 omnia,
343 1825 432 1861 quibus
443 1824 567 1859 fulciendi
579 1828 670 1856 essent,
678 1823 804 1850 subveniri
819 1831 891 1858 posse
902 1831 911 1850 :
921 1823 962 1850 vis:
974 1828 1023 1851 tres

234 1871 380 1907 superstites
394 1869 659 1898 cxinnumerabilibus
680 1868 816 1901 Erclesias,
832 1868 879 1895 Iroe
891 1873 944 1902 est,
961 1868 1023 1895 Car-

234 1916 415 1952 thaginsnsent,
438 1915 639 1951 Hipponensem,
657 1919 679 1941 et
692 1914 838 1945 Cirtensem,
850 1921 906 1948 qua:
916 1913 965 1941 Dei
979 1914 1022 1942 be-

233 1962 324 1996 neﬁcio
342 1961 433 1988 excisa:
451 1969 502 1988 non
522 1964 590 1992 sunt,
607 1964 630 1987 et
641 1967 728 1986 eorum
743 1963 888 1993 permanent
900 1959 1021 1992 ciuitates,

233 2012 257 2034 et
270 2007 355 2034 diuino
364 2006 510 2034 etiliumauo
522 2006 593 2041 fulta
610 2005 748 2040 pra'sitlio;
760 2005 815 2031 licet
836 2009 892 2039 post
911 2005 966 2040 ejus
979 2007 1023 2032 ob-

233 2052 295 2078 itum
304 2051 363 2079 urbs
375 2050 646 2086 Hipponensis-incolis
655 2050 777 2077 destituta
782 2048 814 2082 ab
824 2050 936 2079 hostibus
947 2051 1022 2086 fuerit

232 2103 402 2125 concremata.
418 2096 453 2124 Et
473 2105 501 2124 se
520 2097 585 2124 inter
602 2097 654 2124 Iure
674 2097 741 2123 mula
757 2097 890 2132 cujusdam
903 2099 1021 2133 sapientis

232 2142 353 2170 sententia
358 2141 535 2170 consolabatur
540 2142 645 2170 dicentis
653 2150 661 2168 :
669 2141 729 2169 Non
737 2142 782 2169 erit
791 2150 895 2177 magnus
903 2150 1021 2178 magnum

232 2193 335 2223 putans,
346 2187 413 2223 quod
425 2187 518 2215 cadunt
535 2187 605 2222 ligna
615 2191 638 2214 et
648 2187 759 2222 lapides,
770 2192 793 2215 et
804 2188 945 2215 maritantur
954 2196 1021 2216 rnor-

231 2233 303 2260 talss.
317 2232 379 2261 Illuc
388 2241 448 2268 ergo
460 2233 544 2260 omnia
554 2233 606 2265 ille,
622 2237 649 2259 ut
662 2237 717 2260 erat
729 2233 780 2260 ulte
790 2233 900 2268 sapiens,
911 2234 1021 2269 quotidie

231 2278 336 2306 ubertim
346 2279 478 2314 plangebat
488 2277 613 2314 (Possid.,
623 2277 651 2305 in
665 2277 721 2304 Vita
731 2279 848 2314 August.,
859 2287 917 2314 cap.
925 2278 983 2314 28).

265 2325 292 2352 'l.
311 2324 444 2359 Cu'torum
459 2322 562 2351 Vir'Dei
575 2331 660 2358 neque
672 2323 751 2351 ﬁdem
765 2331 849 2356 suam,
863 2331 952 2359 neque
964 2325 1020 2359 cpi-

229 2370 364 2405 amputem
372 2368 559 2401 fortitudinem
578 2369 688 2401 dolore,
701 2376 754 2404 quo
767 2373 853 2396 tantas
867 2369 936 2397 inter
947 2370 1018 2398 cala-

229 2415 335 2444 mitates
345 2414 519 2448 al'lluiebatur,
531 2413 618 2450 {attigi
633 2414 798 2442 debilitari",
812 2415 914 2443 sinebat
928 2424 935 2443 :
948 2416 1018 2451 quod

229 2462 336 2497 quidem
350 2461 374 2490 is
386 2461 498 2497 epistola
513 2460 546 2488 ad
563 2460 774 2494 Quodvultdeum
789 2462 941 2496 episcopum
958 2461 1017 2490 data

229 2508 328 2544 liquido
339 2508 539 2537 demonstravit.
556 2508 672 2543 Rogatus
689 2507 759 2536 enim
771 2507 807 2536 ab
819 2508 869 2536 hoc
882 2508 1016 2543 episcopo,

223 2553 372 2586 pusulam
386 2553 438 2581 hoc
456 2554 483 2581 in
497 2560 561 2581 uisu
575 2552 645 2588 quod
658 2557 732 2580 esset
742 2553 869 2585 ofﬁcium,
883 2560 918 2581 an
931 2554 971 2582 eis
984 2554 1017 2582 Ii-

229 2597 410 2633 corettngam
423 2598 530 2633 populis
548 2598 711 2633 permittere,
726 2604 760 2626 ac
771 2605 802 2626 se
815 2598 888 2632 ipsos
898 2598 1017 2632 recipere

205 2660 210 2665 .
229 2642 343 2677 periculi
353 2642 452 2670 vitandi
470 2643 552 2678 gratis
569 2651 578 2671 :
595 2643 685 2678 paucis
700 2641 808 2678 quidem
820 2642 857 2670 illi
870 2643 1015 2679 respondit,

228 2687 276 2716 sed
287 2695 336 2723 pro
343 2687 462 2721 ciuulcm
472 2689 630 2718 necessitate
641 2693 683 2716 sat
694 2688 794 2722 multis,
807 2696 902 2724 nempe
912 2697 962 2718 nec
969 2697 1016 2718 eos

221 2740 289 2761 esse
311 2732 505 2767 prohibendos,
519 2734 565 2769 qui
578 2734 612 2762 ad
631 2734 704 2768 loca,
721 2734 748 2764 si
767 2739 893 2770 possunt,
915 2736 1015 2766 munita

229 2780 346 2815 inirem:
355 2779 525 2814 desiderant;
540 2786 590 2809 nec
604 2781 744 2817 episcopos
755 2782 894 2810 ministerii
907 2782 949 2811 sui
959 2783 1016 2811 vin-

227 2825 291 2854 cula
305 2825 350 2854 illa
371 2831 463 2859 sacra,
481 2823 578 2860 quibus
591 2831 658 2860 μοι,
676 2832 712 2854 ne
729 2825 862 2856 Ecclesias
873 2827 1012 2862 deserant,

796 130 875 158 “TA
894 130 923 158 S.
944 129 1128 158 AUGUSTINI
1148 130 1309 160 EPISCOPI.

1085 187 1182 215 Chri~ti
1198 188 1312 217 charitas
1325 189 1450 225 alligavit.
1467 199 1545 227 posse
1561 201 1700 230 rumpere;
1719 201 1798 232 atquc
1810 199 1878 228 adeo

1085 233 1210 268 quamdiu
1229 235 1345 269 ipsorum
1367 237 1507 273 prmsentia
1526 238 1595 273 plebi
1611 242 1759 270 necessaria
1775 247 1817 271 est
1836 244 1877 272 fu»

1087 283 1143 306 tum
1154 299 1162 313 ,
1178 279 1218 307 cis
1229 280 1294 307 nihil
1308 289 1417 315 prorsus
1429 282 1500 310 aliud
1513 284 1640 320 relinqui,
1655 287 1706 314 nisi
1721 292 1750 315 ut
1765 295 1798 321 sc
1808 293 1876 319 totos

1086 324 1181 352 divina:
1191 326 1319 353 voluntati
1329 328 1505 361 committant,
1517 334 1543 356 et
1553 337 1626 365 spem
1636 339 1711 359 suam
1724 332 1750 360 in
1761 341 1877 369 superno

1086 371 1217 405 ndjutorio
1227 372 1357 400 collocent
1367 373 1461 409 (Epist.
1472 374 1535 408 2'28,
1547 385 1574 403 η.
1588 376 1623 412 l).
1636 377 1785 407 Honoratus
1795 379 1875 408 Thia-

1086 416 1177 445 bcnsis
1189 418 1338 453 episcopus,
1355 420 1477 456 idemque
1491 429 1506 449 a
1520 422 1640 452 Possidio
1653 430 1761 454 sanctus
1774 426 1814 455 vir
1826 435 1876 463 ap-

1087 463 1199 497 pellatus
1217 463 1377 499 (Possidius,
1395 466 1422 493 in
1446 466 1503 494 Vita
1523 467 1630 504 August.
1641 490 1649 502 ,
1665 478 1688 497 c.
1709 471 1766 507 50),
1781 472 1874 500 eadem

1086 507 1253 542 postmodum
1276 509 1309 536 ab
1330 510 1478 545 Augustino
1496 511 1530 540 dc
1550 514 1708 548 prmsulibus
1727 521 1754 543 et
1771 516 1876 546 clericis

1086 552 1232 580 sciscitatus
1245 558 1295 581 est.
1315 554 1362 582 llic
1379 561 1472 584 sancto
1490 558 1607 585 Antisliti
1625 559 1805 594 signiﬁcabat,
1822 571 1875 590 non

1086 598 1175 626 videre
1195 606 1239 632 se,
1259 600 1321 634 quid
1338 601 1408 628 aliud
1429 604 1591 632 remanendo
1604 605 1630 632 in
1643 606 1753 634 sedibus
1765 609 1820 636 suis
1832 611 1875 638 vel

1085 643 1134 670 sibi
1147 644 1188 671 vel
1202 645 1298 680 populo
1308 653 1357 673 suo
1368 648 1495 681 profuturi
1510 649 1562 676 sint
1574 651 1700 686 episcopi,
1713 652 1763 680 nisi
1775 657 1804 681 ut
1813 660 1875 682 ante

1086 689 1201 723 ipsorum
1216 691 1308 718 oculos
1327 692 1375 719 viri
1396 693 1509 727 cadant,
1532 694 1636 723 femina:
1656 702 1872 733 constuprcntur,

1086 733 1260 762 incendantur
1271 737 1399 770 ecclesizr,
1416 743 1495 774 atque
1511 740 1560 774 ipsi
1575 749 1680 777 quoquc
1693 743 1719 770 in
1735 747 1876 774 tormentis

1085 779 1222 813 deficiant,
1237 790 1297 809 cum
1318 782 1351 810 de
1371 784 1435 818 ipsis
1455 785 1581 819 qumritur
1595 787 1665 822 quod
1689 783 1741 817 non
1763 790 1873 820 habent.

1086 826 1246 860 Augustinus
1265 827 1388 856 sufﬁcere
1404 830 1519 863 putarit,
1535 831 1559 858 ci
1581 839 1655 859 suam
1674 834 1707 861 ad
1727 834 1874 868 Quodvult-

1084 870 1161 898 deum
1180 872 1318 905 epistolam
1340 874 1453 902 mittere.
1475 875 1527 903 Sed
1547 876 1584 904 illi
1606 877 1701 906 iterum
1724 879 1873 910 Honoratus

1084 914 1134 942 hoc
1144 915 1193 943 sibi
1203 916 1363 945 satisfactum
1375 927 1426 946 non
1437 927 1496 948 esse
1506 921 1671 956 signiﬁcavit,
1680 925 1786 959 quando
1795 926 1873 954 Chri-

1084 965 1140 987 stus
1151 965 1177 988 et
1188 960 1277 996 fugere
1291 964 1469 998 princepissct,
1481 970 1505 992 et
1519 972 1679 1002 praeceptum
1693 977 1769 998 suum
1780 979 1873 1000 exem-

1084 1005 1128 1050 plo
1140 1007 1450 1050 proprio‘conﬁrmasset.
1467 1010 1521 1039 Hoc
1534 1011 1612 1047 igitur
1627 1013 1710 1042 fuitin
1720 1023 1811 1050 causa,
1823 1025 1874 1045 cur

1083 1046 1107 1073 ei
1120 1052 1226 1075 sanctus
1241 1048 1336 1077 Doctor
1348 1058 1442 1078 novam
1454 1060 1533 1087 super
1545 1046 1576 1082 ea
1591 1062 1620 1082 re
1634 1056 1762 1085 scriberet
1774 1046 1874 1094 episto-

1084 1092 1134 1119 lzun
1145 1092 1238 1129 (Epist.
1247 1094 1310 1128 228,
1320 1103 1346 1122 ιι.
1353 1095 1392 1131 2),
1402 1105 1480 1132 quam
1488 1097 1551 1126 dicit
1560 1099 1694 1129 Possidius
1703 1092 1871 1133 instituendis

1083 1138 1213 1174 episcopis
1231 1140 1341 1176 aliisque
1357 1142 1482 1170 Ecclesia:
1497 1145 1623 1174 ministris
1641 1148 1761 1184 apprime
1779 1151 1872 1179 utilem

1083 1189 1109 1211 ct
1130 1186 1315 1219 necessariam,
1329 1187 1363 1214 ob
1376 1187 1454 1222 idque
1467 1188 1516 1217 sibi
1535 1191 1631 1226 visum,
1645 1200 1715 1226 eam,
1733 1194 1795 1223 licet
1811 1195 1872 1224 lon-

1082 1230 1236 1264 giusculam,
1252 1231 1320 1259 Vita:
1340 1234 1424 1261 sancti
1440 1234 1563 1263 f‘rmsulis
1577 1237 1695 1267 inserere
1708 1238 1870 1276 (Possidius,

1082 1274 1107 1301 in
1127 1274 1183 1301 vna
1201 1276 1319 1311 Augusl.,
1334 1286 1357 1304 c.
1374 1278 1430 1314 δυ).
1445 1279 1527 1307 Porro
1543 1281 1568 1308 id
1584 1282 1628 1310 ille
1640 1283 1665 1310 in
1677 1291 1710 1312 ea
1721 1284 1815 1320 docet,
1829 1274 1872 1314 tu;

1081 1327 1139 1354 gum
1156 1320 1286 1356 episcopis
1299 1326 1354 1350 tum
1366 1323 1471 1351 demum
1486 1325 1585 1353 licitam
1602 1335 1676 1362 esse,
1693 1337 1753 1357 cum
1765 1331 1808 1358 vel
1821 1331 1871 1367 ipsi

1081 1365 1230 1400 specialiter
1243 1373 1406 1403 qutcrlmtur,
1421 1374 1447 1398 et
1467 1378 1514 1405 por
1531 1371 1598 1400 alios
1615 1373 1659 1408 qui
1678 1382 1730 1402 non
1749 1376 1784 1403 ita
1799 1365 1873 1412 quic-

1081 1415 1185 1444 runtur,
1201 1416 1288 1446 potest
1300 1413 1403 1449 impleri
1425 1417 1601 1444 necessarium
1621 1417 1812 1454 ministerium;
1829 1423 1870 1450 vel

1081 1458 1191 1503 recessit
1204 1458 1325 1486 universa
1339 1459 1422 1494 plebs.
1439 1460 1536 1490 Ultimo
1551 1463 1612 1492 huic
1625 1466 1796 1500 approbando
1807 1475 1871 1503 quo-

1081 1501 1199 1529 rumdam
1223 1503 1399 1539 Hispanorum
1420 1507 1565 1535 antistitum
1582 1510 1731 1545 exemplum
1746 1501 1869 1546 adducit;

1080 1547 1164 1580 primo
1185 1552 1273 1576 autem
1295 1549 1448 1584 Athanasii;
1469 1553 1512 1579 cui
1535 1559 1639 1588 poterat
1661 1560 1688 1583 ct
1709 1556 1870 1593 Cyprianum

1078 1591 1222 1627 adjungere
1238 1603 1244 1620 :
1258 1593 1372 1629 demptis
1390 1601 1478 1625 autem
1499 1598 1601 1627 duabus
1619 1600 1691 1629 hisce
1708 1591 1868 1633 conditioni—

1079 1636 1135 1670 bus,
1152 1638 1299 1674 ignorantia
1313 1641 1369 1668 sola
1381 1647 1426 1669 aut
1436 1642 1537 1678 ignauia
1549 1644 1687 1680 clericum,
1701 1649 1869 1686 auriumque

1077 1684 1241 1720 episcopum,
1256 1686 1343 1714 induci
1359 1695 1448 1723 posse,
1464 1694 1491 1716 ut
1505 1691 1629 1726 populum
1645 1693 1794 1724 ministerio
1806 1684 1867 1730 suo,

1077 1736 1130 1763 quo
1143 1735 1260 1765 tempore
1277 1732 1442 1766 potissimum
1458 1742 1491 1762 eo
1505 1736 1615 1772 indiget,
1630 1738 1765 1767 desertum
1781 1742 1866 1776 patia-

1077 1778 1129 1820 tur.
1149 1774 1215 1808 Quia
1236 1784 1300 1804 vero
1321 1777 1354 1805 ab
1370 1779 1427 1815 _alio
1443 1781 1557 1814 prmsule
1574 1780 1661 1810 fuerat
1677 1774 1828 1820 objectuin,
1844 1787 1867 1814 si

1075 1819 1197 1849 Christus
1210 1822 1236 1849 in
1248 1823 1286 1850 eis
1299 1824 1534 1858 pcrseculionibus,
1547 1827 1589 1854 ubi
1601 1833 1687 1863 potest
1698 1819 1868 1860 fructuscsso

1076 1867 1206 1903 martyrii,
1222 1867 1373 1903 fugiendum
1385 1872 1527 1906 prtucepit;
1542 1873 1624 1901 multo
1634 1875 1719 1910 magis
1729 1875 1867 1911 fugiendas

1076 1920 1135 1940 esse
1150 1914 1286 1948 passiones
1305 1916 1424 1949 steriles,
1439 1918 1546 1952 quando
1559 1924 1600 1946 est
1617 1919 1770 1950 barbaricus
1781 1928 1808 1951 ct
1819 1923 1868 1951 bo-

1076 1959 1143 1986 stilis
1157 1959 1277 1988 incursus
1292 1969 1299 1987 :
1313 1962 1456 1996 respondet
1470 1963 1647 2000 Augustinus,
1661 1974 1752 1994 verum
1766 1975 1826 1996 esse
1840 1968 1866 1996 id

1075 2005 1181 2040 quidem
1191 2007 1225 2034 de
1238 2006 1280 2035 bis
1289 2015 1355 2043 quos
1369 2009 1541 2039 ecclesiastici
1551 2011 1630 2040 ofﬁcii
1643 2021 1696 2041 non
1710 2018 1801 2043 tenent
1809 2015 1867 2043 vin.

1075 2053 1151 2086 culo;
1166 2061 1244 2082 secus
1258 2058 1346 2082 autem
1362 2055 1396 2083 dc
1411 2055 1441 2084 iis
1456 2057 1500 2092 qui
1510 2078 1517 2090 ,
1531 2057 1602 2092 quod
1621 2058 1743 2088 ﬁdelibus
1756 2067 1864 2096 operam

1075 2105 1150 2125 suam
1168 2098 1298 2132 debeant,
1319 2105 1476 2134 remanent;
1491 2109 1538 2129 cos
1551 2102 1622 2130 enim
1636 2103 1773 2132 charitatis
1786 2105 1865 2141 hujus

1074 2143 1202 2172 beneﬁcio
1213 2144 1335 2172 meritum
1349 2144 1499 2174 illustrioris
1510 2148 1628 2184 martyrii
1639 2148 1688 2183 sibi
1698 2143 1864 2187 comparare,

1073 2196 1152 2223 quam
1167 2189 1189 2216 si
1204 2189 1347 2217 retinendae
1363 2193 1462 2218 talltum
1479 2191 1539 2219 fidei
1552 2199 1631 2220 causa
1650 2199 1812 2228 paterentur.
1830 2197 1865 2224 At

1073 2242 1133 2262 cum
1156 2235 1270 2269 ipsamet
1288 2235 1403 2264 Charitas
1423 2237 1557 2266 videretur
1575 2238 1608 2266 ad
1631 2239 1667 2271 id,
1680 2233 1820 2275 inducere,
1832 2247 1864 2272 ,ιιι

1071 2286 1210 2317 optaretur
1221 2282 1286 2309 cieri
1301 2286 1401 2316 partem
1419 2282 1546 2318 aliquam,
1559 2292 1592 2312 ne
1605 2285 1729 2322 deessent
1740 2286 1783 2322 qui
1796 2294 1862 2314 cra-

1072 2326 1196 2354 dcntibus
1205 2327 1369 2355 barbaricum
1381 2328 1496 2356 furorem
1505 2330 1705 2365 opitularentur,
1719 2332 1861 2367 secedere;

1071 2376 1164 2400 monet
1174 2380 1222 2400 eos
1231 2373 1274 2408 qui
1285 2377 1379 2408 sponte
1389 2374 1530 2402 consilium
1541 2375 1593 2404 hoc
1603 2381 1694 2405 eSSent
1703 2371 1860 2413 aniplcsuri.

1072 2425 1105 2445 nc
1119 2417 1160 2444 vel
1175 2422 1331 2445 notarentur
1345 2418 1456 2454 ignavia,
1470 2420 1511 2447 vel
1529 2428 1584 2455 pro:
1602 2421 1671 2455 aliis,
1687 2421 1790 2457 judicio
1801 2415 1860 2459 suo.

1071 2463 1155 2498 magis
1173 2463 1300 2490 Ecclesia:
1319 2465 1461 2492 necessarii
1483 2465 1646 2501 viderentur,
1667 2462 1785 2496 sortibus
1803 2475 1861 2496 rem

1071 2509 1236 2537 conmittere
1247 2516 1436 2545 posscznoque
1459 2511 1509 2540 hoc
1526 2511 1574 2540 ulli
1595 2517 1773 2550 prmterquam
1787 2514 1862 2549 igna~

1070 2556 1108 2582 ris
1121 2554 1254 2590 culpatum
1276 2555 1322 2587 iri,
1338 2556 1459 2591 quamvis
1477 2563 1536 2584 eam
1551 2557 1681 2586 rationem
1695 2559 1790 2594 minus
1802 2559 1861 2588 usi-

1072 2603 1152 2626 tatam
1174 2606 1235 2626 esse
1247 2598 1384 2627 fateretur.
1402 2600 1506 2628 Asserit
1522 2601 1689 2637 Augustinus
1699 2602 1767 2635 hanc
1777 2596 1859 2632 animi

1071 2644 1289 2680 magnitudinem,
1301 2652 1351 2679 qua
1363 2645 1504 2681 episcopus
1513 2654 1573 2675 cum
1585 2647 1665 2683 plebe
1673 2647 1724 2676 sibi
1732 2641 1859 2688 diuinitus

1069 2690 1168 2718 credita
1184 2690 1280 2718 mediis
1293 2691 1320 2718 in
1334 2691 1458 2726 periculis
1472 2697 1635 2732 perseverat,
1648 2701 1704 2732 non
1717 2694 1859 2730 mandante

1068 2735 1218 2771 cupiditatis
1229 2735 1312 2768 fumo,
1322 2735 1370 2763 sed
1502 2737 1717 2778 unoristlamma
1725 2740 1856 2782 generari,

1067 2785 1095 2808 et
1105 2788 1222 2808 amorem
1235 2780 1304 2809 hunc
1316 2787 1331 2808 τι
1342 2781 1396 2810 Deo
1409 2781 1550 2816 proﬁcisci,
1566 2790 1668 2822 necnon
1682 2784 1718 2819 ab,
1729 2780 1856 2822 ipsopro.

1067 2827 1143 2856 cibus.
1150 2835 1208 2856 esse
1216 2826 1421 2863 efflagitandum.
1433 2828 1538 2861 Oremus
1545 2836 1614 2865 ergo,
1622 2821 1672 2862 ait,
1681 2834 1709 2867 ut
1718 2829 1749 2858 ab
1757 2830 1802 2858 illo
1810 2830 1855 2872 ξς·
