4116 6366
401 320 499 376 stu
768 386 773 394 I

405 448 488 489 tur
499 454 532 490 a
547 438 858 508 qualubetur
873 438 1062 508 (Epist.
1080 435 1205 500 228,
1225 451 1276 489 η.
1293 435 1366 504 7).
1385 433 1496 488 Hoc
1505 433 1716 490 demum
1731 435 1876 490 addit
1891 453 1986 504 pro

403 527 678 591 coronide,
709 529 989 584 consilium
1023 528 1073 582 in
1103 526 1186 580 his
1213 525 1604 580 calamitatibus
1633 520 1830 580 nullum
1859 540 1987 580 con-

403 619 689 674 ducibilius
714 618 974 688 relinqui,
1005 633 1162 688 quam
1191 625 1247 670 ut
1273 616 1604 687 confugiatur
1639 617 1703 671 ad
1734 618 1986 672 orationis

405 709 736 778 pnesidium,
761 719 918 779 atque
937 708 1131 764 obnixe
1149 707 1326 762 divina
1346 708 1627 762 clementia
1653 708 1982 778 imploretur.

406 802 574 856 Porro
602 817 668 856 ex
708 801 806 859 hac
844 801 1066 870 epistola
1099 799 1336 868 judicare
1372 808 1473 866 est,
1499 798 1769 854 Calamam
1797 801 1984 855 urbem

405 893 646 962 aliasque
675 893 976 961 complures
1000 907 1029 945 a
1055 891 1258 946 civibus
1285 891 1502 945 omnino
1535 890 1776 945 desertas
1802 906 1863 944 ac
1889 891 1984 946 de-

403 984 602 1040 solatas
649 984 842 1048 fuisse;
887 984 1100 1055 quando
1140 983 1432 1047 Possidius,
1467 983 1553 1052 qui
1597 984 1664 1037 ab
1707 985 1984 1053 Augustini

401 1077 703 1142 sententia,
735 1092 889 1147 quam
934 1085 1012 1132 tot
1049 1076 1314 1145 tantisque
1351 1075 1590 1130 laudibus
1626 1077 1979 1145 prosequitur,

405 1168 683 1224 discedere
712 1184 979 1238 nunquam
1008 1169 1059 1222 in
1089 1169 1324 1222 animum
1354 1166 1663 1231 induxisset,
1689 1181 1806 1221 sese
1826 1174 1984 1236 atque

403 1258 538 1312 alios
568 1259 818 1312 ﬁnitimos
844 1258 1418 1327 antistitcs'llipponem
1447 1255 1738 1326 perfugisse
1761 1264 1984 1312 testatur

402 1348 716 1419 (Possidius,
741 1352 794 1404 in
824 1349 938 1405 Vita
967 1350 1202 1420 August._,
1234 1366 1280 1403 c.
1311 1347 1426 1417 28).

1002 1441 1227 1496 CAPUT
1267 1440 1357 1493 IX.

404 1536 432 1589 ι
468 1533 715 1589 Ultimum
741 1551 866 1604 Opus
885 1533 1218 1588 iri-lulianum
1244 1541 1446 1586 sanctus
1463 1532 1650 1586 Doctor
1671 1532 1980 1603 aggreditur.

472 1625 510 1678 2
547 1625 613 1678 In
667 1625 968 1694 colloquium
1011 1625 1158 1678 ncnit-
1196 1639 1309 1676 cum
1356 1623 1638 1676 Maximino
1682 1623 1985 1676 Arianorum

472 1718 728 1787 episcopo,
757 1733 900 1786 quem
931 1725 976 1769 et
1015 1716 1160 1769 editis
1195 1715 1331 1768 libris
1364 1716 1609 1782 confutat.
1642 1716 1675 1768 '5
1703 1713 1984 1768 Maximum

474 1811 538 1862 ab
561 1808 751 1860 Ariona
775 1807 953 1860 liceresi
977 1822 1267 1860 conversum
1285 1805 1601 1869 adhortatur,
1627 1813 1678 1858 ut
1697 1821 1814 1858 suos
1833 1805 1985 1858 alios-

445 1915 570 1968 ‘qtte
593 1897 766 1951 eodem
794 1913 963 1951 errore
985 1896 1268 1966 implicatos
1291 1895 1358 1948 ad
1385 1895 1682 1949 catholicam
1717 1896 1868 1964 ﬁdem
1899 1894 1985 1948 ad-

475 1991 657 2043 ducere
709 1987 922 2041 studeat.
970 1988 1003 2041 4
1052 1986 1259 2056 Relellit
1311 1986 1603 2040 Sermonem
1657 1986 1980 2038 Arianorum.

474 2080 509 2135 5
537 2078 850 2146 Colloquium
891 2093 1004 2130 cum
1051 2073 1320 2128 Pascentio
1367 2075 1524 2128 eidem
1565 2074 1768 2127 Ariume
1809 2075 1985 2127 lueresi

471 2170 675 2223 addicto
701 2170 896 2237 scriptis
922 2169 989 2222 ad
1014 2169 1238 2222 eumdem
1266 2167 1444 2221 litteris
1466 2167 1683 2238 ettulgat.
1717 2167 1750 2221 6
1779 2167 1982 2238 Elpidio

474 2265 525 2317 in
551 2263 653 2332 [ide
683 2261 942 2315 Trinitatis
965 2261 1152 2314 erranti
1175 2258 1418 2313 rescribit.

475 2355 527 2406 l.
556 2353 612 2406 In
643 2353 732 2406 illa
758 2351 920 2405 totius
960 2350 1151 2404 Africa:
1176 2349 1502 2414 vastatione,
1532 2348 1657 2403 dum
1687 2364 1752 2403 eo
1782 2354 1981 2403 tantum

401 2443 772 2498 incumberent
812 2443 1047 2512 plerique
1071 2457 1256 2495 omnes
1277 2483 1291 2505 ,
1319 2449 1379 2495 ut
1407 2441 1486 2495 vel
1515 2441 1695 2510 patriae
1723 2441 1982 2495 laboranti

400 2551 557 2606 opem
593 2535 821 2600 ferrent,
859 2534 942 2589 vel
981 2548 1099 2589 sese
1124 2534 1312 2588 saltem
1344 2533 1610 2602 eriperent
1634 2534 1701 2588 ab
1731 2533 1980 2598 interitu;

403 2637 622 2683 sanctus
657 2627 896 2681 Antistes
926 2626 1220 2680 institutum
1258 2623 1597 2678 nihilominus
1621 2639 1772 2677 suum
1801 2626 1852 2677 in
1887 2624 1982 2678 ad-

396 2719 628 2789 juvanda
658 2718 921 2773 continuis
942 2717 1050 2770 suis
1073 2716 1340 2771 .aboribus
1370 2715 1618 2777 Ecclesia,
1641 2715 1981 2786 propugnan-

401 2812 570 2881 daque
593 2809 847 2864 adversus
875 2809 1018 2863 illius
1043 2808 1222 2885 hostes
1248 2807 1468 2861 veritate
1496 2821 1558 2860 ac
1589 2807 1709 2871 title,
1737 2815 1985 2860 constan-

400 2913 485 2956 ter
511 2901 743 2956 tenebat.
768 2901 882 2955 Jam
911 2909 1033 2955 ante
1060 2901 1394 2955 observatum
1422 2899 1573 2952 nobis
1599 2910 1697 2964 est,
1723 2900 1933 2967 scriptis
1951 2913 1981 2954 a

399 2994 609 3048 Juliano
651 2995 704 3047 in
754 2995 980 3062 primunt
1024 2991 1299 3061 Augustini
1343 2989 1533 3044 librum
1573 2990 1639 3044 de
1687 2989 1890 3058 Nuptiis
1928 2998 1984 3044 et

398 3082 838 3152 Concupiscentia
881 3090 1111 3151 quatuor
1150 3080 1332 3146 libris,
1365 3088 1611 3149 excerpta
1644 3080 1880 3149 quasdam
1916 3096 1981 3135 ex

397 3174 608 3228 illorum
651 3158 820 3242 primo
854 3179 1093 3226 sanctum
1137 3171 1418 3224 Doctorcm
1459 3185 1556 3224 suo
1597 3171 1664 3224 de
1698 3169 1902 3238 Nuptiis
1930 3179 1984 3224 et

396 3264 842 3335 Concupiscentia
869 3263 1102 3318 secundo
1119 3262 1424 3331 _refutasse;
1455 3277 1516 3315 ac
1549 3271 1732 3332 postea
1761 3273 1984 3332 quatuor

398 3357 518 3411 illos
539 3358 772 3426 integros
797 3356 1066 3425 adeptum,
1091 3363 1275 3410 contra
1302 3354 1518 3408 eosdem
1547 3355 1701 3408 simul
1727 3355 1983 3424 prolixius

399 3461 566 3516 opus,
610 3447 758 3516 cujus
790 3445 1063 3516 inscriptio
1105 3445 1160 3500 in
1208 3443 1692 3500 Rctractationibus
1733 3461 1837 3499 non
1880 3446 1980 3500 alia

399 3542 615 3612 legitur,
641 3541 741 3607 nisi
765 3557 778 3592 :
803 3540 991 3594 Contra
1016 3540 1279 3594 Julianum
1308 3537 1426 3593 libri
1444 3555 1549 3604 sex,
1577 3538 1824 3594 edidisse.
1850 3539 1980 3610 Aly-

398 3631 519 3700 pius
561 3630 752 3685 librum
793 3629 858 3685 de
892 3630 1098 3700 Nuptiis
1136 3639 1186 3684 et
1219 3629 1652 3698 Concupiscentia
1690 3629 1980 3684 secundum

394 3721 504 3791 jam
533 3719 656 3775 inde
682 3719 750 3774 ab
789 3735 927 3774 anno
953 3719 1471 3790 quadringentesimo
1497 3719 1752 3790 vigesimo
1779 3722 1975 3788 primo,

397 3821 651 3881 quantum
700 3811 1004 3879 conjectura
1049 3812 1202 3865 nobis
1247 3813 1369 3866 licet
1412 3813 1659 3880 assequi,
1704 3826 1882 3864 secum
1928 3812 1978 3866 itt

399 3900 603 3955 ltaliam
631 3901 767 3955 tulit.
795 3903 904 3957 [loc
932 3910 1106 3956 autem
1129 3901 1348 3956 adortus
1371 3911 1450 3956 est
1471 3909 1728 3954 maturata
1755 3916 1979 3970 l‘CSpOll-

399 3992 548 4046 sione
575 3992 840 4055 Julianus,
873 4008 992 4047 cum
1031 4008 1123 4047 sex
1166 3992 1360 4055 libros,
1408 3991 1600 4062 quibus
1638 4002 1863 4061 quatuor
1901 3993 1980 4047 sui

398 4081 611 4136 refutati
639 4083 706 4137 ab
733 4083 1024 4152 Augustino
1055 4081 1281 4147 fuerant,
1316 4081 1537 4135 necdum
1560 4083 1796 4150 cognitos
1820 4081 1981 4137 habe-

396 4179 516 4237 ret;
547 4171 972 4242 quandoquidem
999 4188 1063 4225 an
1093 4187 1184 4226 eos
1206 4172 1527 4240 Augustinus
1556 4171 1787 4241 legisset,
1815 4172 1982 4224 addu-

398 4264 531 4317 bitat
571 4261 795 4336 (Operis
829 4263 1105 4332 imperfecti
1151 4263 1238 4316 lib.
1285 4263 1338 4328 4',
1379 4279 1431 4314 η.
1472 4260 1602 4332 58
1642 4262 1744 4315 Ista
1785 4261 1979 4316 Juliani

397 4355 676 4422 responsio
701 4355 846 4408 libris
876 4364 998 4409 octo
1022 4355 1298 4408 constabat
1325 4354 1376 4406 in
1407 4353 1597 4421 quibus
1620 4361 1732 4406 erat
1763 4352 1850 4406 ille
1885 4367 1979 4406 va-

397 4445 639 4513 gabunda
667 4445 979 4514 loquacitate
1005 4444 1396 4512 noncopiosus,
1421 4442 1512 4496 sed
1534 4442 1749 4496 odiosus
1769 4444 1866 4508 cis,
1892 4445 1980 4513 qui

397 4534 560 4588 rebus
589 4533 912 4589 inhaerentes
942 4532 1204 4602 superﬂua
1241 4532 1397 4586 verba
1429 4542 1772 4587 contemnunt
1796 4532 1978 4606 (ibim,

400 4624 488 4677 lib.
517 4625 551 4678 5
571 4667 583 4688 ,
614 4641 666 4677 n.
692 4624 820 4694 20).
854 4624 909 4678 l-n
943 4624 1044 4678 hoc
1083 4624 1214 4677 scite
1244 4624 1572 4693 Augustinus
1609 4625 1836 4692 jocatttr,
1881 4626 1980 4678 ait-

399 4729 502 4784 que
537 4715 716 4781 illum,
762 4714 1018 4784 siquidem
1048 4713 1222 4769 eidem
1262 4713 1364 4768 viae
1401 4715 1643 4769 insistere
1673 4716 1978 4781 constituit,

398 4805 628 4874 amplius
671 4805 815 4860 mille
855 4805 1153 4870 volumina,
1197 4814 1255 4858 ut
1288 4819 1390 4858 sex
1423 4805 1536 4859 suis
1575 4804 1760 4870 libris,
1791 4807 1982 4874 quibus

399 4894 540 4949 illius
577 4903 804 4964 quatuor
838 4892 1158 4958 confutavit,
1201 4894 1548 4964 respondeat,
1595 4896 1741 4949 nullo
1772 4897 1981 4965 negotio

398 5002 560 5055 posse
601 4988 864 5042 conficere
911 4987 1102 5060 (lbid.,
1149 4987 1236 5041 lib.
1280 4989 1340 5053 1',
1372 5005 1424 5042 η.
1457 4989 1556 5053 5i;
1591 4989 1677 5043 lib.
1709 4990 1772 5053 4,
1803 5006 1853 5040 η.
1884 4990 1916 5042 5

398 5077 575 5133 Nihilo
611 5087 784 5135 tamen
812 5080 988 5134 minus
1025 5091 1278 5149 perpetuo
1321 5081 1591 5135 brevitatis
1630 5080 1858 5134 studium
1894 5081 1979 5149 ja-

398 5169 595 5235 ctabat,
621 5168 840 5238 perinde
868 5185 929 5224 ac
953 5170 997 5223 si
1025 5171 1206 5236 multa,
1230 5186 1348 5238 qua:
1381 5170 1638 5240 potuisset
1671 5170 1976 5239 adjungere,

401 5259 722 5313 reticuisset.
761 5259 896 5313 Hinc
933 5259 1004 5313 illi
1044 5260 1365 5329 Augustintts
1409 5279 1421 5313 :
1464 5259 1588 5313 Ideo
1625 5272 1800 5313 contra
1828 5276 1982 5314 unum

401 5350 585 5404 librant
613 5369 777 5404 meum
815 5352 963 5405 libros
1004 5361 1115 5405 octo
1157 5353 1433 5422 scripsisti,
1463 5353 1578 5421 quia
1618 5369 1704 5421 per
1726 5363 1812 5406 tua
1840 5370 1979 5407 com-

400 5443 587 5510 pendia
629 5443 890 5496 dialectica
932 5442 1020 5496 diu
1063 5444 1318 5514 disputare
1356 5444 1557 5496 noluisti
1599 5443 1782 5515 (lbid.,
1811 5444 1895 5498 lib.
1926 5446 1978 5513 1,

401 5553 456 5588 n.
504 5533 641 5604 54).
704 5535 808 5591 Sed
865 5553 932 5591 ne
978 5539 1166 5591 librntn
1223 5535 1431 5606 quidem
1485 5536 1753 5606 Augustini
1817 5546 1980 5591 totum

399 5637 522 5681 octo
578 5628 687 5683 suis
743 5638 1007 5698 oppugnat
1049 5628 1248 5699 (Ibid,
1295 5629 1379 5681 lib.
1435 5629 1498 5689 εὶ,
1554 5648 1606 5684 u.
1655 5630 1825 5698 1‘27):
1877 5632 1980 5685 imo

399 5719 598 5772 nullam
644 5719 757 5787 ejus
803 5731 1001 5789 partem
1051 5721 1335 5785 refellens,
1389 5721 1470 5775 vix
1519 5721 1722 5777 tertiam
1777 5707 1979 5792 attingit

1775 322 1972 380 LIBER
2011 323 2336 384 OCTAVUS.

3560 341 3664 394 582

2089 437 2274 508 (Ibid,
2297 438 2456 506 τευ,
2480 455 2532 493 η.
2552 440 2630 513 5).
2655 441 2852 497 librum
2891 459 2982 499 sex
3023 446 3074 501 in
3107 447 3482 518 Augustiniana
3516 455 3660 509 retu“

2089 529 2286 586 talione
2313 531 2670 598 continentur,
2693 533 2746 588 in
2775 536 2965 606 quibus
2989 537 3289 594 Catholicos
3315 542 3396 595 vix
3424 559 3654 614 unquam
3674 589 3690 598 ._

2087 621 2241 678 aliter
2267 624 2542 691 nominat,
2568 641 2724 696 quam
2755 627 3112 685 Traducianos
3137 641 3189 685 et
3215 632 3530 690 Manichazos
3550 675 3568 702 ,
3597 652 3666 691 ae

2087 712 2317 769 maxime
2339 723 2578 769 sanctum
2607 716 2930 785 Antistitem,
2961 736 3116 790 quem
3155 723 3264 778 illic
3290 739 3498 795 quoque
3527 726 3659 781 Tra-

2085 810 2344 857 ctatorem
2378 804 2600 860 Poenum
2639 808 2854 873 vocitat,
2887 809 3133 880 Alypium
3163 821 3340 866 autem
3376 813 3657 870 Vernulam

2087 889 2734 967 peecatorum-Augttstini
2774 897 2973 972 (Ibid.,
3024 901 3110 955 lib.
3154 903 3205 968 1,
3248 920 3300 956 n.
3331 903 3425 974 7).
3466 905 3658 962 Verum

2084 984 2322 1039 convicia
2353 986 2437 1040 illa
2465 988 2613 1043 nihili
2642 990 2739 1044 sibi
2761 1011 2780 1058 ,-
2810 991 2893 1045 vel
2943 992 3116 1060 potius
3161 995 3360 1065 magni-
3384 997 3659 1065 pendentia

2086 1083 2235 1144 putat
2271 1077 2625 1147 Augustinus;
2661 1082 2777 1151 quia
2813 1083 3012 1152 quando
3048 1101 3140 1155 pro
3175 1075 3463 1155 defensiOne
3485 1089 3660 1142 catlur-

2088 1163 2199 1219 lict:
2215 1165 2334 1234 ﬁdei
2352 1168 2416 1221 ab
2431 1167 2672 1223 haereticis
2693 1172 3018 1226 contumelias
3036 1174 3209 1239 audio,
3235 1175 3418 1244 inquit,
3440 1193 3530 1245 pro
3549 1177 3665 1231 late-

2086 1255 2236 1310 dibus
2258 1257 2412 1311 habeo
2437 1258 2619 1330 (Ibid,
2650 1260 2734 1317 lib.
2765 1263 2817 1327 3,
2841 1279 2959 1333 cap.
2984 1263 3090 1335 18).
3112 1264 3352 1320 Julianus
3373 1280 3506 1335 opus
3531 1267 3656 1320 illud

2086 1338 2240 1403 suum
2271 1351 2510 1405 inscribit
2549 1352 2736 1418 Floro,
2767 1354 2905 1408 inter
2933 1355 3228 1424 Pelagiana:
3269 1356 3508 1412 factionis
3544 1359 3659 1428 epi-

2085 1455 2275 1510 scopos
2315 1441 2547 1505 celebri,
2589 1443 2739 1512 cujus
2780 1452 2963 1514 rogatu
3004 1446 3086 1499 vel
3133 1448 3308 1515 potius
3351 1448 3661 1502 auctoritate

2085 1541 2303 1601 paterna
2347 1531 2628 1587 adductum
2655 1537 2734 1588 se
2775 1534 3055 1603 pr.rdicat,
3101 1542 3158 1589 ut
3200 1536 3361 1590 misso
3404 1537 3660 1593 brevioris

2085 1623 2263 1693 Operis
2290 1624 2511 1677 consilio
2537 1639 2781 1694 magnum
2823 1625 2923 1680 hoc
2950 1627 3242 1695 susciperet
3271 1627 3452 1697 (lbid.,
3483 1628 3570 1682 lib.
3603 1630 3656 1692 1.

2085 1730 2173 1767 nn.
2204 1713 2259 1776 2,
2284 1712 2360 1785 7).
2396 1713 2460 1768 Et
2485 1714 2590 1768 alio
2620 1716 2737 1768 loco
2769 1714 2895 1768 illttd
2925 1717 3104 1770 oneris
3130 1717 3226 1771 sibi
3255 1733 3283 1770 a
3311 1719 3506 1772 sanctis
3532 1719 3659 1772 viris

2086 1816 2141 1861 et
2175 1806 2291 1874 ejus
2335 1807 2586 1876 temporis
2626 1807 3048 1874 confcssoribus,
3086 1807 3186 1862 hoc
3223 1818 3337 1872 est,
3370 1810 3436 1862 ab
3467 1811 3532 1864 iis
3569 1813 3657 1880 qui

2085 1899 2349 1970 Pelagiani
2380 1899 2642 1970 dogmatis
2664 1915 2820 1955 causa
2842 1900 3011 1954 solum
3034 1909 3240 1955 vertere
3260 1901 3390 1969 jussi
3422 1901 3664 1968 fuerant,

2087 1992 2387 2062 impositum
2410 1992 2574 2061 jactat
2603 1991 2784 2064 (lbid.,
2803 1993 2890 2046 lib.
2916 1993 2968 2058 l,
2992 2010 3044 2046 η.
3069 1991 3180 2064 5|).
3214 1994 3352 2046 Duos
3385 1993 3659 2049 Retracta-

2087 2082 2286 2135 tionum
2316 2082 2480 2136 libros
2511 2082 2619 2152 jam
2660 2083 2958 2138 absolverat
2995 2085 3344 2153 Augustinus,
3375 2100 3494 2138 cum
3522 2085 3659 2140 idem
3691 2131 3701 2140 .

2085 2171 2213 2226 illud
2240 2187 2373 2242 opus
2399 2173 2575 2228 videre
2602 2174 2702 2228 sibi
2732 2175 2969 2244 contigit.
2997 2175 3200 2244 Nempe
3236 2176 3454 2246 Alypius
3484 2177 3582 2232 sub
3610 2178 3701 2232 idt‘

2087 2263 2340 2332 temporis
2371 2264 2525 2318 tertio
2565 2263 2806 2319 Romam.
2829 2263 3116 2334 profectus,
3145 2265 3270 2320 ilhd
3316 2266 3384 2320 ibi
3424 2281 3544 2320 cum
3575 2282 3661 2321 ae-

2086 2354 2346 2423 cepisset,
2387 2355 2640 2409 nondum
2663 2364 2826 2410 totum
2857 2356 3246 2427 descripserat,
3273 2374 3392 2412 cum
3433 2360 3659 2414 oblatam

2085 2443 2417 2498 occasionem
2463 2446 2632 2500 noluit
2681 2447 2978 2514 prirtcrire,
3025 2462 3320 2516 perquam
3370 2449 3663 2519 Augustino

2085 2534 2315 2602 quinque
2362 2533 2600 2603 ejusdem
2643 2536 2819 2604 operis
2858 2535 3020 2590 libros
3062 2535 3378 2591 deterendos
3419 2539 3659 2605 curavit,

2086 2624 2396 2692 promittens
2421 2625 2559 2679 alios
2577 2633 2682 2679 tres
2709 2625 2814 2679 cito
2841 2641 2898 2679 se
2925 2641 3047 2680 esse
3072 2627 3376 2692 missurum,
3405 2628 3659 2681 multum.

2084 2729 2188 2783 que
2215 2716 2416 2770 instans
2441 2730 2506 2769 ne
2527 2716 2852 2784 restiondere
2879 2715 3112 2770 differret
3137 2715 3325 2787 (Epist.
3352 2717 3481 2783 2‘24,
3503 2734 3556 2771 κδ
3578 2718 3660 2786 ay.

2088 2803 2418 2860 Revocandis
2444 2805 2534 2859 adt
2551 2821 2778 2860 examen
2809 2806 3060 2875 Epistolis
3088 2822 3151 2862 ac
3179 2806 3524 2862 Sermonibus
3545 2808 3666 2863 suis

2086 2905 2212 2953 tunc
2241 2913 2454 2967 operam
2487 2898 2646 2953 dabat
2673 2907 2886 2953 sanctus
2927 2899 3138 2965 Doctor,
3171 2895 3238 2953 eté
3268 2899 3519 2968 plurimas
3547 2899 3664 2970 epi-

2085 2991 2338 3045 stolarum
2361 2990 2470 3059 jam
2495 2990 2714 3059 legerat,
2745 2989 2954 3044 tametsi
2990 2989 3120 3043 nihil
3149 2989 3323 3044 adhuc
3347 2989 3471 3044 inde
3495 2990 3665 3045 dicta-
3732 3055 3735 3066 Ι

2083 3089 2255 3144 verat,-
2282 3095 2401 3134 cum
2434 3095 2552 3133 eum
2591 3080 2748 3133 etiam
2788 3079 3096 3134 isti-Juliani
3127 3079 3244 3134 libri
3277 3095 3535 3148 occupare
3557 3094 3667 3136 ete-

2085 3179 2294 3241 perunt.
2326 3172 2394 3224 At
2412 3185 2532 3225 cum
2549 3183 2768 3238 Operam
2790 3183 3005 3223 suorum
3024 3169 3437 3238 recognitionem
3454 3169 3665 3240 gravio—

2086 3263 2160 3316 ris
2178 3261 2396 3316 duceret
2413 3259 2763 3324 necessitatis,
2781 3273 2940 3329 quam
2961 3266 3017 3313 ut
3033 3258 3342 3313 dimittenda
3364 3258 3664 3323 videretur;

2083 3352 2290 3407 duobus
2320 3350 2464 3405 hisce
2506 3349 2808 3415 laboribus,
2847 3355 2908 3403 ut
2944 3348 3053 3418 jam
3097 3348 3471 3415 observatum,
3497 3349 3662 3403 otium

2085 3460 2236 3499 suum
2269 3445 2336 3497 ita
2380 3443 2600 3512 partitus
2640 3449 2755 3506 est,
2796 3449 2856 3495 ut
2899 3441 2989 3494 uni
3025 3438 3287 3505 interdiu,
3313 3440 3465 3494 alteri
3505 3448 3663 3494 nocte

2085 3535 2431 3589 incumberet.
2461 3533 2590 3588 Alite
2611 3531 3244 3600 tatnensupervenientcs
3267 3544 3409 3585 cura:
3429 3529 3546 3599 ejus
3570 3545 3665 3600 ge-

2085 3625 2234 3680 neris
2269 3638 2332 3678 ac
2378 3623 2663 3687 momenti,
2709 3632 2767 3676 ut
2810 3636 2904 3676 eas
2948 3621 3216 3691 negligere
3264 3619 3666 3690 haudquaquam

2085 3724 2284 3788 posset,
2317 3717 2487 3785 ipsum
2515 3715 2672 3770 abeo
2697 3714 2836 3784 quod
2864 3713 3092 3767 habebat
3117 3713 3169 3766 in
3199 3712 3442 3768 manibus
3461 3721 3666 3768 averte-

2085 3817 2224 3863 runt.
2253 3807 2464 3861 Juliano
2492 3820 2612 3861 eum
2654 3805 2704 3858 in
2745 3803 2958 3858 modum
2986 3801 3357 3873 respondebat,
3398 3811 3456 3856 ut
3493 3802 3665 3872 primo

2085 3898 2320 3952 bairetici
2353 3898 2490 3952 illius
2523 3904 2722 3950 textum
2753 3893 3060 3960 exhiberet,
3084 3893 3276 3949 deinde
3301 3909 3418 3963 quae
3454 3893 3518 3948 ad
3543 3909 3663 3948 eum

2083 3988 2461 4044 revincendum
2489 3987 2796 4041 viderentur
2816 3986 3053 4055 apposita
3071 4026 3084 4050 ,
3117 3984 3460 4054 subjungerct
3481 3982 3663 4055 (lbid.,

2085 4100 2137 4136 η.
2184 4083 2260 4151 l).
2303 4081 2427 4136 Haec
2469 4080 2603 4134 ratio
2628 4095 2747 4134 eum
2779 4079 2843 4132 ad
2884 4077 3120 4133 iteranda
3146 4074 3336 4132 crebro
3362 4076 3550 4130 eadem
3580 4091 3665 4129 reo

2085 4187 2280 4242 sponsa
2309 4171 2585 4241 adigebat,
2617 4185 2682 4224 eo
2705 4168 2844 4239 quod
2869 4167 3110 4223 Julianus
3134 4168 3184 4220 in
3211 4166 3538 4221 inculcandis
3576 4165 3666 4219 iis-

2085 4266 2204 4320 dem
2231 4265 2510 4322 erroribus
2531 4273 2812 4334 perpetuus
2839 4271 2981 4317 esset
3005 4279 3016 4315 :
3041 4261 3134 4317 sed
3165 4259 3393 4316 malebat
3423 4258 3514 4313 Vir
3538 4273 3664 4312 san-

2086 4369 2203 4414 etus
2233 4359 2626 4413 nimiamsuam
2657 4355 2978 4426 diligentiam
3015 4369 3044 4407 a
3075 4353 3420 4408 celerioribus
3443 4349 3668 4420 ingeniis

2086 4450 2186 4504 sibi
2213 4449 2523 4514 condonari,
2557 4463 2711 4517 quam
2741 4462 2770 4500 a
2803 4444 3136 4500 tardiusculis
3163 4444 3232 4499 de
3259 4443 3494 4512 neglecta
3523 4442 3667 4510 ipso-

2089 4558 2203 4598 rum
2253 4541 2496 4597 tarditate
2540 4555 2718 4594 secum
2761 4537 3081 4608 expostulari
3125 4535 3342 4609 (Uperts
3386 4534 3664 4604 imperfecti

2089 4632 2174 4686 lib.
2199 4633 2249 4696 6,
2289 4649 2340 4683 η.
2373 4629 2482 4702 l7).
2507 4629 2555 4684 ls
2592 4637 2768 4684 autem
2797 4629 2867 4682 ibi
2908 4627 3180 4682 historiam
3209 4626 3346 4680 itane
3373 4626 3656 4680 observata

2087 4724 2304 4776 minime
2333 4721 2597 4791 indignam
2625 4719 2788 4790 refert
2817 4736 2830 4772 :
2858 4719 2981 4773 Erat
3007 4720 3145 4788 apud
3173 4734 3282 4783 nos,
3312 4718 3499 4787 inquit,
3530 4716 3666 4769 Aea-

2086 4814 2186 4866 tius
2205 4811 2407 4882 quidam
2432 4811 2639 4864 honesto
2666 4811 2803 4880 apud
2831 4826 2948 4864 suos
2967 4819 3105 4863 ortus
3126 4811 3236 4863 loco
3265 4824 3282 4862 :
3302 4807 3486 4861 clausis
3503 4808 3666 4862 oculis

2087 4911 2258 4956 uatum
2282 4917 2334 4956 se
2367 4917 2472 4955 esse
2496 4901 2718 4965 diccbat;
2743 4900 2830 4954 sed
2856 4900 2976 4970 quia
3001 4899 3136 4952 intus
3160 4897 3276 4952 sani
3297 4896 3550 4968 palpebris
3581 4913 3657 4950 co-

2088 4991 2385 5046 haerentibus
2413 5007 2511 5044 non
2541 4991 2794 5060 patebant,
2817 4989 3064 5043 medicum
3094 5004 3184 5042 eos
3201 4989 3335 5057 fet-ro
3356 4985 3550 5056 aperire
3577 5001 3656 5038 vo-

2087 5084 2258 5148 luisse,
2292 5099 2451 5152 neque
2478 5082 2570 5135 hoc
2609 5081 2892 5153 permisisse
2924 5081 3208 5149 religiosam
3246 5086 3456 5131 matrem
3485 5092 3664 5143 suum,

2086 5177 2172 5230 sed
2205 5175 2260 5229 id
2299 5175 2518 5240 e/fecisse
2544 5175 2778 5245 imposito
2816 5189 2879 5226 ea:
2914 5170 3234 5226 Eucharistia
3271 5171 3665 5236 cataplasmate,

2087 5284 2198 5320 cum
2217 5270 2328 5338 jam
2355 5283 2477 5338 puer
2498 5267 2717 5337 quinque
2737 5270 2853 5335 fere.
2867 5273 2954 5316 aut
2981 5261 3198 5332 amplius
3220 5269 3348 5315 esset
3379 5275 3664 5323 annorum;

2090 5357 2224 5409 unde
2259 5357 2353 5409 hoc
2388 5372 2440 5410 se
2473 5355 2595 5409 satis
2624 5353 2904 5407 meminisse
2927 5350 3160 5406 narrabat
3189 5348 3385 5422 (lbid.,
3405 5348 3492 5403 lib.
3516 5349 3579 5412 3,
3605 5366 3662 5401 n.
3691 5397 3694 5401 .

2089 5446 2234 5517 162).
2279 5449 2410 5503 Huic
2438 5449 2488 5502 in
2517 5447 2783 5503 Julianum
2814 5445 2960 5514 operi
2998 5451 3212 5498 sanctus
3257 5442 3450 5496 Doctor
3474 5439 3539 5495 ad
3565 5455 3660 5494 es-

2091 5545 2309 5593 tremam
2337 5553 2504 5608 usque
2527 5538 2688 5592 vitam
2709 5551 2924 5607 operam
2946 5535 3174 5600 natavit,
3202 5535 3284 5588 cui
3309 5531 3482 5588 adhuc
3501 5531 3659 5584 insta-

2087 5632 2191 5685 bat-
2219 5631 2269 5684 in
2312 5632 2441 5686 urbe
2486 5630 2724 5700 Hippone
2764 5629 2873 5699 jam
2917 5643 2947 5683 a
2988 5628 3236 5683 Vandalis
3279 5626 3528 5689 obsessa;
3568 5623 3660 5676 sed

2089 5733 2602 5792 mone-occupatus,
2637 5721 2774 5779 idem
2812 5737 2944 5792 opus
2973 5721 3332 5792 imper-fectum
3364 5717 3662 5786 relinquere
