4116 6366
518 245 625 302 563

515 375 730 422 coaetus
769 376 852 424 est
894 366 1167 438 (Prosper,
1206 369 1257 422 in
1298 366 1601 434 Chronico),
1647 366 2090 437 quemadmodum

518 459 676 514 etiam
705 460 904 530 liquido
934 461 1091 516 tradit
1117 461 1384 516 Possidius
1402 503 1415 523 .
1444 461 1532 515 ubi
1564 460 1884 515 mentionem
1909 459 1975 514 de
2001 459 2092 514 illo

520 548 640 604 facit
678 551 731 605 in
762 551 875 606 hate
911 551 1069 606 verba
1095 570 1108 606 :
1131 553 1314 605 Contra
1341 552 1611 605 secundam
1647 550 1845 605 Iuliani
1877 567 2087 621 respon-

521 641 739 708 sionem,
779 643 1123 713 imperfectum
1169 640 1310 711 Opus
1353 639 1678 712 (Possidius,
1722 640 1775 694 in
1817 639 2083 704 lndiculo,

514 747 629 785 ίαν.
655 747 734 785 Μ.

655 732 906 876 Ἠίιίιηιιε
947 836 1104 892 supra
1139 821 1290 890 jussu
1333 821 1612 891 Segisvulti
1654 821 1951 891 Hipponem
1986 836 2085 876 vo-

514 915 660 970 nisse
702 915 1039 970 Maximinum
1082 914 1315 985 (Supra,
1369 915 1569 984 cap.8,
1617 931 1669 968 η.
1709 913 1804 983 4).
1859 914 2088 968 Venerat

508 1014 686 1059 autem
703 1046 719 1068 ,
752 1017 809 1059 ut
833 1005 944 1074 ipse
961 1005 1254 1074 jactitabat,
1283 1005 1696 1073 contemplatione
1715 1005 1851 1073 pacis
1876 1003 2081 1072 (Collat.

508 1112 623 1149 cum
642 1095 941 1161 Maximino,
967 1113 1018 1150 η.
1049 1097 1144 1164 1);
1172 1094 1309 1164 quod
1331 1095 1541 1164 quidem
1567 1095 1761 1149 clarius
1787 1110 1892 1149 non
1920 1094 2085 1161 expli-

507 1197 615 1242 cat.
647 1186 787 1240 idem
821 1196 1040 1240 testatur
1069 1186 1202 1244 infra
1221 1228 1236 1249 ,
1265 1201 1322 1242 se
1350 1185 1633 1240 adductum
1662 1184 1728 1241 ad
1756 1184 2082 1254 respondeo-.-

508 1277 632 1330 dum
662 1277 848 1331 timore
876 1277 970 1330 Dei
996 1286 1050 1330 et
1077 1276 1250 1330 studio
1275 1275 1555 1345 colligendi
1587 1276 1778 1330 fratres
1804 1290 1896 1329 seu
1925 1274 2084 1329 disci.

507 1368 659 1435 pulos
710 1383 871 1433 suos,
924 1383 1056 1436 quos
1100 1368 1422 1436 Augustinus
1465 1383 1569 1420 non
1624 1366 2081 1422 exhortationibus

506 1467 707 1513 tantum
736 1459 970 1527 privatis,
1003 1458 1094 1512 sed
1139 1466 1193 1512 et
1239 1458 1448 1527 publico
1487 1465 1746 1523 tractatu,
1781 1457 1832 1510 in
1875 1473 1980 1526 quo
2013 1456 2081 1511 de

503 1549 861 1603 iuvisihilitate
895 1550 982 1602 Dei
1014 1549 1401 1618 disputavetat,
1441 1548 1540 1603 sibi
1567 1550 1773 1617 eripere
1803 1548 2079 1604 Ecclesia:-

500 1654 602 1707 que
624 1640 964 1694 reconciliare
987 1648 1206 1696 conatus
1235 1648 1347 1695 erat
1367 1638 1549 1708 (Ibid.,
1570 1639 1756 1709 disput.
1789 1638 2074 1706 Maximini,

500 1746 552 1781 n.
585 1728 706 1798 26).
735 1730 993 1785 lnnuebat
1018 1729 1236 1787 forsitan
1263 1730 1517 1799 quosdam
1545 1730 1826 1800 Segisvulti
1851 1729 2072 1796 Gothos,

500 1821 589 1889 qui
621 1837 688 1876 ne
716 1821 1110 1876 Catholicorum
1139 1831 1316 1891 partes
1340 1821 1581 1891 Hippone
1613 1822 1845 1891 potiores
1874 1830 2072 1888 essent,

500 1915 804 1983 neutiquam
836 1915 1049 1968 efficere
1077 1913 1351 1979 valebant;
1387 1913 1808 1982 quandoquidem
1833 1913 2074 1967 Maximi.

499 2018 600 2058 nus
622 2005 763 2074 leges
787 2005 1070 2060 verebatur
1095 2005 1395 2073 imperiales
1412 2003 1616 2076 (Collat.
1635 2022 1747 2058 cum
1768 2005 2068 2070 Maximino,

497 2112 549 2146 η.
591 2096 622 2147 4
645 2094 685 2163 ),
716 2096 1038 2164 Augustinus
1066 2110 1193 2148 vero
1223 2103 1468 2163 tanquam
1513 2095 1808 2164 principum
1846 2097 2075 2150 attctori-.

498 2193 602 2240 tate
620 2187 852 2241 munitus
869 2188 1177 2256 loquebatur
1193 2185 1376 2258 (lbid.,
1400 2188 1588 2256 disput.
1611 2187 1898 2255 Maximini,
1917 2205 1970 2245 η.
1995 2189 2068 2259 1).

497 2274 589 2328 llle
620 2276 847 2343 primum
878 2277 1104 2330 amicum
1141 2292 1258 2330 cum
1293 2277 1535 2331 Heraclio
1560 2278 1867 2348 presbytero
1903 2279 2070 2334 collo-

490 2365 670 2434 quium
703 2367 816 2420 iniit
845 2367 910 2420 ab
937 2367 1072 2436 ipso,
1098 2376 1154 2420 ut
1183 2368 1471 2444 inquiebat,
1502 2379 1816 2436 provocatus
1843 2367 2066 2438 (Co/lat.

488 2471 603 2508 cum
639 2455 920 2510 Maximino
941 2499 955 2524 ,
1007 2476 1061 2511 n.
1091 2459 1114 2511 1
1146 2458 1164 2528 )
1195 2476 1206 2510 :
1236 2468 1290 2512 at
1338 2458 1611 2514 lleraclius
1640 2470 1820 2526 postea
1864 2461 2070 2514 vocavit

487 2549 859 2617 Augustinum.
897 2550 993 2604 llic
1032 2551 1339 2619 rogantibus
1385 2550 1624 2619 plurimis
1661 2551 1711 2604 in
1743 2552 2066 2621 colloquium

487 2640 672 2694 venire
713 2641 982 2694 consensit
1015 2659 1026 2693 :
1056 2641 1195 2709 quod
1241 2643 1409 2709 ipsum
1449 2657 1697 2696 recusare
1732 2642 2062 2709 Maximinus,

488 2742 558 2781 ne
578 2743 610 2784 a
637 2729 746 2782 suis
773 2731 990 2784 asseclis
1016 2731 1380 2796 desereretur,
1408 2745 1567 2785 ausus
1607 2747 1711 2787 non
1741 2743 1821 2786 est
1851 2732 1870 2805 (
1887 2731 2064 2786 Possi-

488 2820 623 2886 dius,
654 2821 705 2874 in
741 2820 856 2874 Vita
882 2822 1150 2892 Augustini
1167 2864 1179 2886 ,
1209 2840 1253 2876 c.
1290 2823 1411 2892 17).
1440 2823 1749 2878 Convenere
1789 2825 1946 2894 igitur
1967 2839 2061 2880 eo-

489 2925 602 2963 ram
634 2927 821 2981 magna
863 2911 1153 2982 frequentia
1185 2913 1456 2972 hominum
1492 2913 1747 2970 nobilium
1775 2915 2064 2972 aliorumve

489 3015 596 3059 tam
627 3007 940 3061 clericorum
981 3022 1136 3076 quam
1180 3008 1430 3062 laieorum
1457 3024 1472 3072 ;
1503 3023 1706 3062 necnon
1739 3017 1792 3063 et
1830 3010 2064 3063 notario-

489 3112 631 3163 rum,
659 3098 746 3166 qui
777 3099 1038 3167 utrimque
1065 3098 1203 3151 dicta
1229 3098 1554 3166 exciperent.
1580 3098 1894 3152 Maximinus
1922 3100 2064 3168 prin-

487 3187 625 3256 cipio
646 3188 843 3241 adscita
871 3189 1094 3257 quadam
1125 3189 1396 3243 modestia:
1425 3190 1601 3257 specie
1629 3189 1800 3258 palam
1827 3191 2058 3259 agnovit,

487 3281 835 3348 Augustinum
862 3281 1074 3334 sibimet
1102 3280 1198 3348 ipsi
1223 3279 1465 3349 injuriam
1492 3280 1572 3334 vel
1593 3295 1658 3334 eo
1689 3280 1898 3346 fecisse,
1919 3281 2060 3349 quod

485 3385 663 3424 secum
695 3370 745 3423 in
777 3370 1098 3439 colloquium
1125 3371 1306 3425 venire
1327 3370 1572 3440 dignatus
1596 3370 1683 3424 sit.
1713 3369 1848 3425 Tum
1867 3371 2063 3426 Arimi-

485 3475 702 3515 nensem
735 3460 889 3514 fidem
921 3470 1102 3515 tenere
1140 3476 1197 3515 se
1244 3462 1514 3531 professus
1541 3469 1658 3525 est;
1689 3461 1841 3530 cujus
1867 3461 2061 3516 dehinc

483 3550 688 3603 diversa
716 3551 884 3618 capita
913 3550 1200 3607 declaravit
1226 3565 1375 3619 :quae
1404 3558 1618 3603 sanctus
1645 3549 1858 3614 Doetor,
1886 3566 2058 3620 quanv

484 3651 595 3703 tum
638 3641 737 3710 ipsi-
773 3643 917 3695 licuit
961 3658 1053 3711 per
1091 3651 1331 3711 tempus,
1382 3640 1902 3713 redarguit‘(Col'lat.
1947 3660 2060 3697 cum

484 3733 797 3798 Maximino,
831 3751 882 3786 n.
917 3735 939 3786 1
973 3734 1010 3802 ).
1059 3733 1208 3788 Unde
1252 3748 1314 3786 ex
1352 3747 1414 3786 ea
1459 3732 1821 3787 controversia
1847 3732 2056 3788 discere

484 3833 586 3887 est,
615 3839 732 3894 qua:
763 3832 904 3877 esset
933 3823 1086 3891 hujus
1114 3825 1378 3876 haereseos
1398 3821 1658 3888 doctrina,
1689 3822 1945 3891 quibusve
1967 3821 2063 3875 fal-

487 3914 635 3966 laciis
665 3913 896 3966 hatretici
924 3912 1248 3967 debilitatem
1278 3912 1394 3981 ejus
1415 3912 1623 3980 operire
1647 3921 1700 3966 et
1728 3912 2061 3980 simpliciori-

485 4006 582 4058 lms
622 4005 892 4073 imponere
923 4004 1251 4069 niterentur;
1287 4018 1350 4058 ac
1377 4003 1588 4058 demum
1613 4017 1769 4072 quam
1795 4003 1861 4057 de
1883 4003 2059 4057 divina

486 4095 744 4149 Trinitate
796 4094 952 4148 ﬁdem
991 4094 1248 4148 catholica
1292 4103 1603 4163 sequeretur
1653 4093 1910 4148 Ecclesia.
1950 4094 2060 4149 Illic

483 4183 814 4248 Maximinus,
855 4199 973 4252 quae
1015 4183 1238 4252 cogitat,
1270 4197 1376 4241 non
1423 4183 1819 4252 expeditissime
1856 4192 2058 4237 tantum

486 4275 670 4336 effert,
706 4273 798 4330 sed
823 4274 981 4328 etiam
1013 4274 1245 4326 suaviter
1273 4283 1430 4341 atque
1458 4283 1674 4337 ornate;
1710 4273 1833 4327 licet
1869 4287 1928 4326 se
1963 4288 2059 4328 nec

485 4365 766 4420 rhetoricae
786 4365 906 4429 arti,
935 4379 1031 4418 nec
1059 4363 1457 4425 humanioribus
1483 4364 1670 4417 litteris
1693 4379 1920 4433 unquam
1945 4372 2058 4417 stu-

484 4456 662 4508 duisse
687 4455 1017 4523 prmdicaret.
1050 4453 1205 4508 Certe
1230 4453 1442 4522 quidem
1479 4453 1618 4510 felici
1657 4455 1909 4508 memoria
1947 4464 2062 4511 erat

485 4549 754 4618 praaditus,
774 4564 979 4604 necnon
1004 4549 1054 4601 in
1073 4557 1347 4607 numerato
1365 4546 1592 4604 habebat
1607 4547 1892 4615 Scriptura:
1913 4547 2061 4601 testi-

489 4642 663 4694 monia
695 4641 846 4710 longe
877 4640 1122 4710 plurima,
1155 4655 1272 4708 quze
1300 4654 1486 4708 magna
1519 4639 1706 4708 lingua:
1733 4638 2060 4697 volubilitate

485 4733 738 4787 cfferebat
767 4751 779 4786 :
806 4741 964 4801 atque
991 4731 1124 4785 adeo
1153 4731 1346 4796 multa,
1391 4717 1557 4799 eaque
1599 4731 1945 4799 pulcherrima
1974 4730 2058 4785 di-

482 4824 653 4886 cebat,
685 4823 777 4876 sed
804 4821 867 4875 ad
909 4837 1020 4876 rem
1061 4821 1277 4874 minime
1320 4820 1652 4888 pertinentia.
1688 4819 1836 4875 Unde
1878 4819 2055 4887 ﬁebat,

485 4923 561 4976 ut,
608 4928 728 4968 cum
775 4911 993 4965 multum
1025 4909 1444 4974 declamitassct,
1488 4925 1591 4963 non
1629 4909 1866 4964 effecisse
1908 4911 2059 4983 quid-

483 5018 660 5069 quam,
691 5018 861 5071 neque
890 5003 954 5055 ad
992 5003 1309 5070 interrogata
1348 4999 1686 5069 respondisse
1717 5002 2054 5069 reperiretur.

489 5093 595 5145 Iloc
615 5109 672 5150 se
697 5095 763 5151 de
790 5095 1043 5150 industria
1075 5094 1247 5148 facere
1271 5102 1535 5162 postrema
1561 5107 1654 5146 sua
1679 5092 2054 5163 disputatione,

485 5199 641 5250 quam
669 5186 731 5238 ad
765 5186 920 5240 ﬁnem
950 5201 1112 5255 usque
1142 5184 1242 5238 diei
1270 5183 1536 5253 produxit,
1564 5183 1772 5238 abunde
1791 5185 2055 5241 ostendit:

487 5289 589 5326 non
619 5275 756 5327 enim
787 5291 879 5344 per
906 5286 1112 5345 tempus
1147 5276 1291 5330 licuit
1318 5291 1436 5330 eam
1468 5275 1734 5345 relegere,
1767 5285 1825 5329 ut
1851 5276 1918 5330 ab
1944 5277 2055 5330 Au-

484 5363 695 5433 gustiuo
719 5365 1137 5434 redargueretur.
1166 5365 1270 5422 Sed
1298 5381 1394 5420 nec
1418 5365 1753 5420 Maximinum
1786 5366 2053 5431 inducere,

486 5463 544 5510 ut
572 5455 891 5524 colloquium
938 5457 1022 5512 die
1063 5459 1301 5528 sequenti
1347 5459 1698 5522 continuaret,
1742 5459 1962 5526 licebat,
1991 5474 2056 5514 eo

484 5544 627 5623 quod
679 5561 738 5600 se
783 5545 1150 5616 Carthaginem
1207 5551 1410 5619 urgenti
1460 5551 1776 5606 necessitate
1818 5551 2058 5606 revocari

485 5639 819 5698 obtenderet.
861 5639 1188 5710 Proindeque
1236 5641 1465 5711 Oportuit
1505 5657 1610 5699 uno
1652 5643 1814 5702 verbo
1854 5643 1926 5697 illi
1975 5658 2059 5700 re-

1576 251 1725 305 VITA
1767 252 1825 306 S.
1866 247 2228 306 AUGUSTINI
2272 250 2588 306 EPISCOPI.

3667 270 3774 325 56L

2202 364 2469 434 spondere
2498 366 2844 436 Augustinum
2880 385 2892 420 :
2924 383 3102 424 verum
3134 375 3333 443 recepit
3361 376 3500 433 idem
3530 379 3617 436 hic
3645 397 3775 438 san-

2197 467 2335 523 ctus,
2367 473 2425 512 se
2444 457 2877 527 disceptationem
2901 462 3109 532 scriptis
3136 465 3452 523 traditurmu
3472 511 3488 536 ,
3520 485 3583 526 ac
3611 472 3777 528 Maxi-

2195 549 2360 613 mino,
2387 563 2542 616 quam
2569 548 2698 603 falsa
2724 550 2968 619 dogmata
2998 560 3233 610 tueretur
3254 557 3774 621 demonstraturum:

2194 637 2335 707 quod
2369 639 2685 706 promissum
2715 640 3104 708 subscriptione
3133 661 3224 699 sua
3255 650 3498 704 munivit.
3525 651 3767 708 Maximi.

2194 743 2292 781 nus
2321 743 2529 798 quoque
2567 730 2776 798 propr-ia
2819 746 2976 786 manu
3005 733 3215 802 scripsit
3262 738 3312 791 in
3339 739 3490 808 culpa
3533 739 3646 796 fore
3688 759 3772 811 se,

2193 819 2292 873 nisi
2318 829 2536 889 accepto
2563 821 2698 875 illius
2726 822 2858 876 libro
2886 823 3105 893 singulis
3132 827 3390 896 capitibus
3419 831 3770 893 satisfaceret.

2190 909 2513 978 Augustinus
2550 910 2704 966 fidem
2745 913 2979 968 liberavit
3008 931 3196 982 suam,
3227 934 3396 989 eoque
3421 924 3587 991 magis
3622 925 3672 978 id
3708 927 3774 981 il-

2149 1068 2151 1071 ν
2190 1001 2296 1057 lum
2327 1015 2577 1073 praestare
2603 1022 2876 1063 necessum
2901 1009 3018 1074 fuit,
3048 1013 3188 1081 quod
3212 1031 3457 1071 reversus
3485 1017 3768 1090 Carthagi-

2189 1106 2309 1145 nem
2331 1092 2670 1158 Maximinus,
2703 1111 2734 1151 e
2771 1096 3050 1154 collatione
3076 1101 3327 1157 victorem
3363 1120 3421 1160 se
3458 1106 3772 1164 discessisse

2185 1183 2549 1251 gloriabatur;
2624 1188 2747 1257 quia
2804 1190 3051 1247 videlicet
3115 1195 3218 1249 illic
3285 1211 3344 1251 se
3406 1200 3771 1259 verbosiorem

2185 1273 2498 1330 exhibuerat
2539 1277 2876 1346 (Possidius,
2934 1283 2985 1336 in
3035 1283 3148 1338 Vita
3194 1288 3495 1358 Augustini,
3539 1310 3584 1346 c.
3633 1295 3763 1362 17).

2185 1364 2432 1431 Quamvis
2454 1375 2628 1422 autem
2660 1371 2796 1425 illius
2821 1373 3037 1427 victoria
3060 1386 3417 1433 commentum
3449 1393 3625 1448 esset,
3657 1401 3765 1440 non

2183 1468 2296 1511 erat
2340 1467 2512 1513 tamen
2556 1462 2857 1530 expeditum
2907 1465 3222 1523 tardioribus
3263 1485 3325 1524 ac
3364 1473 3537 1528 minus
3574 1475 3627 1529 in
3660 1477 3766 1532 fide

2183 1548 2404 1602 eruditis
2433 1549 2500 1604 de
2540 1550 2653 1620 ipsa
2677 1551 2937 1620 judicare.
2973 1555 3195 1626 Scripsit
3223 1559 3398 1630 itaque
3428 1561 3521 1616 Vir
3548 1576 3766 1622 sanctus

2182 1639 2313 1694 duos
2335 1641 2496 1695 libros
2516 1641 2800 1698 admodum
2831 1646 3085 1714 prolixos,
3112 1665 3336 1718 quorum
3363 1654 3537 1720 priore
3559 1655 3622 1709 iis
3641 1673 3763 1724 qua:

2182 1733 2406 1802 ipsemet
2432 1745 2798 1802 proposuerat,
2818 1737 3158 1794 Maximinum
3184 1743 3399 1797 minime
3421 1748 3764 1814 respondisse

2179 1821 2392 1888 planum
2427 1822 2547 1877 fecit
2576 1841 2588 1876 :
2624 1825 2676 1879 in
2704 1826 2996 1892 posteriore
3022 1838 3219 1892 autem,
3254 1832 3490 1900 ejusdem
3519 1835 3759 1892 haeretici

2177 1911 2585 1981 disputationem
2619 1916 2956 1984 prolixiorem
2978 1960 2992 1983 ,
3026 1919 3112 1974 cui
3153 1921 3202 1974 in
3240 1922 3505 1992 colloquio
3534 1940 3759 1996 respon-

2177 1999 2303 2055 dere
2337 2003 2591 2071 temporis
2619 2006 2858 2074 angustia
2890 2005 3058 2065 fuerat
3089 2011 3400 2078 prohibitus,
3429 2022 3588 2068 lotam
3618 2015 3762 2070 refu-

2178 2093 2323 2144 tavit.
2354 2093 2462 2148 llos
2504 2095 2667 2148 libros
2695 2106 2907 2152 sanctus
2936 2098 3131 2152 Pratsul
3162 2116 3226 2156 eo
3266 2103 3448 2157 reticet
3479 2105 3527 2158 in
3566 2105 3760 2160 Retra-

2175 2181 2527 2249 ctatiouibus,
2581 2184 2719 2253 quod
2772 2185 2855 2239 his
2899 2187 3008 2255 jam
3062 2199 3184 2244 ante
3233 2205 3492 2246 summam
3541 2211 3758 2252 manum

2174 2279 2509 2337 opposuerat.
2544 2271 2647 2327 Sed
2688 2273 2897 2328 illorum
2925 2277 2975 2330 in
3007 2278 3244 2347 ejusdem
3274 2282 3389 2337 Vita
3410 2324 3424 2346 ,
3459 2297 3662 2340 necnon
3703 2289 3760 2342 in

2174 2358 2350 2417 Indice
2367 2364 2686 2422 mentionem
2705 2365 2828 2420 facit
2850 2368 3115 2424 Possidius
3138 2370 3332 2442 (Ibid.,
3357 2384 3402 2427 et
3428 2375 3476 2427 in
3496 2374 3757 2444 Indiculo,

2173 2466 2286 2520 cap.
2315 2450 2406 2524 5).
2448 2455 2596 2510 Dicta
2630 2456 2866 2525 ejusdem
2905 2459 3172 2515 Maximini
3202 2464 3441 2532 quzedam
3486 2467 3757 2538 redarguit

2173 2554 2387 2599 sanctus
2409 2547 2642 2603 Antistes
2671 2550 2720 2602 in
2744 2564 2989 2605 sermone
3015 2554 3079 2607 ad
3106 2554 3338 2622 plebem,
3365 2557 3453 2626 qui
3478 2557 3578 2613 hoc
3604 2559 3757 2616 titulo

2171 2638 2746 2703 prmnotatun:Contra
2771 2642 3024 2709 quoddam
3066 2644 3254 2698 dictant
3295 2645 3563 2702 Maximini
3598 2650 3754 2704 Aria-

2170 2740 2348 2779 norum
2381 2729 2634 2798 episcopi,
2672 2731 2757 2800 qui
2785 2748 2897 2784 cum
2933 2732 3214 2803 Segisvulto
3240 2738 3418 2790 comite
3452 2741 3750 2797 constitutus

2169 2814 2221 2868 in
2240 2815 2433 2884 Africa,
2457 2819 2826 2889 blasphemabat
2846 2821 3035 2892 (Serm.
3067 2825 3189 2896 MO)
3217 2844 3229 2879 :
3255 2827 3346 2882 sed
3369 2844 3434 2881 an
3457 2845 3633 2885 sermo
3659 2832 3752 2888 ille

2168 2908 2486 2978 colloquium
2513 2912 2757 2980 superius
2787 2924 3134 2971 memoratum
3163 2920 3530 2987 praecesserit,
3563 2936 3629 2976 an
3657 2938 3748 2980 se.

2168 3015 2260 3055 cus
2281 3041 2295 3065 ,
2339 3002 2572 3071 ignotum
2603 3013 2708 3060 est.

2238 3091 2442 3146 5.11m
2472 3095 2636 3148 sancti
2684 3096 2947 3151 Antistitis
2991 3113 3110 3152 cunt
3138 3099 3421 3154 Maximino
3465 3101 3756 3172 disputatio

2167 3190 2382 3249 monet,
2415 3191 2472 3236 ut
2499 3184 2598 3237 alia
2627 3194 2808 3239 contra
2845 3186 3087 3242 hmresim
3111 3189 3358 3244 Ariauam
3382 3193 3656 3260 opuscula,
3687 3210 3752 3249 ea

2167 3273 2459 3339 przesertim
2486 3289 2711 3344 quorum
2739 3286 2944 3346 tempus
2971 3279 3249 3347 explorare
3277 3281 3427 3337 nobis
3449 3298 3552 3339 non
3580 3283 3748 3350 licuit,

2170 3359 2272 3414 hoc
2299 3361 2419 3420 loco
2457 3364 2601 3418 velut
2639 3364 2690 3417 in
2734 3364 2932 3423 fascem
2970 3368 3297 3436 colligamus.
3339 3371 3464 3424 Erat
3497 3371 3753 3427 Maximus

2169 3449 2380 3524 quidam
2406 3491 2422 3516 ,
2454 3451 2624 3506 dictus
2652 3453 2705 3507 in
2738 3455 2964 3524 antiquis
2991 3456 3262 3512 codicnbus
3290 3459 3525 3514 medicus
3555 3460 3752 3518 Theui-
3807 3455 3816 3462 ”

2171 3551 2324 3596 tanus
2351 3543 2767 3610 Eunomiauista,
2801 3548 2888 3616 qui
2924 3548 3126 3616 pridem
3157 3551 3388 3604 irretitus
3409 3552 3618 3605 Arianis
3641 3553 3742 3606 do-

2168 3635 2452 3702 gmatibus,
2484 3637 2643 3691 etiam
2666 3653 2919 3706 persuasu
2947 3653 3044 3694 suo
3070 3641 3309 3695 eamdem
3339 3653 3537 3710 pestem
3565 3644 3683 3697 aliis
3717 3661 3749 3699 e

2167 3724 2361 3778 familia
2389 3740 2482 3779 sua
2509 3725 2782 3782 amaverat
2807 3728 3010 3801 (Epist.
3044 3731 3164 3795 170,
3191 3749 3242 3784 n.
3273 3731 3400 3804 10).
3429 3734 3677 3790 Attamen
3707 3736 3752 3789 is

2161 3816 2270 3883 jam
2292 3819 2466 3886 gravis
2492 3827 2668 3882 aetate,
2699 3820 2879 3876 divino
2901 3821 3158 3876 beneficio
3179 3823 3299 3879 inde
3324 3826 3559 3888 emersit,
3587 3841 3753 3896 seque

2165 3908 2437 3964 catholicae
2463 3910 2713 3965 Ecclesia:
2740 3915 3082 3976 consociavit,
3107 3917 3402 3985 Augustino
3435 3926 3592 3987 atque
3618 3919 3750 3989 Aly~

2167 4001 2252 4071 pio
2271 4003 2652 4071 przeseutibus;
2677 4020 2811 4074 quos
2836 4005 2902 4060 ad
2928 4006 3028 4061 hoc
3048 4022 3263 4076 operam
3290 4023 3440 4062 suam
3465 4011 3753 4064 contulisse

2169 4093 2297 4146 nulli
2346 4091 2667 4148 dubitemus.
2711 4095 3084 4151 Verumtamen
3116 4108 3360 4167 apparet,
3403 4099 3546 4153 illum
3575 4099 3639 4153 ad
3667 4116 3751 4155 ree

2165 4183 2436 4238 ducendos
2460 4226 2474 4250 ,
2522 4200 2655 4254 quos
2683 4200 2710 4239 a
2744 4186 2970 4242 veritate
3013 4197 3303 4252 averterat,
3348 4198 3503 4258 atque
3546 4190 3678 4244 alios
3719 4205 3752 4245 e

2165 4277 2294 4340 suis,
2319 4291 2451 4346 quos
2471 4291 2592 4345 spes
2614 4278 2781 4331 fuerat
2801 4278 2966 4347 ipsius
2991 4279 3216 4333 reditum
3247 4290 3545 4344 secuturos,
3574 4282 3746 4336 minus

2170 4364 2458 4419 ferventem
2491 4382 2549 4420 se
2579 4367 2888 4434 praebuisse.
2919 4369 3091 4438 Atque
3122 4369 3222 4422 hoc
3249 4380 3460 4425 sanctos
3486 4371 3748 4424 antistites

2167 4455 2378 4524 impulit
2406 4456 2471 4510 ad
2506 4457 2840 4511 scribendum
2868 4458 3039 4512 eidem
3077 4459 3341 4525 Maximo;
3371 4477 3524 4530 quem
3554 4461 3748 4516 coher-

2168 4556 2362 4611 tantur,
2397 4556 2453 4600 ut
2485 4548 2604 4601 illos
2635 4557 2838 4618 urgeat,
2870 4564 2967 4618 pro
2998 4549 3100 4602 illis
3128 4558 3264 4613 oret,
3297 4551 3416 4604 illos
3439 4550 3650 4604 demum
3677 4553 3747 4604 ad

2166 4636 2456 4690 Ecelesiam
2477 4637 2719 4692 adducat.
2745 4639 3016 4708 Reliquam
3039 4641 3316 4708 epistolam
3349 4641 3399 4694 in
3432 4640 3747 4710 explicando

2166 4727 2358 4781 divinze
2379 4728 2650 4787 Trinitatis
2681 4732 2956 4799 mysterio,
2983 4740 3038 4783 ut
3060 4730 3339 4786 Maximum
3372 4732 3423 4784 iu
3450 4730 3552 4786 fide
3579 4733 3746 4800 magis

2165 4833 2227 4872 ac
2259 4819 2423 4887 magis
2448 4820 2858 4885 confirmarent,
2890 4835 3132 4888 posuere.
3167 4820 3512 4890 Peregrinum
3539 4837 3748 4891 quoque

2166 4909 2494 4978 episcopum,
2520 4909 2742 4964 fortasse
2770 4910 3143 4976 Thenitanum,
3173 4912 3308 4968 datis
3339 4913 3496 4966 simul
3524 4912 3589 4970 ad
3624 4929 3745 4969 eum

2166 5001 2355 5054 litteris
2386 5001 2403 5071 (
2431 5000 2594 5070 Epist.
2627 5003 2720 5055 171
2748 5000 2769 5074 )
2797 5005 2994 5073 petiere
3012 5045 3027 5069 ,
3051 5013 3106 5057 ut
3133 5005 3295 5072 prima
3323 5014 3442 5058 nata
3464 5005 3745 5060 occasione

2163 5093 2420 5147 certiores
2477 5093 2619 5163 ipsos
2675 5093 2909 5159 faceret,
2968 5111 3094 5155 num
3146 5095 3423 5165 epistolam
3488 5095 3746 5148 Maximus

2163 5192 2312 5252 grato
2362 5183 2655 5251 accepisset
2707 5184 2918 5251 animo,
2973 5184 3187 5252 suisque
3235 5185 3468 5252 ipsorum
3527 5183 3744 5238 monitis

2165 5275 2602 5343 obtemperasset.
2644 5275 2724 5328 Ad
2768 5276 2883 5332 hate
2916 5276 3162 5330 eumdem
3198 5277 3534 5346 Peregrinum
3583 5275 3744 5330 obso-

2163 5377 2333 5431 crant,
2370 5368 2443 5421 uti
2475 5368 2582 5421 suis
2610 5368 2840 5436 ipsorum
2871 5368 3045 5422 verbis
3082 5369 3154 5421 illi
3189 5368 3466 5438 significet,
3513 5367 3745 5437 prolixas

2165 5459 2418 5529 epistolas
2438 5460 2499 5514 ad
2526 5459 2962 5514 familiarissimos
2992 5476 3136 5527 suos,
3167 5462 3324 5514 etiam
3352 5460 3418 5514 ad
3443 5461 3742 5529 episcopos,

2165 5566 2247 5617 ea,
2270 5568 2369 5620 qua
2402 5552 2486 5605 illa
2509 5553 2701 5620 scripta
2730 5560 2862 5618 erat,
2891 5551 3059 5606 forma
3089 5553 3322 5607 scribere
3347 5568 3404 5607 se
3442 5551 3614 5606 solere
3638 5592 3651 5615 ,
3687 5557 3743 5604 ut

2164 5652 2218 5700 et
2260 5644 2364 5699 cito
2408 5643 2741 5711 scribantur,
2797 5652 2850 5699 et
2899 5643 3080 5699 charta
3133 5653 3369 5700 teneatur
3413 5641 3743 5699 commodius
