2058 3183
204 136 257 164 565

201 201 261 220 eunt
283 194 404 231 leguntur
424 201 475 220 :ne
489 193 568 228 forte,
585 193 720 228 inquiunt,
740 194 814 220 istum
830 201 923 220 morem
943 201 989 220 nos

201 245 280 266 strum
290 239 409 270 nesciens,
419 238 511 273 factum
522 238 568 266 sibi
576 238 709 266 arbitretur
718 238 847 274 iujuriam.

235 284 261 311 6.
282 284 399 311 Tametsi
411 283 527 311 haeretici
540 291 572 311 ex
586 284 683 311 Ariona
694 289 765 312 secta
776 283 841 310 nulli
851 283 917 311 alias
929 283 988 318 Hip-

200 336 270 364 pone
287 328 431 364 degerent;
453 328 580 364 quosdam
596 333 683 356 tamen
697 336 730 356 eo
744 329 869 356 intulerat
886 328 986 363 adven-

200 376 311 403 tantium
333 375 480 410 frequentia
493 374 539 410 (In
554 375 632 402 Joan.
652 375 750 410 Evaug.
766 379 830 402 tract
844 374 889 408 ιο,
903 383 930 402 n.
946 375 984 410 7).

199 421 236 448 lbi
250 428 314 456 ergo
327 428 387 448 cum
409 421 551 456 aliquando
563 442 570 453 ,
595 428 666 449 anno
686 421 820 454 videlicet,
843 425 872 448 ut
885 428 918 448 ex
931 421 986 448 Re-

198 466 386 493 tractationum
399 466 469 494 serie
482 466 647 501 intelligitur,
668 465 926 501 quadringentesimo
935 466 985 494 de-

197 513 268 539 cimo
283 514 391 545 octavo‘,
406 513 500 540 Sermo
512 513 617 546 quidam
630 513 803 544 Arianorum,
817 513 873 540 sive
886 512 985 548 Hippo.

197 561 329 591 nensium.
342 562 397 587 sive
408 561 517 587 aliorum
531 568 594 587 cura
607 559 749 595 prodiisset
760 559 886 595 (Retract.
900 559 943 587 tib.
954 560 982 593 2,

194 614 252 640 cap.
261 606 315 640 52),
326 614 355 633 ac
364 612 454 633 sancto
463 606 578 637 Doctori,
587 613 602 633 a
612 605 733 633 ﬁdelibus
742 605 878 633 catholicis
885 605 983 633 missus

194 655 282 683 esset,
298 651 367 678 hunc
378 652 433 686 ipse
446 657 541 686 quanta
558 651 694 686 diligentia
709 655 737 678 et
748 651 876 678 brevitate
886 650 980 686 potuit,

193 698 354 730 confutavit;
370 703 447 732 atque
462 706 494 724 ne
512 702 610 724 textum
630 700 786 732 cogeretur.
803 704 883 732 quem
898 704 980 725 escu-

193 744 276 770 [iebat
286 764 292 775 ,
307 744 432 778 opusculo
447 752 495 770 suo
516 744 612 778 passim
633 743 766 777 inserere,
782 742 938 771 Sermonem
953 743 979 770 in

194 789 264 815 illius
290 789 376 815 fronte
402 789 530 822 integrant
552 788 682 822 praeﬁxit,
703 788 822 816 numeris
836 788 976 820 adhibitis,

192 834 287 868 quibus
298 835 462 861 rctutationis
472 843 526 860 suae
539 834 589 861 loci
597 833 694 868 quique
702 833 881 861 indicarentur
893 832 976 869 (Cant.

192 880 275 907 Serm.
292 881 421 913 Arianor.,
433 890 490 915 cap.
503 880 559 915 59).

227 926 253 952 5.
274 925 428 952 Pascentius
453 926 558 959 quidam
580 932 671 952 comes
685 925 779 952 domus
794 925 884 959 regias,
900 925 976 952 addi-

190 976 250 998 ctus
271 972 376 998 Ariame
399 972 508 1003 luercsi,
526 972 585 1005 qui,
607 975 636 998 ut
656 975 747 998 narrat
768 971 918 1004 Possidius,
933 979 977 1004 per

190 1017 364 1042 auctoritatem
378 1024 429 1042 stite
446 1024 557 1050 personae
572 1015 858 1049 ﬁscicehernentissimus
865 1020 974 1047 exactor,

189 1063 266 1095 ﬁdem
287 1062 435 1088 catholicam
453 1063 568 1088 atrociter
586 1069 616 1089 ac
632 1062 729 1097 jugiter
751 1061 928 1096 oppugnabat,
951 1066 975 1088 et

187 1116 266 1142 quant
280 1108 400 1142 plurimos
412 1108 550 1134 sacerdotes
566 1107 613 1134 Dei
626 1107 772 1142 sintpliciorl
787 1107 837 1141 [ide
849 1106 954 1134 uiuentes
964 1127 972 1139 ,

187 1154 317 1179 dicacitate
327 1161 356 1178 ac
366 1158 484 1187 potestate
494 1153 634 1187 exagitabat
644 1156 667 1179 et
677 1152 835 1187 per-turbabat
847 1151 950 1186 (Possid
963 1171 972 1183 ,

187 1199 213 1224 in
234 1198 291 1224 Vita
307 1199 411 1233 August.
424 1219 431 1229 ,
452 1206 475 1224 c.
492 1198 547 1232 l7),
573 1197 746 1232 Augustinum
766 1196 919 1231 provocavit
939 1196 972 1223 ad

186 1250 336 1270 sermonem
352 1251 410 1269 cum
423 1243 480 1276 ipso
491 1241 677 1269 conferendum
693 1241 761 1277 apud
775 1240 971 1276 Carthaginem,

186 1288 347 1322 interpositis
369 1287 405 1321 (id
424 1292 473 1319 est,
490 1286 674 1321 prmscntibus)
690 1286 826 1313 honoratis
838 1290 865 1313 et
876 1285 972 1313 nobili-

185 1334 233 1360 bus
243 1334 307 1360 viris
322 1333 415 1368 (Epist.
429 1333 490 1365 9.28,
506 1341 531 1358 η.
544 1332 584 1367 9).
603 1332 657 1359 Sed
669 1332 735 1359 idem
749 1326 880 1359 hareﬁus
891 1352 898 1363 ,
912 1339 972 1366 per-

184 1380 221 1414 git
231 1379 374 1411 Possidius,
390 1379 485 1405 tabulas
497 1383 569 1413 atque
578 1378 682 1410 stilum,
705 1377 732 1404 id
751 1381 787 1404 est
806 1377 916 1404 notarios
937 1377 971 1403 ad

184 1424 357 1458 excipiendum
368 1446 374 1457 ,
390 1424 455 1458 quod
466 1424 583 1459 magister
595 1428 678 1450 noster
688 1422 869 1459 (Augustinus)
882 1427 905 1449 et
913 1427 971 1449 ante

183 1479 341 1505 congressum
355 1476 377 1497 ct
390 1472 414 1497 in
430 1479 561 1504 congressu
582 1464 760 1497 instantissime
779 1470 833 1504 ﬁeri
855 1469 967 1502 volebat,

183 1525 214 1543 ne
225 1517 352 1548 adessent,
377 1517 444 1543 muni
463 1517 535 1542 modo
558 1515 697 1543 recusabat.
718 1514 751 1541 Et
765 1514 825 1541 dum
838 1514 865 1541 id
876 1521 966 1548 perne-

182 1566 272 1596 gasset,
289 1562 374 1588 dicens
389 1561 455 1594 quod
470 1566 535 1586 metu
549 1561 631 1596 legum
653 1560 809 1595 publicarunt
828 1559 965 1595 periclitari

183 1606 274 1633 tabulis
287 1607 387 1640 scriptis
409 1607 498 1638 nollet,
511 1611 585 1640 atque
600 1605 754 1640 interpositis
765 1604 824 1640 (hoc
837 1609 883 1637 est,
900 1612 963 1639 pra-

180 1652 302 1685 scntibus)
317 1652 343 1677 id
355 1652 450 1686 placere
462 1652 615 1686 Augustinus
637 1651 767 1686 cpiscopus
784 1659 841 1677 cum
859 1650 910 1677 suis
924 1651 967 1684 qui

181 1697 288 1722 aderant
302 1697 513 1723 consacerdotibus
526 1697 627 1728 videret,
640 1701 666 1723 ut
676 1696 768 1730 absque
776 1696 828 1723 ulla
840 1696 966 1730 scriptura

182 1742 300 1776 privatim
315 1742 467 1776 disputurcnt
477 1762 483 1774 ,
498 1741 658 1768 collationem
674 1741 797 1776 suscepit;
810 1741 963 1776 pradicens,

181 1794 208 1814 ut
227 1788 383 1823 postmodum
399 1789 513 1822 contigit,
536 1788 601 1821 quod
617 1792 673 1822 post
690 1787 799 1814 solutum
817 1791 962 1813 conventum

181 1842 234 1860 esse
248 1834 362 1865 cuiquam
376 1838 455 1868 posset
472 1834 575 1859 liberant
590 1834 654 1868 forte
664 1832 762 1864 dicere,
777 1832 846 1858 nullo
857 1832 964 1866 scriptu-

182 1887 218 1905 rre
239 1880 402 1911 documento,
419 1888 444 1905 se
461 1879 553 1905 dixisse
569 1878 635 1913 quod
652 1879 716 1914 forte
733 1886 782 1905 non
806 1878 912 1911 dixerit,
925 1879 963 1905 vet

180 1933 230 1950 non
243 1924 336 1951 dirissc
347 1924 413 1958 quod
426 1925 524 1950 dixerit.
541 1924 573 1950 Et
588 1923 687 1949 miscuit
700 1931 756 1949 cum
768 1923 854 1950 eodem
865 1931 962 1950 sermo-

178 1977 234 1994 nem
242 1990 249 2000 ,
267 1974 340 2003 atque
350 1970 453 1995 asseruit
465 1969 524 2004 quid
534 1968 653 2000 crederet,
665 1972 689 1994 et
700 1967 732 1995 ab
742 1968 786 1995 illo
798 1968 859 2002 quid
871 1972 962 1995 teneret

178 2015 219 2042 (id
231 2020 275 2047 est,
290 2015 350 2049 quid
365 2020 451 2041 contra
467 2015 541 2048 [idem
564 2013 712 2040 catholicam
731 2013 846 2048 diceret),
867 2014 962 2041 audivit

178 2062 249 2092 (nam
262 2061 357 2094 alioqui
376 2069 391 2086 a
415 2060 545 2086 Pascentio
561 2059 670 2086 obtinere
683 2067 732 2085 non
746 2059 835 2093 potuit,
849 2064 876 2085 ut
890 2066 960 2085 suam

178 2105 253 2137 ﬁdem
265 2105 362 2131 disertis
375 2104 452 2131 verbis
465 2104 580 2138 diceret);
591 2108 613 2130 et
624 2111 682 2130 vera
689 2104 785 2130 ratione
794 2108 869 2138 atque
879 2109 960 2130 aucto-

176 2152 249 2177 ritate
270 2152 459 2185 Scripturarunt
482 2151 585 2185 probata
603 2149 697 2181 docuit,
713 2153 737 2176 et
750 2149 857 2176 ostendit
870 2153 960 2176 nostra

150 2200 157 2206 ‘
177 2197 234 2230 ﬁdei
253 2198 409 2230 ﬁrmamenta
423 2206 430 2222 :
443 2197 510 2223 illius
529 2202 612 2222 autem
636 2201 732 2223 asserta
748 2195 819 2222 nulla
836 2196 939 2223 veritate
950 2217 958 2229 ,

176 2242 246 2268 nulla
265 2241 452 2276 Scripturarunt
465 2247 607 2268 sanctorum
627 2241 776 2268 auctoritate
790 2240 895 2274 suffulta
909 2241 956 2268 do-

175 2287 244 2319 cuit,
268 2292 290 2313 et
307 2288 445 2322 frustrauit.
463 2286 495 2313 Et
510 2292 536 2313 ut
549 2295 565 2312 a
579 2295 605 2314 se
620 2286 725 2313 invicem
741 2290 824 2322 partes
841 2286 958 2322 digressa

173 2335 248 2363 sunt,
270 2332 313 2358 ille
333 2333 410 2366 magis
425 2333 551 2366 magisque
565 2332 642 2357 iratus
663 2336 685 2358 et
702 2331 789 2365 furens
800 2352 807 2362 ,
828 2332 957 2358 mendacia

173 2378 253 2403 multa
268 2385 313 2411 pro
327 2377 376 2410 ﬁde
390 2384 434 2403 sua
449 2377 513 2410 falsa
520 2376 650 2410 jactabat,
666 2376 758 2402 victum
770 2384 823 2403 esse
836 2384 852 2402 a
865 2384 891 2403 se
903 2376 956 2411 ipso

172 2422 331 2455 proclamans
346 2422 480 2447 multorum
495 2430 536 2447 ore
550 2421 680 2447 laudatum
699 2421 874 2456 Augustinum.
894 2421 956 2454 Qua

170 2476 228 2493 cum
249 2467 351 2493 minime
372 2468 492 2500 laterent,
518 2472 616 2493 coactus
637 2471 674 2494 est
695 2467 729 2493 ad
749 2467 831 2500 ipsum
848 2467 956 2495 scribere

172 2511 351 2545 Pascentiunt,
376 2517 476 2547 propter
494 2513 561 2538 illius
583 2516 675 2538 metum
697 2511 795 2538 omissis
815 2511 954 2539 nominibus

169 2559 360 2592 conferentium,
382 2564 403 2584 et
417 2559 442 2584 in
458 2559 492 2585 eis
506 2559 594 2584 litteris
607 2557 730 2593 quidquid
743 2557 807 2584 inter
820 2562 903 2592 partu
915 2558 955 2585 die

169 2609 235 2629 ctum
247 2604 284 2630 vel
298 2608 390 2638 gestum
405 2605 497 2639 fuerat,
514 2603 620 2637 ﬁdeliter
630 2602 753 2629 intimavit
764 2609 773 2629 :
785 2602 818 2628 ad
827 2610 866 2635 ea,
880 2603 903 2629 si
915 2610 957 2630 nc-

169 2655 304 2684 garentur,
326 2650 454 2684 probanda
475 2657 591 2684 magnam
612 2649 709 2676 testium
723 2648 815 2675 habent
833 2648 952 2683 copiam,

168 2695 323 2722 clarissimos
335 2695 426 2721 scilicet
442 2700 515 2729 atque
526 2693 691 2726 honorabiles,
707 2693 749 2727 qui
762 2698 821 2720 tunc
831 2693 948 2725 aderant,

168 2740 242 2766 uiros.
258 2741 336 2775 Atque
353 2740 395 2766 ille
410 2740 443 2766 ad
456 2740 506 2766 duo
520 2739 565 2766 sibi
579 2739 674 2765 directa
691 2738 802 2772 scripta,
815 2746 893 2764 unum
910 2738 952 2765 eis:

168 2785 277 2811 reddidit
287 2786 443 2819 rescriptum,
457 2785 482 2811 in
495 2793 543 2819 quo
556 2783 635 2819 magis
644 2783 764 2818 injuriam
773 2783 865 2817 facere,
875 2791 952 2817 quam

169 2838 220 2858 sua:
240 2835 312 2857 sccla‘
334 2832 452 2857 rationem
477 2831 552 2856 ualuit
576 2829 713 2857 declarare.
738 2828 950 2860 Quodavolenti-

876 135 976 163 LIBER
994 135 1160 165 OCTAVUS.

1775 146 1826 176 NG

1041 194 1086 221 bus
1107 200 1131 222 et
1151 204 1167 222 a
1190 198 1326 225 calentibus
1349 199 1428 234 legere
1449 202 1623 236 comprobatur
1646 202 1773 238 (Possid.,
1795 205 1826 233 iis

1045 238 1102 266 Vita
1113 240 1231 277 August,
1241 250 1264 269 c.
1281 243 1336 277 Π).

1075 285 1101 313 6.
1122 285 1192 314 Idem
1206 287 1341 317 Possidius
1355 290 1492 324 epistolam
1505 298 1609 327 quoque
1622 293 1656 320 ad
1669 293 1818 328 Elpidiuur,

1039 329 1109 375 inter
1118 339 1197 366 opera
1209 333 1335 362 adversus
1343 335 1455 363 Asianos
1464 341 1585 371 suscepta
1596 337 1678 366 refert
1688 338 1782 375 (Idem,
1793 340 1820 368 in

1038 374 1135 411 lndic.,
1145 386 1203 413 cap.
1212 378 1251 414 δ).
1267 379 1301 406 Et
1310 387 1374 408 sane
1386 380 1429 408 hic
1439 382 1555 416 Elpidius
1569 384 1595 411 in
1606 374 1734 412 Trinitate
1745 393 1820 413 erra-

1037 421 1092 454 bat,
1109 429 1141 450 ac
1154 423 1245 451 Filium
1258 424 1328 452 Patri
1339 426 1465 460 :equalem
1476 427 1575 461 dicere,
1589 429 1696 456 stultum
1707 429 1820 458 ducebat

1039 467 1133 503 (Epist.
1147 468 1245 503 242m.
1260 469 1301 506 2).
1319 471 1343 499 ls
1360 479 1492 508 nunquam
1506 474 1608 502 viderat
1621 475 1795 510 Augustinum
1811 485 1817 503 :

1036 516 1150 541 attamen
1165 515 1188 542 ei
1204 516 1275 543 venit
1288 516 1315 543 in
1329 523 1444 545 mentem
1455 518 1528 546 illum
1541 520 1731 548 benevolentia:
1743 528 1818 556 ergo,

1036 562 1065 585 nt
1076 559 1246 594 praedicabat,
1259 560 1293 588 ab
1306 569 1397 590 errore
1412 563 1479 590 velle
1490 571 1614 592 revocare
1629 564 1719 600 σιω..
1733 574 1760 593 u.
1776 566 1816 602 l).

1034 603 1099 630 Eam
1121 604 1156 632 ob
1173 613 1230 632 rem
1250 606 1386 641 cujusdam
1401 608 1517 643 episcopi
1537 616 1592 636 suae
1609 615 1688 637 secta:
1701 611 1824 639 libellum

1034 648 1071 675 illi
1088 650 1246 683 transmisit,
1258 651 1429 687 hortatusque
1441 658 1482 681 est
1494 654 1527 681 ad
1539 662 1610 682 mare
1623 655 1821 690 injiciendum

1033 698 1063 721 ut
1076 694 1208 724 Bonosutn
1221 704 1252 724 ac
1262 696 1385 725 Jasonem
1395 697 1562 727 doctissimos
1575 700 1660 733 viros,
1676 708 1790 735 quorum
1801 709 1817 729 e

1031 739 1162 774 colloquio
1177 741 1272 769 uberes
1288 742 1390 770 {ructus
1405 748 1477 771 esset
1494 749 1684 778 reportaturus,
1700 745 1815 773 audiret.

1031 784 1205 818 Quantumvis
1219 786 1359 814 ridiculum
1371 792 1443 815 esset
1455 788 1549 823 Elpidii
1566 790 1717 822 consilium,
1731 790 1757 818 ei
1772 794 1814 817 ta-

1031 837 1091 856 men
1104 833 1212 857 sanctus
1227 830 1323 858 Doctor
1335 838 1396 858 cum
1409 832 1569 867 benignitate
1583 834 1730 869 respondit,
1743 834 1815 869 qttod

1029 874 1055 901 in
1068 882 1098 902 se
1109 874 1319 903 benevolentiam
1331 880 1480 909 testaretur,
1496 885 1579 912 seque
1595 878 1628 905 ab
1640 886 1732 907 errore
1747 879 1813 907 libe-

1029 925 1115 948 ratum
1129 921 1223 954 vellet,
1238 922 1350 956 gratiam
1364 922 1462 950 debere
1477 931 1507 951 se
1522 931 1554 951 ac
1567 924 1683 958 proﬁteri
1699 933 1706 952 :
1719 932 1811 953 verum

1028 971 1087 994 uter
1095 974 1186 994 eorum
1200 972 1271 995 erret
1284 968 1310 995 in
1324 968 1375 996 lide
1392 969 1433 996 vel
1448 969 1473 996 in
1487 969 1637 1004 cognitione
1657 970 1793 998 Trinitatis
1803 991 1811 1003 .

1026 1012 1105 1039 tiliam
1113 1013 1285 1047 quaestionem
1296 1021 1356 1041 esse
1365 1014 1426 1042 dicit
1435 1022 1443 1047 ;
1454 1019 1578 1049 optatque
1586 1023 1664 1042 nosse
1672 1024 1731 1043 eum
1741 1016 1822 1044 Deus.

1026 1056 1114 1089 iaciat.
1127 1057 1197 1092 quod
1208 1065 1287 1086 nosse
1302 1065 1332 1086 ευ
1347 1063 1431 1093 putat.
1447 1060 1483 1086 De
1498 1059 1588 1087 libello
1601 1065 1688 1087 autem
1702 1061 1736 1088 ab
1750 1062 1809 1095 epi-

1026 1107 1106 1136 scopo
1120 1102 1304 1137 Elpidiiedito,
1319 1111 1378 1131 sese
1388 1104 1505 1132 auctoris
1518 1105 1660 1133 vanitatem
1670 1105 1810 1133 iulirmita-

1026 1150 1131 1182 temque
1144 1148 1257 1182 spondet
1271 1153 1437 1177 ostensurum
1447 1169 1461 1183 ,,
1469 1150 1492 1177 si
1505 1158 1551 1185 per
1564 1151 1646 1178 otittm
1657 1151 1809 1187 singillatim

1024 1192 1099 1219 illum
1120 1198 1243 1221 excutere
1265 1194 1315 1221 sibi
1337 1195 1372 1222 sit
1391 1195 1503 1222 liberum
1525 1195 1616 1232 (llud.
1633 1205 1659 1223 η.
1675 1197 1714 1232 5).
1729 1197 1809 1232 Atqui

1023 1239 1165 1272 quominus
1183 1239 1209 1267 id
1230 1240 1319 1274 operis
1341 1240 1553 1275 aggrederetur,
1569 1241 1729 1276 prohibuere
1750 1242 1810 1271 sine

1022 1283 1104 1311 dubio
1114 1284 1185 1311 varia
1200 1284 1243 1312 illa
1254 1284 1374 1320 negotia,
1389 1285 1484 1320 quibus
1496 1285 1640 1313 distentum
1659 1294 1689 1314 se
1707 1287 1806 1322 passim

1022 1329 1201 1364 conqueritur.

1320 1374 1431 1403 CAPUT
1451 1376 1486 1403 Χ.

1024 1421 1035 1448 l
1057 1420 1090 1448 In
1104 1421 1328 1456 prwdestinationis
1342 1426 1365 1449 et
1379 1422 1467 1457 gratia:
1480 1422 1620 1449 doctrinam
1634 1422 1805 1457 superioribus

1056 1465 1126 1493 libris
1136 1465 1166 1492 ab
1179 1466 1319 1501 Augustino
1336 1467 1487 1501 explicatam
1507 1467 1640 1502 insurgunt
1660 1466 1804 1494 Massilien-

1055 1520 1095 1539 ses
1107 1517 1130 1538 et
1143 1512 1187 1539 alii
1200 1512 1302 1547 quidam
1312 1513 1338 1539 in
1349 1512 1439 1540 Galliis
1449 1513 1517 1539 haud
1530 1513 1556 1540 iu
1571 1518 1650 1540 totum
1659 1522 1675 1540 a
1687 1512 1806 1548 Pelagia-

1055 1557 1094 1584 nis
1106 1557 1274 1584 abhorrentcs.
1285 1557 1303 1584 2
1311 1557 1465 1584 Catholicam
1478 1558 1553 1592 ﬁdem
1565 1564 1652 1585 contra
1664 1566 1706 1585 eos
1716 1558 1805 1594 defru-

1054 1602 1090 1629 dit
1104 1602 1259 1638 Augustinus
1276 1604 1375 1638 scriptis
1400 1603 1519 1638 Prosperi
1534 1609 1557 1631 et
1573 1603 1668 1631 llilarii
1691 1604 1803 1636 impulsu

1055 1647 1124 1675 libris
1145 1649 1176 1675 de
1201 1648 1424 1676 Prtedcstittatione
1448 1654 1599 1676 sanctorum.
1624 1650 1641 1677 3
1660 1649 1801 1683 Quodvult-

1053 1695 1116 1721 drus
1133 1700 1205 1730 rogat
1223 1700 1336 1722 sanctum
1348 1695 1492 1727 Doctorem,
1506 1700 1532 1722 ut
1546 1696 1577 1722 de
1591 1695 1725 1723 hwrcsibus
1737 1697 1800 1723 scri-

1053 1740 1104 1767 bat.
1125 1740 1142 1768 ι
1164 1740 1272 1776 Urgeute
1288 1740 1460 1774 Qttodouttdeo
1482 1741 1634 1776 Augustinus
1654 1742 1800 1777 aggreditur

1052 1794 1115 1821 opus
1127 1786 1158 1813 de
1168 1785 1311 1813 Iliensibus
1323 1806 1331 1819 ,
1344 1786 1411 1821 quod
1423 1787 1595 1822 imper/cetum
1610 1788 1747 1823 relinquere
1758 1797 1801 1815 co-

1051 1831 1126 1865 gitur.
1148 1831 1164 1858 5
1179 1830 1292 1858 Dioscori
1306 1831 1488 1859 conversionem
1502 1832 1616 1859 miraculi
1629 1832 1733 1867 plenam
1741 1842 1800 1861 nar-

1051 1881 1091 1903 rat
1104 1884 1148 1911 per
1162 1876 1256 1903 litteras
1268 1876 1359 1912 Alypio
1372 1878 1434 1904 seni.

1052 1923 1078 1949 1.
1100 1922 1196 1950 Verum
1210 1927 1423 1958 quantacumque
1442 1930 1564 1951 curarum
1579 1931 1640 1951 eum
1658 1925 1798 1953 multitudo

1015 1971 1160 2001 premeret.
1179 1975 1231 1995 non
1253 1972 1390 2002 propterea
1404 1968 1552 2003 deponebat
1565 1976 1581 1995 e
1594 1969 1720 1996 memoria
1734 1977 1797 1997 san-

1013 2017 1071 2040 ctus
1080 2013 1187 2046 Doctor,
1198 2013 1247 2040 sibi
1262 2013 1434 2041 defendenda:
1446 2013 1536 2048 gratiae
1549 2013 1697 2049 impositam
1710 2022 1769 2042 esse
1781 2023 1796 2042 a

1014 2057 1069 2085 Deo
1080 2057 1251 2092 provinciam.
1267 2057 1356 2093 itaque
1368 2061 1542 2093 praeterquam
1554 2057 1624 2092 quod
1637 2058 1699 2086 stilo
1708 2058 1797 2086 decer-

1014 2106 1069 2130 tare
1080 2109 1140 2130 cum
1151 2102 1257 2129 Iuliano
1266 2102 1299 2129 ad
1312 2106 1456 2130 extremam
1468 2110 1550 2137 usque
1559 2103 1638 2130 vitam
1651 2110 1704 2130 non
1716 2103 1796 2131 destio

1013 2147 1043 2175 tit
1054 2167 1061 2179 ,
1076 2147 1152 2174 novis
1164 2147 1251 2174 adhuc
1264 2154 1316 2174 non
1331 2147 1410 2182 longo
1426 2152 1487 2174 ante
1505 2152 1616 2175 mortem
1635 2148 1716 2182 ipsius
1731 2152 1796 2176 tem-

1011 2200 1077 2227 pore
1089 2192 1259 2227 surgentibus
1276 2192 1367 2227 gratim
1387 2192 1501 2219 inimicis
1513 2199 1572 2220 sese
1586 2192 1643 2220 sine
1656 2200 1729 2221 mora
1744 2193 1793 2221 ob—

1008 2239 1082 2274 jeeit.
1095 2238 1168 2267 Multi
1183 2239 1307 2266 nimirum
1319 2245 1455 2266 servorum
1469 2238 1579 2271 Christi.
1592 2238 1618 2266 id
1632 2242 1684 2272 est,
1697 2246 1792 2266 mona-

1009 2284 1131 2318 chorum,
1146 2284 1191 2320 qui
1204 2284 1230 2311 in
1244 2283 1400 2311 Massiliensi
1415 2283 1480 2311 urbe
1499 2283 1681 2311 consistebant
1698 2283 1792 2319 (Epist.

1009 2328 1071 2360 295,
1084 2338 1110 2356 n.
1121 2328 1161 2364 2),
1173 2328 1268 2364 aliique
1279 2328 1304 2356 in
1316 2328 1373 2355 aliis
1383 2327 1527 2356 Galliarum
1542 2329 1607 2357 locis
1619 2328 1713 2364 (Epist.
1727 2328 1791 2361 Μ.

1009 2383 1035 2402 tt.
1049 2374 1077 2410 2)
1091 2374 1210 2403 nonnulli
1222 2374 1360 2410 Augustini
1374 2374 1471 2409 scripta
1483 2375 1635 2402 erolventes
1645 2395 1652 2407 ,
1666 2374 1794 2410 quidquid

1008 2419 1035 2448 in
1048 2421 1087 2448 eis
1101 2421 1134 2448 de
1144 2420 1282 2448 vocatione
1293 2420 1437 2448 electorum
1450 2419 1596 2447 secundum
1609 2419 1655 2447 Dei
1670 2419 1792 2454 proposi-

1008 2471 1063 2494 tum
1075 2466 1226 2501 disputabat
1235 2470 1343 2493 sanctus
1355 2465 1462 2498 Doctor,
1475 2465 1537 2493 illud
1551 2465 1658 2492 Parum
1672 2465 1792 2500 opinioni

1007 2516 1034 2539 et
1046 2511 1228 2539 ecclesiastico
1241 2510 1332 2538 sensui
1346 2510 1507 2537 contrarium
1522 2508 1695 2537 dictitabant:
1711 2513 1791 2544 atque

1007 2556 1057 2583 hoc
1072 2556 1236 2591 propositum
1248 2554 1394 2582 vocationis
1415 2553 1479 2586 Dei,
1494 2561 1547 2588 quo
1561 2553 1604 2581 vel
1619 2557 1682 2581 aute
1698 2553 1790 2582 mundi

1006 2601 1120 2633 initium,
1131 2600 1172 2628 vel
1183 2600 1209 2627 in
1221 2600 1276 2635 ipsa
1290 2599 1442 2628 conditione
1453 2598 1559 2634 generis
1570 2598 1679 2627 humani
1690 2599 1791 2634 eligen-

1005 2645 1099 2672 dorum
1119 2650 1145 2673 et
1159 2643 1362 2679 rejiciendorum
1375 2643 1472 2671 dicitur
1484 2643 1552 2670 facta
1564 2642 1700 2678 discretio,
1715 2649 1741 2672 ct
1752 2644 1790 2672 la-

1005 2692 1060 2726 psis
1073 2699 1164 2718 curam
1175 2689 1326 2725 resurgendi
1340 2689 1468 2722 adimere,
1479 2694 1506 2717 et
1515 2689 1612 2716 sanctis
1622 2690 1788 2718 occasionem

1006 2736 1132 2772 temporis
1153 2734 1374 2764 aﬂ‘errezdeinde
1399 2734 1449 2762 sub
1474 2734 1524 2761 hoc
1549 2734 1788 2770 pratdestinationis

1005 2782 1112 2810 nomine
1131 2781 1236 2809 fatalem
1254 2780 1395 2816 quamdam
1413 2780 1500 2808 induci
1514 2780 1718 2809 necessitatem:
1733 2788 1787 2809 uno

1004 2826 1105 2860 verbo,
1126 2835 1151 2862 ql
1163 2825 1252 2861 idquid
1273 2825 1323 2856 sibi
1345 2825 1505 2862 Augustinus
1522 2833 1554 2853 ex
1575 2825 1686 2855 aduersa
1709 2831 1786 2861 parte
