4116 6366
526 290 701 348 567⁷

526 404 749 477 opponit
771 405 824 462 in
852 406 986 463 libro
1011 405 1078 463 de
1095 404 1443 476 Correptione
1467 410 1519 458 et
1539 401 1737 466 Gratia,
1764 400 1927 455 velin
1952 398 2101 454 libris

527 507 709 553 contra
748 497 1045 563 Julianum;
1088 497 1192 553 hoc
1228 506 1394 551 totum
1434 495 1533 565 ipsi
1571 509 1665 564 pro
1702 490 2101 562 se‘regerebant

528 604 735 644 summa
769 590 1110 645 contentione
1138 604 1199 645 ac
1227 603 1398 659 pugna
1428 605 1443 643 :
1473 596 1582 641 tum
1620 583 1917 639 doctrinam
1957 582 2099 636 illam

530 680 866 735 :ediﬁcationi
910 680 1233 735 audientium
1276 677 1596 734 contrariam
1645 690 1765 730 esse
1815 672 2097 739 dicebant,

531 781 691 842 atque
718 787 780 827 ea
812 781 1027 843 propter
1048 813 1061 835 ,
1092 770 1299 827 etiamsi
1328 785 1451 825 vera
1481 771 1569 834 sit,
1599 783 1703 822 non
1732 765 2098 837 premendam.

531 861 794 919 Cat-terum
832 863 1239 918 obstinationem
1281 876 1429 917 suam
1464 859 1738 915 vetustatis
1766 858 1979 913 nomine
2006 857 2101 911 dc-

535 954 811 1009 fendentes
831 996 845 1021 ,
890 953 1279 1009 contendebant
1321 952 1537 1007 Paulum
1558 990 1574 1017 ,
1614 950 1763 1019 cujus
1791 949 2101 1004 auctoritate

534 1046 719 1100 nititur
753 1046 1077 1115 Augustinus
1099 1086 1114 1109 ,
1162 1060 1192 1098 a
1233 1044 1378 1098 nullo
1418 1045 1674 1097 hactenus
1700 1041 1768 1094 ita
1796 1055 1915 1095 esse
1940 1040 2099 1093 intel-

537 1137 751 1190 lectum.
787 1135 937 1202 Quod
966 1134 1029 1188 ad
1060 1134 1307 1204 parvulos
1335 1138 1575 1200 spectat,
1618 1132 1669 1184 in
1699 1130 1888 1199 quibus
1924 1129 2099 1183 divina

533 1228 709 1281 elucet
727 1226 1136 1297 praedestinatio,
1171 1224 1303 1278 tales
1330 1223 1543 1278 aiebant
1564 1220 1715 1290 perdi
1737 1221 1970 1289 talesque
1997 1220 2105 1273 sal-

534 1320 666 1385 vari,
696 1319 877 1389 quales
904 1317 1108 1372 futuros
1141 1317 1260 1371 illos
1295 1317 1349 1370 in
1375 1315 1561 1385 majori
1588 1322 1743 1369 :etate
1763 1354 1778 1379 ,
1807 1314 1852 1368 si
1891 1314 1955 1368 ad
1985 1329 2102 1367 eam

534 1412 896 1481 pervenirent,
928 1410 1146 1465 scientia
1177 1408 1354 1463 divina
1381 1406 1713 1477 prtevidissct
1733 1405 1927 1477 (Epist.
1953 1405 2061 1460 225
2085 1446 2099 1469 ,

534 1521 582 1555 η.
615 1502 692 1573 5).
717 1501 822 1555 Nec
843 1500 1158 1555 absimiliter
1185 1499 1534 1569 quaestionem
1561 1497 1628 1551 de
1660 1496 1979 1566 majoribus,
2010 1510 2105 1549 cur

535 1593 877 1663 Evangelium
907 1608 1013 1645 non
1039 1590 1284 1645 omnibus
1307 1589 1624 1660 prmdicetur
1641 1627 1655 1652 ,
1681 1586 1982 1642 enodabant
2007 1601 2021 1651 ;
2052 1584 2105 1639 id

532 1684 861 1739 affirmantes
883 1681 1228 1753 praescientize
1257 1695 1375 1736 esse
1402 1679 1617 1744 divinm,
1647 1687 1708 1732 ut
1735 1677 1854 1732 ideo
1882 1676 2104 1746 quibus-

533 1778 656 1831 dam
700 1775 908 1847 populis
947 1790 1049 1829 non
1095 1774 1440 1843 pnedicetur,
1489 1771 1629 1841 quod
1675 1769 1800 1824 illud
1846 1784 1952 1823 non
2002 1769 2108 1822 sint

537 1867 805 1935 recepturi
842 1864 1081 1938 (Ibid.,et
1104 1862 1269 1933 Epist.
1300 1862 1424 1928 226,
1454 1879 1506 1915 η.
1533 1860 1607 1931 '5).
1628 1862 1891 1915 Praeterea
1920 1857 2109 1912 discri—

536 1974 658 2013 men
689 1959 1032 2013 constitutum
1057 1956 1124 2010 ab
1148 1956 1440 2023 Augustino
1473 1954 1611 2008 inter
1645 1953 1864 2022 gratiam
1903 1950 2107 2005 Adamo

535 2052 744 2114 «latam,
786 2058 837 2103 et
873 2064 989 2102 eam
1026 2062 1145 2117 quae
1184 2045 1336 2100 nobis
1374 2044 1561 2110 datur,
1610 2043 1833 2097 moleste
1867 2040 2109 2097 ferebant

539 2140 728 2212 (Epist.
772 2140 876 2195 226
897 2184 910 2207 ,
945 2158 994 2194 η.
1024 2139 1101 2211 6).
1130 2139 1237 2194 Nec
1263 2138 1508 2192 volebant
1533 2136 1777 2205 cuiquam
1801 2135 1959 2188 talem
1991 2132 2107 2187 dari

539 2233 980 2300 persevcrantiam
1003 2272 1016 2295 ,
1048 2247 1076 2283 a
1101 2246 1204 2300 qua
1239 2245 1343 2283 non
1381 2228 1715 2298 permittatur
1739 2223 2069 2296 praevaricari
2089 2262 2104 2285 ,

448 2316 455 2321 ’
526 2323 627 2377 sed
654 2339 682 2377 a
709 2338 810 2393 qua
838 2323 1000 2391 possit
1029 2336 1123 2377 sua
1154 2321 1426 2375 voluntate
1460 2317 1721 2383 deﬁcere,
1760 2324 1816 2370 et
1861 2329 1980 2385 quae
2022 2310 2107 2367 vel

533 2414 843 2484 suppliciter
885 2413 1106 2467 emereri
1134 2453 1148 2479 ,
1196 2412 1281 2466 vel
1319 2410 1488 2465 amitti
1532 2407 1914 2463 contumaciter
1942 2404 2109 2475 possit

540 2504 723 2577 (Ibid,
752 2523 804 2559 η.
834 2505 912 2575 4).
943 2503 1163 2571 Quidam
1210 2503 1367 2556 etiam
1406 2516 1473 2555 ex
1520 2499 1705 2553 iisdem
1734 2497 1898 2552 Gallis
1936 2494 2108 2550 adhuc

538 2598 756 2667 propius
780 2610 808 2649 a
840 2596 1114 2662 Pelagiana
1146 2593 1335 2647 lueresi
1391 2589 1728 2654 recedentes,
1759 2588 1976 2657 gratiam
2002 2585 2108 2639 sal-

534 2696 746 2740 vantem
784 2684 1174 2753 distinguebant
1198 2683 1264 2737 ab
1292 2680 1478 2735 initiali
1504 2680 1668 2750 gratia
1689 2721 1704 2745 ,
1733 2685 1789 2733 et
1814 2678 1949 2731 hanc
1976 2676 2106 2730 nihil

534 2774 674 2829 aliud
697 2790 815 2830 esse
845 2774 1136 2843 ponebant,
1171 2787 1327 2841 quam
1357 2771 1614 2824 rationem
1641 2778 1694 2823 et
1720 2768 1939 2822 liberum
1966 2766 2107 2821 arbi-

537 2867 692 2921 trium
725 2865 924 2919 homini
947 2864 1072 2919 nihil
1104 2864 1248 2934 prius
1272 2862 1524 2926 merenti,
1552 2860 1670 2930 quia
1699 2873 1801 2913 nec
1823 2858 2067 2912 existenti
2087 2897 2102 2923 ,

529 2956 797 3012 Creatoris
822 2955 1085 3013 beneﬁcio
1111 2969 1455 3017 concessum;
1482 2963 1638 3022 atque
1663 2951 1777 3021 ejus
1797 2965 1898 3019 Ope
1914 2948 2105 3003 nihilo-

532 3051 709 3105 minus
736 3050 1023 3114 hominem,
1052 3048 1177 3102 dum
1207 3047 1347 3101 bono
1388 3056 1586 3099 natura:
1630 3044 1766 3098 bene
1805 3044 1999 3109 utitur,
2037 3041 2104 3096 ad

532 3142 820 3215 salvantem
864 3141 1086 3211 gratiam
1135 3136 1411 3208 pervenire
1453 3135 1639 3207 (Epist.
1675 3134 1802 3199 225,
1827 3150 1881 3186 η.
1908 3132 1985 3203 4).
2027 3134 2105 3187 Ac

530 3235 609 3290 sic
637 3247 754 3287 cum
784 3232 834 3285 in
863 3231 1167 3300 majoribus,
1198 3229 1286 3300 qui
1312 3228 1477 3282 libero
1494 3235 1714 3282 utuntur
1733 3226 1969 3291 arbitrio,
1999 3224 2105 3279 duo

530 3326 639 3389 sint
681 3338 798 3393 qua:
842 3322 1122 3376 humanam
1173 3328 1460 3390 operantur
1500 3319 1743 3384 salutem,
1780 3318 1872 3372 Dei
1903 3318 2105 3372 scilicet

530 3414 717 3484 gratia,
747 3424 799 3468 et
828 3413 1059 3481 hominis
1087 3411 1383 3466 obedientia
1408 3427 1421 3476 ;
1448 3411 1679 3480 priorem
1703 3409 1952 3464 volebant
1977 3410 2105 3464 obe-

535 3490 785 3559 dicmiam
812 3518 948 3570 esse,
978 3519 1133 3573 quam
1161 3502 1404 3573 gratiam,
1434 3509 1492 3555 ut
1519 3501 1722 3555 initium
1747 3501 1932 3554 salutis
1951 3516 2016 3555 ex
2039 3515 2103 3554 eo

530 3596 617 3664 qui
648 3596 898 3658 salvator,
925 3610 1026 3649 nou
1049 3610 1113 3649 ex
1144 3609 1209 3649 eo
1236 3593 1559 3648 credendum
1606 3593 1676 3646 sit
1708 3600 1849 3647 stare
1875 3592 1963 3662 qui
1992 3592 2102 3645 sal-

531 3696 654 3751 vat;
701 3696 755 3741 et
793 3686 1038 3739 voluntas
1081 3684 1310 3738 hominis
1356 3670 1771 3751 divinat-gratia:
1806 3682 1905 3736 sibi
1935 3681 2102 3751 pariat

532 3791 710 3844 opem,
740 3790 845 3829 non
868 3776 1034 3843 gratia
1063 3774 1160 3828 sibi
1197 3775 1479 3827 humanam
1511 3772 1753 3840 subjiciat
1779 3772 2100 3826 voluntatem

537 3865 720 3931 (Ibid.,
761 3882 813 3918 η.
844 3865 921 3936 6).
952 3865 1185 3919 Tandem
1230 3873 1483 3934 quantum
1521 3864 1742 3933 quisque
1770 3863 1835 3916 ad
1868 3864 2062 3917 malum
2084 3903 2098 3927 ,

532 3964 733 4009 tantum
762 3954 958 4010 habere
990 3955 1250 4009 facultatis
1277 3954 1346 4008 ad
1370 3954 1567 4009 bonum
1596 3952 1982 4021 praedicabant;
2013 3968 2104 4023 pa-

532 4050 681 4117 rique
712 4055 982 4102 momento
1012 4047 1242 4100 animum
1266 4061 1324 4101 se
1349 4047 1428 4101 vel
1457 4046 1522 4099 ad
1551 4045 1673 4099 vitia
1695 4046 1775 4100 vel
1798 4045 1861 4098 ad
1883 4046 2102 4100 virtutes

532 4157 768 4206 movere,
797 4157 954 4211 quem
987 4142 1119 4195 bona
1166 4150 1498 4210 appetentem
1545 4139 1709 4209 gratia
1754 4139 1845 4192 Dei
1887 4138 2098 4204 foveat,

533 4236 664 4288 mala
690 4244 979 4289 sectantem
1007 4232 1273 4287 damnatio
1294 4232 1435 4301 jnsta
1463 4232 1711 4301 suscipiat
1740 4230 1921 4302 (Ibid-.,
1944 4248 1997 4283 η.
2019 4230 2097 4301 4).

533 4325 657 4378 llaec
697 4325 904 4394 aliaque
939 4334 1120 4378 contra
1152 4322 1307 4377 fidem
1338 4322 1813 4392 prmdestinationis
1841 4330 1893 4375 et
1919 4321 2100 4390 gratia:

526 4418 861 4485 jactahantur
886 4433 915 4470 a
942 4418 1069 4471 viris
1098 4418 1185 4488 qui
1209 4417 1328 4470 vitm
1353 4418 1542 4471 merito
1568 4416 1647 4469 vel
1676 4417 1753 4469 sui
1784 4415 1834 4468 in
1862 4414 2100 4469 Ecclesia

535 4506 728 4577 gradus
756 4506 1008 4577 dignitate
1048 4516 1247 4561 tantum
1307 4507 1662 4576 prmstabant,
1693 4514 1751 4558 ut
1794 4520 1898 4559 non
1948 4504 2102 4560 facile

530 4598 831 4666 quisquam,
866 4608 1055 4666 praeter
1082 4612 1274 4667 paucos
1312 4596 1560 4667 perfecte
1599 4597 1778 4665 gratiae
1814 4597 2100 4665 intrepidos

533 4698 836 4751 :unatorcs,
880 4687 1137 4742 obsistere
1183 4703 1365 4741 eorum
1413 4686 1853 4756 disputationibus
1882 4686 2098 4741 auderet

533 4778 716 4848 (Ibid.,
744 4796 798 4833 η.
831 4778 882 4849 7)
921 4796 933 4832 :
967 4794 1028 4833 ac
1067 4778 1282 4848 proinde
1330 4778 1684 4832 necessarium
1734 4777 2101 4831 existimarunt

529 4871 758 4940 l’rosper
804 4878 858 4923 et
901 4869 1154 4935 Hilarius,
1207 4869 1286 4922 vir
1333 4877 1555 4936 uterque
1604 4867 1800 4932 laicus,
1847 4867 2097 4936 Augusti-

530 4980 655 5035 num
688 4977 782 5031 per
807 4959 1010 5014 litteras
1033 4960 1337 5021 admonere,
1369 4968 1426 5011 ut
1451 4971 1598 5011 suam
1629 4956 1793 5023 ipsius
1820 4957 2099 5011 auctorita-

529 5064 632 5115 tem
672 5051 775 5107 illis
811 5051 1065 5119 ohjiciens
1085 5090 1099 5117 ,
1146 5064 1262 5120 qua:
1289 5048 1340 5101 in
1368 5046 1483 5100 istis
1506 5045 1883 5117 quzestionibus
1910 5047 2101 5101 obscu-

530 5119 664 5219 i‘iora
693 5151 817 5199 sunt
839 5151 892 5197 ct
916 5144 980 5195 ad
1010 5119 1403 5210 percipiendum
1429 5136 1725 5191 difﬁciliora
1748 5178 1762 5202 ,
1798 5152 1955 5206 quam
1979 5138 2100 5192 luci-

529 5236 758 5303 dissimis
820 5231 1236 5305 expositionibus
1299 5229 1506 5299 aperire
1574 5242 1679 5281 non
1743 5238 2094 5297 gravaretur:

527 5326 719 5401 quippe
757 5326 845 5403 qui
884 5332 1191 5394 Spei-arent,
1234 5336 1340 5376 non
1380 5320 1551 5376 solum
1591 5334 1649 5375 se
1686 5318 2097 5389 disputationum

526 5419 643 5485 ejus
670 5418 914 5487 przesidio
937 5416 1281 5481 roborandos,
1312 5413 1402 5470 sed
1426 5414 1582 5469 etiam
1608 5413 1748 5482 ipsos
1768 5413 2099 5470 adversarios

526 5508 982 5581 nefa-catissimum
1005 5508 1180 5563 lumen
1206 5507 1385 5579 gratiae
1409 5514 1713 5574 recepturos
1744 5502 1792 5575 (1
1800 5505 1925 5570 bid.,
1945 5522 1996 5559 η.
2017 5508 2095 5577 9).

531 5598 815 5683 Quidquid,
860 5600 931 5673 ait
966 5598 1213 5666 Hilarius,
1257 5614 1346 5668 pro
1371 5614 1429 5650 ea
1453 5596 1635 5667 gratia,
1664 5612 1815 5666 quam
1852 5599 1903 5649 in
1934 5606 1979 5649 tc
2006 5615 2099 5665 pu-

530 5690 629 5749 silli
654 5704 763 5743 tum
786 5691 974 5760 magnis
1006 5689 1264 5757 miramur,
1296 5689 1506 5743 volucris
1536 5696 1619 5740 aut
1651 5687 1881 5755 vulneris,
1912 5689 2095 5758 gratis-

1672 280 1823 336 VlTA
1863 279 1920 334 S.
1961 278 2321 335 AUGUSTINI
2359 280 2678 339 EPISCOPI.

2203 397 2329 453 sime
2365 397 2672 468 accipiemus
2692 437 2707 464 ,
2741 407 2979 469 tauquam
3000 416 3032 455 a
3058 401 3198 457 nobis
3222 404 3519 461 charissim
3550 426 3611 464 ac
3634 428 3770 466 reae-

2202 489 2504 543 rendissinta
2544 490 2838 544 auctoritate
2874 491 3128 548 decretum
3168 493 3358 566 (Epist.
3400 497 3528 565 226,
3569 517 3623 554 tt.
3658 502 3771 571 ιθ).

2204 579 2389 634 Eidem
2418 579 2698 650 signiﬁcat,
2727 596 2757 635 a
2787 582 3049 651 Prospero
3069 598 3127 639 se
3150 585 3443 649 obtinuisse
3466 589 3738 658 epistolam
3756 634 3772 658 ,

2203 685 2360 739 quam
2389 686 2499 725 suae
2532 672 2865 741 conjunctam
2895 672 2968 727 illi
2998 675 3194 743 mittit,
3224 692 3325 748 qua
3366 680 3480 749 ipse
3505 682 3735 752 Prosper
3758 725 3775 751 ,

2204 768 2456 829 quantum
2497 760 2548 814 in
2584 777 2643 815 se
2674 761 2802 828 fuit,
2847 762 3268 821 adversariorum
3307 769 3551 839 dogmata
3581 774 3778 841 princi-

2206 850 2394 919 piaqne
2413 850 2589 912 omnia
2618 854 2924 921 complexus
2948 864 3048 909 est.
3072 855 3240 925 Hujus
3263 858 3351 913 ille
3375 859 3524 914 initio
3543 862 3777 920 declarat
3829 884 3836 889 ·

2206 950 2390 994 sancto
2419 939 2648 1006 Doctori,
2678 942 2787 1011 jam
2820 959 2924 1009 non
2946 946 3060 999 solo
3082 948 3394 1003 urbanitatis
3418 951 3624 1019 ofﬁcio,
3652 963 3707 1009 ut
3727 956 3779 1010 in

2174 1090 2177 1093 γ
2205 1030 2386 1100 priore
2416 1034 2639 1101 quadam
2668 1035 2890 1103 epistola
2920 1036 3145 1102 fecerat,
3184 1038 3250 1093 ad
3276 1056 3397 1094 eum
3426 1042 3661 1098 scribere
3688 1059 3777 1110 se,

2206 1121 2298 1175 sed
2319 1137 2499 1181 amore
2528 1121 2669 1189 fidei,
2702 1140 2803 1193 qua
2845 1125 3080 1181 Ecclesia
3111 1128 3256 1182 vivit.
3286 1128 3575 1191 Excubante
3599 1135 3770 1202 enim,

2206 1213 2403 1283 inquit,
2443 1232 2534 1281 pro
2572 1216 2807 1271 universis
2832 1217 3064 1273 membris
3088 1223 3313 1291 corporis
3346 1222 3533 1278 Christi
3564 1226 3783 1296 vigilum

2207 1306 2398 1360 tissime
2426 1307 2672 1362 industria
2693 1318 2799 1375 tua,
2824 1320 2871 1363 et
2896 1310 3130 1365 adversus
3157 1312 3504 1369 Itarreticarum
3529 1317 3783 1370 doctrina-
3860 1349 3871 1359 ι

2206 1413 2317 1449 rum
2343 1398 2549 1451 insidias
2586 1400 2805 1453 veritatis
2830 1401 3006 1456 virtute
3025 1413 3298 1473 pugnante,
3331 1406 3470 1460 nullo
3492 1408 3639 1461 modo
3660 1410 3785 1461 mihi

2207 1488 2473 1541 uerendum
2511 1490 2679 1559 putavi
2698 1531 2713 1551 .
2759 1507 2820 1544 ne
2860 1509 3097 1553 onerosus
3126 1496 3215 1557 tibi
3239 1506 3327 1557 aut
3363 1498 3677 1569 importunus
3707 1518 3785 1554 es.

2206 1595 2311 1632 sem
2335 1580 2387 1633 in
2409 1597 2466 1633 eo
2489 1621 2504 1646 ,
2544 1582 2679 1651 quod
2706 1583 2773 1635 ad
2802 1585 3069 1645 multorum
3096 1588 3307 1650 salutem
3326 1631 3343 1655 ,
3384 1607 3443 1650 ac
3475 1594 3679 1663 perinde
3716 1598 3784 1663 ad

2210 1671 2441 1740 pietatem
2481 1681 2621 1725 tuam
2660 1675 2866 1740 pertinet
2890 1690 2909 1729 :
2934 1692 3045 1729 cum
3072 1678 3235 1747 potius
3263 1697 3403 1735 reum
3435 1686 3659 1752 futurum
3682 1701 3789 1743 esse

2208 1779 2288 1815 me
2310 1763 2558 1816 crederent
2581 1806 2596 1831 ,
2618 1765 2663 1817 si
2686 1782 2743 1818 ea
2770 1782 2881 1835 quae
2903 1768 3048 1821 valde
3075 1770 3353 1839 perniciosa
3385 1788 3491 1826 esse
3517 1774 3785 1845 intelligo,

2209 1852 2276 1905 ad
2312 1854 2575 1921 specialem
2601 1864 2865 1925 patronum
2892 1858 3013 1926 ﬁdei
3036 1875 3136 1913 non
3160 1859 3395 1930 referrem
3422 1862 3613 1933 (Epist.
3642 1864 3747 1929 225
3766 1908 3784 1931 ,

2208 1959 2260 1995 η.
2291 1942 2364 2015 ι).

2279 2034 2332 2093 2.
2366 2035 2584 2093 Moleste
2614 2038 2733 2093 tulit
2756 2039 3077 2108 Augustinus
3100 2082 3117 2108 ,
3146 2042 3289 2112 quod
3315 2043 3507 2099 divinis
3527 2046 3784 2116 eloquiis,

2209 2125 2398 2193 quibus
2426 2127 2519 2182 Dei
2557 2130 2724 2198 gratia
2749 2130 3082 2199 praedicatur,
3114 2147 3233 2201 qua:
3257 2135 3472 2190 omnino
3501 2136 3644 2190 nulla
3667 2149 3747 2191 est
3767 2178 3785 2205 ,

2210 2217 2257 2279 si
2285 2218 2574 2275 secundum
2613 2221 2800 2276 merita
2830 2231 3011 2277 nostra
3048 2222 3224 2291 datur,
3254 2232 3360 2279 tam
3399 2226 3580 2281 multis
3616 2229 3787 2281 mani-

2211 2307 2462 2378 festisque
2498 2324 2603 2363 non
2641 2310 2920 2367 cederetur
2962 2331 2975 2366 :
3008 2312 3256 2383 Prosperi
3300 2325 3475 2371 tamen
3512 2328 3566 2371 et
3607 2318 3787 2374 ililarii

2209 2398 2384 2453 studio
2402 2441 2416 2463 ,
2443 2414 2507 2454 ac
2526 2400 2607 2469 pia
2628 2415 2753 2471 erga
2780 2411 3020 2457 errantes
3048 2418 3173 2458 cura
3204 2413 3377 2459 motus
3406 2416 3516 2474 est,
3558 2418 3614 2461 ut
3656 2408 3789 2463 isto-

2211 2504 2328 2542 rum
2354 2503 2511 2543 causa
2528 2530 2547 2556 ,
2567 2499 2687 2559 post
2716 2500 2791 2545 tot
2815 2491 2978 2547 libros
3003 2502 3058 2549 et
3080 2493 3329 2563 epistolas
3358 2495 3425 2549 de
3445 2494 3546 2549 hac
3564 2512 3620 2551 re
3639 2512 3786 2563 suas,

2208 2580 2382 2635 adhuc
2405 2590 2583 2650 ageret
2602 2622 2617 2646 ,
2643 2583 2782 2652 quod
2805 2598 2868 2638 se
2892 2584 3019 2638 satis
3040 2585 3215 2655 egisse
3243 2586 3492 2644 credebat
3518 2587 3620 2657 (De
3636 2587 3789 2643 Prw-

2209 2671 2334 2725 dest.
2358 2672 2540 2739 sana,
2569 2673 2655 2726 lib.
2686 2675 2708 2727 l
2735 2715 2750 2739 ,
2783 2690 2871 2727 nn.
2906 2676 2930 2729 l
2956 2717 2970 2739 ,
3001 2674 3081 2747 2).
3111 2676 3251 2731 Duos
3280 2678 3459 2747 itaque
3475 2679 3541 2733 ad
3571 2680 3787 2735 eosdem

2208 2762 2524 2831 Prosperum
2555 2771 2608 2821 et
2632 2764 2891 2822 Hilarium
2909 2766 3069 2820 libros
3098 2767 3169 2821 De
3190 2767 3645 2831 Praedestinatione
3666 2789 3788 2828 san-

2208 2862 2401 2906 ciorum
2418 2854 2629 2923 scripsit
2647 2896 2662 2922 ,
2697 2855 2796 2909 hoc
2815 2856 3001 2912 ambos
3022 2858 3173 2919 titulo
3206 2860 3468 2931 (quamvis
3490 2862 3678 2917 horum
3705 2865 3788 2923 al-

2209 2950 2289 2997 ter
2316 2958 2457 2998 nunc
2486 2945 2643 3014 vulgo
2674 2944 2749 2999 De
2772 2945 2922 3000 Dono
2953 2951 3330 3015 perseverantia:
3357 2952 3637 3024 vocitatur)
3681 2969 3787 3008 non

2208 3031 2399 3101 injuria
2455 3043 2776 3102 praenotatos
2832 3035 3084 3107 (Admon.
3138 3040 3191 3093 in
3237 3039 3323 3099 lib.
3363 3042 3397 3094 2
3434 3042 3496 3095 de
3539 3042 3783 3107 Prwdest.

2206 3131 2391 3187 sanct.,
2419 3132 2467 3177 et
2497 3121 2713 3194 Prtefat.
2738 3125 2791 3179 in
2816 3136 2936 3187 tom.
2963 3127 3029 3182 10
3048 3167 3062 3191 ,
3092 3144 3207 3199 cap.
3238 3130 3327 3199 29)
3364 3148 3377 3183 :
3409 3147 3530 3195 cum
3557 3133 3609 3187 in
3638 3144 3789 3189 utro-

2206 3229 2308 3283 que
2335 3224 2524 3277 sancto
2548 3216 2759 3271 Doctori
2785 3232 2979 3287 scopus
3004 3219 3105 3286 sit,
3138 3219 3391 3276 Ecclesia:
3418 3224 3691 3291 catholicae
3718 3226 3788 3280 de

2207 3303 2673 3372 prtedestinatione
2693 3346 2708 3372 ,
2737 3321 2840 3376 qua
2870 3323 2966 3362 nos
2988 3308 3130 3363 Deus
3150 3311 3336 3381 elegit,
3367 3328 3473 3366 non
3505 3314 3629 3383 quia
3661 3329 3785 3381 san,-

2205 3396 2275 3452 cti
2302 3392 2463 3449 futuri
2483 3410 2725 3460 eramus,
2753 3396 2847 3460 sed
2866 3439 2880 3462 ,
2911 3397 3354 3467 quemadmodum
3381 3403 3667 3470 Apostolus
3692 3405 3787 3470 do~

2205 3497 2309 3554 cet,
2341 3497 2401 3541 ut
2419 3489 2587 3542 sancti
2612 3503 2851 3545 essemus
2884 3490 3095 3562 (Ephes.
3122 3509 3138 3546 ι
3161 3533 3174 3557 ,
3202 3493 3296 3565 4),
3326 3494 3620 3552 doctrinam
3654 3500 3787 3555 tueri

2210 3577 2309 3650 (De
2333 3577 2580 3632 Prtedest.
2622 3590 2807 3647 sanct.,
2830 3597 2886 3635 η.
2918 3582 3081 3643 55-59
3101 3624 3115 3650 ,
3146 3592 3194 3637 et
3227 3583 3305 3639 De
3340 3584 3486 3641 Dono
3517 3604 3785 3655 pet-seven,

2206 3686 2293 3722 nn.
2334 3669 2432 3733 '54,
2460 3669 2559 3734 48,
2599 3669 2761 3741 etc.);
2803 3671 3040 3741 duosque
3077 3683 3261 3730 contra
3299 3676 3443 3730 illam
3484 3679 3787 3748 singillatim

2205 3759 2504 3824 convellere
2523 3775 2734 3815 errores
2757 3760 3029 3817 Gallorum
3050 3805 3065 3830 ,
3088 3767 3179 3835 qui
3193 3773 3256 3821 ut
3273 3782 3338 3822 ex
3364 3768 3614 3840 Prosperi
3638 3771 3788 3830 Hila-

2205 3849 2374 3919 riique
2400 3848 2589 3905 litteris
2615 3849 2912 3921 intelligere
2931 3862 3063 3921 erat,
3088 3863 3143 3909 et
3167 3856 3373 3911 initium
3398 3858 3550 3923 ﬁdei,
3578 3868 3632 3914 et
3654 3875 3791 3929 prte-

2207 3946 2351 3995 terca
2379 3954 2541 4008 usque
2571 3939 2621 3993 in
2665 3940 2825 3995 ﬁnem
2873 3947 3351 4015 perseverantiam,
3396 3950 3473 4003 sic
3515 3951 3573 4011 in
3607 3961 3789 4008 nostra

2204 4029 2594 4084 constituebant
2630 4039 2923 4100 potestate,
2954 4041 3016 4086 ut
3059 4034 3151 4089 Dei
3193 4036 3331 4092 dona
3360 4054 3479 4095 esse
3504 4056 3607 4095 non
3638 4053 3792 4112 puta-

2205 4129 2355 4187 rent;
2384 4136 2558 4190 neque
2582 4122 2647 4175 ad
2675 4122 2788 4176 hzec
2826 4122 3064 4179 habenda
3102 4137 3259 4196 atque
3300 4130 3577 4185 retinenda
3622 4133 3789 4188 Deum

2205 4214 2413 4282 operari
2443 4223 2652 4269 nostras
2675 4216 3021 4284 cogitationes
3049 4227 3101 4271 et
3124 4219 3452 4275 voluntates:
3475 4224 3572 4277 etsi
3597 4233 3790 4279 caetera

2205 4305 2375 4373 ipsum
2403 4304 2532 4360 dare
2562 4307 2950 4370 concederent,
2980 4325 3098 4363 cum
3121 4311 3187 4363 ab
3212 4312 3303 4365 illo
3327 4313 3655 4368 credentium
3685 4314 3790 4383 lich

2207 4398 2554 4464 impetrantur
2585 4395 2684 4467 (De
2708 4396 2857 4451 Dono
2882 4415 3153 4467 persever.,
3183 4418 3235 4453 η.
3264 4402 3379 4472 42).
3416 4404 3593 4457 Primo
3632 4406 3780 4475 igitur
3805 4442 3817 4451 ο

2206 4485 2341 4539 libro
2366 4485 2522 4541 docet
2545 4488 2901 4555 Augustinus,
2931 4488 3127 4543 donum
3175 4491 3267 4545 Dei
3312 4507 3430 4547 esse
3466 4508 3569 4548 non
3614 4496 3787 4549 solum

2204 4578 2586 4634 incrementum
2610 4619 2624 4645 ,
2657 4578 2748 4633 sed
2778 4580 2937 4633 etiam
2980 4580 3183 4635 initium
3227 4582 3347 4637 fidei
3381 4601 3393 4636 :
3425 4586 3587 4653 gratia
3634 4585 3787 4640 duri-

2206 4669 2331 4723 tiam
2366 4668 2547 4723 cordis
2584 4668 2811 4735 anferri;
2854 4678 2909 4726 et
2943 4670 3010 4725 ad
3035 4671 3301 4727 Christum
3341 4677 3524 4730 venire
3563 4692 3751 4731 omnes
3780 4721 3794 4743 ,

2202 4759 2292 4826 qui
2321 4773 2349 4810 a
2381 4758 2535 4812 Patre
2571 4758 2828 4817 docentur
2854 4770 2911 4814 ut
2938 4762 3152 4816 veniant
3179 4780 3191 4816 :
3221 4779 3355 4833 quos
3382 4773 3560 4821 autem
3590 4766 3747 4821 docet
3779 4808 3794 4830 ,

2203 4848 2565 4902 misericordia
2581 4848 2794 4914 docere;
2812 4859 2864 4905 et
2885 4866 3017 4920 quos
3042 4868 3146 4913 non
3162 4852 3337 4921 docet,
3355 4855 3557 4925 judicio
3574 4872 3677 4911 non
3694 4857 3788 4909 (lu-

2201 4951 2344 4993 cere.
2359 4937 2602 4997 Ostendit
2614 4940 2738 5009 quid
2764 4942 2970 4996 intersit
2988 4943 3127 4998 inter
3144 4945 3365 5014 gratiam
3383 4955 3436 5000 et
3450 4948 3787 5017 praedestina-

2202 5027 2400 5084 tionem
2435 5047 2448 5083 :
2479 5044 2637 5098 porro
2672 5031 3135 5099 praedestinatione
3160 5035 3325 5089 Deum
3348 5050 3415 5104 ea.
3438 5038 3785 5106 prmscivisse,

2202 5134 2321 5189 quae
2344 5127 2488 5173 esset
2507 5120 2620 5188 ipse
2649 5120 2901 5176 facturus.
2926 5123 3414 5181 Praedestinationis
3433 5127 3787 5189 adversarios,

2201 5212 2288 5278 qui
2306 5224 2365 5263 se
2375 5209 2441 5263 ad
2457 5209 2713 5266 incertum
2732 5212 3018 5272 voluntatis
3040 5214 3133 5268 Dei
3154 5214 3339 5269 deduci
3361 5216 3500 5271 nolle
3520 5214 3788 5280 dicuntur,

2202 5303 2423 5360 miratur
2433 5303 2589 5358 malle
2602 5318 2659 5359 se
2671 5305 2812 5374 ipsos
2825 5304 3110 5362 inﬁrmitati
3123 5322 3414 5377 sum,quam
3431 5308 3661 5362 ﬁrmitati
3677 5324 3785 5375 pro,

2202 5393 2469 5447 missionis
2496 5394 2589 5447 Dei
2614 5397 2968 5451 committere.
3002 5396 3198 5451 Gratia:
3224 5406 3279 5452 et
3310 5397 3784 5466 prazdestinationis

2203 5484 2477 5539 veritatem
2526 5483 2682 5539 docet
2727 5487 2964 5541 relucere
3002 5487 3056 5540 in
3098 5488 3330 5559 parvulis
3360 5489 3452 5557 qui
3498 5487 3783 5551 salvantur.

2203 5574 2360 5629 nullis
2383 5575 2492 5630 suis
2522 5577 2724 5631 meritis
2743 5577 2954 5632 discreti
2982 5593 3011 5631 a
3036 5580 3241 5634 ueteris
3267 5578 3353 5649 qui
3385 5586 3642 5649 pereunt;
3683 5594 3783 5631 non

2204 5668 2345 5724 enim
2372 5667 2507 5724 inter
2548 5683 2639 5725 eos
2673 5669 2908 5727 discerni
2953 5685 3016 5725 ex
3064 5669 3397 5741 priescicntia
3441 5668 3783 5738 meritorum,
