2058 3183
229 198 289 226 quae
301 189 323 218 si
337 188 438 217 diutius
450 188 570 215 viverent
578 205 586 219 .
600 186 704 214 fuerant
716 183 831 212 habituri
845 193 852 215 :
868 183 1016 219 praeclaris-

229 237 325 264 simum
346 239 436 263 autem
449 232 599 267 exemplum
620 230 858 266 praedestinationis
879 234 906 257 et
925 230 1017 264 gratiae

229 290 288 310 esse
302 282 389 316 ipsum
409 280 583 308 Salvatorem.
606 278 723 312 Denique
738 276 937 312 prtedestinatos
955 280 1017 304 ante

229 327 319 355 mundi
333 325 549 354 constitutionem
566 324 665 351 electos
687 330 764 356 esse,
786 330 839 350 non
857 322 918 357 quia
931 321 1017 349 credi~

228 374 281 401 turi
297 372 502 408 praesciebantur
526 374 553 397 et
574 369 654 397 futuri
675 369 776 400 sancti,
791 368 838 396 sed
852 372 879 395 ut
892 368 958 395 tales
971 374 1015 395 es-

227 423 289 447 sent
301 426 348 453 per
362 417 518 445 electionem
533 416 633 451 gratiae.
657 415 685 443 In
707 414 824 442 secundo
835 414 903 442 libro
923 413 1016 449 probat

227 463 451 499 perseverantiam
472 462 541 489 illam
552 481 559 493 ,
573 468 623 496 qua
638 460 664 488 in
678 460 784 488 Christo
797 467 881 495 usque
894 459 920 486 in
936 459 1014 487 finem

226 512 421 544 perseveratur,
435 515 495 535 esse
505 507 603 534 donum
623 506 670 533 Dei
687 514 693 533 :
708 505 779 540 quod
790 505 896 540 quidem
915 504 1014 532 donum

225 555 380 589 suppliciter
393 553 505 581 emereri
528 557 627 587 potest,
652 551 697 579 sed
722 559 782 578 cum
806 552 894 578 datum
919 550 1012 583 fuerit,

224 600 309 627 amitti
322 599 511 627 contumaciter
526 606 576 625 non
590 602 686 632 potest.
710 597 774 624 lllud
794 605 845 624 non
866 596 1012 624 secundum

225 645 410 680 accipientium
424 644 527 676 merita,
542 644 587 670 sed
602 643 660 669 aliis
676 642 722 669 Dei
743 642 924 669 misericordia
945 642 1011 672 dari,

223 690 284 717 aliis
294 690 366 724 justo
380 690 436 724 ejus
449 689 547 723 judicio
560 696 611 715 non
625 688 690 714 dari.
703 687 756 715 Cur
768 695 800 714 ex
815 687 957 721 majoribus
970 687 1013 713 ille

224 736 311 770 potius
322 743 399 770 quam
415 736 462 761 iste
476 738 594 767 vocetur,
610 729 829 768 quemadmodum
844 737 870 759 et
892 740 923 759 ex
947 732 1013 759 duo-

224 781 273 808 bus
295 781 427 815 parvulis,
443 787 490 807 cur
513 780 562 806 iste
585 784 749 810 assumatur,
772 778 815 804 ille
839 778 1010 812 relinquatur,

223 826 410 858 inscrntabile;
426 825 620 852 insorutabilius
630 831 709 856 vero,
725 831 771 850 cur
785 831 816 850 ex
828 823 931 849 duobus
946 822 1010 856 piis,
1033 842 1036 845 .

222 872 285 899 huic
300 878 470 906 perseverare
491 870 612 901 donetur,
629 877 681 895 non
699 869 734 895 illi
750 877 756 894 :
779 868 825 894 sed
846 867 908 894 illud
923 872 1009 894 tamen

222 917 400 944 certissimum
412 936 418 947 ,
434 915 502 941 hunc
516 922 575 941 esse
591 922 621 940 ex
636 913 844 947 prmdcstinatis,
865 913 935 938 illum
958 920 1008 939 notl

222 970 291 989 esse.
314 962 407 988 Postea
431 960 528 987 refellit
542 959 611 993 quod
627 958 768 985 adversarii
780 958 893 992 jactant,
907 957 1009 991 prmde-

222 1007 373 1035 stinationis
386 1006 568 1033 definitionem
581 1011 640 1031 esse
656 1004 759 1030 utilitati
773 1001 961 1029 exhortationis
984 1007 1010 1029 et

221 1052 397 1087 correptimiis
412 1051 549 1077 adversam
565 1059 571 1076 ε
586 1050 680 1076 asserit
693 1052 783 1076 contra
799 1048 1008 1082 praedestinatio-

221 1106 282 1125 nem
298 1098 398 1124 utiliter
416 1095 552 1130 prmdicari
564 1116 570 1127 ,
585 1099 614 1121 ut
628 1095 706 1121 homo
719 1101 770 1120 non
785 1094 810 1119 in
827 1101 855 1120 se
876 1093 948 1127 ipso,
963 1092 1009 1119 sed

221 1143 248 1169 in
265 1143 376 1169 Domino
389 1142 524 1176 glorietur.
541 1141 604 1173 Quae
623 1139 656 1166 ab
672 1139 722 1165 illis
735 1143 825 1165 contra
838 1138 1008 1172 prmdcstina-

222 1189 320 1215 tionem
336 1187 512 1220 objectantur,
533 1185 623 1212 cadent
637 1185 678 1211 vel
692 1189 783 1211 contra
804 1184 849 1210 Dei
867 1183 1008 1216 prtescien-

222 1235 282 1261 tiam
293 1255 299 1265 ,
315 1234 354 1260 vel
372 1238 462 1260 contra
483 1232 591 1266 gratiam
605 1232 676 1257 illam
686 1251 693 1262 ,
707 1238 785 1265 quam
808 1234 918 1263 excepto
933 1229 1009 1255 initio

222 1279 282 1307 tidei
295 1284 321 1306 et
337 1278 538 1313 perseverantia:
560 1276 737 1311 perfectione,
753 1274 928 1302 necessariam
950 1281 1009 1301 esse

220 1325 406 1356 consentiunt,
422 1331 500 1358 posse
514 1323 648 1357 objectari.
662 1321 924 1348 Przedestinationem
938 1321 1008 1346 enim

219 1375 373 1397 sanctorum
389 1369 453 1396 nihil
468 1369 538 1395 aliud
552 1375 611 1394 csso
622 1388 628 1399 ,
642 1375 719 1401 quam
734 1366 949 1400 prteparationem
963 1365 1009 1392 be-

221 1417 376 1443 neficiorum
389 1416 444 1448 Dei,
454 1415 547 1449 quibus
561 1414 707 1440 certissime
721 1413 876 1443 liberantur,
890 1412 1009 1446 quicum-

219 1470 272 1497 que
285 1462 439 1489 liberantur.
456 1461 551 1487 Verum
566 1459 825 1494 prmdestinationem
839 1465 953 1491 congrua
966 1464 1009 1483 ra-

220 1508 292 1535 tione
306 1506 444 1542 przedicari
463 1506 537 1539 jubet
548 1526 554 1535 .
571 1512 601 1531 ac
614 1512 666 1531 non
682 1512 714 1531 eo
729 1507 804 1538 pacto
814 1524 820 1536 ,
834 1507 864 1529 ut
878 1503 946 1537 apud
960 1502 1008 1528 im-

219 1553 332 1587 peritam
352 1551 545 1578 multitudinem
561 1549 682 1583 redargui
696 1549 750 1583 ipsa
765 1548 949 1582 praedicatione
971 1548 1009 1574 vi-

219 1597 323 1624 deatur.
363 1596 500 1623 Postremo
531 1595 737 1621 illustrissimum
771 1593 1008 1628 praedestinationis

219 1642 369 1676 exemplum
385 1642 461 1668 nobis
473 1641 585 1675 positum
607 1640 641 1666 ob
660 1640 751 1667 oculos
764 1640 903 1666 Dominum
918 1640 1007 1666 Jesum

220 1695 313 1714 rursus
328 1687 502 1714 commendat.
520 1686 565 1712 llis
589 1685 733 1720 prmsertim
756 1692 787 1711 ex
811 1684 885 1711 libris
903 1685 1007 1718 agnosci

219 1732 303 1759 voluit
325 1732 476 1759 Hormisdas
501 1739 583 1766 papa,
608 1730 670 1765 quid
692 1730 809 1756 Romana
831 1733 857 1756 ct
880 1730 1007 1757 catholica

219 1777 336 1804 Ecclesia
351 1777 382 1804 de
400 1777 485 1804 libero
502 1776 610 1803 arbitrio
623 1780 649 1802 ct
668 1776 751 1810 gratia
766 1775 813 1802 Dei
833 1776 1005 1809 profiteatur:

217 1825 293 1858 cujus
313 1825 467 1851 auctoritate
483 1824 564 1851 libros
577 1824 683 1850 eosdem
699 1824 814 1858 episcopi
831 1824 945 1850 Africani
960 1831 1008 1858 pro

219 1870 271 1897 lide
283 1870 309 1896 in
323 1870 442 1897 Sardinia
457 1870 562 1896 exsules
581 1869 693 1895 maxime
708 1868 894 1895 commendant
914 1869 938 1895 in
954 1869 1009 1902 epi-

217 1915 284 1941 stola
298 1914 432 1949 synodica.
448 1914 507 1940 Prw
520 1914 641 1944 omnibus,
655 1914 783 1947 inquiunt,
798 1914 908 1939 studium
921 1914 1006 1948 gerite,

217 1960 294 1987 libros
306 1961 386 1987 sancti
401 1960 532 1994 Augustini
543 1980 549 1991 ,
562 1968 622 1994 quos
634 1959 666 1985 (ul
681 1959 833 1993 Prosperum
844 1965 866 1985 et
882 1959 1007 1986 Hilarium

215 2006 333 2040 scripsit,
349 2006 491 2031 memoratis
516 2005 635 2039 fratribus
660 2004 775 2038 legendos
796 2005 915 2039 ingerere.
941 2005 1008 2037 Quo-

215 2059 272 2077 rum
284 2052 433 2078 mentionem
448 2052 523 2077 beata:
536 2051 660 2076 memoria;
674 2049 808 2075 Ilormisda
821 2050 895 2077 Sedis
908 2056 1007 2085 aposto-

216 2097 273 2123 lica
291 2097 414 2131 glariosus
433 2097 548 2127 antistes,
570 2097 596 2121 in
611 2096 716 2129 epistola
729 2104 803 2129 quam
823 2097 960 2122 consulenti
980 2105 1007 2123 se

215 2147 304 2169 sancto
319 2143 393 2177 fratri
413 2142 630 2176 consacerdotique
650 2147 733 2167 nostra
756 2141 898 2168 Posscssori
918 2143 1006 2168 rescri-

214 2187 280 2221 psit,
303 2195 359 2213 cum
384 2196 474 2221 magno
492 2187 616 2221 prazconio
637 2187 766 2213 catholicae
788 2186 869 2213 laudis
891 2188 1002 2213 inseruit.

213 2230 296 2265 Cujus
308 2232 360 2258 ltwc
370 2233 440 2258 verba
451 2237 507 2258 sunt
520 2240 528 2258 :
542 2241 550 2256 (
566 2232 603 2257 De
617 2232 719 2258 arbitrio
732 2237 814 2258 tamen
826 2232 901 2258 libero
912 2238 934 2258 ct
947 2242 1004 2267 gru-

214 2277 251 2302 tia
274 2276 319 2303 Dei
337 2279 398 2312 quid
419 2278 548 2308 "annum,
571 2278 617 2303 Itoc
638 2283 689 2308 est,
707 2278 829 2304 cnl/tolica
844 2284 962 2312 sequatur
981 2285 1004 2305 et

212 2329 294 2350 seruet
309 2324 435 2356 Ecclesia,
453 2325 506 2350 licet
520 2325 544 2350 in
559 2325 632 2350 curiis
648 2325 716 2350 libris
735 2324 799 2350 benti
816 2325 965 2359 Augustini,
981 2330 1003 2351 et

213 2371 324 2396 maxime
331 2370 364 2396 ad
374 2370 525 2404 Prospcrum
534 2374 554 2395 ct
567 2370 691 2396 Hilarium
699 2369 796 2395 ubttntlc
804 2371 879 2404 possit
890 2371 1000 2404 agnosci,

213 2420 297 2442 tamen
311 2419 335 2442 et
346 2416 370 2441 in
381 2415 478 2441 scriniis
489 2415 659 2441 ecclesiasticis
673 2423 788 2449 crprcssa
799 2415 909 2449 cupitqu
921 2416 1001 2441 conli-

212 2465 305 2486 ncntur
315 2460 583 2495 t(.-lppend.lonti10,
592 2460 673 2493 episc.
682 2460 796 2485 African.
810 2460 899 2493 cpist.,
910 2462 999 2493 n.17).

212 2505 266 2532 illis
281 2505 410 2540 Pelagiani
425 2506 523 2532 erroris
538 2506 655 2539 reliquiis
674 2514 725 2531 non
740 2506 893 2532 recordatur
913 2507 1001 2541 Augu-

212 2550 297 2576 stinus
312 2551 338 2577 in
355 2550 422 2577 libro
436 2551 468 2577 (le
484 2551 648 2577 llzcrcsibus:
664 2551 723 2584 quia
740 2555 838 2585 partem
854 2551 922 2578 banc
938 2559 1000 2585 0ρο-

211 2597 250 2624 ris
264 2597 297 2623 ad
315 2597 525 2630 Quodvultdcuiu
538 2618 544 2628 ,
559 2596 629 2631 quod
652 2597 735 2622 altero
755 2596 841 2623 adhuc
856 2597 923 2623 libro
935 2604 998 2623 cou-

212 2649 283 2670 stare
295 2643 425 2677 debebat,
438 2644 491 2677 jam
506 2643 615 2669 fortasse
628 2642 660 2668 ad
675 2642 826 2669 umbilicum
842 2642 996 2675 adduxerat,

211 2695 271 2714 cum
284 2687 408 2722 Prosperi
419 2694 445 2715 ct
460 2688 549 2714 llilarii
565 2687 663 2713 litteras
674 2687 787 2721 accepit.

246 2734 272 2760 5.
292 2733 359 2760 Cum
378 2734 466 2760 animo
489 2737 623 2767 reputaret
644 2732 841 2764 Quodvultdeus
861 2732 997 2766 Carthagi-

211 2779 301 2806 nensis
321 2779 464 2810 diaconus,
490 2783 586 2813 quanta
609 2779 690 2813 gratia
714 2778 782 2805 Deus
805 2778 996 2812 Hipponiensem

213 2823 369 2858 Episcopum
384 2824 415 2851 ad
431 2825 496 2851 alios
512 2823 685 2851 instituendos
697 2824 854 2855 domuerat;
872 2824 995 2857 illlL‘l'ftL'i'

905 126 1005 155 LIBER
1022 125 1190 157 OCTAVUS.

1069 183 1124 212 lare
1137 184 1275 218 eumdem,
1290 185 1365 213 senio
1386 185 1448 214 licet
1460 191 1488 215 et
1502 187 1654 216 inﬁrmitate
1673 191 1792 224 corporis
1815 192 1853 218 la-

1069 230 1226 263 borantem.
1246 231 1396 266 constituit,
1417 237 1555 267 rogaturus
1574 238 1603 261 ut
1627 234 1660 262 de
1679 236 1801 263 omnibus
1819 236 1854 267 ab

1067 276 1186 305 Ecclesia
1201 278 1305 305 condita
1328 279 1395 306 natis
1414 278 1558 311 bmresibus
1572 281 1749 308 narrationem
1764 285 1853 314 texat;

1067 322 1110 350 ubi
1126 331 1184 357 qua:
1194 323 1247 350 siut
1260 323 1363 351 illarum
1382 324 1518 359 dogmata,
1535 325 1630 360 quibus
1650 326 1817 360 opinionibus
1838 334 1854 354 a

1064 368 1176 396 Veritate
1189 369 1363 403 dissentiant,
1386 370 1510 405 quidnam
1534 371 1567 399 ad
1589 372 1659 406 ipsas
1680 372 1853 400 revincendas

1066 414 1200 449 Scriptura
1210 420 1237 443 et
1254 416 1322 444 ratio
1329 421 1451 451 suggerat
1462 436 1469 450 ,
1485 425 1536 452 qua
1548 418 1650 445 ratione
1663 418 1708 453 qui
1718 426 1764 446 eas
1775 419 1854 451 abju-

1066 465 1141 492 rant,
1155 460 1272 488 Ecclesia
1286 462 1427 497 suscipiat,
1441 470 1551 497 quarum
1566 463 1679 498 denique
1698 464 1742 491 illa
1761 465 1851 499 Bapti-

1066 513 1152 533 smum
1176 507 1297 534 admittat
1318 508 1358 535 vel
1381 513 1503 543 respuat,
1527 509 1561 536 ab
1580 509 1674 537 eodem
1694 515 1849 545 exponatur.

1065 551 1194 585 Quoniam
1205 557 1293 580 autem
1303 553 1448 589 Augustino
1457 554 1542 582 futura
1553 559 1610 582 erat
1620 556 1741 592 immensi
1752 556 1851 584 laboris

1065 597 1198 631 provincia
1213 598 1352 626 universas
1372 599 1487 626 hzcrcscs
1501 599 1638 632 refellere;
1652 600 1721 635 cogit
1739 608 1768 628 se
1782 608 1849 628 con-

1065 643 1138 669 tinuo
1163 642 1228 670 intra
1254 643 1388 671 breviores
1413 644 1509 672 limites
1535 645 1748 680 Quodvultdeus,
1767 655 1849 682 seque

1063 691 1216 714 contentum
1238 688 1293 715 fore
1312 692 1430 721 testatur,
1446 689 1524 717 modo
1538 690 1581 717 ille
1596 698 1643 725 per
1664 692 1848 725 compendium

1063 732 1184 764 adnotet,
1198 732 1345 767 eujusmodi
1358 734 1411 761 sint
1424 742 1513 761 earum
1535 735 1645 769 placita,
1664 743 1776 772 quamve
1798 736 1849 764 do-

1062 778 1173 804 ctrinam
1188 778 1316 805 catholica
1336 778 1451 806 Ecclesia
1465 778 1592 807 adversus
1605 780 1710 808 easdem
1727 786 1847 814 tueatur;

1062 822 1107 857 qui
1119 823 1273 857 ampliorem
1286 824 1461 859 cognitionem
1471 830 1613 858 cuperent,
1628 826 1755 854 mittendo
1768 827 1801 854 ad
1817 828 1849 854 il—

1062 869 1101 895 las
1113 869 1311 903 disputationes,
1329 877 1394 904 quas
1410 869 1451 896 vel
1474 870 1528 904 ipse
1546 870 1592 897 Vir
1612 876 1733 903 sanctus,
1749 872 1788 899 vel
1802 872 1847 899 alii

1062 921 1141 948 super
1169 914 1263 942 eodem
1291 919 1447 949 argumento
1475 915 1685 943 lucubraverant.
1707 917 1755 944 llic
1773 917 1848 944 labor

1062 959 1130 986 haud
1145 960 1224 987 dubie
1243 964 1346 994 poterat
1363 960 1501 987 utilitatem
1526 968 1578 988 non
1601 961 1775 995 mediocrem,
1791 968 1845 990 tum

1052 1004 1242 1035 .rudibus,tum
1254 1005 1319 1039 ipsis
1333 1005 1412 1032 etiam
1427 1005 1538 1033 eruditis
1553 1006 1647 1033 afferre
1660 1015 1666 1032 :
1680 1007 1803 1041 quocirca
1816 1007 1849 1035 il-

1062 1050 1114 1076 lum
1127 1054 1155 1077 ut
1171 1055 1278 1077 sanctus
1297 1051 1391 1077 Doctor
1406 1059 1439 1078 ne
1453 1051 1598 1085 detrectet,
1614 1060 1674 1079 eum
1688 1060 1736 1087 per
1750 1052 1849 1080 Christi

1061 1104 1172 1128 nomen,
1188 1097 1232 1131 qui
1250 1096 1356 1124 doctum
1372 1097 1429 1124 sine
1446 1097 1586 1128 invidentia
1599 1105 1658 1125 esse
1676 1098 1725 1133 ipsi
1739 1106 1848 1126 conces-

1060 1146 1145 1174 serat,
1160 1141 1316 1168 obtestatur.
1328 1142 1384 1168 Nou
1401 1142 1526 1170 diffitetur
1539 1143 1645 1177 quidem
1663 1143 1846 1178 gravissimum

1060 1192 1127 1212 onus
1142 1185 1277 1220 imponere
1291 1193 1335 1217 se,
1359 1187 1466 1214 meliora
1482 1188 1623 1221 cogitanti,
1647 1192 1675 1215 et
1697 1179 1847 1222 disponenti

1060 1231 1160 1265 majora
1180 1237 1272 1259 sancto
1292 1232 1364 1265 seni,
1382 1237 1408 1259 et
1428 1234 1548 1267 querelas
1562 1234 1681 1268 corporis
1694 1234 1846 1262 sustinenti.

1060 1277 1113 1304 Sed
1122 1285 1161 1303 me
1174 1277 1301 1309 animum,
1316 1277 1353 1304 ait
1366 1277 1419 1308 ille,
1434 1277 1600 1305 Beatitudinis
1613 1283 1661 1305 tutu
1675 1278 1844 1305 benevolentia

1059 1322 1173 1349 omnibus
1187 1322 1367 1357 comprobata:
1381 1330 1457 1357 quam
1472 1322 1531 1349 dum
1545 1323 1673 1350 considera
1685 1344 1692 1355 ,
1714 1325 1794 1359 nmgis
1813 1324 1847 1350 ti-

1059 1368 1111 1394 mui
1120 1388 1128 1401 ,
1144 1375 1176 1394 ne
1192 1376 1242 1395 non
1255 1368 1361 1402 petendo
1373 1368 1495 1403 superbus
1505 1389 1512 1401 ,
1530 1375 1581 1395 non
1593 1370 1724 1403 querendo
1737 1370 1846 1396 desidio-

1059 1421 1118 1446 sus,
1139 1421 1189 1440 mm
1207 1413 1331 1448 pulsando
1350 1414 1419 1449 piger
1437 1422 1453 1440 a
1473 1413 1579 1440 Domino
1592 1414 1723 1448 judicarer
1741 1415 1845 1450 (Epist.

1060 1457 1108 1485 221
1121 1477 1128 1489 ,
1142 1466 1169 1494 n.
1183 1457 1221 1493 Ι).
1235 1457 1399 1493 Cogitaverat
1415 1458 1569 1493 jamdudum
1585 1460 1759 1494 Augustinus,
1777 1460 1846 1488 hunc

1060 1503 1133 1530 illum
1147 1503 1263 1530 laborem
1276 1503 1427 1538 suscipere;
1441 1511 1472 1530 ac
1485 1512 1544 1531 cum
1563 1503 1654 1539 utique
1671 1505 1829 1539 suscepisset
1838 1526 1845 1536 ,

1060 1549 1112 1576 nisi
1128 1556 1257 1583 perpensa
1279 1549 1318 1576 rei
1337 1547 1506 1582 difficultate,
1522 1549 1585 1578 illud
1598 1551 1687 1577 oneris
1701 1550 1770 1577 vires
1785 1557 1847 1577 suas

1060 1595 1136 1630 longe
1150 1602 1276 1630 superare
1288 1599 1359 1622 esset
1372 1595 1514 1622 arbitratus
1527 1594 1576 1631 (De
1592 1594 1689 1622 Ha’res.
1699 1615 1706 1627 ,
1721 1595 1845 1631 prwfat.).

1059 1640 1158 1668 Nactus
1170 1641 1249 1676 igitur
1267 1642 1490 1675 opportunitatem
1513 1640 1687 1675 Hipponensis
1708 1641 1846 1674 cujusdam

1060 1686 1176 1721 primarii
1191 1686 1256 1713 civis
1265 1706 1272 1718 ,
1287 1686 1328 1713 cui
1340 1694 1434 1713 nomen
1445 1685 1579 1713 Pliilocalo
1592 1685 1685 1721 (Epist.
1696 1686 1757 1720 2‘22,
1768 1695 1794 1713 η.
1807 1688 1845 1721 Ι),

1059 1731 1198 1758 confestim
1208 1731 1241 1758 ad
1254 1731 1464 1764 Quodvultdequ
1479 1731 1632 1766 epistolam,
1646 1739 1705 1766 qua:
1720 1733 1846 1767 temporis

1060 1776 1153 1811 injuria
1167 1776 1269 1811 perdita
1281 1780 1341 1808 est,
1354 1776 1435 1808 misit,
1457 1784 1508 1811 qua
1531 1777 1567 1803 illi
1589 1778 1747 1811 postulatum
1771 1778 1844 1805 nimii

1060 1822 1158 1849 laboris
1169 1821 1311 1856 acutegotii
1325 1829 1385 1850 esse
1399 1822 1434 1849 ob
1448 1822 1537 1853 oculos
1550 1823 1672 1856 ponebat.
1688 1822 1754 1850 ltuic
1767 1823 1844 1850 aliam

1059 1867 1149 1902 paucis
1164 1870 1224 1901 post
1235 1866 1329 1897 diebus
1343 1866 1439 1901 adjecit
1457 1874 1504 1902 per
1517 1874 1593 1893 suum
1607 1866 1747 1901 quemdam
1762 1867 1845 1903 hypo.

1058 1912 1198 1939 diaconum
1208 1931 1215 1944 ,
1230 1918 1309 1946 quem
1324 1910 1510 1946 Carthaginem
1535 1911 1664 1945 proficisci
1678 1919 1756 1938 causa
1771 1920 1844 1947 qua:-

1060 1957 1128 1992 piam
1157 1957 1288 1992 adigebat.
1315 1957 1393 1985 Hisce
1417 1957 1509 1984 litteris
1528 1956 1659 1984 hazrcsum
1678 1957 1811 1992 catalogos
1829 1966 1844 1984 a

1059 2002 1200 2030 Pliilastrio
1223 2006 1302 2037 atque
1325 2001 1472 2037 Epiphanio
1487 2002 1542 2037 jam
1567 2002 1737 2030 concinnatos
1762 2002 1844 2030 fuisse

1060 2053 1186 2082 testatur;
1202 2056 1312 2084 quarum
1332 2049 1355 2076 si
1375 2048 1504 2076 minorem
1519 2056 1657 2076 numerum
1669 2048 1842 2083 Epiphanius,

1058 2094 1199 2121 Philastrio
1215 2094 1294 2129 longe
1307 2094 1419 2127 doctior,
1435 2094 1622 2127 constitueret,
1638 2094 1663 2121 id
1684 2094 1746 2121 hinc
1768 2094 1825 2122 ﬁeri
1835 2115 1842 2126 ,

1057 2139 1128 2174 quod
1140 2140 1175 2166 sit
1187 2139 1403 2174 operosissimum
1413 2160 1421 2173 ,
1436 2139 1561 2174 quidnam
1580 2147 1629 2174 pro
1643 2139 1736 2167 hwresi
1753 2140 1843 2167 haberi

1056 2186 1169 2219 debeat,
1184 2185 1354 2220 pronuntiare
1370 2184 1380 2222 (
1393 2185 1461 2212 Ibid.
1474 2206 1482 2219 ,
1497 2194 1523 2213 η.
1539 2185 1583 2222 2).
1598 2186 1720 2213 Paratum
1748 2194 1778 2214 se
1801 2187 1843 2213 di-

1056 2232 1092 2259 cit
1117 2231 1151 2259 ad
1171 2239 1232 2258 eum
1252 2231 1430 2259 transmittere
1449 2231 1588 2266 Epipltanii
1600 2231 1711 2264 librum,
1726 2239 1841 2267 grtecum

1057 2277 1130 2304 illum
1143 2276 1264 2311 quidem,
1278 2276 1325 2304 sed
1335 2284 1413 2311 quem
1428 2276 1508 2303 latine
1522 2276 1566 2311 qui
1579 2276 1717 2310 redderet,
1731 2277 1842 2304 Cartha-

1055 2323 1116 2358 gine
1129 2323 1204 2350 nullo
1218 2323 1323 2357 negotio
1333 2323 1470 2358 reperiret.
1486 2322 1555 2350 Petit
1567 2331 1580 2349 a
1592 2323 1774 2356 Quodvultdeo
1785 2325 1840 2351 Au-

1055 2368 1192 2403 gustinus,
1212 2372 1241 2395 ut
1259 2368 1309 2395 sibi
1334 2368 1366 2395 de
1390 2368 1552 2401 Theodosio,
1578 2369 1663 2404 deque
1690 2369 1841 2397 Mauicbznis

1047 2422 1122 2449 quos
1140 2414 1185 2441 hic
1208 2414 1375 2448 prodiderat,
1398 2421 1429 2441 ac
1452 2414 1485 2441 de
1508 2414 1671 2448 profectione
1689 2419 1839 2442 sanctorum

1053 2460 1237 2494 episcbporum
1260 2460 1367 2487 scribat.
1392 2460 1429 2487 De
1453 2459 1601 2487 Theodosio
1625 2460 1675 2487 isto
1693 2468 1771 2494 supra
1786 2461 1841 2495 egi-

1054 2513 1112 2532 mus
1128 2505 1195 2540 (Lib.
1210 2505 1242 2537 8,
1257 2513 1313 2540 cap.
1328 2505 1362 2538 5,
1377 2513 1404 2531 γι.
1420 2504 1445 2540 1)
1462 2514 1468 2531 :
1483 2504 1552 2539 quod
1567 2512 1630 2532 vero
1651 2504 1684 2531 ad
1703 2504 1840 2539 episcopo-

1053 2558 1111 2577 rum
1130 2550 1189 2581 iter.
1210 2549 1272 2576 illud
1297 2557 1330 2577 eo
1349 2554 1467 2584 spectare
1493 2554 1595 2584 potest,
1622 2548 1691 2583 quod
1713 2548 1837 2584 Alypium

1053 2595 1143 2622 Roma:
1157 2602 1227 2622 anno
1239 2594 1498 2630 quadringentesimo
1516 2594 1642 2628 vigesimo
1654 2598 1747 2621 octavo
1762 2601 1837 2621 (ξυιυ-

1052 2646 1182 2668 moratum
1204 2648 1263 2668 esse
1282 2641 1480 2668 observavimus
1502 2639 1659 2675 (lbid..cap.
1684 2639 1717 2672 9,
1738 2648 1764 2675 η,
1788 2640 1834 2675 l);

1051 2687 1148 2721 quippe
1162 2691 1224 2714 ante
1237 2686 1287 2713 hoc
1297 2690 1401 2720 tempus
1413 2692 1471 2712 eam
1486 2684 1624 2719 Augustini
1638 2684 1774 2719 epistolam
1787 2684 1835 2712 da-

1052 2736 1103 2758 tam
1119 2731 1199 2758 fuisse
1212 2731 1276 2757 nihil
1289 2735 1368 2758 vetat.

1086 2777 1112 2804 ιι.
1126 2775 1326 2809 Quodvultdeus
1340 2775 1451 2802 alteram
1463 2774 1532 2803 hanc
1544 2774 1578 2802 ad
1591 2774 1764 2810 Augustinum
1779 2774 1837 2809 cpiv

1050 2823 1145 2851 stolam
1157 2827 1256 2850 tantum
1268 2825 1411 2856 receperat,
1423 2829 1483 2849 euut
1498 2820 1677 2849 infelicitatem
1691 2828 1765 2849 suam
1774 2819 1831 2847 aliis
