4116 6366
498 305 591 361 δτι
1604 301 1758 356 V'ITA
1798 300 1855 357 S.
1899 298 2263 358 AUGUSTINI
2302 300 2620 361 EPISCOPI.

498 419 688 475 litteris
722 430 841 470 cum
881 414 1037 469 beato
1064 412 1291 469 Doctore
1322 400 1646 482 conquestus
1672 420 1788 478 est,
1816 409 1955 481 quod
1985 410 2065 465 vi-

406 558 413 565 .
497 511 724 575 delieet,
770 523 839 563 ne
875 522 989 562 rem
1037 514 1198 560 tanta:
1240 504 1479 559 utilitatis
1521 504 1780 557 universa:
1816 501 2068 557 Ecclesia:

498 601 727 656 futuram
760 599 1094 667 impetraret,
1126 610 1223 665 per
1249 610 1343 648 sua
1370 593 1536 663 ipsius
1576 602 1788 662 peccata
1812 592 2063 647 stetisset.

500 693 688 747 Aiebat
708 687 1049 743 nihilominus
1070 702 1101 741 e
1122 684 1318 741 Christi
1345 682 1700 738 misericordia
1728 692 1784 737 et
1802 684 1879 737 eis
1898 683 2068 738 visce-

499 784 645 838 ribus
671 782 897 853 pietatis,
920 779 1109 850 quibus
1127 778 1193 831 ad
1220 776 1353 831 bene
1371 774 1439 829 de
1455 773 1575 829 aliis
1596 774 1902 829 merendum
1931 769 2065 828 nul-

498 887 656 943 quam
695 878 906 940 paratus
942 883 1046 922 non
1069 874 1183 921 erat
1218 865 1309 919 Vir
1331 872 1544 918 sanctus
1562 904 1577 929 ,
1605 877 1820 932 sperare
1843 878 1901 917 se
1929 863 2061 931 fore,

499 973 557 1018 ιιι
585 964 920 1027 alimentum,
950 959 1091 1030 quod
1120 958 1221 1013 sibi
1258 967 1416 1027 atque
1457 956 1574 1011 aliis
1612 956 1940 1026 postulabat,
1973 956 2064 1012 ille

499 1068 605 1109 non
633 1060 869 1122 negaret.
902 1051 1026 1120 Ejus
1053 1049 1274 1119 epistola
1303 1046 1510 1101 cmteris
1534 1046 1811 1115 capitibus,
1839 1062 2061 1117 quorum

498 1143 551 1197 in
573 1159 666 1198 sua
692 1142 1008 1197 mentionem
1031 1138 1350 1207 Augustinus
1371 1136 1586 1203 fecerat,
1608 1137 1824 1191 minime
1842 1153 2063 1207 respon-

496 1236 586 1290 det
610 1254 622 1289 :
643 1244 697 1289 at
740 1234 895 1301 hujus
943 1232 1019 1287 rei
1067 1230 1273 1284 videtur
1306 1230 1422 1285 hmc
1459 1244 1578 1284 esse
1604 1244 1795 1295 causa,
1823 1229 1961 1298 quod
1996 1246 2060 1285 ex

495 1325 838 1395 scriptoribus
864 1322 1057 1391 placuit
1083 1336 1144 1374 ea
1178 1335 1454 1386 resecare,
1484 1329 1539 1374 ut
1576 1336 1692 1389 qua:
1730 1319 2064 1388 pertinebant

495 1418 560 1471 ad
592 1419 779 1471 librum
806 1415 872 1469 de
903 1412 1221 1475 Ilmresibus,
1254 1412 1363 1467 sola
1394 1419 1734 1481 ponerentur.
1758 1411 1965 1466 Etenim
1995 1426 2062 1466 ne

495 1508 579 1561 illa
611 1506 821 1577 quidem
849 1502 1452 1572 salutatiuncula,quam
1483 1501 1533 1554 in
1564 1501 1666 1554 line
1689 1500 1883 1555 addere
1903 1516 2061 1555 manu

492 1600 702 1669 propria
728 1598 966 1652 solemne
995 1604 1134 1658 erat,
1168 1605 1377 1649 servata
1404 1602 1503 1647 est.
1525 1592 1719 1646 Ibidem
1740 1601 1919 1663 aperte
1941 1606 2063 1661 pro-

494 1691 689 1752 litetur,
720 1688 1066 1743 nihilominus
1092 1687 1140 1741 ei
1171 1701 1229 1740 se
1256 1686 1545 1761 molestum.
1567 1694 1671 1737 tam
1701 1683 1788 1737 diu
1830 1681 2060 1737 futurum

491 1797 629 1844 esse,
649 1781 822 1851 quoad
846 1781 943 1835 sibi
959 1780 1221 1848 postulata
1240 1778 1327 1832 ille
1344 1776 1719 1831 concessisset:
1742 1784 1795 1828 ut
1813 1775 1946 1844 quod
1960 1792 2061 1829 non

494 1874 732 1943 impetrat
752 1871 1087 1943 privilegium,
1104 1870 1188 1923 ubi
1213 1868 1407 1923 nullum
1425 1877 1498 1924 est
1522 1868 1766 1931 meritum,
1785 1868 1961 1921 saltem
1983 1868 2061 1920 in-

491 1964 688 2035 defessa
712 1962 1063 2032 importunitas
1082 1967 1329 2013 mereatur
1348 1957 1533 2030 (Epist.
1554 1957 1681 2022 225,
1701 1974 1751 2010 η.
1766 1957 1841 2027 ὅ).
1860 1956 2062 2011 Asserit

492 2051 850 2120 Augustinus,
891 2050 957 2104 ab
992 2050 1084 2103 illo
1122 2065 1181 2103 se
1221 2047 1678 2104 crebrescentibus
1726 2046 2061 2115 petitionibus

492 2151 755 2206 coactum,
781 2156 845 2195 ac
867 2142 1206 2195 vehementer
1234 2147 1454 2208 urgente
1477 2138 1570 2191 illo
1594 2136 1694 2192 hoc
1721 2152 1853 2206 opus
1877 2151 2059 2191 susce-

494 2230 656 2299 pisse,
684 2221 783 2285 nec
809 2231 906 2287 sibi
936 2245 1162 2301 unquam
1195 2230 1351 2283 alium
1391 2229 1553 2283 ullum
1595 2236 1869 2297 tantopere
1908 2229 2060 2282 insti-

491 2320 621 2377 tisse
661 2321 944 2391 poscendo.
990 2321 1145 2389 Igitur
1187 2319 1478 2374 cedendum
1526 2320 1737 2373 tandem
1777 2319 2061 2388 aliquando

496 2412 726 2482 putavit;
757 2412 806 2466 in
829 2428 934 2482 quo
957 2412 1117 2467 etiam
1140 2410 1315 2464 divina
1345 2410 1636 2476 voluntate,
1661 2425 1816 2479 quam
1848 2410 2061 2464 nomine

495 2505 611 2574 ipso
638 2504 774 2559 idem
803 2503 1053 2558 diaconus
1088 2501 1447 2571 signiﬁcabat,
1479 2507 1679 2553 motum
1714 2514 1774 2553 se
1810 2500 1937 2553 dicit
1963 2499 2062 2572 (De

495 2595 713 2660 nares,
748 2594 972 2666 prwfat.)
990 2595 1161 2661 Quare
1188 2608 1307 2646 eum
1340 2591 1474 2645 forte
1503 2590 1706 2644 fortuna
1733 2590 2060 2645 Fussalensis

490 2689 766 2758 presbyter
804 2686 1173 2756 Carthaginem
1224 2693 1366 2739 esset
1422 2683 1750 2753 profecturus
1774 2725 1788 2749 ,
1836 2683 2059 2752 primam

490 2776 841 2843 Quodvultdci
884 2774 1160 2844 epistolam
1188 2774 1282 2827 Vir
1306 2782 1516 2828 sanctus
1554 2772 1767 2842 relegit,
1812 2772 2057 2826 lucubra-

490 2868 687 2923 tionem
719 2867 854 2921 hanc
878 2868 1062 2921 saltem
1088 2865 1317 2922 exordiri
1341 2866 1603 2935 cogitans,
1632 2874 1688 2917 ut
1712 2866 1857 2933 quasi
1886 2865 2058 2934 speci-

489 2960 632 3015 tuine
658 2959 964 3014 transmisso
991 2974 1110 3012 eum
1138 2958 1368 3021 doceret,
1393 2971 1550 3026 quam
1577 2954 1791 3010 difficile
1814 2972 1948 3010 onus
1969 2956 2059 3011 ille

491 3050 590 3105 sibi
630 3050 788 3104 vellet
830 3049 1152 3118 impositum.
1199 3048 1354 3117 Atqui
1399 3047 1527 3101 nihil
1569 3046 1787 3100 omnino
1826 3046 2059 3101 scribere

490 3130 657 3212 potuit
682 3139 753 3195 ob
777 3146 1106 3208 emergentes
1132 3138 1522 3206 occupationes,
1554 3152 1672 3207 qua:
1693 3137 1876 3202 etiam,
1898 3144 1954 3190 ut
1976 3152 2057 3191 re-

487 3245 738 3300 sponsum
764 3229 827 3283 ad
850 3228 1111 3282 Julianum
1143 3228 1532 3292 intermitteret,
1558 3228 1612 3281 in
1636 3242 1793 3282 causa
1820 3227 2054 3282 fuerunt.

486 3322 636 3376 Tunc
673 3335 800 3389 ergo
834 3318 961 3373 nihil
1000 3318 1140 3373 aliud
1179 3333 1334 3389 quam
1375 3318 1739 3372 Fussalensem
1784 3318 2056 3388 presbyte-

488 3428 608 3468 rum
635 3453 651 3478 ,
689 3412 907 3481 ejusque
942 3426 1154 3465 causam
1201 3408 1567 3477 Quodvultdeo
1628 3409 2052 3475 commendavit;

484 3501 684 3559 addens
714 3500 1051 3557 nihilominus
1079 3514 1292 3568 sperare
1316 3514 1373 3553 se
1400 3498 1543 3563 fore,
1587 3507 1644 3551 ut
1674 3512 1793 3551 cum
1829 3497 2055 3566 primum

482 3608 602 3662 qua:
639 3607 697 3646 se
726 3591 1048 3646 distinebant
1076 3589 1426 3659 expediisset,
1460 3603 1664 3643 necnon
1701 3589 1931 3658 quinque
1961 3589 2054 3643 Ju-

484 3684 608 3739 liani
646 3684 791 3737 libris
820 3681 1177 3752 respondisset
1196 3723 1211 3747 ,
1244 3680 1427 3749 operi,
1450 3678 1590 3749 quod
1622 3679 1709 3733 ille
1737 3679 2049 3747 expetebat,

483 3774 844 3840 incumberet,
881 3788 942 3826 ac
970 3770 1127 3826 simul
1152 3770 1370 3839 reliquis
1405 3768 1751 3823 retractandis
1787 3769 2055 3837 opusculis

483 3866 614 3929 suis,
644 3873 849 3919 noctem
880 3864 969 3917 uni
989 3905 1003 3928 ,
1033 3862 1185 3917 alteri
1214 3860 1352 3915 diem
1393 3858 1745 3928 impendendo
1770 3876 1782 3912 :
1807 3860 1850 3913 si
1879 3870 2051 3913 tamen

485 3968 593 4012 tres
618 3957 807 4011 Juliani
834 3955 950 4008 libri
976 3954 1041 4007 ad
1068 3968 1125 4006 se
1153 3953 1297 4022 prius
1324 3952 1463 4005 allati
1488 3966 1590 4006 non
1618 3949 1837 4003 fuissent
1860 3949 2049 4021 (Epist.

481 4045 607 4110 924,
636 4063 688 4111 n,
722 4046 795 4115 l).
827 4044 1007 4098 Fidem
1033 4058 1181 4096 suam
1210 4042 1422 4096 demum
1461 4040 1775 4095 liberaturus
1807 4039 1907 4095 hoc
1937 4056 2053 4094 ver-

484 4146 626 4191 tente
680 4151 819 4190 anno
860 4132 1382 4204 quadringentesimo
1430 4131 1685 4201 vigesimo
1735 4140 1923 4185 octavo
1970 4132 2052 4187 vel

482 4228 695 4281 ineunte
739 4226 978 4294 sequenti
1023 4238 1237 4277 manum
1281 4222 1515 4277 admovit
1551 4221 1731 4291 operi;
1761 4220 1912 4291 cujus
1940 4223 2053 4291 qui-

481 4318 600 4372 dem
616 4319 765 4373 binas
785 4326 958 4386 partes
976 4315 1150 4370 facere
1175 4314 1438 4384 cogitabat
1460 4330 1471 4365 :
1495 4313 1688 4382 primas
1708 4313 1951 4368 videlicet
1986 4312 2052 4369 de

481 4410 772 4464 haeresibus
808 4424 925 4479 quze
968 4416 1087 4477 post
1112 4406 1307 4461 Christi
1349 4404 1631 4459 adventum
1677 4411 1733 4459 et
1773 4419 2049 4460 ascensum

480 4501 733 4556 adversus
749 4501 1041 4554 doctrinam
1072 4499 1235 4569 ipsius
1260 4498 1574 4553 exstiterunt
1603 4514 1615 4550 :
1641 4498 1959 4566 posteriores
1984 4497 2051 4552 de

480 4593 771 4662 quaestione
789 4606 1038 4661 perquam
1059 4591 1191 4652 utili,
1212 4588 1547 4657 scilicctquid
1561 4587 2048 4652 faciathtereticum;

478 4695 537 4741 nt
562 4686 807 4739 nimirum
826 4699 983 4740 omne
1001 4699 1165 4754 genus
1178 4682 1408 4738 haereses
1423 4681 1533 4736 sive
1551 4688 1701 4735 notas
1721 4680 1833 4735 sive
1848 4680 2051 4749 ignotas

480 4778 776 4839 declinare,
808 4775 979 4844 deque
1004 4774 1246 4828 omnibus
1278 4789 1395 4843 qua:
1424 4780 1768 4832 nascerentur
1794 4772 1845 4824 in
1873 4779 2049 4839 poste-

479 4884 626 4932 rum,
658 4868 973 4923 sententiam
1005 4863 1142 4919 ferre
1168 4865 1219 4917 in
1248 4873 1489 4933 promptu
1526 4870 1668 4916 esset
1699 4860 1799 4932 (De
1826 4860 2045 4925 eres.,

482 4960 747 5030 Prtefat.).
777 4960 832 5014 Id
857 4958 1064 5015 consilii
1086 4974 1325 5028 magnam
1346 4972 1473 5011 sane.
1495 4957 1771 5011 utilitatem
1797 4950 2048 5024 praefere-

480 5051 583 5114 bat,
619 5051 877 5119 siquidem
907 5048 1038 5103 illud
1068 5048 1254 5101 adduci
1285 5047 1541 5115 potuisset
1577 5046 1643 5099 ad
1687 5046 1923 5100 exitum:
1956 5044 2048 5098 sed

479 5152 565 5191 res
591 5150 705 5193 erat
734 5137 1038 5208 plenissima
1076 5137 1427 5201 difficultatis,
1466 5150 1584 5189 cum
1614 5135 1874 5205 generalis
1904 5133 2046 5187 nulla

479 5230 682 5297 regula,
710 5230 826 5298 quis
854 5228 1184 5283 deﬁniendus
1228 5228 1296 5281 sit
1330 5227 1611 5281 hazreticus
1639 5225 1921 5279 ostendere
1958 5240 2049 5277 va-

477 5317 617 5383 leat,
648 5333 712 5372 eo
733 5318 871 5387 quod
913 5334 1016 5373 non
1061 5334 1272 5374 omnem
1312 5332 1545 5372 errorem
1588 5317 1782 5371 habere
1810 5324 2050 5385 Oportcat

480 5424 577 5481 pro
596 5408 811 5463 bzcresi.
830 5410 874 5463 A
891 5409 1102 5464 Christo
1121 5424 1277 5479 passo
1295 5408 1361 5462 ad
1382 5423 1531 5464 suam
1552 5422 1717 5477 usque
1737 5407 2044 5462 memoriam

478 5506 742 5576 octoginta
769 5515 889 5560 octo
914 5506 1142 5561 ltzerescs
1171 5508 1221 5561 in
1249 5507 1422 5575 primo
1449 5506 1581 5561 libro
1616 5510 1889 5560 enumerat
1914 5523 1926 5559 :
1951 5520 2046 5559 ne-

479 5609 581 5665 que
620 5594 842 5665 proinde
885 5606 1139 5666 quotquot
1178 5598 1322 5652 luere
1363 5610 1621 5666 unquam,
1648 5604 1737 5649 aut
1762 5609 1942 5651 earum
1981 5593 2047 5649 de

480 5685 667 5754 quibus
711 5684 976 5756 loquitur,
1012 5686 1255 5756 dogmata
1298 5686 1472 5743 omnia
1498 5700 1556 5743 se
1585 5686 1910 5743 recensuisse
1946 5684 2044 5740 sibi

2173 413 2486 481 persuadet;
2513 413 2653 484 quod
2679 427 2928 485 superare
2952 417 3234 478 humanam
3262 434 3409 495 putat
3437 427 3739 492 facultatem

2175 502 2357 574 (lbid.,
2381 508 2642 578 perorat.).
2666 507 2794 577 Qua:
2818 509 2965 576 dicit,
2992 527 3053 568 ea
3079 516 3408 584 potissimum
3424 536 3490 577 ex
3504 523 3742 595 Epipltao

2170 597 2280 660 nio.
2303 612 2458 667 quem
2483 608 2656 656 tamen
2686 617 2791 657 non
2819 619 3187 677 usquequaque
3206 611 3468 681 sequitur,
3488 615 3739 673 desumit.

2170 683 2304 741 liuic
2328 686 2664 745 Philastrium
2689 705 2897 761 quoque
2932 707 2996 747 ac
3026 694 3309 750 Eusebium
3339 712 3369 751 a
3394 697 3586 756 Ruﬁno
3616 718 3743 758 con-

2174 792 2404 843 versum,
2436 795 2593 849 quem
2616 781 2791 837 dedita
2815 798 2977 853 opera
3002 784 3208 842 videtur
3233 789 3303 844 ob
3326 788 3431 845 hoc
3459 791 3633 861 ipsum
3658 797 3740 851 Ie-

2167 868 2340 939 gisse,
2366 871 2637 944 adjungit;
2664 875 2728 929 iis
2753 884 3012 945 praeterea
3037 877 3284 935 adhibitis
3314 883 3701 952 cognitionibus
3719 927 3736 954 ,

2167 973 2299 1026 quas
2323 975 2419 1029 per
2441 976 2500 1017 se
2528 962 2625 1018 sibi
2650 975 3065 1035 comparaverat.
3096 969 3372 1027 Postremo
3395 972 3515 1029 loco
3538 990 3740 1034 memo-

2167 1056 2251 1102 rat
2273 1050 2580 1121 Pelagianos
2603 1069 2619 1107 :
2640 1055 2873 1109 nondum
2904 1057 3034 1111 satis
3060 1058 3387 1128 exploratam
3414 1062 3612 1119 habens
3638 1081 3739 1122 no-

2166 1154 2286 1194 vam
2313 1140 2556 1196 Itmresim
2599 1143 3051 1201 Nestorianorum.
3082 1147 3297 1203 Librum
3338 1165 3525 1219 suum,
3561 1155 3738 1209 statim

2166 1242 2324 1300 atque
2349 1232 2584 1287 ultimam
2609 1234 2681 1289 illi
2701 1251 2912 1290 manum
2934 1238 3196 1306 apposuit,
3222 1240 3288 1294 ad
3313 1240 3737 1308 Quodvultdeum

2167 1334 2232 1374 eo
2255 1319 2598 1377 deferendum
2624 1326 2860 1391 curavit,
2890 1336 2948 1381 ut
2966 1342 3087 1382 eum
3108 1327 3215 1396 ille,
3240 1338 3347 1384 tum
3371 1331 3460 1385 alii
3481 1334 3569 1402 qui
3589 1349 3739 1390 eum-

2165 1408 2287 1462 dem
2317 1421 2497 1466 essent
2528 1413 2713 1468 lecturi
2736 1456 2753 1481 ,
2772 1415 2896 1471 inde
2936 1417 3302 1475 vehementius
3326 1423 3739 1480 accenderentur

2165 1497 2230 1551 ad
2268 1500 2648 1569 implorandam
2678 1519 2708 1557 a
2736 1498 2846 1561 Deo
2888 1507 3110 1576 gratiam
3149 1525 3211 1564 ac
3248 1510 3451 1575 lucem,
3483 1512 3634 1582 queis
3669 1516 3737 1569 ad

2165 1587 2385 1643 alteram
2413 1602 2616 1660 partem
2637 1636 2651 1659 ,
2678 1595 2829 1665 cujus
2858 1605 3000 1651 tanta
3024 1608 3139 1653 erat
3177 1601 3374 1657 utilitas
3410 1602 3583 1659 futura
3604 1646 3619 1669 ,
3639 1606 3738 1660 ab-

2166 1676 2469 1733 solvendam
2511 1696 2644 1750 opus
2679 1683 2925 1738 habebat.
2979 1686 3082 1741 Sed
3126 1688 3271 1743 illam
3296 1698 3355 1744 ut
3382 1695 3738 1749 conscriberet

2167 1765 2249 1820 vel
2279 1768 2583 1836 perﬁceret,
2611 1771 2849 1828 divinum
2890 1777 3173 1832 consilium
3211 1795 3315 1833 non
3350 1784 3641 1837 concessit:
3665 1784 3737 1839 ob

2166 1853 2323 1925 idque
2352 1857 2484 1912 liber
2503 1858 2569 1914 de
2588 1860 2889 1918 Hseresibus
2909 1879 2939 1918 a
2960 1864 3204 1921 Possidio
3219 1868 3581 1938 imperfectum
3600 1887 3740 1943 opus

2164 1947 2477 2015 appellatur.

2236 2036 2288 2090 5.
2331 2036 2563 2105 Epistola
2600 2055 2718 2108 qua:
2751 2040 2999 2111 inscripta
3028 2052 3109 2099 est
3127 2085 3142 2110 ,
3164 2044 3347 2116 Alypio
3375 2049 3510 2114 seni,
3538 2048 3611 2104 ad
3635 2050 3739 2106 hoc

2168 2125 2278 2180 fere
2315 2135 2521 2196 tempus
2547 2130 2775 2199 pertinet
2797 2150 2812 2187 :
2832 2132 2933 2187 nisi
2971 2132 3106 2189 forte
3142 2135 3279 2191 alius
3321 2137 3419 2193 iste
3437 2138 3505 2193 sit
3530 2139 3599 2192 ab
3620 2142 3735 2210 epi-

2166 2230 2327 2285 scopo
2353 2217 2682 2286 Tagastensi,
2709 2223 2797 2290 qui
2823 2222 3058 2291 profecto
3076 2224 3142 2278 ad
3171 2226 3456 2293 provincia:
3479 2227 3738 2284 Numidia:

2166 2307 2476 2364 decanatum
2516 2326 2611 2366 seu
2656 2313 2937 2381 primatum
2982 2315 3080 2370 hac
3115 2315 3328 2371 demum
3367 2327 3524 2375 a:tale
3552 2336 3739 2391 perve-

2165 2398 2329 2465 nisse,
2350 2416 2455 2455 non
2483 2416 2683 2458 temere
2711 2406 3057 2462 existimetur.
3080 2408 3339 2465 Creterum
3361 2428 3574 2483 quoquo
3597 2429 3746 2470 anno

2165 2501 2378 2546 exarata
2400 2492 2558 2548 fuerit
2576 2496 2821 2565 epistola,
2842 2513 2953 2553 rem
2976 2501 3235 2556 memoria
3249 2502 3460 2573 dignam
3487 2504 3592 2560 illic
3610 2507 3738 2576 Aly-

2166 2582 2256 2650 pio
2296 2591 2476 2637 narrat
2503 2586 2825 2654 Augustinus
2851 2588 2902 2642 in
2931 2587 3044 2644 haec
3069 2590 3228 2645 verba
3252 2608 3266 2643 :
3289 2591 3550 2647 Archiater
3586 2594 3741 2649 etiam

2163 2672 2436 2728 Dioscorus
2459 2675 2759 2732 christianus
2787 2678 2950 2747 fidelis
2970 2688 3060 2746 est,
3086 2681 3239 2736 simul
3263 2683 3477 2751 gratiam
3500 2700 3739 2739 consecu-

2166 2773 2281 2828 tus;
2320 2766 2440 2819 audi
2477 2768 2628 2821 etiam
2665 2770 3118 2838 quemadmodum:
3140 2789 3297 2843 neque
3328 2774 3460 2829 enim
3490 2779 3737 2832 cervicula

2162 2855 2255 2909 illa
2293 2858 2368 2911 vel
2404 2859 2574 2929 lingua
2593 2901 2608 2923 ,
2641 2861 2739 2915 nisi
2778 2862 2949 2932 aliquo
2988 2863 3218 2933 prodigio
3259 2866 3566 2922 (tentaretur.
3597 2868 3736 2924 Filia

2164 2948 2271 3016 ejus
2289 2948 2341 3001 in
2366 2965 2465 3017 qua
2489 2950 2635 3003 unica
2658 2952 2996 3022 acquiescebat
3015 2994 3028 3018 ,
3056 2956 3325 3023 tagrotabat
3342 2998 3357 3023 ,
3396 2967 3444 3013 et
3481 2975 3636 3028 usque
3667 2960 3737 3013 ad

2163 3046 2317 3092 totam
2345 3040 2738 3111 desperationem
2763 3044 2942 3097 salutis
2964 3047 3273 3115 temporalis,
3302 3050 3474 3102 eodem
3499 3051 3609 3120 ipso
3637 3061 3732 3121 pa-

2164 3141 2238 3186 tre
2264 3134 2608 3201 renuntiante,
2644 3137 2881 3204 pervenit.
2913 3135 3110 3190 Dicitur
3134 3155 3271 3209 ergo,
3299 3149 3345 3193 et
3369 3150 3596 3206 constat;
3622 3159 3735 3196 cum

2163 3224 2287 3278 mihi
2310 3226 2404 3278 Itoc
2426 3236 2475 3280 et
2496 3236 2609 3280 ante
2628 3228 2798 3297 fratris
2828 3227 2978 3284 Pauli
2997 3231 3209 3285 reditum
3228 3248 3391 3286 comes
3408 3232 3730 3304 Peregrinus,

2161 3315 2237 3367 vir
2255 3316 2521 3370 laudabilis
2540 3326 2586 3371 ct
2606 3317 2728 3373 bene
2749 3319 3067 3385 christianus,
3091 3322 3177 3391 qui
3200 3338 3311 3376 cum
3329 3324 3401 3377 eis
3419 3324 3590 3379 eodem
3613 3334 3737 3379 tem-

2164 3421 2285 3472 pore
2325 3406 2603 3476 baptizatus
2640 3418 2743 3473 est,
2786 3409 3021 3462 indicarit
3062 3426 3081 3463 :
3112 3410 3295 3465 dicitur
3316 3428 3434 3483 ergo
3469 3413 3558 3467 ille
3584 3430 3737 3471 senes

2162 3496 2363 3550 tandem
2401 3514 2666 3553 conversus
2702 3500 2770 3552 ad
2807 3500 3177 3569 implorandum
3218 3502 3402 3558 Christi
3442 3506 3734 3560 misericor-

2162 3586 2318 3651 diam,
2342 3598 2455 3641 voto
2481 3606 2535 3642 se
2558 3591 2832 3660 obligasse,
2861 3592 3190 3647 christianum
3218 3596 3356 3665 fore,
3384 3596 3427 3650 si
3453 3596 3595 3651 illam
3626 3599 3735 3653 sal-

2160 3693 2272 3730 vam
2302 3679 2505 3733 videret.
2534 3679 2750 3735 Factum
2775 3690 2865 3736 est.
2898 3682 2962 3737 At
2986 3683 3072 3737 ille
3090 3684 3224 3753 quod
3248 3696 3474 3752 voverat,
3500 3688 3735 3743 dissimu-

2162 3768 2295 3823 labat
2320 3772 2599 3825 exsolvere:
2621 3773 2710 3826 scd
2736 3773 2901 3827 adhuc
2929 3791 3107 3830 nsanus
3136 3778 3351 3831 excelsa.
3391 3776 3529 3833 Nam
3551 3796 3733 3850 repen-

2160 3861 2266 3913 tina
2306 3863 2527 3915 cmcitate
2569 3863 2916 3929 su/Iunditur;
2962 3867 3227 3937 statimque
3266 3869 3394 3922 venit
3429 3869 3483 3923 in
3523 3879 3735 3925 mentem

2158 3954 2291 4007 unde
2316 3953 2447 4007 illud
2474 3965 2594 4009 esset
2618 3971 2636 4007 :
2657 3957 2950 4010 exclamavit
2977 3959 3239 4027 conﬁtens,
3270 3970 3421 4030 atque
3442 3961 3625 4015 iterum
3648 3979 3735 4014 vo-

2158 4046 2255 4107 vit,
2291 4061 2342 4097 se
2366 4056 2559 4116 recepto
2599 4047 2787 4101 lumine
2828 4048 3149 4117 impleturum
3191 4065 3297 4103 esse
3339 4051 3473 4119 quod
3512 4063 3727 4106 voverat.

2161 4136 2394 4208 Recepit,
2418 4139 2671 4208 implevit;
2695 4149 2740 4192 et
2772 4139 2935 4193 adhuc
2971 4156 3151 4194 manus
3183 4140 3398 4195 excelsa.
3436 4141 3731 4212 Symbolum

2158 4245 2258 4282 non
2285 4239 2543 4296 tenuerat,
2574 4239 2660 4282 aut
2689 4234 2898 4299 fortasse
2918 4238 3081 4283 tenere
3106 4240 3451 4298 recusaverat,
3484 4243 3530 4287 et
3554 4250 3608 4289 se
3631 4250 3731 4288 non

2160 4319 2378 4387 potuisse
2399 4329 2713 4373 excusaverat
2738 4335 2756 4372 :
2780 4318 2912 4374 Deus
2937 4320 3147 4373 viderat.
3178 4320 3301 4374 Jam
3325 4329 3430 4375 tum
3457 4333 3567 4388 post
3601 4328 3731 4395 festa

2160 4411 2329 4463 omnia
2351 4411 2644 4480 receptionis
2677 4426 2812 4475 sate,
2841 4412 2893 4464 in
2922 4412 3200 4482 paralysim
3235 4413 3443 4468 solvitur
3476 4417 3643 4471 multis
3666 4434 3729 4470 ac

2159 4517 2285 4570 pene
2325 4501 2551 4554 omnibus
2580 4502 2809 4556 membris
2827 4544 2842 4569 ,
2873 4513 2919 4556 et
2947 4504 3095 4557 etiam
3125 4505 3318 4575 lingua.
3355 4505 3497 4562 Tunc
3533 4510 3729 4563 sanatio

2156 4590 2440 4645 admonitus
2468 4592 2731 4661 conﬁtetur
2756 4608 2843 4662 per
2871 4593 3195 4663 scripturam,
3225 4594 3285 4648 ob
3307 4595 3401 4651 Itoc
3424 4597 3514 4652 sibi
3537 4596 3729 4651 dictum

2157 4699 2261 4738 esse
2286 4683 2547 4749 accidisse,
2567 4683 2700 4751 quod
2714 4683 2994 4754 symbolum
3014 4700 3113 4738 non
3132 4686 3422 4741 reddiderit.
3442 4687 3566 4743 Post
3584 4688 3729 4744 illam

2156 4774 2515 4842 confessionem
2565 4772 2845 4827 redduntur
2895 4773 3058 4843 oﬂicia
3099 4775 3324 4829 omnium
3361 4779 3724 4844 membrorum,

2156 4866 2253 4918 nisi
2275 4866 2459 4935 linguis
2488 4865 2646 4919 solius
2671 4881 2758 4919 :se
2786 4874 2953 4919 tamen
2984 4866 3220 4922 didicisse
3249 4868 3558 4939 symbolum,
3589 4871 3726 4925 ideo-

2153 4974 2249 5025 que
2268 4959 2505 5010 memoria
2513 4959 2625 5026 jam
2651 4968 2831 5019 tenere,
2849 4958 3175 5015 nihilominus
3196 4961 3249 5015 in
3267 4962 3439 5015 eadem
3460 4966 3728 5019 tentatione

2154 5047 2332 5101 litteris
2372 5050 2535 5117 fassus
2565 5056 2636 5100 est
2656 5063 2674 5101 :
2696 5046 2865 5116 sicque
2900 5047 3063 5101 omnis
3092 5060 3165 5102 est
3193 5049 3253 5102 ab
3281 5066 3341 5103 eo
3365 5051 3528 5106 deleta
3561 5068 3725 5124 nuga-

2153 5137 2309 5201 citas;
2326 5152 2455 5206 quw,
2474 5147 2528 5190 ut
2541 5138 2658 5203 scis,
2678 5138 2888 5191 multum
2905 5138 3222 5193 decolorabat
3243 5142 3529 5197 naturalem
3548 5160 3726 5212 quam-

2153 5228 2269 5280 dam
2294 5227 2402 5297 ejus
2432 5226 2813 5296 benignitatem,
2842 5242 3054 5297 eumque
3086 5228 3405 5285 insultantem
3432 5231 3730 5289 Christianis

2153 5318 2364 5389 faciebat
2391 5318 2536 5372 valde
2554 5317 2848 5389 sacrilegum
2872 5319 3062 5391 (Epist.
3083 5321 3231 5395 29.7).

2774 5409 3001 5489 carm
3038 5410 3130 5466 x1.

2156 5498 2179 5553 1
2206 5497 2499 5570 Bonifacius
2522 5516 2637 5553 cum
2660 5499 2893 5554 Placidia
2919 5502 2971 5555 in
2990 5504 3204 5573 gratiam
3225 5506 3385 5571 redit;
3406 5507 3570 5576 idque,
3595 5525 3724 5580 prir-

2223 5600 2295 5644 ter
2330 5592 2485 5655 alios,
2512 5602 2688 5662 agente
2706 5633 2720 5657 ,
2750 5600 2803 5644 ut
2847 5592 3114 5659 videbitur,
3141 5594 3301 5650 Dario
3339 5600 3553 5663 comite;
3578 5600 3723 5671 cujus

2222 5684 2489 5738 amicitiam
2530 5685 2707 5754 quierit
2749 5684 3070 5753 Augustinus.
3107 5688 3142 5741 2
3170 5689 3358 5746 Victus
3398 5710 3431 5745 a
3483 5690 3720 5748 Vandult's
