2058 3183
200 111 252 140 573

234 169 379 202 ἂυηίιὶιςὶιιδ
396 168 660 203 Hipponem-Regium
677 176 704 194 se
718 168 823 202 recipit:
836 176 863 194 eo
878 167 987 196 Vandali

231 215 266 241 ad
277 223 333 240 eum
346 214 509 240 obsidendum
528 213 659 240 admovent
672 222 680 239 :
691 213 784 240 interea
802 213 887 240 morbo
905 214 985 241 corri-

231 261 298 294 pitur
311 259 475 294 Augustinus.
487 260 504 286 5
517 259 644 286 Sanitatcs
656 259 773 285 divinitus
788 261 862 294 facta:
879 259 913 285 ad
929 259 984 286 Au-

229 306 321 342 gustini
332 314 415 340 preces
429 305 532 332 :animo
547 309 598 331 toto
611 313 635 331 se
648 303 765 339 tacrynu‘s
787 309 810 332 et
834 305 985 339 patuitentiw

228 353 306 384 dedit,
320 357 347 378 ut
358 352 392 378 ad
403 352 496 379 exitum
513 360 539 378 se
553 355 697 385 comparet:
712 350 833 383 moritur;
849 359 878 377 ac
898 351 982 378 oblata

227 407 273 432 pro
280 397 476 424 commendanda
487 397 509 431 ej
513 405 540 423 us
551 396 703 430 depositione
712 396 845 430 sacriﬁcio,
853 396 979 431 sepelitur.

226 444 243 470 4
257 443 344 469 Annus
359 442 439 469 obitus
451 442 582 476 Augustini
595 449 604 468 .'
615 441 661 467 ltoc
676 441 731 475 ipso
744 449 810 467 mmo
823 442 856 467 ad
871 441 979 476 Ephesi-

226 498 283 515 nam
304 489 428 524 synodum
447 497 463 514 a
480 487 621 514 Theodosio
640 488 782 514 vocabatur.
806 488 822 515 5
845 486 979 523 Hippone-

225 533 304 569 Regt'o
324 533 383 560 urbe
400 534 528 567 aliquanto
542 537 596 567 post
616 536 725 567 tempore
740 532 853 558 incendio
866 536 977 566 vastata,

224 584 400 606 conservantur
412 578 576 605 nihilominus
590 576 680 603 ibidem
694 577 772 611 ipsius
791 577 884 611 scripta
893 585 903 604 :
915 585 978 612 τινος

222 633 279 651 rum
302 624 438 651 iudicatum
461 622 591 650 Possidius
610 622 672 649 l'ilw
684 623 794 657 ejusdem
812 631 828 649 a
844 631 871 649 se
888 623 977 650 litteris

223 670 402 698 commendata:
414 669 540 704 atljuua'it.
560 668 634 704 (Vid.
649 673 712 694 tom.
726 669 773 695 ult.
787 668 865 702 hujus
878 668 974 703 edit.

223 716 249 742 1.
270 715 405 749 Superix-ri
428 722 497 743 anno
518 713 680 740 Bonifacium
703 714 844 746 comitem,
864 714 975 741 fortuna:

189 762 340 796 temporalis
353 761 489 789 servandzc
504 768 593 791 causa,
610 759 764 787 societatem
776 767 835 786 cum
850 758 975 787 Vandalis

166 806 175 812 '
187 807 276 835 iniisse
291 807 421 834 vidimus:
434 811 550 833 attamen
566 807 636 833 Deus
650 806 714 832 satis
734 805 840 839 habuit,
855 805 975 833 decretas

188 859 278 887 tuentis
292 852 325 878 ab
342 851 428 878 Africa
443 859 490 886 per
501 851 615 884 iniquam
631 851 740 885 hujusce
759 851 862 877 comitis
878 851 973 878 volun-

187 901 266 924 tatem
282 896 401 930 cvegisse
415 905 420 921 :
433 903 496 922 usus
507 895 576 922 enim
589 900 629 922 est
644 895 770 922 adversus
783 902 842 922 eum
857 894 974 923 clemen-

186 944 230 975 tia,
244 943 320 977 eique
332 942 446 969 admissa
459 949 505 968 sua
518 946 659 976 utcumque
672 941 811 975 reparandi
823 941 971 968 facultatem

185 989 273 1020 dedit,
297 989 382 1023 ipsum
404 996 463 1014 cum
485 987 599 1015 Placidia
619 986 806 1014 reconcilians.
828 986 972 1021 Procopius

185 1035 310 1063 Bonifacii
331 1034 443 1061 reditum
460 1034 484 1059 in
498 1033 608 1067 gratiam
622 1036 761 1066 acceptum
775 1031 856 1059 refert
868 1039 970 1065 eorum,

184 1088 249 1114 quos
262 1080 330 1107 idem
344 1081 369 1107 in
386 1080 455 1107 Urbe
470 1079 597 1111 habebat,
611 1079 756 1105 amicorum
772 1078 874 1105 ofﬁciis.
887 1077 972 1104 Placi~

184 1126 224 1152 dia
237 1126 306 1152 Darii
317 1125 419 1152 comitis
434 1124 541 1151 forsitan
557 1131 637 1158 opera
656 1124 681 1150 in
698 1123 780 1151 hocce
799 1122 905 1157 negotio
924 1130 970 1150 usa

183 1175 232 1197 est.
246 1170 270 1196 ls
290 1178 401 1204 namque
424 1174 482 1203 post
502 1169 601 1195 edittnn
623 1177 693 1195 anno
713 1168 970 1203 quadringentesimo

183 1216 310 1250 vigesimo
323 1216 407 1249 primo
418 1214 587 1242 Enchiridion
610 1213 642 1240 de
662 1213 742 1246 Fide,
758 1213 810 1247 Spe
820 1234 827 1246 ,
844 1217 871 1239 et
880 1212 971 1240 Chari-

183 1265 251 1292 tate,
267 1265 344 1294 atque
360 1260 448 1286 ultima
469 1259 607 1293 Augustini
624 1262 701 1285 :ctate
716 1259 788 1285 venit.
811 1258 837 1287 in
854 1257 969 1285 Africam

183 1305 279 1340 (Epist.
293 1305 355 1335 25f.
371 1313 397 1331 η.
414 1305 446 1336 7;
463 1304 544 1338 Epist.
555 1304 616 1335 229,
629 1312 654 1330 η.
666 1304 709 1338 l);
726 1308 752 1330 et
764 1311 796 1330 eo
808 1303 905 1330 missus
913 1307 971 1331 erat

182 1352 214 1379 ad
227 1351 419 1379 conciliandam
441 1358 531 1384 pacem
543 1370 550 1382 ,
565 1350 596 1376 ad
613 1350 711 1376 bellum
725 1357 789 1376 voce
808 1356 969 1384 componen-

182 1398 254 1429 dum,
265 1405 296 1424 ac
311 1405 344 1424 ne
359 1397 512 1430 cujusquam
525 1396 631 1430 sanguis
641 1399 804 1430 qumrcretur
816 1403 822 1421 :
833 1402 885 1429 qua
900 1395 925 1421 in
940 1402 970 1422 re

183 1443 256 1471 illum
266 1445 361 1469 asserit
370 1442 530 1476 Augustinus
540 1441 622 1476 gloria
634 1440 798 1474 superiorem
809 1447 868 1467 esse
881 1439 969 1467 fortis-

183 1489 255 1516 simis
273 1493 299 1515 ct
319 1488 478 1515 ﬁdelissimis
493 1487 678 1518 bellatoribus,
696 1488 739 1521 qui
759 1487 813 1513 Deo
828 1487 881 1513 suis
896 1486 968 1520 ipso-

182 1542 238 1561 rum
254 1533 335 1560 armis
349 1533 507 1567 opitulante,
519 1532 654 1566 fregerunt
667 1531 770 1559 hostem
794 1530 949 1558 indomitum
959 1551 966 1564 ,

182 1586 212 1606 ac
240 1578 391 1613 reipublica:
424 1577 618 1612 provinciisque
656 1576 770 1611 quietem
809 1580 969 1610 pepererunt

182 1624 276 1659 (Epist.
289 1624 350 1656 2‘29,
363 1633 388 1650 ιι.
404 1624 442 1658 2).
461 1624 622 1650 Bonifacium
637 1627 709 1649 certe
722 1629 782 1649 cum
798 1621 910 1655 Imperio
922 1629 967 1649 re-

182 1670 349 1696 conciliatum
361 1676 419 1696 esse
435 1672 547 1698 constat.
560 1675 611 1694 non
624 1675 657 1694 cx
672 1667 801 1700 Procopio
815 1667 910 1699 solum,
921 1673 968 1694 ve-

182 1722 243 1742 rum
252 1715 329 1743 etiam
339 1722 370 1741 cx
381 1714 507 1744 Possidio,
517 1721 530 1740 a
539 1721 591 1748 quo
602 1713 645 1740 ille
653 1721 667 1739 a
678 1712 811 1744 \‘andalis,
818 1719 888 1739 anno
895 1711 968 1738 vide-

181 1759 242 1786 licet
253 1758 664 1794 quadringentesimotrigesimo,
675 1757 742 1784 intra
753 1756 967 1791 llipponis-Regii

182 1812 272 1832 muros
279 1804 403 1831 obsessus
411 1804 505 1830 dicitur
512 1802 624 1837 (Possid.
630 1823 637 1835 ,
650 1803 675 1829 in
688 1801 745 1828 Vita
754 1802 872 1836 August.,
878 1809 901 1828 ε.
909 1801 965 1836 28).

181 1850 270 1885 Neque
283 1851 363 1876 etiam
382 1849 489 1876 dubium
509 1853 563 1881 est,
576 1849 671 1876 bellum
689 1856 703 1874 a
719 1848 807 1880 Dario,
821 1848 861 1874 sin
877 1847 967 1875 minus

181 1896 338 1922 exstinctum
347 1916 355 1927 ,
365 1895 456 1921 saltem
471 1895 580 1921 dilatum
593 1894 683 1925 fuisse,
697 1901 727 1920 ac
739 1893 817 1925 mala,
832 1901 892 1928 qua:
905 1897 967 1921 tunc

180 1940 212 1966 ad
232 1940 410 1966 calamitatum
424 1940 558 1966 cumulum
574 1939 748 1971 devenerant,
763 1939 848 1974 sopita
871 1938 966 1974 (Epist.

180 1984 242 2017 250,
252 1994 278 2011 η.
290 1984 328 2020 5).
340 1985 380 2011 Ab
391 1992 460 2010 anno
471 1989 559 2011 autem
572 1983 830 2018 quadringentesimo
840 1983 967 2018 vigesimo

181 2030 266 2063 primo
290 2030 361 2056 nulla
382 2030 486 2056 occasio
509 2029 583 2055 nobis
605 2029 735 2060 occurrit,
755 2029 780 2055 in
803 2036 881 2062 quam
901 2028 966 2058 illud

180 2080 258 2109 queat
270 2080 330 2109 apte
345 2074 474 2109 quadrare
485 2095 492 2106 ,
512 2074 561 2100 nisi
580 2074 698 2101 dicamus
712 2074 812 2101 huncce
824 2074 964 2107 comitem,

179 2120 241 2152 dum
253 2121 348 2154 agebat
358 2128 417 2146 cum
429 2120 572 2150 Bonifacio,
587 2120 664 2146 simul
674 2120 753 2146 etiam
769 2127 828 2146 cum
841 2119 966 2148 Vandalis

179 2165 279 2199 egisse,
294 2172 398 2191 necnon
420 2172 481 2191 eum
502 2165 541 2191 eis
561 2165 653 2192 fecisse
674 2164 810 2191 inducias:
826 2165 876 2192 hac
894 2165 966 2192 enim

180 2209 239 2236 belli
256 2209 385 2236 dilatione
403 2210 468 2236 nihil
484 2210 554 2236 aliud
573 2210 677 2237 videtur
691 2210 840 2244 significari.
858 2210 967 2246 Accepit

181 2255 273 2282 Darius
289 2256 360 2289 pacis
372 2255 490 2283 obsidem
514 2255 653 2290 quemdam
669 2255 837 2283 Verimodum
847 2276 853 2288 ,
866 2256 964 2291 patria,

180 2306 306 2335 quantum
330 2301 480 2335 conjectura
503 2302 565 2329 licet
587 2301 708 2335 assequi,
732 2301 898 2334 Romanum,
920 2306 967 2330 aut

179 2347 273 2374 saltem
292 2347 420 2374 afﬁnitate
434 2355 494 2375 cum
508 2347 642 2374 Bonifacio
653 2348 772 2381 junctum
785 2356 791 2374 :
803 2348 966 2382 quandoqui-

179 2392 240 2419 dem
258 2393 290 2419 ab
310 2393 455 2427 Augustino
475 2393 612 2424 salutatur,
627 2400 704 2427 quem
717 2397 743 2420 et
757 2393 799 2419 ille
816 2398 907 2420 mutuo
921 2400 964 2421 re-

180 2437 285 2467 salutat,
294 2438 416 2472 quodque
430 2438 470 2464 sui
486 2438 658 2470 meminisset,
667 2438 798 2472 impendio
810 2438 923 2472 gaudere
936 2445 965 2466 se

180 2483 333 2510 testificatur
342 2483 420 2517 (Ibid.
435 2488 456 2508 et
469 2483 551 2516 Epist.
564 2483 625 2516 229,
635 2492 660 2509 n.
672 2483 705 2515 2;
719 2483 799 2517 Epist.
811 2484 873 2516 251,
886 2492 912 2509 n.
924 2483 963 2518 7).

181 2527 272 2554 Darius
282 2528 453 2554 christianum
465 2528 617 2562 religionem
631 2528 680 2555 sibi
692 2537 706 2555 a
720 2528 863 2563 majoribus
877 2534 963 2556 trans-

180 2573 286 2599 missam
314 2574 502 2608 profitebatur;
519 2581 567 2600 nec
582 2579 667 2601 tamen
687 2582 701 2600 a
718 2582 784 2601 vana
801 2575 963 2608 Paganorum

180 2618 363 2651 superstitione
381 2619 444 2644 satis
462 2619 636 2646 abhorrebat:
649 2619 695 2646 sed
711 2620 778 2646 lecto
790 2614 962 2646 demum'Au-

180 2663 292 2696 gnslino,
304 2664 415 2698 gentiles
429 2665 503 2697 ritus,
516 2670 543 2691 ut
556 2673 689 2699 nunquam
701 2665 775 2695 alias.
787 2665 891 2692 abunde
901 2664 964 2692 afla-

179 2709 277 2743 timque
292 2710 450 2744 contempsit
465 2709 560 2745 (Epist.
575 2710 627 2737 9.50
637 2731 643 2742 ,
661 2719 686 2736 η.
700 2711 738 2746 4).
756 2710 822 2743 Quin
838 2711 916 2738 etiam
929 2710 962 2738 ad

179 2760 237 2779 cum
254 2755 357 2788 pietatis
372 2755 479 2789 gradum
497 2756 616 2789 pervenit
627 2761 678 2787 ,-ut
696 2761 802 2783 sanctus
816 2756 916 2783 PRESlll
928 2756 963 2784 de

179 2798 270 2827 eodem
283 2799 386 2829 locutus
395 2801 553 2838 reperiatur,
566 2807 690 2838 tanquam
702 2802 735 2831 de
743 2809 837 2838 magno
847 2802 961 2838 quodam

864 110 966 138 LIBER
985 109 1152 140 OCTAVUS.

1776 124 1827 152 574

1039 169 1106 215 viro,
1117 177 1133 197 a
1146 177 1198 205 quo
1211 170 1311 200 laudari
1326 179 1355 200 se
1367 172 1428 201 ideo
1440 174 1587 210 gaudebat,
1601 178 1670 212 quod
1685 179 1706 205 is
1717 186 1826 215 propter

1038 213 1172 242 Christum
1186 215 1309 251 diligeret
1321 224 1412 245 servos
1427 218 1502 254 ejus;
1516 228 1619 248 necnon
1634 222 1676 250 vir
1688 213 1786 258 bonus,
1798 230 1825 253 et

1036 266 1090 286 non
1109 260 1134 287 in
1154 261 1310 295 superﬁcie',
1334 263 1380 290 sed
1402 263 1429 291 in
1448 264 1589 293 christiana
1608 266 1735 297 charilate
1754 274 1824 298 esset

1035 304 1193 333 christianus
1201 305 1294 342 (Epist.
1302 307 1364 340 251,
1373 317 1417 336 nn.
1427 309 1454 342 Ξ,
1463 310 1501 345 6).
1509 310 1674 347 Quapropter
1681 314 1822 342 amicitiam

1034 349 1093 385 (iis
1116 350 1167 378 sibi
1190 358 1344 386 comparare
1359 358 1465 382 sanctus
1479 355 1524 382 Vir
1535 356 1621 391 magni
1642 359 1760 392 putabat.
1783 359 1822 386 llli

1033 393 1066 421 de
1076 402 1140 429 pace
1154 396 1209 423 sive
1224 396 1336 425 induciis
1346 419 1354 431 ,
1370 406 1435 434 quas
1450 399 1547 428 fecerat
1558 421 1565 433 ,
1580 402 1739 436 gratulatum
1754 405 1821 431 scri-

1032 439 1086 474 psit
1095 439 1187 476 (Epict.
1199 441 1273 478 229),
1283 443 1445 478 voluptatem
1458 444 1577 473 fortassis
1593 446 1627 474 ob
1640 446 1667 475 id
1678 448 1820 476 maximam

1031 491 1086 519 prae
1097 492 1125 512 se
1136 484 1234 518 ferens,
1246 487 1315 521 quod
1330 495 1373 515 res
1383 489 1469 516 amico
1479 497 1528 517 suo
1536 490 1669 519 Bonifacio
1682 493 1821 528 obtigisset

1030 528 1109 565 longe
1123 531 1281 565 gratissima.
1301 533 1339 559 De
1352 532 1427 561 libris
1441 539 1528 563 autem
1541 536 1605 570 suis,
1620 537 1678 565 illos
1690 538 1753 566 dicit
1766 538 1820 567 for-

1029 575 1097 602 sitan
1115 576 1165 610 ipsi
1186 584 1240 605 non
1264 577 1445 613 displicuisse,
1461 580 1605 610 dummodo
1625 583 1677 610 illis
1693 584 1818 612 evolven-

1029 620 1070 648 dis
1092 622 1153 656 plus
1173 622 1309 651 charitatis
1346 624 1524 658 adhibuisset,
1556 635 1635 662 quam
1655 629 1816 658 severitatis.

1027 665 1068 694 Ad
1083 670 1230 695 extremum
1241 671 1269 694 ut
1282 676 1311 696 se
1324 676 1369 695 sua
1385 670 1471 705 aliqua
1484 671 1594 705 epistola
1606 672 1728 708 dignetur
1740 674 1814 709 petit.

1028 712 1122 740 Darius
1139 713 1209 741 illius
1229 714 1359 742 voluntati
1377 723 1477 744 morem
1490 718 1572 752 gessit
1586 727 1592 745 :
1606 726 1637 745 ac
1654 719 1816 747 benevolen-

1028 757 1089 784 tiam
1101 765 1162 793 erga
1175 759 1258 786 virum
1273 765 1392 787 sanctum
1406 769 1437 788 ac
1448 763 1646 790 venerationem
1664 764 1741 799 plane
1758 765 1814 792 sin-

1026 803 1143 838 gularem
1159 804 1252 832 litteris
1266 806 1435 841 amplissimis
1450 811 1560 835 testatus
1572 813 1613 836 est
1623 809 1721 844 (Epist.
1737 811 1813 846 250).

1026 848 1063 876 lbi
1076 856 1135 883 quae
1156 849 1188 877 ad
1206 858 1298 885 pacem
1319 852 1508 879 conciliandam
1526 859 1654 888 gesserat,
1667 855 1703 882 illi
1715 856 1814 891 signiﬁ-

1025 897 1077 925 cat,
1094 893 1195 922 addens
1213 903 1321 930 sperare
1339 903 1381 929 se,
1394 901 1515 924 votorum
1530 898 1647 932 ejusdem
1662 905 1740 934 atque
1754 908 1814 928 ora-

1026 939 1125 966 tionum
1142 940 1265 973 prtesidio
1284 940 1340 968 fore
1350 962 1357 975 ,
1377 945 1406 968 ut
1421 941 1519 969 bellum
1534 943 1603 978 quod
1618 943 1674 978 ipse
1687 945 1814 972 duntaxat

1024 983 1189 1017 distulisset,
1210 985 1315 1019 penitus
1338 983 1485 1016 tolleretur.
1511 987 1549 1015 De
1570 988 1679 1016 historia
1700 989 1813 1024 Abagari

1024 1029 1184 1056 mentionem
1195 1029 1268 1063 facit;
1282 1035 1309 1058 et
1317 1035 1437 1058 sanctum
1449 1032 1598 1059 Antistitcm
1613 1033 1768 1066 obtestatur,
1784 1040 1813 1062 ut

1023 1073 1057 1100 ad
1067 1081 1096 1100 se
1109 1074 1216 1107 scribat,
1226 1075 1359 1110 librosque
1366 1076 1567 1104 Confessionum
1579 1085 1630 1105 una
1642 1079 1810 1106 transmittat.

1024 1117 1082 1152 ipse
1101 1127 1163 1147 vero
1184 1127 1232 1154 per
1255 1120 1385 1156 Lazapum
1409 1122 1592 1157 presbyterum
1613 1123 1757 1150 deferenda
1777 1124 1812 1152 ad

1023 1171 1083 1191 eum
1097 1165 1199 1191 curavit
1213 1166 1331 1201 quasdam
1348 1167 1549 1200 medicamenta,
1559 1176 1618 1202 qua:
1630 1168 1749 1203 ejusdem
1763 1177 1811 1195 va-

1023 1210 1166 1239 letudinem
1178 1211 1266 1239 levare
1278 1219 1356 1246 posse
1370 1213 1488 1240 medicus
1502 1213 1645 1241 aftirmarat
1656 1223 1662 1240 :
1675 1214 1715 1241 his
1730 1222 1810 1250 pecu-

1022 1254 1092 1282 niam
1106 1263 1211 1291 quoque
1224 1256 1354 1292 adjecisse
1369 1257 1483 1291 videtur,
1505 1258 1538 1285 ad
1557 1259 1716 1286 coemendos
1741 1259 1812 1288 illius

1021 1300 1189 1330 bibliothccte
1209 1302 1310 1335 libros;
1328 1304 1432 1331 tametsi
1453 1304 1503 1331 hoc
1524 1304 1629 1332 silentio
1642 1306 1808 1341 prtcterierit.

1021 1345 1130 1374 Comitis
1147 1347 1215 1376 dona
1236 1353 1263 1375 et
1282 1348 1376 1378 laudes
1387 1354 1463 1384 grato
1475 1350 1564 1377 animo
1579 1350 1623 1377 Vir
1641 1356 1747 1379 sanctus
1766 1359 1811 1379 ac-

1021 1393 1106 1427 cepit;
1122 1393 1182 1427 quia
1195 1393 1290 1421 bonam
1302 1394 1389 1422 dantis
1399 1399 1426 1422 et
1442 1395 1572 1423 laudantis
1586 1400 1700 1423 mentem
1714 1404 1811 1431 argue-

1021 1436 1084 1465 bant
1096 1445 1102 1464 :
1113 1438 1236 1472 quocirca
1247 1438 1271 1466 ei
1286 1443 1339 1466 tam
1360 1439 1468 1467 incitato
1484 1445 1589 1476 tamque
1609 1445 1701 1469 tenero
1715 1441 1811 1469 affectu

1021 1482 1174 1517 respondit,
1190 1488 1219 1510 ut
1234 1484 1260 1511 in
1275 1484 1325 1512 hoc
1338 1492 1352 1511 a
1369 1492 1417 1513 suo
1431 1493 1506 1513 more
1520 1486 1577 1520 ipse
1589 1487 1735 1514 recederet.
1749 1487 1806 1515 Non

1020 1527 1091 1555 solas
1101 1528 1286 1556 Coufcssiones
1295 1529 1329 1556 ad
1340 1537 1399 1556 eum
1411 1530 1498 1563 misit;
1515 1531 1561 1558 sed
1581 1531 1638 1566 ejus
1651 1532 1809 1567 postulatum

1020 1582 1147 1609 superare
1155 1575 1274 1611 cupiens,
1283 1575 1379 1610 adjecit
1387 1580 1500 1611 quatuor
1508 1581 1645 1609 tractatus,
1653 1585 1719 1611 quos
1729 1577 1810 1605 libros

1022 1623 1109 1651 vocat,
1118 1619 1155 1646 De
1169 1620 1220 1653 ﬁde
1235 1628 1317 1647 rerum
1325 1628 1381 1655 qua
1392 1629 1442 1648 non
1454 1621 1576 1653 videntur,
1587 1622 1618 1648 de
1626 1622 1762 1655 Patientia,
1772 1622 1811 1649 De

1020 1663 1186 1696 Continentia,
1196 1664 1235 1691 De
1243 1664 1414 1698 Providentia,
1425 1673 1528 1693 necnon
1538 1666 1636 1700 grande
1644 1675 1709 1701 opus
1715 1667 1754 1693 De
1762 1667 1809 1694 Fi-

1020 1709 1060 1742 de,
1070 1710 1123 1745 Spe
1129 1714 1153 1736 et
1163 1709 1301 1743 Charitate,
1316 1710 1385 1745 quod
1400 1711 1477 1746 vulgo
1484 1710 1648 1738 Encltiridiou
1661 1711 1809 1746 appellatur

1022 1754 1116 1791 (Epist.
1129 1755 1191 1789 231,
1208 1765 1235 1783 η.
1246 1756 1285 1791 7).
1299 1756 1395 1791 Rogat,
1408 1761 1437 1783 ut
1448 1757 1499 1784 sibi
1512 1764 1587 1783 suum
1600 1756 1633 1784 de
1648 1756 1720 1784 hisce
1734 1757 1808 1784 lucu-

1019 1801 1182 1830 brationibus
1192 1802 1332 1837 judicium,
1347 1801 1478 1837 siquidem
1492 1802 1554 1829 illas
1566 1802 1639 1837 prius
1651 1802 1739 1837 legere
1761 1810 1810 1837 po-

1020 1848 1113 1880 tuerit,
1130 1855 1209 1883 quam
1226 1847 1409 1883 proﬁciscatur
1428 1855 1463 1875 ex
1481 1847 1587 1880 Africa,
1607 1848 1734 1875 rescribat
1748 1856 1754 1875 :
1766 1848 1809 1877 sin

1018 1898 1105 1921 autem
1126 1901 1218 1926 secus,
1233 1893 1297 1921 illud
1314 1893 1472 1929 Carthagine
1485 1894 1628 1928 relinquat.
1640 1893 1709 1920 unde
1722 1893 1809 1927 ipsum

1018 1938 1142 1966 Aurelius
1154 1938 1277 1966 dominus
1288 1945 1351 1966 suus
1363 1946 1395 1966 ac
1409 1939 1489 1965 frater
1501 1938 1533 1965 ad
1547 1946 1576 1966 se
1590 1937 1687 1965 deferri
1704 1938 1805 1973 jubeat.

1054 1983 1081 2011 2.
1102 1984 1251 2012 Bonifacius
1264 1984 1288 2011 in
1301 1984 1413 2019 gratiam
1431 1989 1553 2019 receptus
1567 1991 1581 2010 a
1597 1983 1722 2016 Placidia,
1738 1983 1806 2012 nihil

1019 2029 1176 2058 intentatum
1199 2029 1322 2065 reliquit,
1339 2033 1368 2056 ut
1389 2029 1537 2062 Vandalos,
1553 2036 1613 2055 cum
1634 2028 1730 2063 quibus
1753 2032 1808 2057 tam

1018 2075 1135 2102 strictam
1145 2075 1234 2103 iniisse
1242 2075 1394 2103 societatem
1403 2082 1464 2102 eum
1473 2075 1559 2103 serius
1569 2082 1646 2109 aequo
1653 2074 1808 2109 paenitebat,

1019 2127 1069 2155 qua
1094 2120 1217 2154 precibus
1231 2140 1238 2153 ,
1265 2127 1316 2155 qua
1339 2120 1478 2156 promissis
1491 2140 1498 2152 ,
1521 2119 1555 2147 ad
1577 2118 1757 2147 excedendum
1774 2127 1807 2149 ex

1018 2165 1105 2193 Africa
1122 2165 1273 2200 impelleret
1289 2174 1296 2193 :
1318 2165 1366 2193 sed
1379 2165 1476 2193 frustra
1489 2165 1555 2198 fuit;
1569 2173 1651 2201 seque
1664 2164 1752 2193 deludi
1773 2165 1808 2192 ab

1018 2217 1051 2237 eo
1065 2209 1174 2237 Barbari
1186 2210 1325 2245 conquesti
1345 2214 1407 2238 sunt
1420 2209 1594 2246 (Procopius).
1620 2210 1711 2245 Itaque
1733 2218 1808 2240 arma

1018 2263 1123 2290 capere,
1145 2260 1224 2291 atque
1235 2256 1270 2283 ad
1284 2263 1330 2284 eos
1348 2256 1374 2283 vi
1394 2263 1426 2283 ac
1446 2255 1518 2283 ferro
1536 2255 1680 2290 ejiciendus
1694 2255 1802 2290 aggredi

1017 2306 1124 2328 mactus
1136 2306 1186 2329 est.
1209 2301 1306 2329 Verum
1324 2309 1385 2329 cum
1399 2308 1504 2334 manus,
1537 2300 1605 2329 forte
1616 2301 1671 2336 jam
1692 2300 1727 2328 ab
1744 2299 1806 2329 anni

1018 2347 1268 2382 quadringentesimi
1283 2347 1401 2382 vigesimi
1416 2347 1477 2374 noni
1501 2347 1582 2379 exitu,
1598 2354 1659 2374 cum
1678 2346 1731 2373 illis
1743 2353 1807 2373 con-

1020 2393 1156 2426 seruisset,
1170 2392 1270 2425 victus,
1286 2397 1367 2428 atque
1394 2393 1541 2428 Hipponem
1555 2413 1562 2425 ,
1579 2399 1638 2427 qum
1660 2391 1723 2418 urbs
1743 2395 1808 2417 tunc

1018 2437 1145 2472 temporis
1159 2436 1244 2464 valida
1256 2441 1324 2469 erat,
1345 2444 1378 2463 ex
1394 2436 1454 2472 fuga
1478 2440 1569 2471 petere
1582 2435 1734 2470 compulsus
1752 2440 1806 2465 est.

1017 2481 1072 2509 Hoc
1085 2481 1163 2508 modo
1177 2482 1245 2508 Deus
1254 2489 1313 2509 eum
1322 2481 1469 2516 Augustino
1478 2489 1493 2509 e
1500 2481 1566 2508 vivis
1579 2480 1647 2506 baud
1657 2479 1741 2506 multo
1747 2484 1806 2514 post

1017 2528 1120 2555 exituro
1133 2528 1245 2555 reddidit
1260 2537 1266 2554 :
1282 2528 1351 2555 unde
1367 2527 1430 2555 licet
1438 2527 1585 2557 existimes,
1597 2525 1665 2552 hanc
1676 2525 1724 2558 ipsi
1742 2532 1805 2560 gra-

1017 2574 1079 2600 tiam
1094 2574 1175 2601 Dcum
1199 2573 1359 2608 impertitum
1380 2580 1449 2605 esse,
1462 2571 1532 2606 quod
1547 2570 1679 2601 eumdem,
1694 2569 1730 2596 uti
1749 2569 1804 2604 jam

1016 2627 1077 2647 cum
1090 2620 1213 2654 imperio,
1225 2620 1259 2647 ita
1270 2627 1359 2647 secum
1371 2618 1545 2646 reconciliare
1559 2616 1737 2644 decrevisset:
1752 2615 1805 2643 sal-

1017 2670 1069 2693 tem
1083 2673 1135 2692 non
1150 2670 1201 2697 est,
1219 2673 1267 2692 cur
1278 2668 1398 2691 sanctum
1410 2662 1553 2690 Prmsulem
1568 2661 1645 2696 hujus
1664 2661 1702 2688 rei
1723 2667 1804 2688 causa

1016 2711 1088 2738 omni
1101 2718 1150 2745 ope
1161 2715 1294 2744 conatum,
1310 2718 1341 2737 ac
1353 2710 1488 2745 sapienter
1500 2713 1552 2736 tam
1563 2711 1711 2743 opportuna
1724 2713 1804 2734 occa-

1016 2757 1092 2784 sione
1104 2763 1180 2783 usum
1195 2756 1275 2783 fuisse
1284 2755 1433 2783 addubites.
1445 2754 1591 2789 Hipponem
1601 2760 1705 2789 quoque
1713 2751 1804 2780 Possi.

1015 2802 1075 2831 dies
1089 2806 1167 2837 atque
1177 2801 1221 2829 alii
1241 2801 1390 2837 complures
1401 2808 1417 2829 c
1433 2800 1525 2828 vicinis
1534 2799 1696 2828 antistitibus
1711 2796 1803 2826 confth
