4116 6366
491 305 597 361 575

489 431 635 485 gere.
680 412 740 470 ln
781 427 938 469 causa
983 412 1077 469 luit
1130 413 1213 468 hic
1259 412 1510 468 Bonifacii
1561 423 1803 492 receptus
1855 411 1906 465 in
1942 425 2056 464 eam

491 508 699 572 urbem,
745 524 851 567 cur.
892 508 1035 562 illam
1073 506 1291 561 Vandali
1333 507 1431 561 sub
1472 520 1594 576 rege
1639 519 1738 558 suo
1773 495 2059 560 Gcnserico

491 599 769 655 obsessum
815 600 1059 653 venerint
1095 599 1113 667 (
1131 597 1352 660 Possid.,
1384 599 1437 652 in
1471 596 1583 650 Vita
1631 598 1864 666 August.,
1895 613 1939 648 c.
1962 595 2054 665 28)

491 705 632 744 anno
657 691 1173 759 quadringentesimo
1210 689 1479 758 trigesimo
1503 729 1518 752 ,
1547 687 1645 741 sub
1689 686 1886 740 exitum
1911 685 2060 740 men-'-

493 781 566 835 sis
600 781 724 835 maii
763 781 843 835 vel
865 781 997 850 junii
1023 781 1250 844 initium,
1277 778 1485 848 quando
1506 777 1690 832 beatus
1715 761 2055 845 Augustimﬁ,

490 867 581 938 qui
618 868 684 922 ad
726 882 946 936 superos
973 867 1154 936 quinto
1176 866 1427 922 kalendas
1465 865 1778 934 septembris
1823 863 2057 933 ejusdem

492 958 616 1011 anni
657 958 921 1028 migravit,
957 958 1110 1012 tertio
1141 956 1430 1011 obsidionis
1456 970 1638 1009 mense
1683 955 1736 1008 in
1763 963 2058 1009 extremum

491 1048 676 1103 incidit
728 1049 988 1114 morbum,
1029 1063 1185 1118 quem
1224 1046 1352 1102 duas
1388 1053 1561 1100 tresve
1603 1045 1980 1106 hebdomadas,
2005 1054 2061 1100 ut

492 1139 647 1202 solet,
672 1139 889 1193 durasse
914 1137 1198 1192 verisimile
1223 1146 1334 1202 est;
1365 1136 1550 1191 cumis
1578 1135 2059 1204 neque-diuturnus

491 1243 662 1297 neque
703 1227 913 1282 brevior
952 1227 1112 1281 fuisse
1141 1226 1609 1290 animadvertatur,
1651 1234 1811 1294 atque
1850 1225 2059 1278 aliunde

490 1327 692 1370 certum
749 1318 817 1371 sit
866 1317 1106 1371 eumdem
1171 1317 1304 1370 ultra
1355 1317 1536 1371 decem
1591 1315 1704 1370 dies
1747 1316 2057 1384 productum

492 1405 656 1475 (Ibid.
694 1423 737 1459 c.
769 1407 879 1475 51).
911 1406 1120 1472 Dolori,
1165 1422 1322 1476 quem
1369 1415 1579 1460 sanctus
1605 1406 1801 1459 Prtesul
1829 1421 1890 1460 ex
1929 1405 2058 1458 alia-

493 1514 606 1552 rum
628 1498 817 1552 Africae
847 1488 1114 1553 civitatum
1139 1499 1286 1552 ruina
1302 1507 1535 1568 ceperat,
1558 1508 1759 1552 tantum
1791 1498 2056 1568 augmenti

487 1603 552 1642 ex
598 1590 822 1659 prepriae
868 1605 978 1644 suae
1001 1589 1148 1644 urbis
1177 1591 1449 1646 obsidione
1494 1591 1762 1657 accessit,
1807 1599 2056 1660 quantum

489 1678 644 1732 facile
711 1693 889 1733 secum
938 1680 1159 1749 quilibet
1209 1680 1473 1749 conjiciat.
1528 1680 1707 1744 Tune,
1764 1681 1836 1733 ait
1883 1681 2062 1734 Victor

489 1767 749 1831 'Vitensis,
795 1769 922 1822 illud
963 1770 1282 1840 eloquentior,
1343 1769 1476 1837 quod
1509 1771 1717 1823 ubertim
1762 1787 1850 1838 per
1892 1785 2061 1824 omnes

488 1873 692 1925 campos
738 1857 980 1912 Ecclesitc
1019 1860 1325 1924 decurrebat,
1377 1861 1485 1929 ipso
1537 1869 1666 1912 metu
1711 1862 1949 1914 siccatum
1991 1869 2062 1914 est

491 1947 709 2014 ﬂumen;
753 1955 901 2012 atque
953 1947 1165 2000 dulcedo
1217 1949 1476 2001 suavitatis
1527 1948 1722 2001 dulcius
1771 1949 2058 2018 prapinata,

491 2036 543 2087 in
573 2039 954 2091 amaritudinem
980 2039 1216 2092 absinthii
1242 2056 1378 2092 versa
1399 2050 1468 2093 est
1484 2039 1700 2110 (Victor.
1735 2040 1965 2106 Vitensis,
1992 2042 2065 2095 De

492 2125 692 2180 Persec.
721 2127 935 2183 Vandal.
961 2129 1045 2183 lib.
1072 2131 1288 2200 1.12.3).
1309 2130 1562 2184 Eumdetn
1581 2132 1829 2185 continuo
1853 2148 2064 2186 recrea-

491 2215 566 2268 vit
593 2215 691 2269 hoc
706 2216 967 2277 sialatium,
989 2218 1128 2288 quod
1152 2229 1273 2272 tunc
1304 2220 1481 2286 plures
1503 2220 1795 2288 episcopos,
1828 2221 2064 2289 inqueiis

493 2305 812 2370 Possidium,
828 2308 1202 2379 discipulorum
1223 2311 1654 2375 illustrissimum,
1671 2327 1850 2366 secum
1867 2312 2067 2366 habue-

490 2394 578 2448 rit.
601 2394 894 2465 Nobiscum,
917 2399 990 2452 ait
1016 2399 1126 2465 ille,
1159 2415 1317 2469 super
1338 2400 1419 2454 his
1464 2401 1763 2456 infortuniis
1794 2403 2067 2473 stepissime

423 2497 426 2501 '
490 2485 909 2554 colloquebamur,
950 2500 995 2543 et
1024 2489 1117 2543 Dei
1142 2491 1395 2544 tremenda
1417 2493 1610 2561 judicia
1638 2509 1742 2562 pra;
1791 2494 1948 2546 oculis
1976 2511 2066 2547 no-

491 2577 608 2631 stris
637 2579 796 2648 posita
821 2572 1535 2637 considerabantus‘dlcentes:
1574 2602 1593 2634 ι
1637 2583 1818 2638 Justus
1857 2601 1935 2647 es,
1971 2585 2067 2638 Dav

493 2668 644 2732 mine,
672 2678 718 2722 et
746 2680 935 2722 rectum
977 2672 1227 2738 judicium
1252 2681 1390 2725 tuum
1427 2693 1445 2725 ι
1494 2672 1663 2742 (Psal.
1693 2691 1878 2742 cxvm,
1918 2679 2063 2746 157).

496 2754 790 2826 Pariterque
832 2758 1082 2825 dolentes,
1138 2771 1384 2830 gementes
1407 2803 1423 2828 ,
1472 2772 1518 2816 et
1568 2766 1744 2833 [lentes
1803 2767 2068 2821 orabamus

495 2847 872 2900 miserationum
916 2857 1105 2917 patrem
1157 2861 1202 2903 et
1250 2850 1413 2904 Deunt
1465 2855 1625 2907 omnis
1675 2856 2061 2922 consolationis,

497 2945 549 2988 ut
599 2938 652 2990 in
704 2939 876 2991 cadent
935 2957 1025 2994 nos
1076 2942 1392 2996 tribulatione
1445 2943 1698 2997 sublevare
1759 2945 2062 3014 dignaretur.

499 3026 565 3080 Et
594 3033 722 3098 forte
756 3034 994 3099 provenit,
1039 3042 1094 3085 ut
1121 3050 1221 3086 una
1242 3051 1353 3088 cum
1380 3036 1551 3088 eodem
1596 3038 1662 3090 ad
1699 3054 1919 3093 mensam
1947 3055 2068 3092 con-

497 3118 699 3184 stitutis,
749 3128 794 3171 ct
840 3120 957 3173 inde
1000 3122 1451 3192 confabulantibus,
1497 3125 1638 3178 nobis
1695 3125 1922 3180 diceret:
1954 3126 2068 3181 No-

499 3208 672 3260 ueritis
692 3224 770 3259 me
796 3209 888 3262 hoc
912 3219 1131 3279 tempore
1158 3222 1342 3266 nostra:
1371 3215 1671 3270 calamitatis
1709 3217 1763 3270 id
1798 3218 1960 3272 Deum
1986 3237 2070 3272 ro-

499 3312 636 3365 gare,
680 3305 733 3350 ut
766 3309 852 3352 aut
893 3299 1021 3353 hanc
1055 3303 1296 3355 civitatem
1344 3305 1407 3357 ab
1447 3306 1668 3360 hostibus
1709 3309 2069 3363 circumdatam

499 3385 708 3440 liberare
735 3389 982 3457 dignetur,
1005 3401 1091 3443 aut
1116 3392 1158 3445 si
1182 3392 1324 3445 aliud
1346 3395 1390 3447 ei
1424 3396 1637 3463 videtur,
1666 3415 1782 3452 suos
1808 3416 1974 3454 servos
2001 3403 2069 3454 ad

501 3479 844 3547 perferendam
864 3499 1006 3536 suam
1029 3485 1325 3538 voluntatem
1347 3490 1500 3556 fortes
1529 3488 1703 3555 faciat,
1743 3500 1830 3543 aut
1850 3501 1986 3546 certe
2017 3504 2069 3546 ut

498 3585 578 3621 me
596 3569 658 3622 de
678 3575 768 3622 hoc
791 3570 974 3624 stet-nlo
996 3573 1063 3624 ad
1084 3589 1138 3625 se
1156 3575 1389 3643 accipiat.
1425 3576 1549 3641 Qum
1562 3577 1648 3631 ille
1672 3580 1859 3642 dicens,
1885 3597 2071 3649 nosque

498 3657 772 3722 instruens,
804 3660 1038 3730 deinceps
1060 3679 1173 3715 cum
1200 3665 1371 3718 cadent
1397 3676 1446 3719 et
1472 3683 1591 3729 nos,
1618 3677 1665 3720 et
1694 3671 1850 3722 nostri
1878 3688 2066 3735 omnes,

498 3757 544 3798 et
563 3749 662 3814 ipsi
680 3749 765 3815 qui
785 3750 834 3802 in
861 3751 1032 3804 eadem
1063 3756 1259 3822 fuerant
1279 3755 1490 3819 ciuitate,
1520 3773 1550 3808 a
1567 3773 1760 3810 summo
1788 3757 1894 3813 Dec
1933 3761 2070 3814 simi-

500 3839 612 3891 liter
638 3841 939 3908 petebamus.
990 3842 1059 3895 Et
1082 3860 1194 3896 ecce
1241 3847 1382 3898 tertio
1429 3846 1566 3901 illius
1610 3848 1878 3903 obsidionis
1905 3867 2073 3905 mense

500 3927 731 3980 decubuit
774 3930 990 3999 febribus
1021 3934 1277 4003 fatigatus,
1323 3945 1369 3987 et
1415 3934 1504 3988 illa
1539 3938 1713 3990 ultima
1752 3941 2071 3994 exercebatur

499 4019 808 4088 (egritudine.
852 4020 961 4074 Nec
993 4039 1138 4076 suum
1185 4041 1304 4078 sane
1344 4025 1592 4080 Dominus
1627 4030 1872 4098 famulum
1904 4033 2070 4101 fructu

499 4125 605 4162 sua:
630 4113 785 4177 precis
816 4113 1085 4181 fraudavit.
1140 4112 1277 4166 Nam
1297 4124 1342 4167 et
1363 4117 1455 4168 sibi
1474 4117 1589 4185 ipsi,
1617 4127 1663 4169 et
1683 4119 1841 4172 eidem
1865 4120 2068 4187 civitati,

501 4200 636 4265 quod
664 4200 956 4271 lacrgntosis
993 4203 1282 4272 depoposcit
1312 4206 1557 4274 precibus,
1586 4209 1638 4261 in
1666 4217 1888 4278 tempore
1914 4211 2072 4279 impe-

505 4292 650 4343 travit
677 4290 924 4361 (Possid.,
949 4295 1000 4346 in
1026 4292 1140 4346 Vita
1161 4295 1393 4365 August.,
1409 4314 1480 4352 cc.
1503 4297 1592 4360 ‘28,
1611 4298 1723 4370 99).
1748 4300 1946 4367 Quibus
1963 4317 2072 4357 ver-

499 4380 581 4436 bis
606 4381 656 4436 id
687 4383 916 4438 iudicare
944 4385 1443 4450 videturPossidius,
1467 4389 1605 4458 quod
1631 4407 1658 4443 a
1693 4391 1948 4460 Procopio
1970 4403 2073 4448 tra-

503 4469 663 4536 ditur,
704 4471 874 4526 fessos
895 4474 1215 4529 obsessionis
1234 4491 1378 4531 mora
1402 4477 1681 4544 Barbaros,
1701 4481 1766 4534 ab
1784 4496 1844 4536 ea
1864 4484 2070 4538 tandem

499 4563 784 4617 recessisse
806 4581 819 4618 :
838 4580 955 4632 qum
981 4580 1066 4619 res
1094 4567 1294 4623 civibus
1314 4569 1623 4624 deserendae
1638 4572 1800 4635 urbis,
1818 4574 1955 4642 quod
1979 4589 2072 4629 eos

502 4651 690 4706 fecisse
716 4653 983 4708 Possidius
1004 4656 1096 4719 ait,
1125 4671 1185 4711 ac
1201 4658 1383 4713 salutis
1410 4675 1518 4714 suae
1537 4661 1836 4716 asserenda:
1865 4662 2073 4717 faculta-

503 4749 610 4795 tem
645 4742 808 4796 dedit.

481 4869 499 4882 .
569 4833 622 4887 3.
669 4832 782 4888 Non
817 4832 1033 4888 dubium
1076 4845 1157 4891 est
1203 4837 1328 4906 quin
1370 4837 1639 4893 Possidius
1674 4839 1739 4894 ad
1775 4849 2071 4896 extremum

501 4923 638 4979 hunc
682 4926 923 4979 morbum
949 4927 1110 4981 relata
1134 4928 1360 4982 voluerit
1380 4944 1470 4993 ea,
1508 4946 1626 4999 qua:
1656 4933 1835 5000 paucis
1854 4933 2072 5002 interje~

500 5018 598 5073 clis
625 5019 834 5088 subjieit
859 5019 908 5072 in
936 5019 1049 5073 haec
1071 5019 1229 5074 verba
1257 5037 1270 5072 ε
1298 5019 1717 5092 Itcmque(novi),
1737 5023 1804 5075 ad
1822 5035 2072 5094 wgrotan—

500 5120 594 5162 tem
620 5119 664 5163 et
689 5111 814 5164 lecto
839 5121 1096 5164 vacantem
1117 5111 1379 5180 quemdam
1405 5128 1516 5163 cum
1541 5129 1630 5165 suo
1644 5124 1830 5183 wgroto
1859 5116 2067 5180 venisse,

501 5209 545 5252 et
569 5202 836 5270 rogavisse,
864 5211 918 5252 ut
946 5201 1105 5254 eidem
1133 5216 1334 5254 manum
1355 5202 1645 5269 imponeret,
1669 5219 1764 5270 quo
1788 5219 1941 5256 sanus
1969 5219 2074 5258 esse

502 5301 710 5358 posset:
737 5309 944 5362 eumque
991 5294 1324 5362 respondisse,
1369 5293 1413 5346 si
1454 5293 1646 5363 aliquid
1677 5295 1729 5347 in
1771 5295 1848 5348 his
1887 5305 2069 5365 posset,

501 5382 596 5434 sibi
620 5381 710 5435 hoc
726 5384 891 5452 utique
908 5385 1133 5453 primitus
1160 5384 1463 5455 prtestitisset
1491 5399 1510 5437 :
1536 5394 1582 5437 et
1606 5384 1750 5438 illum
1774 5385 1977 5452 dixisse,
2002 5387 2074 5440 oi-

503 5473 707 5524 sitatum
749 5488 801 5526 se
836 5471 1018 5540 fuisse,
1060 5473 1250 5544 sibique
1295 5489 1384 5544 per
1419 5475 1666 5528 somnium
1707 5474 1894 5528 dictum
1923 5491 2028 5529 esse
2055 5491 2074 5530 :

513 5561 652 5613 Vade
675 5561 742 5614 ad
767 5563 1099 5634 Augustinum
1137 5567 1447 5635 episcopum,
1475 5573 1527 5616 ut
1551 5565 1710 5618 eidem
1742 5581 1946 5619 manuni
1985 5566 2075 5618 im-

507 5661 677 5720 ponat,
703 5661 745 5706 ct
777 5653 941 5708 salvus
966 5655 1077 5708 erit.
1113 5654 1258 5718 Quod
1276 5655 1394 5708 dum
1413 5655 1750 5726 comperisset,
1781 5656 1944 5725 facere
1971 5671 2071 5709 non

1604 300 1760 354 VITA
1801 299 1857 355 S.
1897 293 2256 352 AUGUSTINI
2300 295 2614 355 EPISCOPI.

3633 308 3738 366 576

2166 413 2390 477 distulit;
2414 425 2461 468 et
2487 417 2630 469 illuni
2658 416 2913 486 inﬁrmum
2938 421 3170 475 continuo
3199 421 3446 478 Dominus
3468 441 3647 479 sanum
3674 428 3738 479 ab

2163 506 2335 558 eodem
2372 507 2621 562 discedere
2641 509 2753 578 fecit
2782 507 2963 578 (Ibid.,
2996 528 3041 564 c.
3063 512 3177 583 29).
3202 513 3384 568 Visum
3421 525 3503 571 est
3535 516 3730 570 divina:

2165 595 2458 651 clementia:
2480 597 2580 652 hoc
2603 585 2876 665 miraculo,
2901 600 3039 671 quod
3069 619 3160 672 per
3181 620 3300 658 cum
3328 605 3377 658 in
3406 605 3594 659 ultimo
3612 607 3732 662 vita:

2165 689 2427 743 curriculo
2467 693 2805 760 perpetravit,
2837 693 2950 762 ejus
2979 693 3032 747 in
3074 695 3278 764 agendo
3305 698 3736 766 sanctimoniam,

2166 794 2372 833 necnon
2400 779 2450 833 in
2474 782 2754 836 scribendo
2782 782 3073 837 doctrinam
3101 800 3162 838 ac
3189 789 3434 855 pietatem
3461 789 3612 856 quasi
3639 790 3734 843 ob-

2164 869 2391 937 signare.
2442 869 2573 923 Novi
2619 888 2843 942 quoque,
2885 874 2955 926 ait
2985 874 3121 928 idem
3157 889 3369 942 aucmr,
3425 879 3650 932 eumdem
3693 889 3738 932 et

2166 959 2524 1028 presbyterum,
2549 969 2593 1013 et
2614 963 2920 1031 episcopum,
2943 980 3033 1032 pro
3061 965 3355 1030 quibusdam
3399 969 3738 1037 energumcnis

2167 1043 2461 1110 patientibus
2485 1051 2542 1096 ut
2559 1054 2741 1108 oraret,
2759 1054 3009 1116 rogatum,
3033 1063 3236 1115 eumque
3255 1049 3308 1101 in
3328 1049 3550 1102 oratione
3570 1049 3739 1120 lacry-

2164 1147 2272 1184 mas
2297 1130 2584 1201 fundentem
2606 1133 2763 1187 Deum
2791 1151 3012 1205 rogasse,
3037 1143 3082 1188 et
3110 1136 3360 1190 dtemones
3375 1138 3436 1190 ab
3457 1137 3739 1192 hominibus

2163 1221 2417 1274 recessisse
2430 1219 2630 1291 (Ibid).
2655 1222 2720 1276 Et
2742 1223 2856 1290 huic
2871 1223 3087 1278 omnino
3106 1225 3174 1279 de
3191 1226 3539 1281 exterioribus
3557 1228 3735 1283 Sancti

2164 1310 2320 1380 hujus
2349 1315 2512 1366 nostri
2564 1314 2830 1369 miraculis
2871 1315 3123 1384 reperias.
3156 1315 3336 1370 Dicere
3368 1325 3532 1370 autem
3569 1318 3732 1381 nobis,

2165 1402 2331 1470 inquit
2378 1402 2682 1469 Possidius,
2732 1404 2862 1457 inter
2908 1407 3182 1475 familiaria
3227 1407 3475 1476 colloquia
3522 1425 3735 1462 consue-

2165 1499 2318 1553 verat,
2353 1499 2461 1557 post
2491 1501 2774 1560 perceptum
2801 1492 3133 1562 Baptisntum,
3158 1496 3307 1549 etiam
3329 1496 3560 1550 laudatos
3587 1496 3737 1550 Chri-

2163 1581 2350 1633 stianos
2376 1590 2422 1633 et
2467 1582 2749 1634 sacerdotes
2787 1583 2970 1648 absque
3013 1584 3166 1654 digna
3191 1597 3236 1637 et
3263 1587 3558 1655 competenti
3584 1587 3738 1656 pleni-

2165 1671 2316 1724 tentia
2356 1673 2490 1725 exire
2526 1673 2590 1725 de
2619 1687 2829 1742 corpore
2862 1689 2962 1726 non
2994 1673 3184 1728 debere.
3219 1674 3368 1739 Quod
3397 1687 3442 1729 et
3485 1676 3592 1744 ipse
3618 1678 3742 1747 fecit

2166 1762 2363 1825 ultima,
2394 1779 2494 1832 qua
2517 1762 2780 1831 defunctus
2797 1773 2889 1830 est,
2907 1765 3203 1834 (egritudine
3221 1781 3240 1818 .'
3260 1783 3377 1818 nam
3404 1767 3498 1819 sibi
3511 1767 3743 1835 jusseras

2168 1851 2399 1906 Psalmos
2439 1851 2718 1916 Davidicos,
2761 1853 2845 1921 qui
2881 1863 2997 1906 sunt
3025 1855 3312 1924 paucissimi
3335 1855 3398 1907 de
3427 1856 3734 1924 ptenitentia,

2165 1943 2347 2008 scribi,
2391 1942 2622 2013 ipsosque
2645 1944 2992 2013 quaterniones
3007 1945 3191 2013 jacens
3216 1945 3269 1997 in
3295 1946 3418 1998 lecto
3443 1955 3615 2000 contra
3640 1963 3738 2016 pa-

2166 2033 2337 2086 rietem
2365 2034 2551 2101 positos
2574 2033 2746 2086 diebus
2773 2049 2877 2087 sua
2901 2034 3206 2101 inﬁrmitatis
3230 2034 3514 2088 intuebatur
3537 2047 3584 2090 et
3605 2037 3740 2106 lege-

2166 2122 2270 2187 bat,
2297 2131 2344 2176 et
2364 2124 2555 2193 jugiter
2591 2140 2654 2176 ac
2692 2123 2902 2177 ubertim
2928 2123 3077 2193 ﬂebat
3107 2140 3125 2178 :
3160 2135 3206 2178 et
3242 2142 3304 2178 ne
3329 2127 3537 2180 intentio
3565 2128 3674 2197 ejus
3705 2145 3740 2180 α

2166 2228 2410 2281 quoquam
2435 2213 2776 2282 impediretur,
2789 2223 2904 2267 ante
2917 2215 3024 2267 dies
3047 2217 3200 2284 ferme
3217 2215 3405 2278 decem,
3423 2233 3572 2284 quant
3581 2221 3744 2270 exine

2168 2303 2234 2355 de
2249 2320 2472 2372 corpore,
2503 2321 2534 2356 a
2572 2306 2713 2359 nobis
2739 2305 3007 2375 postulavit
3034 2307 3379 2375 prtesentibus,
3421 2325 3483 2361 ne
3523 2309 3634 2377 quis
3668 2311 3746 2361 adi

2168 2412 2279 2448 cum
2305 2397 2662 2466 ingrederetur,
2697 2399 2794 2452 nisi
2830 2399 2891 2454 iis
2918 2409 3112 2452 tantum
3147 2401 3303 2462 horis,
3340 2401 3518 2470 quibus
3561 2400 3743 2454 medici

2169 2486 2238 2537 ad
2265 2487 2627 2555 inspiciendum
2655 2489 2919 2551 intrarent,
2942 2489 3020 2543 vel
3033 2507 3144 2542 cum
3163 2491 3209 2544 ei
3225 2493 3426 2561 refectio
3449 2492 3738 2561 inferretur.

2177 2576 2237 2628 Et
2266 2577 2336 2629 ita
2364 2578 2674 2630 observatum
2698 2595 2756 2631 ac
2791 2580 2979 2647 factum
3012 2589 3114 2642 est;
3153 2591 3198 2634 et
3223 2581 3360 2634 omni
3397 2582 3486 2634 illo
3523 2591 3745 2648 tempore

2171 2669 2384 2720 orationi
2419 2668 2645 2721 vacabat.
2677 2668 2891 2722 Verbum
2945 2669 3053 2735 Dei,
3101 2687 3258 2740 usque
3297 2671 3365 2724 ad
3392 2673 3553 2740 ipsam
3596 2690 3745 2726 suam

2171 2768 2440 2810 extremam
2465 2759 2834 2827 a’gritudincm,
2856 2760 3276 2829 impra’termisse,
3301 2764 3536 2817 alacriter
3553 2774 3600 2818 et
3637 2766 3746 2833 fon-

2173 2848 2284 2898 titer
2316 2864 2440 2900 sana
2460 2858 2624 2900 mente
2641 2865 2862 2918 sonoque
2872 2852 3080 2904 consilio
3104 2853 3155 2904 in
3178 2851 3404 2907 Ecclesia
3431 2854 3720 2922 pra'dicacit

2173 2936 2410 2990 Membris
2434 2937 2659 2991 omnibus
2684 2941 2763 2992 sui
2781 2942 3004 3008 corporis
3028 2941 3309 3008 incolumis,
3331 2943 3524 3013 integro
3541 2955 3745 3014 aspectu

2171 3036 2319 3094 atque
2342 3027 2538 3093 auditu,
2555 3037 2618 3091 et,
2647 3037 2702 3080 ut
2727 3030 2968 3100 scriptum
3004 3039 3093 3092 est,
3135 3031 3274 3085 nobis
3299 3034 3574 3087 astantibus
3599 3044 3649 3087 et
3674 3039 3748 3086 ri-

2173 3117 2420 3181 dentibus,
2453 3127 2499 3170 ct
2527 3135 2640 3171 cum
2679 3136 2743 3173 eo
2785 3122 2970 3189 pariter
2999 3123 3274 3185 orantibus,
3311 3123 3604 3177 obdormivit
3632 3141 3746 3177 cum

2173 3206 2398 3273 patribus
2437 3208 2540 3260 suis
2571 3247 2586 3271 ,
2633 3210 2874 3262 enutritus
2919 3211 2971 3261 in
3015 3209 3144 3262 bona
3183 3221 3464 3273 senectute;
3505 3221 3550 3264 et
3593 3215 3742 3268 nobis

2172 3310 2340 3347 coram
2395 3311 2485 3363 pro
2533 3297 2642 3366 ejus
2690 3298 3084 3350 commendanda
3151 3300 3375 3369 corporis
3443 3301 3748 3369 depositione

2171 3387 2470 3453 sacri/icium
2519 3386 2624 3441 Deo
2671 3388 2891 3442 oblatum
2939 3399 3030 3453 est,
3087 3399 3134 3444 et
3174 3392 3398 3460 sepultus
3443 3402 3513 3445 est
3556 3391 3743 3458 (lbid.,

2172 3493 2216 3529 c.
2239 3479 2296 3530 51
2319 3475 2358 3548 ).
2391 3479 2616 3547 l’rOSper
2634 3479 2699 3532 ad
2721 3494 2917 3532 annum
2942 3480 3137 3534 Christi
3169 3481 3743 3552 quadringentesimum

2173 3569 2524 3637 trigesimum,
2573 3571 2776 3624 scilicet
2811 3571 3112 3626 Theodosio
3138 3571 3400 3627 decimum
3444 3575 3654 3628 tertium
3692 3583 3747 3628 et

2175 3658 2544 3712 Valentiniano
2585 3661 2795 3713 tertium
2824 3662 3163 3726 consulibus,
3193 3662 3392 3716 obitum
3432 3663 3562 3731 ejus.
3585 3663 3748 3717 refert

2176 3747 2257 3800 his
2286 3748 2458 3801 verbis
2482 3765 2493 3799 :
2525 3750 2830 3818 Augustinus
2854 3750 3113 3820 episcOpus
3138 3767 3227 3821 per
3249 3752 3416 3804 omnia
3433 3753 3747 3806 excellentis-

2173 3839 2327 3890 simus
2353 3838 2562 3890 moritur
2581 3839 2752 3906 quinto
2773 3837 3014 3893 kalendas
3028 3840 3341 3910 septembris,
3380 3840 3519 3894 libris
3545 3841 3746 3895 Iuliani

2175 3929 2306 3980 inter
2329 3928 2540 3996 impetus
2581 3929 2910 3982 obsidentium
2956 3928 3298 3984 Vandalorum
3325 3932 3378 3984 iu
3405 3931 3515 4000 ipso
3551 3932 3747 3984 dierum

2177 4032 2381 4069 suorum
2415 4017 2516 4085 fine
2533 4021 2855 4087 respondens,
2888 4029 2935 4073 et
2973 4020 3188 4090 gloriose
3201 4021 3255 4074 in
3282 4022 3570 4090 defensioue
3607 4023 3747 4076 chri'

2176 4109 2356 4161 stiance
2382 4110 2558 4176 gratia:
2584 4126 2898 4178 perseverans
2923 4109 3186 4182 (Prosper,
3219 4113 3274 4165 in
3316 4112 3502 4168 Chron.
3533 4115 3599 4166 ad
3621 4131 3745 4167 ann.

2177 4201 2325 4269 450).
2376 4202 2414 4254 Ε
2454 4202 2559 4254 vita
2589 4201 2844 4270 migravit
2869 4217 3036 4256 annos
3071 4212 3225 4258 natus
3264 4208 3594 4274 septuaginta
3630 4220 3746 4267 sex,

2176 4307 2401 4360 quorum
2433 4291 2597 4345 ferme
2616 4293 2955 4362 quadraginta
2975 4295 3026 4347 in
3055 4293 3312 4348 obeundis
3339 4305 3447 4348 tum
3473 4295 3748 4364 presbyte-

2178 4390 2324 4434 ratus
2347 4390 2455 4433 tum
2481 4381 2819 4450 episcopatus
2833 4381 3021 4436 officiis
3048 4393 3319 4452 exegerat,
3341 4398 3370 4436 a
3398 4383 3528 4444 Deo,
3558 4383 3747 4436 videli-

2179 4480 2265 4524 cet
2291 4480 2393 4523 tam
2421 4471 2674 4540 producta
2695 4480 2850 4524 aetate
2866 4472 3108 4533 donatus,
3133 4483 3190 4526 ut
3237 4472 3486 4525 Ecclesia:
3537 4472 3746 4526 utilitati

2176 4572 2230 4616 et
2259 4562 2494 4616 felicitati
2541 4563 2779 4617 serviret.
2813 4563 3195 4629 Testamentum,
3224 4565 3395 4633 pergit
3438 4564 3705 4618 Possidius
3729 4603 3745 4627 ,

2177 4655 2370 4706 nullum
2397 4656 2544 4724 fecit;
2572 4656 2689 4724 quia
2715 4656 2848 4708 unde
2871 4657 3074 4724 faceret,
3098 4671 3288 4724 pauper
3317 4655 3411 4709 Dei
3431 4672 3529 4709 non
3551 4655 3746 4708 habuit.

2180 4745 2418 4799 Ecclesiae
2479 4745 2850 4808 bibliothecam,
2900 4762 3164 4812 omnesque
3227 4747 3423 4801 codices
3487 4748 3752 4817 diligenter

2177 4836 2386 4903 posteris
2401 4836 2762 4889 custodiendos
2790 4853 2983 4904 semper
2997 4837 3220 4906 jubebat.
3241 4836 3303 4891 Si
3320 4839 3439 4906 quid
3456 4853 3569 4891 vero
3594 4839 3752 4892 eccle-

2177 4926 2252 4978 sia
2277 4927 2351 4978 uel
2375 4928 2427 4978 in
2455 4928 2733 4994 sumptibus
2752 4925 2828 4978 uel
2851 4929 2903 4978 in
2923 4928 3227 4981 ornamentis
3257 4927 3445 4992 habuit,
3470 4927 3586 4994 ﬁdei
3626 4945 3748 4995 pre-

2178 5017 2381 5085 sbyteri,
2411 5018 2497 5086 qui
2520 5018 2611 5070 sub
2637 5018 2805 5069 eodem
2837 5017 3015 5070 domus
3037 5017 3274 5071 Ecclesia:
3309 5035 3482 5070 curam
3523 5019 3746 5088 gerebat,

2179 5109 2386 5173 dimisit,
2417 5125 2506 5162 nec
2547 5125 2661 5162 suos
2687 5111 3099 5179 consanguineos,
3140 5111 3217 5162 uel
3243 5111 3306 5162 in
3347 5111 3626 5178 proposito,
3670 5113 3749 5162 uel

2179 5208 2320 5251 extra
2341 5200 2651 5262 constitutos,
2680 5200 2732 5251 in
2759 5215 2852 5252 sua
2901 5201 3001 5252 vita
3043 5209 3087 5252 et
3116 5209 3274 5253 morte
3314 5201 3450 5271 vulgi
3481 5216 3619 5252 more
3642 5211 3752 5252 tra-

2180 5287 2327 5340 ctavit
2355 5302 2374 5340 :
2397 5287 2595 5356 quibus,
2626 5289 2746 5341 dum
2774 5289 2940 5341 adhuc
2957 5300 3232 5358 superesset
3256 5331 3270 5352 ,
3312 5291 3366 5342 id
3393 5292 3436 5342 si
3474 5306 3599 5360 apus
3629 5291 3746 5358 fuit,

2181 5378 2314 5445 quod
2342 5387 2387 5430 et
2411 5379 2600 5431 cceteris
2621 5380 2858 5450 erogauit.
2888 5397 2988 5433 non
3019 5390 3072 5432 ut
3089 5382 3289 5435 divitias
3315 5382 3568 5445 haberent,
3591 5380 3679 5433 sed
3695 5392 3751 5431 ut

2181 5476 2266 5518 aut
2293 5483 2414 5532 non,
2445 5478 2531 5520 aut
2559 5469 2723 5522 minus
2761 5481 2974 5539 egerent.
3023 5469 3221 5523 Clerum
3258 5470 3747 5540 sitfﬁcientissimum,

2180 5566 2225 5609 et
2253 5561 2549 5613 monasteria
2571 5561 2866 5614 virorumac
2893 5561 3224 5630 feminarum,
3252 5561 3615 5615 continentibus
3633 5575 3752 5612 cum

2180 5653 2281 5709 suis
2299 5653 2576 5721 prwpositis
2605 5653 2767 5720 plena,
2799 5652 3034 5706 Ecclesire
3057 5653 3260 5718 dimisit,
3303 5668 3401 5705 una
3429 5668 3540 5705 cum
3570 5648 3752 5704 biblio-
