4116 6366
334 304 431 357 577

338 418 432 469 ιιιει
445 416 504 479 is,
529 413 679 467 libros
704 422 750 467 et
783 420 1024 466 tractatus
1044 410 1121 465 uel
1140 428 1256 465 suos
1281 410 1357 465 vel
1381 411 1593 463 aliorum
1621 421 1904 462 sanctorum

337 505 620 559 habentibus
651 501 962 573 (Possidius,
994 503 1046 555 in
1082 501 1195 554 Vita
1222 502 1506 571 Augustini,
1536 518 1580 554 c.
1610 502 1721 571 51).

404 598 458 649 ιι.
500 595 838 649 Marcellinus
882 593 1163 661 Augustini
1211 593 1411 646 obitum
1463 608 1601 645 anno
1652 592 1902 662 quadrin-

338 686 623 755 gentesimo
679 684 935 755 vigesimo
989 698 1131 737 nono
1173 684 1498 752 consignavit
1536 683 1811 752 (Marcell.,
1851 683 1903 736 in

339 775 572 846 Chron.):
593 774 686 830 sed
706 775 968 843 Prospero
991 788 1109 828 eum
1129 788 1270 827 anno
1290 774 1805 843 quadringentesimo
1822 776 1906 846 tri-

340 844 533 934 gesimo
559 864 893 919 adscribendi
920 862 1279 918 testimonium
1297 904 1310 925 ,
1338 878 1441 931 quo
1470 864 1621 917 nobis
1648 862 1712 915 ad
1739 844 1902 916 sancti

341 956 581 1010 Prmsulis
601 955 1015 1009 consecrandam
1061 954 1370 1015 memoriam
1407 970 1472 1008 ne
1501 956 1668 1024 optari
1692 955 1900 1023 quidem

344 1049 504 1115 possit
558 1047 721 1101 ullum
770 1047 908 1101 aliud
951 1045 1296 1115 nplendidius,
1338 1046 1665 1115 sull'ragatur.
1696 1047 1901 1100 Etenim

340 1154 454 1193 cum
492 1138 927 1192 Nestorianorum
982 1138 1202 1191 hagresis
1243 1137 1595 1192 Theodosium
1639 1138 1901 1207 jnniorcm

343 1232 652 1299 impulisset,
675 1239 726 1284 ut
746 1231 1126 1284 mcumenicam
1150 1230 1407 1300 synodum
1431 1230 1695 1299 Ephesum
1712 1246 1904 1284 convo-

340 1331 497 1388 caret,
526 1334 751 1390 eamque
779 1321 848 1374 ob
869 1337 980 1375 rem
1004 1322 1205 1377 litteras
1227 1321 1376 1376 daret
1407 1322 1473 1375 ad
1502 1337 1687 1375 omnes
1713 1332 1905 1375 metro-

341 1411 591 1478 politanos
612 1426 626 1475 ;
651 1410 792 1464 misit
811 1413 969 1465 etiam
997 1410 1048 1463 in
1074 1409 1303 1464 Africam
1330 1426 1422 1480 per
1446 1410 1722 1481 quemdam
1743 1411 1906 1479 magi-

339 1504 609 1565 strianum,
638 1504 724 1556 cui
748 1518 939 1557 nomen
964 1503 1199 1572 Ebagnio
1226 1502 1466 1572 (biberat.
1495 1503 1648 1566 breu.,
1688 1519 1801 1571 cap.
1825 1501 1901 1573 5),

342 1608 544 1647 sacrum
576 1594 891 1661 rescriptum
922 1594 1214 1663 Augustino
1238 1593 1517 1662 praecipue,
1536 1593 1586 1647 id
1607 1603 1706 1655 est,
1731 1594 1905 1661 potius

334 1701 484 1755 quam
513 1684 771 1754 Capreolo
791 1694 913 1739 tunc
933 1685 1183 1754 temporis
1193 1685 1613 1754 Carthaginiensi
1632 1684 1899 1753 cpiscolio,

334 1779 646 1833 destinatum
672 1779 947 1850 (Capreol.,
969 1779 1134 1849 Epist.
1162 1780 1227 1832 ad
1239 1779 1435 1849 Synod.
1457 1777 1668 1849 Ephes.,
1688 1788 1826 1847 parte
1844 1778 1898 1842 2,

334 1880 428 1921 act.
455 1870 505 1938 1)
533 1887 546 1923 :
580 1886 686 1938 quo
711 1871 969 1939 rescripto
997 1871 1161 1936 illum,
1190 1880 1245 1924 ut
1265 1870 1515 1924 accedere
1536 1868 1602 1923 ad
1621 1869 1901 1923 concilium

333 1959 649 2028 dignaretur,
677 1961 927 2029 peculiari
968 1960 1175 2013 ratione
1208 1960 1424 2028 rogabat
1446 1958 1755 2028 Imperator.
1787 1958 1901 2023 Quo

334 2050 415 2102 hic
453 2050 568 2103 loco
602 2052 955 2118 Augustinum
1010 2050 1252 2116 haberet,
1298 2052 1397 2105 alia
1420 2066 1630 2120 quoque
1671 2050 1901 2103 declarat

333 2140 569 2206 epistola,
604 2140 688 2195 bis
718 2141 844 2210 ipsis
876 2140 1325 2209 metropolitanis,
1365 2154 1498 2208 quos
1523 2140 1589 2193 ad
1618 2140 1899 2193 concilium

334 2228 660 2293 invitaverat,
694 2245 875 2284 mense
897 2231 1028 2299 julio
1055 2231 1176 2283 anui
1203 2231 1472 2299 sequentis
1500 2230 1658 2285 missa
1689 2229 1895 2298 (Naris,

334 2317 464 2372 Hist.
485 2317 665 2389 Pelag.
689 2318 773 2374 lib.
790 2319 845 2384 2,
863 2337 976 2389 cap.
996 2320 1074 2391 9).
1090 2320 1185 2375 llic
1197 2321 1335 2374 enim
1361 2319 1685 2374 clarissimus
1701 2319 1897 2372 Pracsul

334 2411 565 2479 proxime
579 2421 699 2481 post
712 2412 1236 2467 Thessalonicensem
1260 2412 1567 2471 antistitem,
1583 2420 1704 2466 ante
1714 2425 1899 2464 omnes

336 2503 497 2556 nudos
535 2506 967 2572 metropolitanos
987 2546 1001 2569 ,
1029 2505 1336 2558 collocatur.
1364 2505 1522 2560 Sacra
1563 2504 1899 2573 Imperatoris

336 2592 396 2644 ad
417 2594 874 2662 metmpolitanos,
889 2595 1124 2663 signatur
1134 2595 1339 2649 decimo
1368 2596 1521 2649 tertio
1542 2593 1792 2647 kalendas
1807 2593 1899 2646 de-

331 2683 549 2737 cembris
591 2684 716 2737 anni
740 2684 1240 2754 quadringentesimi
1271 2684 1522 2753 trigesimi
1543 2684 1660 2737 data
1683 2682 1893 2754 (Coucil.

332 2772 514 2842 Ephes.
557 2777 779 2844 partel,
829 2793 943 2831 can.
991 2776 1132 2846 '52);
1174 2777 1497 2847 proindeqne
1549 2777 1896 2846 Augustinum

332 2864 507 2932 quinto
550 2866 805 2921 kalendas
865 2869 1179 2937 septembris
1224 2870 1347 2922 anni
1394 2867 1896 2939 quadringentesimi

332 2954 558 3023 vigesimi
578 2957 701 3010 noni
729 2957 944 3023 obiisse,
969 2958 1088 3025 jure
1111 2958 1302 3012 dixerit
1338 2974 1515 3012 nemo.

395 3045 446 3099 5.
462 3046 876 3116 PostAuguStini
902 3049 1196 3113 transitum,
1224 3048 1613 3118 Hippo-Regius
1630 3048 1895 3103 Vandalo-

330 3148 440 3187 rum
458 3137 719 3195 sustinere
739 3138 964 3206 impetus
980 3139 1329 3207 perseveravit
1351 3156 1363 3191 :
1387 3147 1440 3191 et
1460 3140 1698 3207 quamvis
1723 3140 1755 3193 ii
1774 3154 1897 3208 por-

331 3234 432 3278 tum
452 3226 625 3294 ipsum
650 3228 1071 3283 interclusissent
1090 3227 1399 3298 (Possidius,
1430 3229 1482 3281 in
1518 3228 1631 3281 Vita
1651 3229 1891 3299 August.,

327 3334 372 3370 c.
397 3317 509 3385 28),
532 3334 799 3388 nunquam
830 3328 1003 3373 tamen
1030 3320 1239 3385 urbem,
1266 3334 1437 3387 neque
1454 3319 1525 3386 vi,
1556 3334 1725 3389 neque
1753 3319 1894 3373 dedi-

330 3409 465 3462 tione
494 3424 688 3477 capere
714 3419 1000 3479 potuerunt
1032 3428 1044 3463 :
1076 3414 1147 3464 ita
1180 3419 1235 3465 ut
1264 3420 1383 3480 post
1411 3411 1624 3479 longum
1665 3411 1890 3481 Spatium

326 3496 390 3550 ad
418 3498 532 3566 ejus
558 3514 740 3553 muros
767 3500 910 3555 nullo
937 3515 1114 3570 operae
1143 3501 1314 3570 pretio
1344 3510 1748 3571 consumptum,
1792 3501 1890 3555 ob-

326 3588 613 3642 sessionem
641 3598 780 3644 totos
826 3590 990 3645 ferme
1016 3591 1409 3660 quatuordeciin
1449 3606 1659 3646 menses
1693 3591 1889 3661 produ-

326 3687 478 3743 ctam,
511 3679 767 3734 solverint
796 3679 1145 3751 (Procopius).
1174 3680 1323 3735 IIaud
1354 3682 1516 3736 multo
1546 3690 1664 3750 post
1703 3682 1891 3735 libera-

327 3777 425 3821 tam
446 3769 723 3825 obsidione
746 3770 1061 3841 Hipponem,
1093 3771 1616 3841 Bonifaciusaccepto
1645 3772 1809 3827 Roma
1839 3781 1893 3826 et

323 3857 775 3929 Constantinopoli
802 3861 976 3915 valido
999 3861 1256 3929 subsidio,
1284 3862 1491 3917 collatis
1519 3861 1681 3931 signis
1702 3863 1888 3916 iterum

322 3962 435 4001 ctun
462 3948 710 4004 Vandalis
748 3951 1029 4021 pugnavit,
1064 3951 1156 4007 sed
1183 3968 1332 4022 mque
1379 3952 1571 4007 infelici
1598 3967 1844 4008 successu
1875 3972 1888 4008 :

324 4038 582 4108 proﬂigati
602 4039 817 4094 omnino
846 4040 990 4096 fuere
1019 4042 1275 4107 Romani;
1297 4042 1428 4097 alius
1458 4043 1559 4096 alio
1603 4042 1780 4112 fugam
1805 4059 1892 4098 ca-

323 4128 534 4195 pessivit
559 4144 573 4192 ;
602 4128 903 4184 Bonifacius
931 4146 1057 4186 vero
1083 4131 1137 4185 in
1167 4131 1365 4186 Italiam
1393 4133 1508 4187 vela
1551 4132 1677 4187 fecit
1702 4173 1718 4199 ,
1750 4148 1890 4186 anno

321 4219 500 4273 salutis
526 4220 1054 4292 quadringentesimo
1102 4224 1370 4294 trigesimo
1407 4226 1658 4279 secundo.
1692 4226 1889 4295 IIippo.

321 4322 512 4363 nenses
538 4310 685 4364 omni
710 4325 804 4381 spe
823 4312 1149 4368 defensionis
1178 4322 1287 4368 tum
1312 4313 1545 4380 demum,
1580 4324 1635 4369 ut
1658 4330 1783 4369 vero
1810 4324 1890 4370 est

319 4400 509 4465 simile,
539 4401 800 4469 destituti,
832 4403 1014 4459 urbem
1043 4420 1194 4461 suam
1214 4406 1516 4462 deseruere.
1546 4406 1691 4461 Hanc
1711 4406 1890 4461 hostes

321 4489 562 4544 incendio
599 4484 953 4561 deleverunt,
973 4505 1191 4564 excepta
1230 4507 1425 4563 tamen,
1458 4512 1615 4567 quam
1640 4497 1889 4552 Ecclesiae

327 4577 415 4631 \‘ir
448 4589 664 4635 sanctus
708 4581 1015 4653 reliquerat,
1056 4584 1372 4641 bibliotheca
1396 4626 1412 4653 ,
1447 4600 1564 4656 quae
1604 4586 1789 4641 tnediis
1836 4588 1889 4641 in

325 4668 547 4724 flammis
572 4672 885 4742 Arianisque
916 4673 1158 4731 Barbaris
1195 4687 1501 4732 conservata
1535 4688 1644 4743 est;
1679 4677 1889 4749 quando

326 4759 591 4814 Possidius
616 4777 728 4832 eos,
751 4765 943 4834 quibus
967 4765 1112 4820 cordi
1132 4766 1290 4821 fuerit
1318 4768 1676 4824 emendaticra
1712 4773 1889 4840 Augu-

322 4852 445 4906 stini
474 4857 790 4925 exemplaria
816 4858 991 4929 legere
1014 4859 1097 4914 vel
1114 4861 1481 4926 transcribere,
1500 4861 1565 4916 ad
1583 4862 1889 4932 Hipponen—

322 4958 429 4996 sctn
464 4944 621 4999 mittit
643 4946 1010 5003 bibliothecam
1035 4945 1342 5019 (Possidius,
1367 4951 1420 5003 in
1467 4951 1575 5004 Vita
1600 4953 1884 5023 Augustini,

321 5048 363 5085 ε.
390 5034 479 5103 18)
505 5051 517 5086 :
552 5044 605 5088 et
636 5036 736 5091 hoc
758 5039 936 5109 utique
964 5039 1098 5105 ﬁeri,
1133 5040 1235 5095 nisi
1257 5041 1504 5111 singulari
1532 5041 1622 5097 Dei
1648 5044 1888 5114 prtesidio

325 5138 422 5176 non
455 5126 629 5194 potuit
662 5126 952 5199 (Baronius,
989 5133 1054 5184 ad
1078 5149 1198 5185 ann.
1231 5134 1356 5199 450,
1380 5143 1425 5187 et
1456 5134 1657 5201 Rivius,
1694 5136 1744 5188 in
1778 5134 1889 5189 Vita

324 5210 382 5265 δ.
408 5213 621 5285 August.
648 5217 734 5271 lib.
760 5219 814 5287 4,
841 5236 952 5289 cap.
980 5222 1064 5286 11,
1092 5221 1210 5292 δε).
1228 5220 1437 5277 Invidus
1471 5222 1739 5293 diabolus,
1767 5242 1887 5279 cum

1635 296 1828 351 LIBER
1871 297 2041 351 UC'I'A
2058 297 2089 348 \’
2103 297 2201 351 US.

3469 309 3575 372 578

2012 413 2136 465 tanti
2151 413 2385 466 Doctoris
2398 430 2553 484 opera
2573 410 2933 485 pet-Vandalus
2953 419 3160 477 abolere
3177 422 3575 498 haudquaquam

2010 502 2276 569 valuisset,
2313 513 2368 558 ut
2390 520 2572 559 eorum
2600 508 2784 569 saltem
2810 512 3172 567 auctoritatem
3200 529 3260 569 ac
3281 515 3575 576 doctrinam

2011 592 2371 662 labefactaret,
2393 598 2564 651 varias
2590 608 2730 654 artes
2763 610 2815 656 et
2840 603 3125 658 calumnias
3146 606 3397 675 adhibuit,
3440 626 3573 681 quas

2009 684 2189 738 multis
2216 686 2421 740 in'locis
2440 688 2661 743 diversis
2687 683 2983 748 hominibus
3011 694 3224 751 afﬂavit.
3247 698 3440 754 Verum
3465 717 3574 761 non

2008 774 2270 829 credimus
2309 779 2475 831 nostri
2500 793 2616 834 esse
2645 781 2887 848 instituti,
2911 800 2970 839 ea
2988 785 3053 840 de
3074 802 3131 841 re
3152 787 3250 842 hoc
3264 788 3379 845 loco
3397 791 3577 863 dispu-

2012 871 2143 931 tare,
2170 881 2339 936 neque
2352 883 2616 938 exponere
2633 874 3071 941 quemadmodum
3085 882 3132 932 ei
3155 884 3574 947 praestantissimi

2006 954 2317 1012 defensores
2339 960 2588 1015 continuo
2609 962 2659 1016 in
2679 963 2957 1033 Prospero,
2987 968 3202 1031 Hilario,
3221 985 3281 1024 ac
3293 969 3577 1028 Caelestino

2008 1059 2140 1112 papa
2171 1045 2424 1102 divinitus
2452 1050 2660 1105 excitati
2693 1062 2843 1117 sunt;
2875 1054 3009 1109 sicut
3039 1071 3136 1109 nec
3158 1057 3359 1125 laudes,
3386 1062 3575 1129 quibus

2009 1138 2256 1192 eumdem
2285 1147 2337 1193 et
2357 1140 2530 1194 vivum
2558 1149 2611 1196 et
2638 1153 2903 1198 mortuum
2926 1146 3022 1200 viri
3045 1146 3095 1200 in
3123 1148 3356 1203 Ecclesia
3393 1151 3576 1207 claris-

2008 1226 2126 1281 simi
2146 1227 2547 1294 decoraverunt,
2579 1231 2679 1286 huc
2700 1234 2751 1286 in
2781 1248 3025 1289 acervum
3048 1251 3355 1305 congerere.
3401 1239 3578 1295 Possi-

2008 1318 2126 1374 dius
2146 1320 2468 1377 Calamensis
2496 1326 2773 1394 episcolius
2796 1367 2809 1390 ,
2840 1328 2927 1396 qui
2969 1331 3082 1397 ejus
3137 1331 3187 1384 in
3227 1332 3576 1389 contubernio

2008 1427 2176 1467 annos
2198 1412 2364 1468 ferme
2384 1416 2724 1485 quadraginta
2748 1419 2946 1473 vixerat
2974 1419 3223 1491 (Possid.,
3255 1425 3308 1477 in
3332 1424 3443 1479 Vita
3466 1427 3575 1480 Au—

2008 1514 2163 1574 gust.,
2189 1522 2232 1557 c.
2260 1506 2369 1575 51),
2389 1507 2623 1575 ejusdem
2645 1520 2791 1577 gesta
2814 1526 2878 1565 ex
2900 1513 2975 1565 cis
2997 1529 3110 1580 quas
3128 1524 3234 1567 tum
3259 1516 3368 1583 ipse
3396 1532 3489 1585 per
3516 1532 3575 1572 se

2008 1594 2399 1661 observaverat,
2437 1606 2542 1650 tum
2566 1597 2617 1651 in
2637 1599 2871 1653 familiari
2889 1612 3171 1670 congressu
3194 1606 3259 1657 ab
3288 1605 3375 1659 illo
3394 1607 3576 1660 audie-

2008 1693 2111 1746 rat,
2146 1686 2416 1738 memorite
2440 1687 2702 1755 prodidit;
2739 1698 2883 1742 ratus
2932 1691 3175 1744 nimirum
3206 1692 3339 1764 hanc
3366 1695 3431 1748 ad
3461 1712 3570 1749 rem

2006 1773 2332 1827 adhibendas
2343 1791 2481 1840 esse,
2499 1792 2628 1845 quas
2644 1777 2821 1832 divino
2841 1796 3055 1835 munere
3066 1792 3360 1852 acceperat,
3381 1785 3574 1855 ingenii

2005 1873 2060 1918 et
2082 1867 2344 1920 sermonis
2371 1867 2664 1935 facultates,
2692 1881 2750 1923 ut
2768 1872 2834 1924 ad
2858 1873 3105 1927 Ecclesia:
3135 1876 3405 1930 catholica:
3441 1878 3573 1931 tedi-

2006 1954 2304 2011 ficationem
2355 1959 2550 2028 aliquid
2581 1961 2867 2016 conferret.
2912 1964 3046 2029 Quin
3091 1967 3249 2020 etiam
3293 1976 3351 2021 ut
3390 1979 3569 2023 sancta

2006 2047 2241 2103 veritatis
2268 2049 2518 2105 aviditate
2539 2053 2805 2106 succensis
2831 2056 2971 2108 omni
3001 2056 3203 2110 ratione
3222 2058 3567 2121 satisfaceret,

2005 2136 2143 2190 idem
2172 2140 2339 2192 sancti
2365 2140 2600 2193 Doctoris
2626 2142 2744 2194 vita:
2770 2145 2993 2197 attexuit
3015 2160 3232 2212 operum
3271 2146 3407 2200 illius
3435 2132 3591 2201 indi-7

2005 2228 2205 2294 culum,
2236 2230 2287 2282 in
2323 2247 2426 2299 quo
2451 2232 2540 2301 qui
2573 2234 2800 2286 terrenis
2828 2234 3015 2302 opibus
3039 2236 3265 2289 divinam
3296 2238 3565 2292 veritatem

2004 2328 2353 2388 anteponunt,
2387 2322 2523 2375 inter
2552 2320 2911 2377 incredibilem
2932 2325 3072 2377 illam
3095 2314 3410 2393 scrip‘torum
3436 2327 3573 2379 mul-

2007 2409 2304 2477 titudinem,
2345 2427 2463 2481 qua:
2504 2412 2601 2465 sibi
2650 2414 2815 2482 magis
2859 2413 3205 2468 conducibilia
3251 2416 3570 2483 judicareut,

2004 2498 2250 2567 seligere,
2284 2515 2346 2553 ac
2395 2501 2510 2554 sine
2537 2501 2819 2555 invidentia
2851 2505 3240 2558 communicare
3274 2520 3391 2559 cum
3421 2505 3573 2559 indi-

2002 2591 2243 2657 gentibus
2259 2599 2477 2660 possent
2500 2590 2681 2662 (Ibid,
2699 2608 2745 2646 c.
2767 2594 2877 2663 18).
2895 2595 3227 2649 Elueubravit
3251 2595 3373 2650 illud
3396 2598 3571 2665 operis

1997 2678 2105 2747 jam
2125 2680 2256 2734 colla
2264 2696 2357 2749 pso
2378 2682 2429 2733 in
2456 2681 2665 2735 cineres
2686 2682 3125 2752 Hippone-Regio,
3144 2694 3475 2753 mortuoque,
3497 2680 3572 2739 uti

2003 2771 2229 2839 videtur,
2261 2772 2529 2827 Bonifacio
2553 2772 2799 2846 (Ibid.,c.
2822 2773 2934 2846 28),
2966 2785 3081 2844 post
3106 2791 3301 2833 annum
3328 2775 3570 2829 videlicet

2001 2862 2580 2931 quadringentesimum
2644 2865 2967 2933 trigesimum
3017 2866 3304 2919 secundum
3345 2878 3571 2919 :verum

1999 2962 2125 3008 ante
2148 2968 2344 3007 annum
2384 2955 2959 3024 quadringentesimum
2991 2952 3316 3025 trigesimum
3347 2971 3567 3021 nonum,

1999 3058 2103 3113 quo
2120 3053 2413 3114 expugnata
2438 3043 2531 3098 fuit
2556 3044 2815 3114 Carthago
2833 3038 2875 3098 a'
2891 3042 3140 3099 Vandalis
3165 3087 3178 3109 ,
3207 3046 3563 3115 conscriptum

1998 3132 2162 3187 fuisse
2186 3135 2523 3189 manifestum
2547 3143 2654 3199 est;
2680 3134 3102 3204 quandoquidem
3125 3136 3346 3189 necdum
3358 3135 3571 3189 Cartha-

1999 3225 2176 3294 ginem
2206 3234 2260 3279 et
2285 3226 2479 3280 Cirtam
2512 3225 2715 3280 excisas
2751 3241 2889 3292 esse,
2936 3222 3028 3278 sed
3053 3224 3227 3279 divino
3256 3233 3309 3278 et
3341 3225 3569 3279 humano

1997 3314 2157 3369 fultas
2182 3314 2446 3384 praesidio,
2489 3315 2648 3369 etiam
2685 3322 2807 3368 tunc
2834 3322 2974 3367 stare
3000 3312 3275 3382 significat.
3307 3312 3567 3369 Cmterum

1995 3406 2163 3475 qualis
2174 3405 2311 3459 dono
2331 3404 2444 3471 Dei,
2463 3412 2791 3474 quantusque
2807 3402 3104 3457 inlEcclesia
3121 3403 3401 3469 exstiterit,
3419 3402 3566 3471 cujus

1994 3510 2082 3550 res
2106 3504 2282 3565 gestas
2306 3495 2575 3549 memoria:
2608 3510 2669 3549 ac
2694 3495 2882 3548 litteris
2916 3492 3149 3557 mandat,
3178 3492 3340 3546 videri
3367 3493 3476 3545 vult
3513 3493 3565 3546 in

1997 3588 2163 3657 ipsius
2189 3602 2285 3656 pro
2318 3584 2403 3640 illa
2428 3587 2583 3642 editis
2611 3583 2761 3641 libris
2789 3595 2841 3641 et
2872 3584 3174 3639 tractatibus
3205 3601 3218 3639 :
3258 3585 3310 3638 in
3351 3585 3562 3654 quibus,

1998 3678 2068 3730 uti
2095 3676 2341 3743 affirmat,
2365 3691 2575 3744 semper
2602 3674 2781 3729 vivere
2802 3689 2829 3727 a
2855 3674 3092 3728 ﬁdelibus
3114 3674 3391 3728 invenitur.
3422 3670 3487 3726 Et
3514 3675 3566 3726 in

1993 3766 2096 3820 suis
2112 3765 2311 3835 quidem
2322 3763 2540 3835 scriptis,
2560 3766 2729 3835 pergit
2745 3765 2881 3819 idem
2899 3761 3161 3818 Possidius
3182 3761 3320 3835 (Ibid
3327 3803 3363 3829 .,
3383 3779 3427 3816 c.
3450 3762 3561 3830 18),

1994 3851 2079 3910 ille
2117 3851 2225 3909 Deo
2254 3867 2482 3925 acceptus
2509 3866 2553 3909 et
2595 3856 2777 3908 charus
2801 3855 3063 3919 sacerdos,
3104 3864 3344 3923 quantum
3373 3853 3566 3907 lucente

1994 3947 2199 4001 veritate
2225 3946 2389 4000 uidere
2413 3948 2717 4012 conceditur,
2747 3956 2894 3999 recta:
2936 3963 2994 3999 ac
3018 3958 3155 4000 sana:
3184 3944 3320 4013 ﬁdei,
3361 3944 3484 4013 spei,
3519 3942 3565 3995 et

1994 4037 2273 4104 charitatis,
2297 4035 2555 4090 catholica:
2580 4035 2819 4090 Ecclesia:
2829 4037 3007 4089 vixisse
3023 4038 3370 4104 manifestatur
3393 4048 3410 4085 :
3433 4033 3564 4102 quod

1994 4136 2291 4198 agnoscunt,
2319 4127 2405 4196 qui
2443 4142 2555 4180 eum
2581 4127 2643 4179 de
2677 4125 2857 4180 divinis
2880 4126 3167 4179 scribentem
3202 4125 3415 4194 legentes
3445 4139 3564 4193 pro-s

1993 4218 2187 4286 ﬁciunt.
2212 4216 2318 4272 Sed
2344 4234 2432 4289 ego
2458 4216 2692 4281 arbitror,
2725 4217 2837 4286 plus
2865 4232 2929 4270 ea:
2970 4232 3028 4269 eo
3067 4216 3305 4286 proﬁcere
3328 4214 3563 4283 potuisse,

1992 4309 2077 4379 qui
2101 4327 2211 4363 eum
2240 4318 2286 4362 et
2326 4310 2599 4378 loquentem
2634 4309 2686 4362 in
2716 4307 2941 4362 Ecclesia
2984 4317 3275 4378 pra’scntem
3300 4305 3479 4358 audire
3520 4314 3567 4358 ct

1993 4400 2157 4457 uidere
2173 4411 2457 4472 potuerunt,
2473 4413 2518 4455 et
2533 4404 2641 4469 eius
2667 4402 2941 4472 pra’sertim
2969 4402 3095 4454 inter
3120 4399 3342 4453 homines
3363 4412 3568 4452 conver-

1993 4496 2241 4549 sationem
2262 4510 2362 4547 non
2389 4495 2755 4564 ignoraverunt.
2791 4490 2917 4545 Erat
2940 4491 3189 4544 enimnon
3211 4490 3371 4544 solum
3391 4489 3566 4557 erudi-

1996 4600 2075 4642 tus
2100 4587 2263 4641 scriba
2287 4582 2337 4639 in
2358 4602 2511 4654 regno
2548 4584 2803 4649 calorum,
2844 4583 2905 4635 de
2931 4582 3165 4635 thesauro
3189 4597 3280 4634 suo
3308 4584 3566 4651 proferens

1993 4697 2123 4734 nova
2142 4690 2188 4733 et
2208 4688 2402 4742 vetera;
2430 4686 2476 4730 et
2504 4689 2633 4729 unus
2661 4672 3041 4745 negotiatorum,
3069 4672 3154 4742 qui
3173 4672 3420 4725 inventam
3442 4684 3559 4738 pre-

2002 4770 2181 4825 tiosam
2226 4767 2580 4839 margaritam,
2627 4782 2736 4833 qua:
2780 4763 2987 4816 habebat
3010 4762 3238 4826 venditis,
3261 4757 3567 4828 comparauit

1997 4863 2016 4933 (
2043 4860 2226 4915 Matth.
2274 4876 2365 4913 xut
2387 4900 2399 4922 ,
2431 4858 2498 4912 45
2519 4898 2532 4922 ,
2570 4855 2676 4924 46)
2710 4872 2722 4907 :
2756 4869 2924 4908 verum
2953 4852 3099 4905 etiam
3136 4867 3198 4905 ex
3234 4849 3296 4902 iis
3331 4846 3421 4933 adi
3442 4859 3566 4933 quos

1993 4953 2237 5023 scriptum
2288 4952 2391 5015 est,
2438 4967 2455 4999 t
2509 4945 2596 5000 Sic
2638 4943 2916 5014 loquimini,
2952 4949 2997 4994 et
3024 4941 3094 4993 sic
3122 4939 3270 5009 facite
3302 4954 3320 4987 ι
3370 4932 3567 5023 (Jacobi

1992 5061 2050 5107 Il,
2072 5043 2159 5113 12)
2185 5058 2200 5107 ;
2231 5052 2276 5095 et
2322 5042 2383 5094 dc
2410 5039 2587 5110 quibus
2608 5037 2843 5092 Salvator
2867 5033 3005 5099 dicit,
3042 5050 3059 5083 ‹
3091 5029 3187 5095 Qui
3211 5026 3379 5096 fecerit
3404 5031 3450 5077 et
3474 5022 3565 5113 da-

2010 5111 2162 5187 cuerit
2187 5133 2257 5186 sic
2282 5132 2523 5194 homines,
2548 5128 2626 5181 hic
2648 5140 2857 5196 magnus
2879 5121 3129 5177 vocabitur
3154 5118 3203 5171 in
3231 5130 3383 5186 regno
3411 5111 3565 5169 σωιο·

1990 5240 2103 5278 rum
2125 5241 2142 5274 ι
2170 5222 2375 5295 (Matth.
2395 5238 2446 5289 ν,
2470 5219 2578 5288 19).
