4116 6366
1343 507 1516 612 ΙΝ
1613 502 2209 611 PRIMUM
2304 500 2829 607 TOMUM

1701 728 2382 912 Qﬂrafatio.
2438 717 2525 800 (η

1792 976 2420 1076 «amem»

546 1129 624 1184 De
644 1126 863 1198 hujusce
884 1124 1013 1181 tomi
1036 1121 1286 1186 editione,
1315 1114 1535 1177 Erudlte
1551 1120 1760 1188 Lector,
1794 1136 1899 1176 non
1923 1131 2007 1177 est
2028 1137 2057 1175 τι
2086 1121 2238 1176 nobis
2264 1118 2585 1176 instituenda
2613 1112 2769 1187 longa
2786 1114 3042 1187 praefatio.
3065 1111 3444 1188 Complectitur
3474 1108 3587 1173 btec
3606 1128 3735 1188 pars

480 1219 665 1275 eadem
695 1218 912 1273 omnino
936 1215 1211 1287 Augustini
1240 1214 1519 1283 opuscula,
1545 1228 1663 1284 qua:
1700 1212 1839 1282 apud
1879 1214 2154 1268 Erasmum
2193 1222 2249 1268 et
2289 1211 2645 1268 Loranienses
2668 1209 3097 1265 continebantur.
3128 1209 3260 1265 Illud
3291 1218 3493 1265 tantum
3517 1210 3737 1265 interest

488 1311 792 1368 liscriminis
811 1349 826 1373 ,
854 1308 993 1380 quod
1032 1309 1083 1363 in
1114 1306 1474 1377 Appendicem
1504 1305 1783 1376 rcjecimus
1808 1305 2093 1371 nonnulla,
2122 1314 2239 1374 qua:
2269 1320 2365 1374 pro
2386 1302 2627 1373 genuinis
2650 1300 2929 1372 Augustini
2957 1298 3413 1357 lucubrationibus
3442 1301 3738 1358 habuerant

479 1402 577 1459 viri
601 1401 824 1467 eruditi;
853 1408 908 1455 et
931 1397 1070 1469 quod
1094 1397 1333 1469 quaedam
1360 1397 1418 1453 S.
1450 1396 1691 1453 Doctoris
1716 1412 1875 1467 opera
1904 1398 2021 1452 loco
2049 1397 2306 1466 tantisper
2331 1396 2618 1459 movimus,
2644 1404 2702 1449 ut
2729 1395 2923 1449 seriem
2944 1393 3296 1463 ordinemque
3319 1393 3607 1462 temporis,
3632 1407 3735 1461 quo

480 1497 883 1568 .mumquodque
908 1510 1043 1567 opus
1072 1496 1139 1550 ab
1168 1496 1397 1549 Auctore
1420 1489 1636 1565 prodiit,
1663 1492 1835 1563 quoad
1866 1492 1980 1562 ejus
2005 1490 2115 1545 fieri
2142 1491 2341 1561 potuit,
2364 1503 2716 1545 servaremus.
2739 1486 2810 1541 Et
2828 1485 3043 1557 quidem
3069 1496 3363 1556 opportune
3392 1501 3442 1539 tn
3466 1484 3568 1539 hoc
3594 1494 3738 1538 tomo

478 1589 724 1659 iiSposita
751 1597 875 1643 sunt
904 1602 965 1642 ea
983 1629 999 1651 ,
1024 1595 1142 1657 quae
1163 1586 1486 1657 Augustinus
1502 1584 1711 1655 juvenis
1740 1600 1803 1640 ac
1828 1585 2059 1639 nondum
2088 1584 2364 1655 presbyter
2388 1584 2630 1653 scripsit;
2668 1583 2739 1637 ita
2776 1591 2953 1636 tamen
2980 1590 3037 1635 ut
3069 1582 3298 1651 primum
3323 1582 3501 1636 locum
3525 1580 3736 1635 obtine-

477 1688 591 1735 nent
612 1679 730 1734 libri
764 1678 1244 1743 Retractationum,
1276 1691 1408 1747 quos
1448 1675 1614 1731 edidit
1653 1690 1814 1731 senex
1836 1716 1851 1740 ,
1881 1675 2030 1744 quasi
2069 1676 2316 1745 prteviam
2354 1673 2799 1728 introductionem
2840 1670 2907 1725 ad
2946 1671 3078 1726 alios
3106 1671 3288 1726 libros.
3320 1671 3741 1727 Retractationes

475 1785 636 1840 porro
662 1768 1069 1825 Confessionum
1093 1769 1233 1833 libri,
1260 1784 1393 1838 quos
1421 1768 1701 1837 episcopus
1728 1767 1990 1835 vulgavit,
2017 1781 2123 1820 non
2162 1766 2425 1821 immerito
2452 1774 2850 1833 consequuntur
2874 1779 2889 1815 :
2920 1762 3045 1833 quia
3079 1762 3216 1817 sicut
3242 1763 3292 1817 in
3317 1763 3527 1832 scriptis
3553 1764 3663 1816 suis
3692 1764 3740 1817 si

474 1862 596 1931 quid
624 1862 930 1927 obscurum,
954 1862 998 1915 si
1020 1860 1144 1931 quid
1160 1860 1400 1927 dubium,
1415 1861 1459 1914 si
1477 1860 1601 1930 quid
1626 1860 1832 1915 veritati
1862 1874 1966 1914 non
1996 1861 2125 1915 satis
2149 1874 2440 1915 consonum
2461 1859 2766 1928 irrepserat,
2780 1857 3116 1912 retractando
3130 1858 3450 1928 explanavit,
3471 1856 3737 1918 enodavit,

480 1954 918 2025 emendavitque;
951 1955 1020 2009 ita
1052 1956 1103 2008 in
1132 1952 1534 2011 Confessionum
1577 1952 1724 2008 libris
1772 1953 1816 2007 si
1862 1952 1986 2022 quid
2010 1952 2063 2007 in
2090 1951 2324 2008 moribus
2348 1966 2411 2006 ac
2440 1952 2546 2005 vita
2576 1964 2671 2004 sua
2689 1962 2721 2005 a
2745 1965 2884 2005 vera:
2912 1964 3071 2020 quam
3098 1950 3254 2004 tradit
3284 1950 3493 2019 pietatis
3523 1950 3738 2003 tramite

474 2048 843 2113 nberraverat,
870 2047 1122 2117 piaculari
1170 2046 1504 2101 confessione
1549 2045 1800 2114 expiavit.
1830 2045 2019 2115 Sicque
2052 2046 2109 2100 in
2152 2045 2299 2099 libris
2332 2045 2782 2099 Retractationum
2822 2045 3086 2099 sincerum
3134 2058 3196 2097 ac
3243 2036 3463 2097 minime
3508 2040 3737 2095 fucatam

483 2137 716 2192 veritatis
745 2151 981 2192 amorem
1024 2152 1142 2190 cum
1191 2137 1439 2206 singulari
1480 2136 1737 2191 modestia
1768 2135 2018 2205 inspirat,
2050 2135 2103 2189 in
2126 2128 2561 2191 Confessionibus
2585 2147 2766 2189 veram
2791 2135 3045 2205 pietatem
3072 2142 3127 2189 et
3145 2132 3480 2203 disciplinam
3507 2148 3521 2184 :
3548 2131 3741 2202 quibus

476 2227 690 2285 dotibus
715 2228 1032 2285 instructum
1060 2243 1179 2282 esse
1205 2236 1414 2299 oportet
1441 2243 1593 2293 eum,
1620 2228 1708 2297 qui
1730 2226 1796 2281 ad
1817 2227 1932 2296 ejus
1960 2226 2251 2282 doctrinam
2280 2226 2553 2281 contendit
2576 2238 2641 2281 ex
2664 2226 2863 2281 animo.

544 2320 655 2375 Illis
679 2324 786 2376 nun
812 2322 928 2376 sine
956 2320 1103 2375 uberi
1134 2321 1303 2374 fructu
1319 2361 1333 2383 ,
1364 2320 1634 2389 multoque
1660 2319 1944 2388 voluptatis
1964 2333 2125 2374 sensu
2151 2318 2393 2374 decursis
2411 2359 2425 2383 ,
2456 2317 2812 2373 succedebant
2835 2316 2972 2388 apud
3000 2317 3283 2372 Erasmum
3312 2325 3366 2370 et
3392 2314 3747 2370 Lovanienses

472 2412 729 2481 opuscula
751 2411 1015 2483 quaedam,
1039 2410 1285 2464 nimirum
1314 2409 1381 2463 de
1407 2409 1780 2473 Grammatica,
1804 2408 2095 2479 Categorize
2112 2450 2128 2475 ,
2157 2404 2420 2479 Principia
2442 2408 2737 2464 Dialecticte
2756 2449 2771 2474 ,
2803 2417 2858 2463 et
2885 2409 3151 2478 Principia
3178 2405 3510 2471 Rhetorica;
3542 2406 3595 2459 in
3625 2406 3747 2475 qni-

469 2501 572 2559 bus
600 2502 953 2558 eruditionem
976 2543 992 2567 ,
1027 2502 1292 2572 ingenium
1321 2501 1694 2571 solertiamque
1721 2500 1999 2571 Augustini
2038 2500 2410 2555 desiderabant
2445 2499 2648 2555 cordati
2690 2499 2937 2566 lectores,
2969 2499 3058 2570 qui
3084 2500 3153 2555 ab
3180 2499 3295 2569 ipso
3317 2498 3497 2552 limine
3515 2512 3544 2550 a
3565 2496 3745 2567 perle.

472 2595 662 2664 gendis
688 2596 815 2650 tomi
840 2594 998 2666 primi
1023 2594 1274 2663 operibus
1302 2591 1604 2647 referebant
1629 2591 1818 2661 pedem
1837 2634 1853 2659 ,
1880 2592 2028 2662 quasi
2070 2591 2307 2661 ejusdem
2334 2590 2518 2646 farinae
2546 2591 2647 2645 alia
2676 2591 3144 2661 subsequerentur.
3180 2590 3252 2646 At
3276 2588 3578 2659 hujusmodi
3604 2587 3750 2657 quis-

471 2687 661 2757 quilias
684 2688 902 2757 propius
927 2685 1272 2754 inspicientes
1290 2720 1305 2751 ,
1329 2700 1450 2738 cum
1479 2684 1639 2739 certis
1670 2684 1995 2753 argumentis
2020 2682 2557 2753 deprehendissemus
2582 2698 2686 2738 non
2712 2683 2979 2754 pertinere
3002 2682 3070 2737 ad
3098 2684 3443 2753 Augustinum
3467 2714 3483 2747 ,
3511 2680 3633 2735 inde
3656 2692 3750 2734 eas

476 2778 529 2831 in
557 2779 853 2848 spuriorum
876 2778 1197 2848 scriptorum
1223 2777 1445 2831 classem
1471 2776 1901 2841 amandavimus;
1929 2785 1987 2830 ut
2012 2784 2129 2846 post
2154 2777 2606 2831 Retractationnm
2628 2775 3142 2847 Confessionumque
3164 2776 3446 2832 lectionem
3478 2774 3750 2829 studiosos

481 2869 611 2924 nihil
638 2878 937 2925 remoretur
965 2884 997 2924 a
1021 2869 1251 2925 lectione
1280 2868 1551 2933 librorum,
1585 2882 1721 2938 quos
1751 2869 2070 2939 Augustinus
2101 2882 2290 2924 recens
2310 2880 2599 2923 conversus
2628 2866 2976 2922 elucubravit.

544 2962 728 3031 Neque
754 2977 883 3017 vero
909 2970 1188 3032 propterea
1212 2960 1434 3015 strictim
1454 2995 1470 3027 ,
1508 2970 1566 3014 ut
1590 2960 1827 3030 pluribus
1866 2959 1919 3015 in
1958 2970 2189 3015 mentem
2232 2960 2415 3015 venire
2439 2959 2608 3023 solet,
2640 2958 3029 3029 prietereunda,
3057 2966 3149 3013 aut
3174 2958 3324 3027 quasi
3351 2973 3381 3012 e
3408 2956 3592 3012 limine
3611 2956 3751 3011 salus

478 3053 639 3111 lauda
680 3062 803 3108 sunt
839 3054 1032 3108 nobilis
1074 3051 1269 3121 ingenii
1308 3051 1475 3121 prima
1503 3062 1864 3116 monumenta,
1886 3051 2033 3121 quasi
2057 3050 2182 3105 nihil
2208 3049 2492 3106 recondita:
2515 3049 2770 3105 doctrina:
2792 3049 3131 3115 contineant,
3154 3059 3274 3118 qu:e
3312 3063 3341 3100 a
3366 3047 3751 3102 catechumeno

476 3144 847 3216 necphytoque
870 3184 885 3208 ,
919 3143 1040 3198 stilo
1070 3142 1333 3212 perpolito
1360 3141 1410 3194 in
1439 3140 1764 3210 dialogorum
1804 3139 2025 3195 formam
2056 3139 2287 3209 perfecta
2312 3148 2451 3193 sunt.
2475 3137 2634 3194 Certe
2673 3140 2815 3194 enim
2841 3139 3162 3207 qutestiones
3192 3137 3301 3192 illic
3329 3152 3580 3206 perquam
3607 3136 3749 3190 difti‘

482 3236 633 3300 ciles,
666 3237 719 3290 in
744 3237 935 3305 quibus
953 3234 1083 3290 olim
1110 3233 1337 3286 maxima
1364 3247 1585 3302 qumque
1614 3232 1818 3303 ingenia
1843 3232 2186 3298 desudarunt,
2214 3231 2642 3302 defeceruntque,
2668 3231 2879 3287 discutit
2897 3231 3011 3300 ipse
3028 3230 3289 3300 gnaviter,
3321 3246 3383 3285 ac
3411 3230 3753 3299 sagacissime

485 3326 724 3383 resolvit.
762 3325 928 3393 Quam
966 3323 1293 3395 gravissimis
1331 3322 1595 3377 rationum
1634 3324 1917 3379 momentis
1954 3323 2019 3379 de
2056 3324 2291 3378 veritatis
2327 3324 2666 3393 perceptione
2701 3333 2885 3378 contra
2924 3321 3308 3386 Academicos,
3340 3330 3448 3376 tum
3488 3322 3557 3376 de
3592 3322 3753 3378 Beata

482 3419 590 3474 vita
611 3459 626 3484 ,
655 3417 722 3472 de
745 3416 940 3472 Ordine
974 3430 1185 3482 rerum,
1220 3413 1288 3468 de
1309 3415 1511 3469 Animm
1537 3415 1827 3485 quantitate
1850 3424 1903 3469 et
1929 3415 2322 3471 immortalitate
2341 3456 2356 3480 ,
2393 3415 2564 3486 deque
2591 3414 2707 3470 aliis
2733 3416 2906 3485 magni
2935 3414 3197 3469 momenti
3224 3413 3383 3468 rebus
3412 3414 3550 3468 inter
3571 3413 3753 3482 dispn-s

474 3510 694 3566 tandum
721 3510 1124 3565 occurrentibus
1152 3515 1300 3579 agat,
1326 3508 1445 3577 quis
1473 3524 1577 3563 non
1604 3508 1931 3564 admiretur?
1950 3510 2149 3565 Deinde
2193 3510 2245 3564 in
2291 3511 2521 3581 quinque
2563 3512 2845 3581 postremis
2875 3508 3004 3565 toml
3032 3510 3276 3581 ejusdem
3306 3508 3603 3580 opusculis,
3633 3516 3753 3576 quae

476 3602 740 3658 adversus
763 3602 1076 3657 Manichacus
1097 3600 1337 3667 dictavit,
1360 3614 1518 3670 quam
1540 3601 1697 3655 variis
1717 3610 1764 3655 et
1795 3602 2174 3671 multiplicibus
2196 3615 2378 3657 eorum
2406 3595 2675 3669 haeresim,
2701 3619 2855 3673 quam
2883 3603 3072 3659 validis
3110 3618 3173 3658 ac
3198 3603 3404 3657 invictis
3427 3601 3754 3671 argumentis

473 3692 763 3749 labefactat
787 3702 840 3748 et
865 3692 1096 3748 evertit?
1123 3707 1240 3763 qua:
1267 3691 1514 3746 nimirum
1543 3693 1793 3761 opuscula
1830 3694 1899 3746 ita
1938 3694 2117 3748 mirari
2142 3708 2200 3748 se
2225 3704 2383 3764 atque
2413 3696 2686 3764 suspicere
2712 3695 2923 3750 dicebat
2946 3694 3004 3749 S.
3036 3694 3305 3758 Paulinus,
3334 3704 3389 3747 ut
3416 3694 3600 3746 dictata
3626 3693 3754 3745 divi-

477 3788 613 3841 nitus
637 3786 784 3840 verba
814 3785 1060 3840 crederet
1095 3783 1283 3856 (Epist.
1308 3784 1400 3851 24,
1430 3800 1483 3838 η.
1508 3783 1588 3853 2).
1618 3784 1854 3854 Denique
1882 3785 2005 3839 dum
2039 3786 2261 3841 tirocinii
2287 3787 2368 3841 sui
2395 3796 2571 3857 partes
2595 3788 2797 3857 implet,
2826 3797 2983 3858 atque
3009 3790 3243 3844 animum
3269 3802 3437 3857 nuper
3460 3786 3527 3840 ab
3563 3786 3751 3839 hmresi

479 3888 802 3934 conversum
833 3875 1111 3932 catholica:
1141 3875 1263 3930 fidei
1293 3876 1504 3945 penitus
1531 3874 1745 3944 subigit,
1773 3875 1901 3929 nihil
1930 3876 2146 3932 omnino
2175 3878 2553 3946 praetermittit,
2577 3891 2682 3949 quo
2708 3880 2840 3934 alios
2867 3879 3056 3934 liberet
3082 3893 3112 3932 a
3139 3877 3448 3948 perniciosis
3474 3878 3581 3931 illis
3606 3891 3755 3931 erro-

480 3969 651 4033 ribus,
680 3962 733 4023 in
759 3982 892 4038 quos
922 3966 1201 4021 infeliciter
1222 3964 1533 4021 incurrerat.
1566 3964 1637 4019 Et
1656 3965 1767 4020 sive
1781 3964 1846 4020 de
1858 3964 2211 4035 Philosophis,
2232 3967 2343 4021 sive
2369 3967 2435 4021 de
2460 3967 2761 4023 Manichmis
2787 3983 2972 4038 poenas
3000 3970 3211 4039 repetit,
3240 3978 3422 4023 contra
3444 3968 3751 4021 cornmdctn

477 4073 701 4117 errores
719 4058 1010 4113 communit
1029 4056 1243 4111 lectoris
1266 4056 1524 4123 animum,
1541 4070 1783 4126 vermque
1798 4055 1919 4110 ﬁdei
1944 4071 2005 4111 ac
2030 4055 2296 4124 religionis
2322 4056 2631 4112 Christianae
2662 4058 3000 4114 fundamenta
3030 4059 3191 4113 menti
3224 4059 3380 4112 altius
3405 4057 3593 4127 infigit.
3616 4056 3753 4123 Quid

486 4148 628 4221 quod
674 4149 742 4203 ab
780 4148 996 4203 ineunte
1032 4147 1153 4201 vitze
1192 4146 1427 4201 melioris
1450 4147 1721 4217 proposito
1750 4146 1819 4200 ita
1846 4155 2179 4215 comparatus
2210 4146 2303 4200 fuit
2329 4147 2411 4201 vir
2439 4157 2652 4204 sanctus
2672 4191 2687 4217 ,
2717 4158 2773 4203 ut
2802 4160 2946 4205 artes
2981 4150 3123 4220 ipsas
3154 4150 3400 4204 liberales
3437 4165 3542 4203 non
3570 4149 3753 4218 jejuno

490 4244 587 4299 illo
625 4244 918 4315 vulgarium
962 4252 1235 4296 auctorum
1266 4240 1424 4296 modo
1448 4249 1725 4309 tractaret,
1755 4240 1845 4295 sed
1876 4241 2053 4295 animo
2080 4242 2232 4310 plane
2260 4242 2578 4309 christiano,
2602 4253 2859 4314 quatenus
2895 4244 3147 4300 lectorum
3177 4247 3382 4299 animos
3407 4244 3471 4298 ad
3499 4243 3754 4298 Condito—

481 4335 558 4390 ris
586 4349 820 4389 amorem
849 4331 1199 4403 perduceret?
1230 4330 1304 4385 lta
1330 4331 1468 4386 enim
1498 4340 1727 4387 mentem
1751 4334 1848 4386 hac
1875 4332 1942 4386 de
1967 4346 2026 4386 re
2048 4346 2195 4386 suam
2236 4334 2402 4402 aperit
2432 4334 2483 4387 in
2520 4333 2611 4388 lib.
2659 4336 2683 4389 l
2732 4336 2991 4402 ltetract.,
3036 4350 3085 4391 c.
3127 4336 3180 4391 ti.
3219 4335 3369 4391 Unde
3408 4335 3640 4406 quinque
3685 4336 3754 4391 de

486 4423 682 4479 Musica
708 4423 964 4479 absolutis
993 4422 1141 4477 libris
1170 4421 1363 4490 adjecit
1390 4431 1617 4489 sextum,
1648 4420 1737 4490 qui
1768 4421 1927 4476 totius
1944 4422 2240 4492 argumenti
2267 4434 2525 4478 summam
2552 4424 2618 4478 ad
2641 4426 2804 4479 Deum
2836 4426 3095 4494 traducit,
3117 4426 3396 4497 erigitque.

557 4515 804 4570 Jamvero
830 4514 920 4584 qui
946 4513 1345 4583 Angustiniana:
1370 4512 1620 4567 doctrina:
1643 4512 1877 4568 animum
1915 4511 2277 4581 assuefacere,
2313 4514 2533 4585 ejusque
2560 4517 2837 4587 prmceptis
2873 4528 2925 4572 et
2963 4518 3216 4574 institutis
3261 4519 3467 4590 penitus
3511 4517 3753 4574 imbuere

483 4606 710 4661 voluerit
736 4644 753 4670 ,
802 4620 895 4675 per
948 4604 1163 4661 eosdem
1211 4620 1431 4661 necesse
1475 4615 1559 4661 est
1607 4615 1667 4661 ut
1708 4605 1948 4678 proﬁciat
1999 4604 2191 4677 gradus
2220 4642 2236 4672 ,
2285 4615 2341 4662 et
2378 4607 2444 4661 ad
2487 4608 2783 4664 absolutam
2822 4609 2961 4664 illius
2998 4611 3374 4680 perfectionem
3426 4610 3753 4680 pedetentim

485 4706 747 4769 assurgat.
780 4697 898 4753 Non
949 4698 1124 4768 pigeat
1168 4698 1413 4752 eamdem
1462 4696 1710 4752 incedere
1750 4698 1923 4764 viam,
1956 4713 2113 4767 quam
2149 4699 2317 4753 tenuit
2340 4700 2679 4769 Augustinus,
2706 4702 2787 4755 vir
2818 4710 3010 4757 tantus.
3038 4703 3111 4758 Eo
3138 4702 3324 4757 invitat
3346 4711 3433 4756 aut
3452 4705 3755 4772 argumenti

484 4790 737 4862 dignitas,
763 4801 854 4845 aut
880 4790 1069 4845 modus
1093 4788 1355 4844 tractandi
1384 4802 1491 4851 res,
1525 4789 1717 4859 ubique
1752 4803 1960 4844 summo
2000 4798 2054 4844 et
2088 4791 2243 4860 plane
2276 4791 2567 4846 christiano
2609 4790 2824 4847 homine
2865 4792 3053 4863 dignus
3091 4810 3105 4849 :
3146 4793 3340 4864 ubique
3384 4793 3509 4865 quid
3551 4794 3750 4863 discas,

485 4896 577 4939 aut
626 4882 896 4952 quomodo
939 4883 1112 4937 discas
1159 4882 1415 4936 invenies.
1462 4879 1601 4935 Sane
1649 4881 1700 4935 in
1731 4879 1814 4934 bis
1855 4879 1923 4935 de
1975 4882 2163 4951 quibus
2213 4884 2416 4954 agimus
2467 4884 2614 4939 libris
2652 4899 2843 4953 graves
2888 4886 3083 4955 passim
3132 4897 3418 4941 occurrunt
3443 4887 3748 4970 sententize.

485 4975 739 5031 studiosis
767 4974 1107 5031 instituendis
1132 4973 1414 5045 perutiles,
1444 4986 1666 5042 quarum
1696 4971 1779 5027 vel
1804 4988 1906 5026 una
1932 4974 2099 5031 cuivis
2122 4974 2275 5029 fuerit
2301 4992 2395 5045 pro
2422 4974 2613 5045 integri
2640 4975 2758 5030 libri
2783 4976 3119 5045 compendio.
3148 4978 3369 5033 Accedit
3404 4977 3545 5048 quod
3574 4978 3626 5031 in
3663 4977 3751 5040 iis,

478 5084 599 5138 quae
624 5070 851 5138 juvenes
877 5068 1182 5129 scribimus,
1207 5064 1450 5135 pinguior
1470 5064 1676 5120 incedat
1702 5065 1894 5131 oratio,
1916 5080 1979 5120 ac
1999 5066 2207 5136 plenior
2226 5067 2538 5138 eloquentia:
2562 5082 2748 5132 succo;
2773 5069 2995 5140 plusque
3018 5070 3209 5125 habeat
3234 5070 3508 5125 vivacioris
3532 5070 3751 5140 ingenii,

478 5174 636 5230 quam
662 5176 726 5217 ea
754 5176 872 5232 quae
901 5169 1145 5230 torpente
1178 5159 1289 5228 jam
1326 5167 1481 5213 aetate
1518 5156 1854 5213 meditamur.
1886 5155 1941 5211 Id
1967 5159 2330 5230 experimento
2363 5170 2571 5214 constat
2604 5160 2658 5213 in
2696 5161 2880 5230 primis
2909 5161 3052 5218 hisce
3079 5162 3259 5229 libris,
3287 5176 3419 5233 quos
3446 5162 3753 5217 Rhetorica!

480 5253 760 5322 prznceptis
804 5251 1039 5323 perfecte
1069 5251 1302 5306 imbutus
1327 5250 1561 5304 elimavit
1581 5250 1905 5317 Augustinus
1927 5258 2050 5304 ante
2079 5250 2339 5319 pauloque
2363 5260 2481 5321 post
2507 5250 2831 5320 baptismum
2860 5268 3033 5307 suum.
3066 5252 3274 5310 Habent
3300 5266 3427 5324 ergo
3462 5254 3753 5324 plurimum

481 5345 737 5399 momenti
768 5345 883 5399 haec
901 5359 1082 5416 opera,
1116 5345 1228 5398 sive
1253 5342 1519 5413 ingenium
1547 5351 1601 5396 ct
1627 5342 2002 5411 eloquentiam,
2031 5342 2143 5397 sive
2167 5341 2461 5396 doctrinam
2486 5357 2548 5397 ac
2576 5343 2825 5412 pietatem
2855 5355 3084 5414 spectes.
3126 5345 3276 5413 Quod
3302 5345 3368 5401 de
3397 5346 3646 5401 omnibus
3673 5344 3725 5398 di

482 5435 672 5496 cimus,
699 5433 751 5488 id
782 5434 848 5489 de
871 5450 936 5489 eo
959 5435 1099 5505 quod
1120 5434 1185 5489 de
1215 5430 1406 5488 Libero
1430 5432 1651 5487 arbitrio
1677 5431 1942 5501 inscripsit
1970 5432 2307 5502 Augustinus,
2341 5441 2595 5502 expertus
2617 5443 2701 5488 est
2732 5433 2866 5497 Odo,
2889 5444 3072 5504 postea
3096 5436 3375 5506 episcopus
3399 5434 3753 5490 Camemccm

485 5526 580 5594 sis,
610 5527 701 5597 qui
726 5528 853 5581 dum
893 5528 1030 5583 forte
1070 5527 1279 5582 fortuna
1306 5542 1335 5581 a
1365 5526 1591 5597 quodam
1621 5524 1814 5581 clerico
1841 5529 1986 5580 hunc
2008 5523 2197 5579 librant
2227 5524 2541 5591 cocmisset,
2589 5524 2640 5579 in
2671 5524 2850 5580 scrinii
2875 5526 3122 5597 angulum
3165 5527 3419 5599 projecit,
3446 5535 3627 5598 utpote
3653 5533 3749 5598 qui

571 405 576 408 '
653 401 866 409 —'_-"‘_—
1027 401 1045 406 ο
1075 398 1284 406 ’ί--θλ
2097 400 2223 409 μή-
2673 390 3664 398 _-_-————————.“_m

550 5681 624 5746 (Ι)
658 5684 739 5736 Itic
758 5685 919 5746 Incipit
942 5692 1101 5734 tomus
1128 5686 1309 5746 primus
1344 5685 1659 5733 ncnctlictintc
1682 5682 1921 5743 editionis,
1940 5682 2190 5743 [rtej‘osita
2208 5684 2361 5730 solum
2381 5681 2579 5743 epistola
2597 5681 2902 5733 dedicatorla.
2942 5692 2996 5735 ut.
