2058 3183
191 162 240 190 est
563 161 749 191 ADMONITIO
767 162 812 191 DE
831 163 966 193 DUOBUS
984 163 1295 198 RE‘I'ItACTA'l'iONUM
1313 168 1433 198 LlBBlS.
1762 176 1815 204 883

189 218 276 246 adhuc
290 218 425 265 mundana:
438 217 567 265 sapientiai
576 219 686 265 deditur,
700 221 781 255 magis
791 220 961 248 delectabatur
973 222 1076 250 lectione
1086 222 1201 251 Platonis
1211 245 1218 257 ,
1232 212 1308 260 quam
1331 226 1473 262 Augurtiui.
1497 227 1562 256 Cum
1586 236 1650 257 vero
1670 235 1728 265 post
1748 231 1815 260 duos
1846 223 1848 225 I

189 269 275 310 terrae,
283 271 390 292 menses
401 264 520 292 Boetium
533 264 567 310 de
580 264 765 293 Consolatione
779 265 956 302 Philosophia:
969 267 1106 303 discipulis
1119 271 1274 305 praelegens,
1284 271 1318 299 ad
1327 277 1449 306 quartum
1464 273 1558 301 librum
1567 294 1575 306 ,
1587 274 1612 302 in
1623 264 1675 310 quo
1685 276 1717 303 de
1729 276 1812 305 libero

187 308 296 337 arbitrio
308 309 432 340 disserit.
449 309 629 344 pervenisset;
642 311 795 339 recordatus
809 312 891 346 ctnpti
904 312 978 345 libri,
991 319 1078 341 vocato
1097 315 1209 342 tttinistro
1221 324 1267 343 suo
1274 317 1351 352 jauit
1368 326 1424 344 eum
1438 319 1486 346 sibi
1497 319 1597 354 deferri.
1612 308 1699 349 Lectis
1712 321 1814 349 duabus

186 355 305 402 tribusve
319 355 594 402 paginis,7convocatis
608 356 771 384 scholaribus
783 358 847 390 suis,
868 357 937 391 Vere,
954 359 1053 395 inquit,
1067 360 1186 388 hactenus
1198 362 1311 397 ignoravi
1321 363 1487 399 Augustinum
1502 370 1578 394 tanta
1590 371 1690 402 tamque
1700 367 1811 394 delecta-

185 401 242 428 bili;
254 401 333 436 fuisse
344 401 480 436 facundia.
493 401 655 436 Perlegendo
669 403 775 430 tertium
791 403 896 437 librum,
910 404 936 431 in
950 405 1035 432 virum
1050 406 1160 434 alterum
1174 412 1305 440 mutatus,
1321 409 1425 438 scholas
1443 411 1567 445 paulatim
1589 401 1703 445 deserit,
1725 413 1811 441 eccle-

183 447 248 474 siam
263 446 427 481 frequentat,
441 454 472 474 ac
490 446 596 474 demum
616 448 712 475 sarculo
734 449 854 476 nuntium
873 449 991 477 remittit.
1007 451 1069 478 Haec
1087 460 1119 479 ex
1142 452 1301 481 llerimanno
1311 452 1472 483 Tornaeensi
1483 457 1611 485 monacho
1624 458 1749 485 discimus
1760 459 1808 494 (a).

183 493 253 520 idem
266 497 392 527 expertus
406 492 492 519 fuerat
507 492 630 520 Paulinus
644 493 738 529 (Epist.
755 494 799 527 25,
810 503 836 521 η.
850 495 875 530 l)
886 495 940 530 jam
955 504 969 523 a
986 496 1061 524 nobis
1072 497 1202 531 laudatus,
1218 499 1261 534 qui
1274 500 1381 528 easdem
1394 502 1530 536 Augustini
1543 507 1634 530 contra
1649 492 1806 532 Manichaeo—

183 547 239 565 rum
254 540 376 566 ha-resim
391 540 549 573 scriptiones
565 540 672 573 prituas,
688 546 710 566 et
724 541 755 567 de
767 542 921 568 scholasticis
936 543 1094 577 facultatibus
1109 545 1234 579 affluentes
1244 563 1251 577 ,
1270 551 1291 572 et
1305 547 1335 572 de
1349 548 1486 574 sodalibus
1500 550 1563 583 favis
1575 549 1667 579 dulces,
1680 555 1707 576 ut
1720 551 1810 576 (minus

180 593 232 612 aut:
245 587 363 617 medicas,
376 591 399 611 ct
415 587 513 612 altrices
524 586 674 613 avidissime.
689 587 804 613 lectitare
831 588 941 615 Solebat.
964 588 1015 615 llos
1032 590 1108 624 igitur
1122 590 1197 617 libros
1207 612 1213 622 ,
1230 591 1326 625 inquit,
1342 592 1442 619 lectioni
1456 594 1549 627 habeo,
1564 595 1589 621 in
1602 595 1639 621 his
1653 603 1690 621 me
1704 596 1807 627 obtecto,

181 632 211 658 de
222 632 260 657 his
273 632 355 657 cibum
369 632 450 666 capio,
467 641 515 657 non
531 632 604 659 illum
619 633 661 666 qui
675 634 753 666 perit,
775 635 818 660 sed
837 635 880 669 qui
905 640 1021 669 operatur
1036 637 1091 662 vita:
1107 642 1205 663 (πίθηκε
1222 639 1395 665 substantiam.
1419 640 1485 667 Tum
1506 642 1532 668 in
1554 642 1690 676 Augustini
1706 642 1807 669 laudern

181 678 329 705 exclamat:
344 679 366 705 0
377 688 431 705 vere
447 680 485 706 sal
499 685 581 711 trrrtt',
598 688 645 714 quo
661 681 799 714 pra'rordia
815 687 909 713 "cura,
924 690 953 707 ne
967 683 1061 717 possint
1071 682 1156 709 δαιτιΛὶ
1170 691 1298 711 vanescere
1311 693 1403 719 errore,
1418 688 1577 721 condiuntur,
1589 692 1639 714 etc.
1820 678 1821 681 Ἰ

215 724 345 751 Οίείετυιιι
359 729 484 759 quantum
499 734 587 760 operae
601 726 625 752 in
640 727 802 753 emendando
818 727 899 754 hocce
914 732 984 755 tomo
997 728 1172 763 posuerimus,
1182 730 1245 756 nihil
1258 731 1364 757 interest
1375 733 1505 766 explicare
1519 741 1565 767 per
1576 738 1673 768 partes.
1685 734 1797 760 Admoni

180 770 263 795 tiones
277 770 303 796 in
317 771 505 803 opusculorum
517 770 602 797 fronte
616 771 784 805 prmliximus,
800 777 878 806 atque
891 778 1073 808 argumentum
1089 774 1214 808 cujusque
1226 775 1283 801 libri
1299 777 1467 810 ascripsimus
1484 778 1568 804 initio.
1581 779 1803 813 Capitulationum

179 815 303 841 lemmata
317 815 414 849 saepius
428 816 584 842 lnconcinna
599 817 757 843 mutavimus
770 818 876 851 passim,
891 819 1095 853 earumdemque
1112 820 1259 847 numericas
1274 826 1348 847 notas
1364 823 1522 857 marginibus
1535 823 1635 855 alﬁxas,
1651 832 1683 851 ne
1694 826 1806 858 receptis

176 860 344 887 citationibus
356 860 477 888 confusio
490 862 650 895 gigneretur,
665 862 829 894 rctinuirnus,
843 864 948 890 mutatis
963 869 1048 891 tamen
1063 865 1193 892 interdum
1213 871 1240 893 et
1259 867 1435 901 multiplicatis
1448 869 1622 899 sectionibus.
1637 878 1702 904 quas
1716 871 1740 896 in
1756 879 1804 896 ntr—

176 914 264 934 meros
278 908 358 934 etiam
372 907 536 943 distinguere
549 909 632 935 visum
647 914 698 941 cst,
711 913 737 936 lll
751 910 851 936 facilior
861 915 930 937 esset
946 911 1081 943 Augustini
1097 912 1183 938 lectio.
1200 912 1306 939 Notulas
1320 913 1345 939 in
1359 914 1475 947 margine
1490 915 1604 942 inferiori
1621 917 1803 950 apposuimus,

176 953 403 988 ttbiinsigniorum
419 956 613 982 correctionum
626 956 754 982 rationem
767 956 936 983 reddidimus.
951 957 1165 991 Comparavimus
1185 966 1272 985 rerum
1297 959 1493 995 Scripturacque
1514 961 1628 989 Iudicem
1649 963 1656 977 ¹
1678 963 1704 989 in
1726 963 1802 997 hujus

176 1000 239 1026 tumi
253 1001 390 1035 opuscula,
403 1001 528 1028 studiosis
539 1002 655 1028 nonnihil
673 1002 800 1033 utilitatis,
816 1003 851 1029 uti
867 1010 1011 1037 speramus,
1026 1004 1176 1031 allaturum.
1191 1005 1248 1032 Alia
1271 1006 1439 1040 prtestitimus
1461 1007 1583 1040 demum,
1601 1016 1660 1043 qua:
1680 1010 1802 1043 superius

175 1047 200 1072 in
218 1047 370 1080 prtclationc
383 1048 500 1081 generali
512 1047 615 1074 abunde
628 1048 801 1082 explicantur.

205 1102 212 1138 ξ
239 1106 333 1126 Patrum
358 1104 512 1138 ataui-inurunt
529 1104 646 1138 rationem
659 1110 705 1127 non
725 1104 820 1127 omnino
832 1103 900 1158 sequi
921 1103 988 1127 nobis
1002 1104 1078 1129 visum
1097 1108 1142 1128 est.
1163 1106 1252 1130 Inutilis
1273 1106 1337 1130 enim
1358 1111 1396 1132 cst
1416 1108 1487 1131 index
1506 1108 1635 1134 analvtleus
1655 1109 1804 1139 particularis

206 1139 263 1158 tque
277 1137 340 1157 tumo
356 1134 464 1158 sulhxtts.
478 1139 532 1157 cum
549 1134 626 1158 Imilce
636 1134 744 1158 uellet-ali
757 1135 856 1158 clauden
875 1141 913 1158 um
927 1135 957 1158 sit
970 1138 1045 1158 totum
1057 1143 1079 1158 Ol
1089 1143 1117 1158 trs
1127 1143 1133 1158 ι
1143 1136 1228 1158 salu-ni
1240 1138 1313 1158 multo
1327 1138 1402 1158 uinci:
1411 1139 1513 1158 nrtlit‘l‘il
1527 1134 1627 1158 intimum
1636 1146 1724 1158 mrum,
1734 1147 1739 1158 ι
1749 1145 1801 1158 mm

174 1134 340 1170 cuique‘tpmo
356 1134 464 1170 sullixtts,
478 1139 538 1169 cum
549 1134 626 1158 indice
635 1134 744 1170 generali
757 1134 913 1170 claudendum
927 1135 957 1158 sit
970 1138 1045 1169 totum
1057 1143 1079 1166 οί
1089 1143 1117 1159 us
1127 1143 1133 1165 ;
1143 1136 1228 1170 saltem
1240 1138 1402 1170 multomagis
1411 1139 1515 1168 proderit
1527 1134 1627 1170 indicem
1636 1134 1804 1170 rerttmﬂrout

173 1165 197 1217 illi
205 1162 329 1217 ὥἒὲφὲ
347 1164 468 1218 νοιὲιυὶυο
485 1166 593 1194 veniunt,
612 1162 648 1189 ad”
660 1164 732 1188 tinent
750 1166 936 1195 uniuscujusque
954 1162 1150 1195 posuisse.'Qqu
1165 1168 1189 1190 in
1203 1168 1353 1192 llencdictina
1364 1162 1468 1193 cultione
1483 1176 1496 1192 a
1514 1162 1603 1199 multis,
1614 1162 1660 1194 nec
1673 1162 1801 1201 itmtierito,

189 1201 204 1217 e
328 1211 334 1217 .
384 1213 388 1217 .
406 1213 410 1217 .

154 1244 157 1245 ⁷
206 1238 243 1269 (u)
253 1238 342 1262 llerim.
353 1238 378 1262 lu
394 1242 483 1263 Narrat.
495 1239 680 1263 Restaurationis
688 1238 746 1262 Abb.
763 1242 784 1262 S.
796 1242 859 1263 alart.
870 1242 976 1267 Tornac.,
986 1245 1009 1262 n.
1020 1239 1043 1268 4,
1053 1239 1163 1270 Spicileg.
1175 1242 1231 1263 tom.
1245 1239 1281 1263 12.

732 1285 1304 1403 Tw—L—EMBMEE

597 1439 650 1471 DE
672 1440 824 1472 DUOBUS
847 1440 1214 1472 RETRACTATIONUM
1228 1440 1366 1471 LIBRIS.

205 1510 273 1546 Quid
286 1519 374 1540 cause
381 1516 500 1540 sanctum
517 1512 692 1547 Augustinum
707 1513 740 1540 ad
754 1513 934 1540 retractandas
949 1513 1166 1548 castigandasque
1186 1514 1380 1542 lucubrationes
1392 1521 1453 1542 suas
1465 1514 1613 1550 impulerit,
1629 1516 1714 1550 aperit
1740 1516 1800 1551 ejus

170 1559 321 1593 praiatioin
330 1563 470 1594 sequentes
479 1559 570 1586 libros.
581 1558 608 1586 Id
619 1559 717 1594 negotii
728 1567 867 1594 aggressus
874 1564 913 1587 est
924 1559 972 1587 sub
983 1560 1100 1587 ultimam
1109 1560 1170 1587 vita:
1177 1568 1232 1587 sum
1243 1560 1390 1595 periodum;
1397 1565 1469 1588 certe
1478 1568 1529 1588 non
1539 1561 1622 1589 multo
1630 1566 1692 1589 ante
1702 1569 1802 1589 annum

171 1604 271 1631 Christi
284 1603 348 1637 627,
361 1611 421 1631 cum
436 1603 463 1631 in
479 1608 572 1639 quarto
584 1604 619 1632 de
629 1604 751 1632 Doctrina
760 1604 909 1632 Christiana
922 1604 999 1637 libro,
1015 1612 1092 1639 quem
1109 1605 1134 1631 itt
1151 1605 1389 1632 Retractationibus
1404 1608 1538 1632 testatura
1549 1613 1588 1638 se,
1605 1606 1667 1633 dum
1686 1607 1746 1634 lntic
1762 1607 1803 1634 rei

170 1649 308 1681 incumbit,
320 1650 497 1685 conscriptum
509 1657 579 1682 esse,
590 1658 675 1677 annos
687 1655 807 1678 numeret
819 1650 897 1685 ferme
908 1655 962 1677 octo
975 1650 1012 1678 vet
1021 1650 1130 1684 amplius
1141 1658 1155 1677 a
1165 1657 1212 1677 sua
1223 1650 1292 1685 apud
1302 1649 1486 1678 C:esareenses
1499 1651 1719 1686 peregrinatione,
1731 1652 1801 1679 unde

170 1696 258 1730 ipsutn
273 1695 377 1722 labente
389 1702 458 1722 armo
471 1695 523 1722 M8
537 1695 648 1723 rediisse
661 1696 751 1730 liquet.
764 1695 829 1723 Cum
844 1700 931 1723 autem
945 1696 1101 1731 scriptiones
1115 1702 1176 1723 suas
1189 1703 1291 1726 omnes.
1306 1703 1402 1730 nempe
1414 1696 1518 1728 Libros,
1534 1697 1675 1731 Epistolas,
1686 1697 1796 1725 Sermo-

173 1747 236 1773 nes,
251 1747 297 1767 seu
309 1748 373 1775 quos
385 1740 541 1773 dictaverat,
557 1748 604 1767 seu
617 1748 684 1775 quos
696 1740 814 1774 dixerat,
829 1741 861 1768 ad
874 1749 984 1768 examen
999 1748 1123 1768 revocare
1136 1741 1223 1768 animo
1236 1740 1408 1772 destinasset,
1422 1748 1437 1767 a
1453 1741 1538 1768 Librls
1550 1741 1604 1768 suis
1618 1749 1675 1769 rem
1687 1742 1798 1769 adorsus

169 1793 213 1815 est
227 1787 350 1822 :jamque
363 1794 457 1814 omnes
474 1787 600 1815 hactenus
612 1787 697 1815 editos
710 1787 888 1822 expendent,
901 1794 962 1815 cum
981 1787 1118 1822 epistolam
1138 1787 1281 1814 secundam
1301 1787 1406 1823 scripsit
1427 1787 1460 1814 ad
1481 1786 1690 1820 Quodvultdeutn
1703 1787 1798 1822 (Epist.

168 1834 246 1870 2‘25),
256 1833 327 1861 anno
341 1833 408 1861 forte
419 1834 481 1867 ‘28,
497 1841 550 1869 quo
565 1838 684 1870 tempore
695 1835 809 1869 Prosper
821 1838 848 1861 et
862 1834 975 1861 Hilarius
990 1835 1016 1860 in
1030 1833 1123 1861 Galliis
1138 1832 1253 1860 nondum
1268 1833 1412 1860 rescierunt
1422 1833 1520 1860 cditunt
1532 1832 1673 1868 quidquam
1688 1833 1800 1867 hujusce

174 1880 275 1915 operis,
288 1879 324 1906 uti
337 1886 368 1906 ex
383 1879 475 1907 Hilarii
491 1880 608 1915 Epistula
623 1879 775 1914 intelligitur
789 1878 882 1914 (Epist.
895 1878 971 1914 226),
989 1878 1063 1912 cujus
1078 1883 1165 1905 tatnen
1182 1878 1262 1905 libros
1274 1877 1340 1904 duos
1353 1882 1494 1913 antequam
1503 1885 1595 1905 eorum
1608 1878 1708 1905 litteras
1722 1886 1796 1905 rece-

171 1925 271 1960 pisset.
290 1927 427 1953 absolutos
446 1925 526 1953 luisse
545 1925 666 1952 rescribit
684 1924 843 1959 Augustinus
858 1923 884 1950 in
900 1924 944 1950 lib.
956 1922 989 1950 de
1003 1922 1131 1950 Pradesl.
1145 1922 1205 1954 SS.,
1222 1929 1247 1949 c.
1259 1922 1285 1949 5.
1300 1922 1375 1955 Quod
1389 1923 1476 1957 itaque
1490 1919 1554 1949 dicit
1567 1922 1701 1950 Possidius
1713 1929 1737 1949 c.
1749 1922 1795 1953 28.

176 1972 242 1999 Ante
255 1972 396 2007 proximum
409 1971 475 1999 diem
488 1971 568 1998 obitus
577 1971 630 2003 sui,
645 1979 660 1998 a
672 1978 699 1998 se
712 1971 817 1997 dictator
828 1975 852 1997 et
865 1970 942 1996 editos
955 1970 1076 1996 recensuit
1092 1969 1186 2001 libros;
1200 1969 1225 1995 id
1239 1968 1323 2003 rigide
1341 1976 1374 1996 ex
1390 1969 1534 1996 litterarum
1553 1968 1672 2004 apicibus
1687 1977 1738 1997 non
1759 1970 1799 1996 irr-

172 2018 373 2052 terpretandnm
387 2022 428 2045 est
440 2025 447 2043 :
458 2017 608 2053 prmaertim
620 2024 680 2044 cum
692 2015 786 2044 eodem
801 2017 857 2051 ipse
866 2015 924 2043 loco
939 2014 1072 2042 volumina
1084 2014 1132 2042 ltac
1144 2014 1177 2042 dc
1189 2021 1219 2042 rc
1231 2014 1283 2041 duo
1296 2018 1358 2041 ante
1373 2014 1549 2042 Vandalorum
1564 2014 1590 2042 in
1605 2014 1720 2042 Africam
1732 2016 1800 2042 irru-

168 2063 286 2097 ptionem
299 2068 405 2098 peracta
418 2063 525 2091 referat.

207 2107 333 2142 Epistolis
347 2108 428 2136 etiam
440 2107 576 2143 exigendis
588 2114 696 2142 operam
710 2106 789 2134 dabat
802 2106 972 2142 Augustinus,
984 2106 1091 2141 jamque
1103 2106 1170 2134 bene
1184 2106 1280 2133 multas
1293 2105 1400 2133 sedulus
1415 2106 1560 2141 relegerat,
1576 2106 1679 2134 tametsi
1693 2107 1791 2134 nullam

169 2152 197 2179 in
210 2160 258 2180 cas
270 2154 525 2181 animadversionem
541 2153 567 2180 in
580 2153 676 2187 scripta
691 2152 843 2187 redegerat;
854 2146 914 2179 cum
927 2159 988 2179 cccc
1002 2151 1097 2179 Juliani
1108 2152 1235 2187 pelagiani
1247 2152 1407 2187 posteriores
1415 2156 1475 2179 octo
1486 2152 1567 2180 libros
1576 2152 1704 2188 prodiissc
1711 2153 1797 2186 audit,

170 2206 269 2233 eosque
279 2199 437 2227 adhortante
448 2199 544 2234 Alypio
556 2198 677 2226 refellere
690 2197 854 2233 aggreditur;
865 2202 944 2232 atque
958 2196 1062 2224 interim
1073 2201 1190 2231 cleptum
1202 2204 1268 2232 opus
1282 2197 1417 2224 remissius
1430 2197 1496 2232 agit,
1512 2197 1582 2232 quod
1595 2197 1702 2225 demum
1713 2203 1799 2226 morte

172 2250 373 2280 praeoccupatus
385 2245 522 2272 absolvere
534 2252 585 2272 non
597 2244 688 2271 valuit.

206 2290 290 2318 Porro
304 2290 332 2317 S.
344 2290 441 2318 Doctor
450 2290 532 2317 libros
540 2297 651 2322 suos,“
667 2292 815 2324 temporum
831 2288 985 2323 plerumque
1000 2287 1092 2316 ordine
1103 2287 1331 2320 recensitos,duas
1344 2288 1430 2323 coegit
1442 2288 1468 2315 in
1483 2287 1628 2322 classes,ut
1635 2296 1701 2324 quos
1711 2296 1798 2317 acon-

178 1284 261 1287 __
448 1284 453 1307 ε
546 1284 869 1288 “ﬁ”
878 1285 1790 1309 _,,_¥_~Ws.______

170 2336 301 2363 rersionis
313 2343 368 2363 sua:
381 2336 425 2363 die
442 2336 585 2371 scripserat
599 2334 716 2362 nondum
731 2334 891 2369 Episcopus,
905 2334 999 2362 horum
1011 2334 1223 2361 retractatiouem
1238 2334 1320 2362 codex
1333 2342 1400 2361 unus
1412 2335 1645 2370 complecteretur;
1660 2336 1728 2363 alter
1740 2343 1795 2362 cte<

168 2385 297 2408 terorum.
311 2381 429 2414 Quorum
440 2381 559 2408 omnium
570 2380 669 2412 titulos,
682 2384 813 2414 tempora,
827 2384 979 2414 argumenta
995 2383 1021 2406 et
1033 2379 1185 2407 occasiones
1198 2379 1240 2405 hic
1256 2380 1430 2415 persequitur,
1441 2388 1473 2407 ac
1486 2385 1619 2415 postrento
1632 2376 1804 2415 singulorum

166 2427 242 2454 initia
264 2426 405 2462 diligenter
420 2431 504 2454 notat.
519 2426 585 2454 Huic
597 2425 671 2461 operi
686 2425 818 2453 Possidius
832 2425 935 2452 titulum
954 2425 1059 2457 tribuit,
1073 2424 1105 2452 de
1118 2424 1271 2452 Recensione
1285 2425 1425 2452 Librorum.
1440 2426 1537 2454 Omnes
1552 2430 1639 2453 tamen
1655 2426 1714 2453 libri
1726 2426 1791 2453 editi

166 2480 200 2500 ac
213 2472 306 2507 scripti
317 2472 532 2500 Retractationum
547 2472 625 2499 libros
637 2471 785 2506 appellant,
801 2478 853 2498 uno
865 2470 931 2498 forte
944 2474 1057 2506 excepto
1070 2471 1247 2498 vetustissimo
1262 2470 1310 2498 Ms.
1328 2471 1420 2498 codice
1432 2470 1584 2499 Corbciensi
1593 2490 1602 2504 ,
1616 2471 1660 2506 qui
1670 2491 1678 2504 ,
1694 2475 1797 2498 mutato

165 2517 342 2551 vocabulo,in
357 2517 409 2545 line
422 2517 482 2545 libri
496 2517 573 2552 primi
590 2517 629 2545 sic
643 2516 741 2544 habet:
754 2516 865 2551 Explicit
879 2515 940 2543 liber
952 2516 1049 2551 primus
1057 2516 1447 2552 Recognitionum.Apudipsnin
1455 2517 1629 2552 Augustinum
1641 2518 1727 2544 tumin
1737 2519 1795 2552 cpia

164 2564 235 2591 stola
248 2563 281 2590 ad
296 2562 527 2597 Quodvultdeum,
542 2563 662 2598 libroque
673 2562 707 2590 de
720 2562 848 2590 Priedest.
860 2561 919 2594 55.,
934 2562 1001 2589 cc.3
1012 2566 1038 2589 et
1047 2562 1081 2593 ις
1094 2561 1186 2589 tumin
1202 2561 1275 2588 brevi
1284 2562 1328 2596 qui
1338 2562 1410 2589 ltiscc
1421 2562 1494 2589 libris
1502 2562 1667 2590 subnectitur
1675 2563 1793 2598 epilogo,

165 2617 264 2637 nomen
278 2608 471 2636 ltelractationia
481 2630 489 2642 ,
503 2617 550 2636 seu
567 2608 779 2636 Retractationum
792 2616 859 2643 opus
875 2608 942 2636 istud
957 2608 1067 2635 obtinet.
1083 2608 1170 2643 Atque
1185 2607 1235 2635 ltoc
1249 2615 1373 2643 perquam
1389 2613 1582 2643 opportuttum,
1597 2616 1650 2643 quo
1665 2608 1796 2644 intelligas

163 2663 220 2682 non
235 2655 315 2683 modo
326 2659 413 2683 errata
424 2654 600 2691 reprehendi,
613 2662 706 2683 verum
718 2655 797 2682 etiam
807 2653 912 2682 delendi
926 2658 997 2681 recte
1009 2653 1093 2685 dicta;
1108 2658 1135 2681 et
1144 2661 1211 2689 quos
1223 2653 1337 2688 imperiti
1350 2654 1423 2681 locos
1436 2653 1628 2686 sollicitabant,
1641 2655 1796 2683 tractatione

162 2702 261 2728 iterata
274 2701 383 2728 ﬁrmari.
399 2701 573 2728 Retraetabam
582 2722 589 2733 ,
604 2700 641 2728 ait
651 2700 676 2728 in
687 2699 793 2728 laudata
804 2699 915 2735 epistola
929 2699 962 2726 ad
975 2699 1184 2733 Quodvultdcum
1194 2719 1202 2732 ,
1216 2699 1337 2734 opuscula
1350 2707 1405 2725 mea
1416 2707 1426 2726 :
1435 2704 1458 2727 et
1470 2700 1491 2726 si
1503 2699 1564 2734 quid
1573 2699 1598 2727 in
1612 2701 1647 2728 eis
1660 2709 1699 2727 mc
1712 2701 1796 2734 alicn-

162 2746 246 2780 deret,
260 2747 299 2774 ut
317 2747 380 2774 alios
401 2746 526 2780 eludere
538 2751 639 2781 posset;
650 2747 741 2781 partim
754 2746 965 2782 reprehendendo,
978 2745 1069 2780 partim
1081 2745 1251 2781 defendendo,
1264 2745 1332 2780 quod
1345 2745 1395 2780 legi
1407 2745 1502 2772 deberet
1514 2751 1537 2772 et
1548 2751 1646 2781 pauet,
1658 2747 1791 2783 θρα-πόαν.

168 2792 289 2828 Denique
303 2800 371 2828 opus
385 2792 449 2820 illud
462 2793 629 2820 celebrantur:
640 2799 673 2820 eo
682 2792 790 2820 nomine
800 2798 913 2824 veteres,
926 2792 1049 2826 Pmsper,
1058 2791 1090 2818 ad
1105 2791 1170 2819 Exc.
1179 2791 1371 2825 Gcnucnsium;
1384 2791 1556 2820 Cassiodorus
1566 2797 1682 2827 senator,
1698 2794 1730 2821 dc
1744 2793 1774 2821 lu
1787 2806 1793 2815 -

164 2838 304 2867 stitutione
317 2839 372 2865 div.
388 2838 499 2874 δοτῆρι..
515 2846 572 2873 cap.
589 2839 635 2872 l6;
652 2838 731 2872 Beda,
745 2838 844 2874 prtrlat.
860 2839 885 2865 in
899 2838 945 2866 lib.
957 2838 1072 2865 [lett-act.
1087 2838 1113 2865 in
1127 2840 1196 2872 Act.,
1211 2842 1262 2865 etc.
