4116 6366
465 269 572 330 887

466 385 622 451 tudo;
655 382 844 440 eadem
879 381 995 454 ipsa
1019 379 1184 437 estin
1231 378 1392 437 rebus
1434 379 1857 451 incorporalibus
1891 387 2050 450 atque

465 479 688 536 summis
713 475 995 548 philocalia
1021 491 1140 547 qua.-
1169 473 1504 546 philosophia
1522 513 1538 541 ,
1568 487 1744 544 neque
1763 473 1870 528 ullo
1892 471 2051 527 modo

465 578 594 628 sunt
615 569 768 640 quasi
795 583 1008 626 sorores
1035 568 1173 624 duae.
1223 565 1348 622 Alio
1390 567 1508 621 loco
1559 564 1626 620 de
1675 565 1882 628 animo,
1929 577 2052 618 cum

463 677 678 735 agerem
702 661 810 717 dixi
838 679 850 714 :
879 659 1121 717 Securior
1139 659 1392 714 rediturus
1415 658 1470 712 in
1485 657 1664 712 ctutum
1693 655 1829 729 (Lib.
1844 655 1901 722 2,
1927 671 1972 711 c.
1993 656 2047 723 9,

465 773 522 818 η.
549 754 664 828 ΞΩ).
718 753 892 808 lturus
919 761 1096 808 autem
1123 793 1137 816 ,
1185 765 1365 822 quam,
1397 749 1648 804 rediturus
1677 746 1930 803 dixissem
1960 761 2048 802 se-

463 849 677 912 curius,
709 854 930 918 propter
958 859 1051 900 eos
1095 843 1186 914 qui
1215 851 1398 914 putant
1421 841 1629 897 animos
1658 840 1923 896 humanos
1953 855 2050 910 pro

467 941 677 996 meritis
705 947 1046 1010 peccatorum
1077 951 1296 994 suorum
1331 936 1398 992 de
1425 935 1564 992 coelo
1589 935 1766 1006 lapsos
1800 935 1912 990 sive
1960 932 2052 989 de-

455 1034 659 1106 jcctos,
695 1034 745 1088 in
775 1047 998 1102 corpora
1033 1032 1134 1086 ista
1163 1029 1372 1086 detrudi
1401 1029 1495 1102 (a).
1525 1028 1630 1084 Sed
1670 1028 1774 1084 hoc
1799 1041 1898 1099 ego
1923 1041 2048 1097 pro-

467 1139 656 1197 pterea
695 1141 800 1180 non
823 1123 1056 1180 dubitavi
1081 1123 1260 1178 dicere
1283 1163 1298 1189 ,
1339 1121 1460 1192 quia
1489 1121 1558 1175 ita
1591 1119 1734 1184 dixi,
1763 1121 1818 1172 iu
1844 1117 2044 1182 cretum,

463 1229 724 1292 tanquam
749 1221 1011 1288 dicerem,
1051 1219 1116 1274 ad
1147 1219 1312 1274 Deum
1336 1260 1349 1285 ,
1397 1217 1487 1288 qui
1521 1216 1636 1286 ejus
1663 1223 1745 1270 est
1773 1221 1959 1270 auctor
1994 1221 2050 1268 et

464 1314 712 1370 conditor
755 1313 892 1368 sicut
947 1311 1134 1367 beatus
1165 1309 1461 1382 Cyprianus
1491 1325 1596 1364 non
1649 1315 1929 1363 cunctatus
1969 1315 2049 1360 est

462 1408 640 1464 dicere
667 1426 678 1461 :
709 1407 848 1460 Nam
900 1423 1014 1459 cum
1062 1421 1245 1476 corpus
1271 1420 1298 1457 e
1328 1412 1460 1457 terra
1479 1445 1495 1470 ,
1527 1401 1760 1474 spiritum
1791 1399 2048 1471 possidea-

460 1519 570 1555 mus
598 1517 624 1554 e
650 1499 774 1554 caelo
795 1541 808 1564 ,
845 1499 945 1569 ipsi
968 1507 1100 1552 terra
1131 1508 1179 1553 et
1207 1497 1386 1552 caelum
1415 1511 1587 1550 sumus
1620 1493 1840 1566 (Cypr.,
1869 1491 1956 1546 lib.
1987 1491 2050 1545 de

462 1593 606 1648 Orat.
625 1589 906 1663 Dom.)—.E-t
931 1593 984 1646 in
1005 1591 1140 1646 libro
1161 1589 1496 1645 Ecclesiaste:
1516 1588 1768 1656 scriptum
1789 1593 1898 1640 est:
1924 1583 2048 1652 Spi-

457 1687 586 1740 ritus
609 1693 884 1739 revertatur
903 1683 970 1737 ad
989 1683 1172 1750 Deum,
1191 1683 1276 1752 qui
1305 1680 1440 1734 dedit
1459 1679 1606 1738 illum.
1625 1677 1817 1750 (Hrcle.
1845 1693 1937 1744 xu,
1965 1675 2041 1746 7).

451 1777 603 1847 Quod
629 1780 811 1848 utique
855 1778 932 1832 sic
961 1773 1368 1846 intelligendum
1405 1783 1514 1838 est,
1547 1779 1605 1826 ιιι
1631 1786 1734 1825 non
1771 1769 2047 1824 resistatur

450 1871 711 1942 Apostolo
748 1871 986 1934 dicenti,
1041 1869 1274 1930 nondum
1323 1875 1480 1932 natos
1531 1863 1662 1920 nihil
1709 1862 1884 1933 egisse
1919 1859 2046 1918 boni

450 1973 542 2020 aut
571 1963 694 2018 mali
731 1961 901 2036 (Rom.
932 1977 1014 2028 rx,
1049 1959 1161 2031 11).
1203 1960 1330 2014 Sine
1353 1955 1712 2014 controversia
1737 1968 1865 2024 ergo
1894 1967 2042 2022 qure-

450 2057 574 2114 dam
611 2056 881 2128 originalis
931 2054 1077 2125 regio
1121 2050 1464 2108 beatitudinis
1509 2048 1706 2114 animi,
1741 2047 1881 2101 Deus
1931 2045 2044 2112 ipse

455 2159 542 2208 est
565 2191 578 2213 ,
619 2150 706 2218 qui
737 2163 856 2204 eum
889 2161 994 2200 non
1025 2143 1236 2214 quidem
1267 2143 1334 2197 de
1359 2141 1538 2212 seipso
1579 2138 1764 2208 genuit.
1787 2179 1801 2204 ,
1851 2135 1946 2192 sed
1973 2135 2050 2190 de-

445 2245 592 2304 nulla
623 2259 680 2298 re
707 2243 810 2298 alia
841 2239 1098 2303 co.;:lidit,
1133 2238 1272 2294 sicut
1293 2234 1536 2293 condidit
1563 2246 1758 2302 corpus
1808 2245 1838 2285 e
1869 2237 2036 2284 terra.

448 2336 584 2393 Nam
619 2333 770 2406 quod.
789 2333 980 2388 attinet
1005 2329 1070 2385 ad
1099 2329 1214 2399 ejus
1239 2327 1496 2398 originem
1519 2368 1532 2393 ,
1565 2339 1666 2395 qua
1699 2321 1762 2376 fit
1789 2329 1846 2376 ut
1872 2321 1944 2374 sit
1985 2320 2038 2373 in

447 2444 692 2501 corpore,
723 2437 900 2484 utrum
929 2425 1000 2482 de
1028 2425 1118 2479 illo
1147 2437 1254 2482 uno
1287 2423 1390 2490 sit,
1431 2420 1518 2491 qui
1561 2419 1792 2488 primum
1823 2426 2036 2470 creatus

446 2531 569 2587 est,
600 2519 812 2590 quando
857 2517 1025 2572 factus
1049 2523 1130 2570 cst
1156 2514 1317 2568 homo
1345 2512 1402 2566 in
1443 2511 1674 2566 animam
1715 2508 1926 2572 vivam;
1969 2522 2036 2560 an

445 2614 693 2673 similiter
723 2612 792 2667 ita
822 2611 949 2666 fiant
971 2606 1190 2679 singulis
1217 2604 1412 2677 singuli
1435 2645 1450 2672 ,
1481 2609 1734 2660 nec'tunc
1758 2600 1992 2656 sciebam
2015 2639 2030 2666 ,

444 2725 548 2766 nec
591 2707 766 2764 adhuc
792 2705 924 2761 scio.

516 2804 572 2859 4.
631 2801 690 2856 ln
739 2801 875 2856 libro
911 2797 1066 2853 tertio
1099 2813 1114 2850 :
1146 2795 1208 2852 Si
1233 2793 1354 2867 quid
1396 2793 1523 2848 mihi
1563 2791 1794 2845 uideatur
1815 2789 2030 2856 quan-is,

441 2895 683 2967 inquam;
725 2893 778 2947 in
804 2901 966 2946 mente
999 2888 1223 2944 arbitror
1249 2903 1356 2941 esse
1405 2901 1658 2942 summum
1707 2883 1922 2937 hominis
1948 2881 2036 2936 bo-

439 3005 566 3044 num
597 2987 732 3060 (Lib.
756 2988 808 3052 5,
838 3003 884 3039 c.
919 2982 1006 3048 l2,
1040 2999 1091 3036 η.
1117 2980 1234 3052 27).
1269 2979 1458 3035 Verius
1487 2977 1763 3042 dixissem,
1799 2975 1852 3028 ln
1883 2974 2030 3028 Deo:

440 3079 560 3150 ipso
588 3078 730 3134 enim
773 3091 924 3132 mens
950 3075 1161 3140 fruitur,
1192 3081 1250 3128 ut
1281 3072 1432 3127 beata
1471 3071 1567 3138 sit,
1600 3078 1851 3138 tanquam
1883 3081 2030 3122 smn-

438 3186 532 3228 mo
583 3171 721 3224 bono
761 3183 877 3222 suo.
909 3166 1018 3221 Nec
1045 3163 1176 3220 mihi
1211 3163 1340 3218 illud
1367 3162 1542 3232 placet
1582 3159 1722 3230 quod
1761 3159 1866 3213 dixi
1900 3177 1914 3211 :
1945 3157 2033 3211 Li-

436 3270 556 3334 quet
579 3263 596 3293 ¹
621 3261 850 3332 dejerare
907 3275 995 3328 per
1033 3272 1180 3310 omne
1207 3255 1432 3308 divinant
1463 3252 1594 3326 (Id.,
1627 3269 1674 3306 ε.
1707 3251 1794 3319 16,
1829 3267 1880 3334 u.
1913 3249 2027 3321 55).

435 3333 572 3410 item
598 3351 738 3422 quod
768 3350 878 3404 dixi
906 3349 975 3404 de
1005 3347 1359 3410 Academicis,
1388 3345 1509 3416 quia
1533 3361 1716 3400 verum
1747 3333 2027 3410 noverant,

433 3446 592 3514 cujus
626 3443 798 3500 simile
827 3439 1168 3510 appellabant
1196 3437 1488 3493 verisimile
1507 3477 1522 3500 ,
1554 3435 1710 3506 idque
1735 3435 1906 3504 ipsum
1933 3449 2030 3488 vc-

433 3538 656 3596 risimile
706 3535 970 3607 appellavi
1013 3533 1201 3588 falsum
1223 3574 1237 3597 ,
1289 3531 1434 3602 quod
1465 3530 1864 3602 approbabunt;
1895 3529 2030 3585 duas

433 3633 506 3689 ob
534 3645 724 3688 causas
749 3645 855 3684 non
891 3636 1038 3683 recte
1065 3626 1262 3681 dictum
1289 3633 1405 3680 est:
1433 3625 1515 3678 vel
1545 3623 1684 3694 quod
1715 3623 1903 3680 falsum
1939 3639 2028 3678 es-

433 3735 544 3790 set,
578 3721 720 3794 quod
770 3721 947 3792 aliquo
991 3719 1152 3776 modo
1199 3726 1342 3774 esset
1395 3717 1570 3773 simile
1607 3715 1829 3788 alicujus
1877 3717 2024 3786 veri,

431 3820 554 3889 quia
587 3817 640 3871 in
667 3829 861 3885 genere
889 3829 985 3868 suo
1005 3821 1060 3867 et
1089 3812 1192 3866 hoc
1215 3827 1398 3866 verum
1424 3821 1532 3876 est;
1566 3811 1650 3866 vel
1670 3809 1810 3880 quod
1837 3825 2027 3881 appro-

377 3907 380 3909 ’
432 3909 632 3966 babant
655 3909 754 3962 ista
786 3907 912 3960 falsa
937 3948 952 3972 ,
984 3921 1102 3975 qua:
1131 3905 1392 3958 vocabant
1419 3902 1727 3958 verisimilia
1753 3944 1766 3968 ,
1798 3917 1918 3958 cum
1948 3903 2024 3958 illi

433 4003 566 4058 nihil
617 3999 1003 4072 approbarent,
1054 4005 1107 4052 et
1147 3995 1474 4050 affirmarent
1538 3994 1670 4049 nihil
1729 3995 2024 4064 approbare

431 4097 750 4166 sapientem.
805 4090 910 4147 Sed
973 4091 1096 4160 quia
1149 4091 1248 4144 hoc
1299 4088 1472 4157 ipsum
1515 4087 1806 4142 verisimile
1859 4087 2018 4142 etiam

435 4186 712 4258 probabile
765 4181 1174 4252 nuncupabant,
1251 4179 1374 4233 hinc
1429 4177 1626 4232 factum
1677 4187 1760 4235 est
1819 4185 1877 4232 ut
1921 4175 2024 4232 boc

435 4281 504 4336 de
535 4280 638 4335 illis
684 4277 934 4331 dicerem.
979 4274 1119 4328 Laus
1157 4288 1368 4343 quoque
1419 4275 1567 4342 ipsa,
1599 4287 1701 4344 qua
1745 4271 2022 4328 Platonem

432 4374 518 4428 vel
569 4371 870 4426 Platonicos
937 4383 1032 4423 seu
1091 4367 1442 4422 Academicos
1493 4363 1838 4436 philosophos
1907 4373 2022 4420 tan-

431 4473 544 4519 tum
567 4461 728 4518 extuli
761 4459 894 4533 (Id.,
921 4475 968 4513 c.
1000 4459 1085 4524 17,
1127 4475 1180 4511 η.
1213 4457 1301 4529 57)
1339 4465 1591 4528 quantum
1619 4457 1810 4526 impios
1847 4457 2022 4511 homi-

431 4572 530 4612 nes
577 4570 679 4610 non
731 4551 1002 4623 oportuit,
1051 4565 1154 4604 non
1202 4549 1468 4604 innuerito
1526 4549 1655 4602 mihi
1705 4549 2017 4622 displicuit:

429 4647 728 4722 prtesertim
756 4659 977 4716 quorum
997 4651 1182 4698 contra
1212 4657 1423 4697 errores
1445 4657 1664 4714 magnos
1690 4641 2022 4698 defendenda

427 4753 514 4800 est
543 4741 830 4798 christiana
879 4737 1142 4792 doctrina.
1177 4735 1311 4790 Illud
1343 4737 1500 4790 etiam
1533 4735 1674 4806 quod
1719 4735 1772 4789 iu
1803 4751 2020 4806 compa-

427 4837 637 4894 ratione
664 4839 1097 4904 argumcntorum
1120 4827 1414 4894 Ciceronis,
1435 4828 1626 4898 quibus
1659 4827 1709 4882 in
1741 4827 1889 4882 libris
1911 4829 2022 4883 suis

425 4929 764 4989 Academicis
787 4941 913 4981 usus
929 4932 1010 4980 est
1031 4925 1051 4954 ²
1075 4937 1214 4988 mea,
1243 4937 1408 4994 nugas
1429 4935 1546 4976 esse
1571 4921 1678 4975 dixi
1704 4919 1832 4993 (Id.,
1853 4938 1898 4975 c.
1928 4921 2018 4990 20,

427 5041 484 5080 ιι.
525 5025 641 5094 45),
672 5020 866 5093 quibus
909 5022 1220 5087 argumenta
1249 5012 1338 5067 illa
1377 5013 1672 5068 certissima
1700 5013 1903 5068 ratione
1931 5027 2018 5069 re-

429 5115 630 5179 futavi;
677 5109 920 5183 quamvis
939 5105 1168 5180 jocando
1198 5105 1397 5161 dictum
1439 5107 1543 5172 sit,
1576 5115 1628 5160 et
1653 5107 1821 5178 magis
1851 5106 2020 5162 ironia

425 5207 691 5273 videatur,
727 5221 834 5262 non
862 5203 1045 5259 debuit
1071 5209 1246 5256 tamen
1293 5199 1414 5254 dici.
1450 5199 1562 5255 Hoc
1604 5215 1739 5272 Opus
1771 5201 1847 5257 sic
1885 5201 2018 5257 inci-

432 5299 513 5372 pit
543 5317 556 5352 ε
588 5297 634 5352 0
659 5297 852 5351 utinam
872 5337 885 5364 ,
929 5293 1246 5350 Romanique
1265 5334 1280 5358 ,
1320 5291 1570 5348 hominem
1599 5291 1694 5347 sibi
1737 5304 1931 5364 aptum.

497 5433 510 5460 ³
533 5434 608 5478 Er.
637 5435 810 5478 ettov.
833 5426 1014 5478 habent
1031 5423 1145 5477 libet
1187 5423 1428 5485 deierare.
1447 5424 1540 5478 Sed
1562 5425 1740 5478 melius
1767 5441 1882 5478 cum
1915 5439 2014 5482 am.

425 5491 596 5555 σαι-1μῆ
615 5489 920 5555 octodecim,
940 5485 1084 5550 liquet
1118 5485 1520 5555 dejerare,_quod
1550 5497 1830 5554 usurpatum
1856 5501 1934 5544 est
1955 5505 2018 5544 ex

427 5549 660 5606 Terentio
677 5554 724 5600 in
749 5549 995 5611 Eunucho,
1012 5557 1104 5600 act.
1128 5549 1179 5608 2,
1196 5561 1330 5600 scen.
1353 5549 1399 5598 5.

495 5618 516 5650 ²
530 5617 603 5668 sic
615 5615 772 5666 codex
787 5613 988 5680 genign.
1005 5626 1018 5660 :
1037 5621 1152 5662 esus
1169 5618 1254 5672 est,
1274 5625 1382 5680 utea
1391 5625 1658 5680 nugasesse
1671 5613 1782 5666 dimi
1797 5616 2016 5679 ;supple,

427 5683 731 5748 ωοωπεηια.
752 5675 838 5726 Alii
855 5671 1100 5740 plerique,
1117 5687 1263 5736 meas,
1285 5681 1340 5726 ut
1355 5675 1406 5724 in
1425 5671 1647 5742 vulgatis.

491 5763 568 5830 (α)
601 5761 882 5823 Platonicos,
907 5767 966 5812 ut
995 5759 1258 5811 videreest
1278 5757 1362 5808 lib.
1401 5759 1462 5810 l2
1491 5761 1554 5810 de
1588 5762 1722 5812 civit.
1742 5763 1847 5824 Dei,
1865 5775 1908 5814 c.
1937 5762 2014 5814 26.

1531 255 2168 323 RETRACTATIONUM
2206 261 2264 322 S.
2306 263 2675 326 AUGUSTINI

3644 273 3759 336 588

2785 379 3011 440 CAPUT
3049 384 3112 440 11.

2545 473 2624 530 De
2646 473 2803 530 Beata
2839 474 2952 530 Vita
2977 519 2992 544 ,
3037 477 3161 531 liber
3187 495 3340 534 unus.

2227 566 2446 624 Librum
2485 569 2552 625 de
2595 569 2754 625 Beata
2783 569 2900 624 Vita
2925 612 2939 636 ,
2977 585 3084 625 non
3109 582 3229 642 post
3265 573 3430 630 libros
3459 574 3528 632 de
3552 576 3751 642 Acade-

2153 661 2340 727 micis,
2374 663 2468 718 sed
2507 663 2644 718 inter
2671 665 2791 719 illos
2821 676 2878 719 ut
2921 666 3251 734 scriberem,
3281 670 3522 742 contigit.
3551 671 3634 728 Ex
3665 689 3752 732 oca

2159 755 2376 810 casionc
2422 757 2616 826 quippe
2643 765 2796 812 ortus
2840 767 2922 812 est
2955 757 3060 814 diei
3092 761 3282 816 natalis
3330 765 3434 818 mei
3457 806 3470 828 ,
3513 773 3568 820 et
3598 767 3753 826 tridui

2155 844 2515 916 disputatione
2557 849 2892 920 completus,
2936 849 3072 905 sicut
3103 853 3232 906 satis
3268 853 3382 922 ipse
3430 855 3648 912 indicat.
3695 859 3750 914 In

2157 953 2263 1007 quo
2289 937 2425 994 libro
2454 940 2692 996 constitit
2715 941 2852 996 inter
2874 955 2971 996 nos
2991 983 3005 1005 ,
3049 943 3139 1012 qui
3166 943 3324 998 simul
3359 948 3748 1017 quaerebamus,

2161 1045 2266 1084 non
2300 1046 2419 1085 esse
2445 1031 2654 1086 beatam
2691 1033 2851 1086 vitam
2877 1074 2892 1100 ,
2923 1033 3027 1088 nisi
3063 1033 3351 1104 perfectam
3393 1039 3750 1110 cognitionem

2157 1123 2272 1178 Dei.
2303 1123 2561 1194 Displicet
2585 1133 2761 1179 autem
2787 1125 2896 1190 illic
2927 1125 3068 1196 quod
3111 1126 3306 1183 Manlio
3343 1129 3654 1200 Theodoro,
3683 1133 3750 1190 ad

2155 1231 2311 1286 quem
2356 1215 2549 1270 librmn
2591 1217 2761 1285 ipsum
2807 1219 3026 1288 scripsi,
3079 1222 3318 1290 quamvis
3344 1221 3500 1278 docto
3529 1231 3584 1278 et
3619 1223 3752 1282 chri-

2155 1309 2328 1362 stiano
2344 1309 2478 1375 viro,
2499 1309 2614 1378 plus
2637 1310 2794 1364 tribui
2815 1325 2974 1380 quam
2987 1310 3238 1366 deberem
3261 1311 3347 1386 (In
3373 1319 3600 1394 prw[at.,
3620 1333 3672 1370 η.
3694 1317 3744 1386 7,

2153 1400 2310 1472 sqq.).
2341 1401 2408 1455 Et
2435 1400 2576 1470 quod
2619 1401 2912 1456 Fortunam
2943 1403 3102 1458 etiam
3133 1403 3242 1458 illic
3271 1419 3413 1474 sepe
3459 1406 3744 1464 nominavi.

2153 1493 2218 1547 Et
2245 1493 2384 1563 quod
2417 1501 2658 1565 tempore
2687 1495 2808 1550 vitze
2849 1495 3008 1566 hujus
3053 1497 3105 1550 in
3135 1497 3253 1552 solo
3278 1499 3456 1554 animo
3495 1500 3750 1570 sapientis

2151 1585 2262 1639 dixi
2296 1585 2533 1642 habitare
2559 1587 2718 1641 vitam
2767 1587 2977 1642 beatam
3017 1586 3264 1660 (Disput.
3293 1590 3375 1663 5),
3409 1591 3749 1662 quomodoli-

2151 1678 2242 1734 bet
2275 1695 2332 1736 se
2361 1677 2558 1738 habeat
2598 1695 2794 1750 corpus
2835 1683 2981 1750 ejus;
3015 1697 3136 1738 cum
3175 1682 3465 1752 perfectam
3490 1687 3752 1756 cognitio-

2151 1787 2274 1828 nem
2307 1771 2400 1827 Dei
2427 1815 2440 1840 ,
2473 1771 2575 1827 hoc
2601 1783 2683 1827 est
2721 1789 2822 1843 qua
2875 1774 3078 1828 homini
3117 1775 3292 1845 major
3325 1792 3442 1832 esse
3471 1793 3576 1834 non
3624 1793 3750 1848 pos-

2154 1863 2256 1931 sit,
2287 1863 2338 1920 in
2368 1862 2541 1924 futura
2583 1864 2690 1918 vita
2731 1874 2910 1934 speret
2942 1865 3266 1934 Apostolus,
3301 1883 3424 1937 quae
3451 1869 3564 1924 sola
3590 1870 3747 1926 beata

2149 1955 2256 2008 vita
2288 1953 2510 2009 dicenda
2556 1962 2670 2018 est,
2705 1954 2794 2009 ubi
2822 1963 2876 2009 et
2919 1971 3113 2025 corpus
3157 1958 3556 2027 incorruptibile
3587 1968 3747 2030 atque

2149 2045 2450 2119 immortale,
2473 2045 2688 2115 spiritui
2717 2059 2815 2100 suo
2842 2049 2957 2100 sine
2983 2046 3088 2100 ulla
3129 2048 3374 2104 molestia
3404 2050 3486 2104 vel
3517 2051 3744 2108 relucta-

2147 2137 2294 2191 tione
2328 2137 2602 2192 subdetur.
2651 2137 2790 2192 Sane
2823 2137 2982 2192 istum
3015 2137 3208 2194 librum
3245 2149 3428 2196 nostro
3479 2143 3532 2196 in
3559 2145 3744 2200 codice

2145 2225 2501 2298 interruptum
2540 2228 2749 2297 reperi,
2800 2236 2856 2282 et
2895 2245 3000 2282 non
3051 2244 3236 2300 parum
3289 2233 3464 2288 minus
3503 2232 3700 2290 habere
3723 2278 3738 2304 ,

2145 2331 2200 2376 et
2224 2323 2302 2376 sic
2329 2335 2358 2374 a
2399 2321 2652 2376 fratribus
2691 2321 3014 2391 quibusdam
3055 2321 3354 2394 descriptus
3375 2334 3456 2381 est
3477 2369 3492 2394 ,
3523 2343 3621 2384 nec
3649 2328 3742 2382 ad-

2144 2410 2250 2465 huc
2299 2411 2442 2481 apud
2497 2412 2728 2482 aliquem
2786 2411 3050 2482 integrum
3113 2415 3455 2484 inveneram,
3513 2433 3582 2472 ex
3633 2433 3740 2489 quo

2145 2501 2494 2558 emendarem
2519 2501 2734 2574 quando
2763 2501 2882 2558 hare
2917 2505 3222 2562 retractavi.
3255 2507 3506 2565 llieliber
3533 2509 3610 2566 sic
3649 2509 3738 2566 in-

2142 2597 2276 2666 cipit
2303 2613 2314 2650 :
2347 2595 2406 2650 Si
2431 2595 2498 2650 ad
2531 2595 2863 2668 philosOphitu
2898 2605 3121 2667 portum.

2759 2688 2987 2748 CAPUT
3023 2691 3111 2747 111.

2623 2781 2704 2837 De
2741 2783 2951 2853 Ordine,
2985 2783 3101 2839 libri
3128 2785 3248 2839 duo.

2212 2877 2263 2930 1.
2295 2875 2398 2930 Per
2431 2875 2572 2930 idem
2611 2885 2842 2946 tempus,
2873 2877 3011 2932 inter
3037 2877 3156 2934 illos
3190 2879 3276 2950 qui
3308 2879 3376 2936 de
3403 2881 3734 2942 Academicis

2142 2969 2326 3038 scripti
2358 2977 2515 3034 sunt,
2559 2969 2693 3024 duos
2734 2971 2896 3025 etiam
2927 2971 3092 3026 libros
3119 2973 3184 3028 de
3211 2971 3408 3031 Ordine
3429 2977 3648 3048 scripsi,
3678 2979 3731 3036 iu

2139 3061 2336 3131 quibus
2377 3077 2570 3132 magna
2595 3063 2822 3132 qumstio
2847 3073 3130 3132 versatur,
3154 3075 3328 3120 utrum
3371 3070 3548 3123 omnia
3594 3059 3730 3125 bona

2137 3163 2194 3210 et
2227 3155 2362 3208 mala
2405 3153 2598 3209 divina:
2627 3155 2976 3232 providentia:
3007 3157 3137 3212 ordo
3164 3160 3453 3215 contineat.
3481 3161 3584 3217 Sed
3607 3178 3728 3217 cum

2107 3263 2254 3302 rem
2285 3248 2523 3304 viderem
2555 3249 2622 3304 ad
2665 3251 3066 3322 intelligendum
3093 3251 3386 3320 difﬁcilem,
3423 3256 3552 3311 satis
3589 3271 3730 3328 aegre

2149 3341 2215 3396 ad
2246 3357 2428 3398 corum
2459 3345 2852 3415 perceptionem
2881 3387 2894 3412 ,
2941 3360 3061 3400 cum
3110 3347 3302 3417 quibus
3341 3349 3583 3418 agebam,
3615 3349 3728 3404 dis-

2135 3435 2372 3506 putando
2423 3452 2580 3506 posse
2631 3437 2874 3506 perduci;
2924 3437 2993 3493 de
3047 3439 3236 3494 ordine
3285 3440 3530 3496 studendi
3583 3442 3724 3512 loqui

2135 3529 2328 3592 malui,
2389 3544 2494 3599 quo
2533 3545 2561 3583 a
2602 3530 2970 3600 cerporalibus
3021 3529 3090 3586 ad
3153 3531 3504 3603 incorporalia
3553 3541 3728 3606 potest

2131 3620 2340 3693 proﬁci.

2204 3715 2258 3769 2.
2316 3715 2518 3770 Verum
2565 3724 2617 3770 et
2669 3715 2720 3770 in
2769 3713 2852 3771 bis
2901 3715 3051 3772 libris
3103 3715 3346 3788 displicet
3395 3717 3528 3776 mihi
3577 3735 3722 3794 saepe

2131 3807 2504 3879 interpositum
2572 3808 2798 3866 fortunm
2848 3810 3162 3865 vocabulum
3231 3810 3380 3884 (Lib.
3425 3814 3506 3885 2,
3561 3831 3610 3871 ο.
3667 3815 3720 3882 9,

2131 3919 2184 3957 n.
2231 3903 2349 3974 2'7).
2393 3905 2460 3957 Et
2499 3903 2637 3974 quod
2687 3919 2792 3957 non
2839 3902 3096 3958 addebam
3123 3947 3137 3972 ,
3169 3903 3456 3976 Corporis,
3511 3907 3722 3980 quando

2131 4011 2319 4052 sensus
2373 3997 2615 4066 corporis
2666 3997 2934 4054 nominavi
2983 3995 3116 4070 (Lib.
3163 3998 3212 4064 1,
3242 4013 3316 4053 cc.
3349 3999 3402 4068 1,
3445 3999 3524 4068 2,
3575 4000 3720 4076 etc.).

2129 4089 2196 4144 Et
2272 4089 2412 4160 quod
2489 4089 2710 4148 multum
2791 4087 2949 4144 tribui
3028 4089 3332 4145 liberalibus
3425 4091 3724 4164 disciplinis

2135 4179 2269 4256 (Id.,
2302 4199 2346 4236 c.
2379 4183 2442 4248 8;
2491 4191 2536 4235 et
2565 4181 2650 4236 lib.
2678 4181 2732 4248 2,
2765 4198 2813 4236 c.
2865 4180 2976 4254 M),
3005 4197 3137 4252 quas
3183 4182 3337 4238 multi
3372 4186 3544 4240 sancti
3579 4187 3720 4240 mul-

2129 4283 2242 4330 tum
2274 4274 2512 4329 nesciunt
2540 4290 2554 4340 ;
2586 4263 2798 4344 quidam
2825 4273 2984 4327 etiam
3006 4315 3020 4336 ,
3051 4273 3140 4344 qui
3181 4275 3355 4328 sciunt
3385 4291 3478 4330 cas
3499 4317 3514 4344 ,
3546 4278 3718 4332 sancti

2128 4385 2238 4425 non
2269 4377 2410 4424 sunt.
2437 4367 2504 4422 Et
2532 4367 2674 4438 quod
2699 4366 2873 4422 Musas
2903 4367 3050 4436 quasi
3081 4367 3282 4439 aliquas
3308 4367 3454 4437 dcas,
3481 4369 3720 4441 quamvis

2125 4463 2376 4535 jocando,
2401 4459 2813 4517 commemoravi
2842 4459 2976 4534 (Id.,
3009 4477 3054 4513 c.
3079 4461 3131 4524 5,
3160 4477 3212 4514 η.
3243 4460 3322 4534 6).
3355 4461 3422 4516 Et
3449 4462 3590 4532 quod
3621 4461 3719 4516 ad-

2129 4557 2469 4612 mirationem
2496 4555 2677 4610 vitium
2711 4554 3006 4624 nuncupavi
3042 4552 3232 4627 (Ibid.,
3271 4573 3324 4609 η.
3351 4553 3443 4626 8).
3473 4556 3538 4610 Et
3576 4555 3718 4626 quod

2127 4649 2475 4723 philosophos
2519 4663 2626 4702 non
2672 4663 2794 4704 vera
2839 4647 3033 4716 pietate
3065 4645 3315 4717 przeditos
3367 4646 3476 4702 dixi
3507 4647 3720 4703 virtutis

2128 4742 2246 4798 lucc
2278 4741 2508 4796 fulsisse.
2541 4739 2609 4794 Et
2637 4739 2776 4810 quod
2811 4738 2946 4794 duos
2993 4741 3220 4795 mundos
3241 4780 3256 4806 ,
3303 4756 3465 4795 unum
3495 4741 3722 4798 sensibi-

2127 4835 2231 4890 lem
2257 4875 2272 4902 ,
2305 4833 2532 4888 alterum
2567 4831 2956 4902 intelligibilem
3001 4829 3135 4904 (Id.,
3166 4849 3212 4886 c.
3249 4833 3335 4900 11,
3361 4851 3450 4888 nn.
3479 4834 3568 4900 51,
3600 4833 3716 4906 52),

2127 4941 2234 4982 non
2263 4941 2330 4980 ex
2359 4923 2595 4980 Platonis
2623 4923 2703 4977 vel
2729 4938 2794 4978 ex
2820 4923 3214 4979 Platonicorum
3241 4939 3472 4994 persona
3490 4966 3504 4992 ,
3533 4925 3628 4982 sed
3649 4940 3716 4982 ex

2127 5033 2246 5073 mea
2295 5017 2372 5071 sic
2415 5015 2815 5082 commendavi,
2849 5023 3095 5086 tanquam
3141 5015 3243 5072 hoc
3269 5017 3430 5072 etiam
3461 5017 3718 5074 Dominus

2126 5108 2422 5182 significare
2448 5107 2694 5175 voluerit,
2726 5107 2846 5178 quia
2875 5122 2980 5162 non
3009 5107 3103 5178 ait,
3133 5107 3375 5182 Regnum
3403 5125 3582 5166 meum
3611 5125 3718 5164 non

2127 5209 2209 5258 est
2235 5201 2303 5256 de
2329 5200 2562 5266 mundo;
2604 5199 2728 5268 sed,
2781 5198 3016 5272 Regnum
3067 5189 3240 5256 meum'
3287 5217 3388 5256 non
3437 5211 3508 5258 est
3536 5202 3599 5256 de
3627 5203 3720 5256 hoc

2126 5291 2313 5347 arundo
2335 5290 2510 5362 (Joan.
2536 5307 2689 5358 xvtn,
2709 5289 2798 5360 56)
2827 5307 2841 5358 ;
2862 5305 2980 5345 cum
3001 5291 3169 5361 possit
3184 5301 3236 5347 et
3251 5291 3428 5362 aliqua
3448 5292 3720 5356 locutione

2126 5385 2322 5442 dictum
2355 5385 2611 5448 inveniri;
2643 5392 2697 5439 et
2723 5384 2766 5438 si
2796 5383 2928 5450 alius
2957 5399 2984 5437 a
3015 5384 3244 5440 Domino
3271 5383 3485 5444 Christo
3512 5384 3716 5458 signifi-

2125 5489 2275 5535 catus
2304 5487 2384 5534 est
2411 5477 2673 5545 mundus,
2707 5477 2795 5532 ille
2847 5479 3225 5547 congruentius
3267 5479 3437 5550 possit
3464 5480 3718 5552 intelligi,

2125 5573 2180 5630 in
2209 5588 2314 5645 quo
2340 5573 2442 5628 erit
2461 5571 2653 5628 coelum
2685 5585 2878 5625 novum
2912 5579 2964 5624 ct
2985 5580 3124 5624 terra
3147 5587 3306 5637 nova,
3336 5571 3552 5643 quando
3571 5585 3722 5628 com-

2124 5665 2358 5738 plebitur
2407 5664 2548 5738 quod
2600 5677 2848 5729 oramus,
2906 5660 3162 5728 dicentes,
3219 5663 3466 5720 Adveniet
3509 5680 3722 5736 regnum

2131 5769 2272 5815 tuum
2304 5756 2522 5828 (Matth.
2551 5771 2625 5826 γι,
2651 5753 2763 5828 10).
2795 5753 2904 5810 Nec
2935 5753 3087 5812 Plato
3115 5755 3330 5828 quidem
3359 5756 3416 5814 in
3439 5758 3544 5826 hoc
3567 5771 3724 5828 em.
