4116 6366
332 316 440 377 589

337 539 668 596 vocabulum
702 533 844 606 quod
877 531 1256 587 ecclesiastica:
1285 525 1655 583 consuetudini
1685 526 1736 580 in
1766 539 1825 579 re
1855 524 1942 579 illa

341 650 452 689 non
482 632 740 687 usitatum
769 635 884 694 est,
915 624 1007 681 sed
1036 625 1204 694 ipsam
1234 638 1345 677 rem
1393 620 1619 676 velimus
1644 616 1940 673 attendere.

342 726 598 782 Mundum
630 724 824 795 quippe
852 720 940 775 ille
984 717 1367 788 intelligibilem
1415 715 1737 783 nuncupavit
1774 714 1943 783 ipsam

341 814 606 877 rationem
637 817 1017 885 sempiternam
1046 821 1206 883 atque
1262 809 1793 870 incommutabilem,
1845 823 1947 875 qua

348 912 478 969 fecit
505 913 646 967 Deus
676 908 955 964 mundum.
987 905 1153 973 Quam
1198 903 1289 974 qui
1318 918 1436 959 esse
1482 912 1671 972 negat,
1712 900 1949 970 sequitur

347 1018 408 1063 ut
462 1008 642 1071 dicat,
674 1002 1105 1059 irrationabiliter
1154 1001 1322 1055 Deum
1380 999 1567 1053 fecisse
1609 997 1749 1067 quod
1784 996 1945 1062 fecit;

344 1109 441 1155 aut
466 1114 586 1153 cum
612 1096 839 1159 faceret,
871 1095 954 1149 vel
979 1102 1259 1163 antequam
1290 1091 1516 1158 faceret,
1549 1091 1786 1145 nescisse
1816 1088 1944 1158 quid

350 1191 596 1255 faceret;
630 1190 671 1243 si
704 1187 839 1257 apud
869 1202 988 1241 eum
1018 1186 1151 1239 ratio
1180 1184 1405 1239 faciendi
1434 1199 1539 1237 non
1569 1192 1700 1236 erat.
1732 1181 1787 1236 Si
1820 1196 1949 1235 vero

350 1291 473 1338 erat
494 1325 506 1345 ,
539 1282 677 1335 sicut
703 1288 851 1345 erat,
884 1279 1053 1348 ipsam
1082 1276 1289 1331 videtur
1325 1276 1470 1329 Plato
1502 1288 1715 1327 vocasse
1761 1258 1951 1325 intelli-

354 1375 575 1446 gibilcm
627 1373 903 1429 mundum.
935 1369 1244 1425 Nectamen
1280 1369 1379 1421 isto
1407 1367 1619 1419 nomine
1650 1380 1745 1418 nos
1774 1374 1946 1416 ntere-

348 1482 507 1531 mur,
556 1466 601 1519 si
638 1465 746 1535 jam
816 1463 955 1518 satis
1014 1476 1252 1517 essemus
1316 1460 1510 1513 litteris
1574 1456 1953 1511 ecclesiasticis

350 1556 564 1615 eruditi.

422 1648 476 1702 5.
509 1647 619 1701 Nec
674 1645 804 1700 illud
858 1644 1001 1699 mihi.
1047 1644 1250 1714 placet,
1310 1643 1449 1713 quod
1492 1658 1609 1696 cum
1655 1640 1905 1695 dixissem
1932 1681 1947 1705 ,

352 1740 570 1795 Summa
597 1757 759 1811 opera.
778 1739 947 1791 danda
969 1738 1274 1808 estoptimis
1304 1737 1553 1799 moribus;
1579 1750 1701 1789 mox
1729 1734 1906 1789 addidi
1936 1751 1947 1787 :

351 1828 497 1883 Deus
521 1831 654 1884 enim
682 1839 846 1884 noster
868 1831 1021 1882 aliter
1048 1846 1138 1882 nos
1186 1829 1428 1882 exaudire
1456 1845 1555 1881 non
1588 1828 1801 1897 poterit;
1832 1827 1953 1879 bene

352 1932 525 1975 autem
554 1922 765 1981 viventes
792 1922 1031 1991 facillime
1061 1920 1293 1974 exaudiet
1319 1918 1451 1989 (Lib.
1483 1920 1536 1984 ‘2,
1563 1936 1607 1971 ε.
1628 1918 1717 1981 20,
1750 1935 1802 1971 n.
1835 1917 1947 1987 5‘2).

354 2013 446 2069 Sic
498 2014 641 2067 enim
671 2014 881 2068 dictum.
930 2021 1043 2078 est,
1104 2020 1353 2079 tanquam
1388 2012 1523 2064 Deus
1572 2025 1675 2063 non
1707 2008 1955 2062 exaudiat

352 2116 697 2177 peccatores;
730 2106 871 2176 quod
904 2106 1114 2176 quidam
1146 2105 1271 2158 dixit
1305 2105 1357 2157 in
1388 2104 1707 2173 Evangelio,
1740 2103 1831 2156 sed
1864 2102 1952 2155 ille

356 2200 447 2270 qui
478 2199 714 2253 nondum
761 2207 1082 2268 cognoverat
1123 2196 1414 2263 Christum,
1448 2214 1474 2250 a
1505 2213 1609 2267 quo
1646 2196 1817 2250 fuerat
1843 2196 1948 2263 jam

357 2289 689 2345 iluminatus
719 2291 769 2343 in
801 2306 1030 2359 corpore
1064 2288 1238 2361 (Joan.
1276 2306 1327 2343 nt
1350 2332 1362 2353 ,
1408 2289 1503 2351 '50,
1539 2288 1651 2359 5|).
1686 2288 1791 2341 Nec
1824 2288 1951 2341 illud

355 2384 486 2438 mihi
519 2385 709 2453 placet,
741 2384 879 2454 quod
914 2385 1227 2455 Pythagora)
1256 2382 1576 2453 philosopho
1609 2390 1811 2435 tantum
1844 2382 1951 2435 latt-

359 2474 441 2530 dis
470 2476 591 2529 dedi
619 2475 753 2546 (Lib.
785 2475 849 2537 2,
887 2492 930 2528 c.
958 2474 1028 2529 ΞΟ
1053 2517 1066 2540 ,
1099 2492 1149 2527 η.
1187 2474 1300 2545 53),
1332 2481 1389 2527 ut
1415 2474 1501 2543 qui
1534 2473 1667 2527 hanc.
1696 2473 1840 2525 attdit
1871 2472 1951 2525 vel

356 2566 489 2642 legit
534 2569 701 2638 possit
731 2578 945 2638 putare,
989 2584 1074 2621 me
1112 2567 1399 2620 credidisse
1450 2567 1621 2619 lltliiOS
1664 2582 1871 2618 errores
1902 2566 1951 2617 in

355 2658 713 2733 Pythagorica
746 2676 864 2715 esse
886 2660 1147 2724 doctrina,
1181 2675 1298 2713 cum
1329 2662 1432 2713 sint
1464 2659 1657 2727 plures,
1690 2652 1954 2726 iidemque

314 2780 324 2788 -
357 2752 641 2821 capitales.
665 2751 775 2805 Hoc
792 2766 926 2820 opus
946 2752 1021 2805 sic
1040 2751 1219 2818 incipit
1242 2770 1253 2802 :
1276 2750 1517 2803 Ordinem
1537 2766 1723 2813 rerum,
1744 2748 1949 2803 Zenobi.

970 2844 1203 2899 CAPUT
1239 2843 1323 2896 IV.

812 2937 1208 3007 Soliloquiorum
1242 2938 1355 2989 libri
1385 2935 1506 2988 duo.

431 3032 484 3085 L
524 3030 670 3086 inter
693 3032 805 3085 haec
834 3030 1019 3100 scripsi
1048 3030 1209 3084 etiam
1236 3029 1340 3082 duo
1364 3029 1633 3081 volumina
1658 3028 1948 3082 secundum

358 3122 596 3176 studium
629 3137 805 3175 meum
840 3130 890 3175 et
922 3136 1190 3184 amorem,
1221 3121 1423 3172 ratione
1465 3120 1480 3150 ί
1522 3118 1831 3187 indagandze
1860 3136 1951 3173 ve-

358 3212 555 3279 ritatis,
578 3212 647 3267 de
678 3213 759 3267 his
786 3213 945 3266 rebus
967 3226 1098 3281 quas
1126 3212 1354 3265 maxime
1378 3212 1515 3264 scire
1536 3212 1834 3279 cupiebam,
1870 3228 1955 3267 me

360 3303 727 3375 interrogans,
764 3306 997 3374 mihique
1030 3302 1377 3373 rcSpondens,
1412 3312 1657 3372 tanquam
1684 3304 1787 3357 duo
1810 3320 1953 3357 esse-

360 3414 480 3455 mus
506 3440 518 3461 ,
551 3398 687 3452 ratio
717 3407 773 3454 et
800 3414 918 3468 ego,
943 3414 1062 3451 cum
1094 3399 1237 3452 solus
1269 3413 1442 3451 essem
1471 3414 1483 3463 ;
1519 3397 1657 3451 unde
1691 3399 1791 3453 hoc
1821 3414 1953 3468 opus

358 3488 655 3560 Sorlilotptia
684 3492 952 3545 nominavi
983 3534 995 3557 ,
1030 3491 1120 3545 sed
1154 3492 1516 3559 imperfectum
1552 3492 1803 3543 remansit
1838 3509 1848 3544 :
1884 3491 1948 3543 ita

360 3591 543 3637 tamen
571 3594 619 3636 nt
650 3585 699 3637 in
726 3586 894 3653 primo
924 3585 1055 3638 libro
1078 3592 1424 3653 quiereretur,
1459 3590 1511 3637 et
1536 3594 1819 3653 utcumque
1861 3600 1952 3655 ap-

359 3687 594 3747 pareret,
626 3677 794 3747 qualis
822 3693 941 3731 esse
964 3676 1155 3730 debeat
1181 3676 1397 3745 quivult
1432 3677 1708 3745 percipere
1739 3676 1950 3745 sapien-

363 3771 509 3834 tiam,
544 3787 665 3839 qum
690 3772 867 3839 utique
902 3786 1005 3823 non
1034 3785 1190 3822 sensu
1227 3771 1486 3838 corporis,
1518 3770 1607 3822 sed
1642 3778 1814 3823 mente
1837 3786 1953 3839 per-

362 3862 591 3931 cipitur;
622 3870 676 3914 et
706 3862 931 3931 (matiam
964 3861 1369 3914 ratiocinatione
1416 3860 1464 3912 in
1516 3860 1632 3913 libri
1678 3860 1777 3913 line
1805 3862 1953 3915 colli-

360 3956 522 4024 gitur,
554 3970 612 4008 ea
639 3970 758 4023 quae
784 3968 909 4007 vere
950 3962 1075 4007 sunt
1117 3951 1435 4007 immortalia
1466 3967 1601 4004 esse.
1636 3952 1687 4005 In
1721 3953 1955 4009 secundo

362 4060 569 4112 autem,
601 4051 666 4105 de
694 4051 1090 4106 immortalitate
1120 4050 1308 4105 anima:
1336 4050 1425 4104 diu
1446 4066 1532 4105 res
1560 4050 1753 4119 agitur,
1781 4057 1953 4103 etnon

364 4144 663 4213 peragitur.

436 4236 493 4288 ‘2.
535 4235 591 4288 In
626 4236 709 4290 his
739 4250 866 4291 sane
894 4236 1042 4291 libris
1071 4252 1176 4291 non
1206 4238 1441 4306 approbo
1468 4236 1608 4307 quod
1636 4236 1687 4289 in
1710 4237 1952 4291 oratione

360 4326 471 4382 dixi
520 4345 531 4379 ξ
570 4327 743 4395 Deus,
788 4330 875 4398 qui
914 4329 1013 4382 nisi
1050 4328 1264 4383 mundos
1310 4345 1477 4382 verum
1518 4330 1644 4383 scire
1683 4330 1886 4382 noluisti
1934 4331 1953 4359 ’

364 4420 522 4491 (Lib.
556 4423 607 4485 1,
636 4439 681 4475 c.
715 4424 763 4487 1,
795 4441 846 4477 n.
876 4422 966 4494 2).
999 4422 1331 4492 Responderi
1364 4424 1503 4477 enim
1536 4430 1730 4491 potest,
1762 4424 1955 4475 multos

364 4514 529 4568 etiam
556 4530 659 4568 non
695 4516 922 4571 mundos
953 4515 1115 4569 multa
1147 4515 1283 4568 scire
1310 4530 1431 4567 vera
1460 4533 1470 4567 :
1498 4531 1671 4584 neque
1694 4515 1830 4567 cnim
1859 4514 1955 4569 de-

363 4605 575 4660 ﬁnitum
605 4616 683 4661 est
716 4608 800 4661 hic
821 4606 943 4677 quid
967 4608 1033 4661 sit
1061 4623 1276 4673 verum,
1306 4607 1448 4677 qUod
1480 4607 1581 4659 nisi
1607 4606 1788 4659 mundi
1821 4605 1956 4660 scire

364 4714 472 4754 non
504 4702 743 4769 possint;
778 4700 982 4771 etquid
1021 4701 1087 4755 sit
1126 4701 1282 4756 scire.
1326 4702 1391 4755 Et
1424 4702 1550 4757 illud
1592 4702 1733 4771 quod
1764 4702 1831 4755 ibi
1867 4717 1958 4771 po-

363 4793 527 4847 situm
559 4802 662 4859 est,
698 4793 852 4857 Deus,
885 4797 1029 4863 cujus
1058 4810 1265 4864 regnum
1296 4804 1367 4847 est
1392 4804 1523 4848 totas
1550 4794 1785 4859 mundus,
1811 4811 1956 4865 quem

363 4901 539 4941 tensus
566 4887 767 4955 ignorat
792 4886 916 4959 (Id.
936 4928 951 4951 ,
976 4903 1021 4939 c.
1046 4886 1099 4954 1,
1129 4904 1181 4941 n.
1215 4889 1248 4941 5
1268 4884 1319 4959 );
1349 4887 1390 4940 si
1418 4888 1558 4942 Deus
1585 4887 1957 4957 intelligendus

362 4988 469 5043 cst,
500 4978 744 5032 addenda
778 4978 986 5033 fuerant
1014 4979 1196 5045 verba,
1231 4988 1285 5033 ut
1310 4978 1599 5047 diceretur,
1631 4995 1786 5050 quem
1810 4995 1955 5032 mor-

362 5069 484 5123 talis
507 5071 747 5138 corporis
778 5086 967 5125 sensus
989 5071 1216 5141 ignorat.
1250 5071 1305 5126 Si
1334 5081 1510 5128 autem
1534 5072 1761 5127 mundus
1788 5072 1957 5127 dictus

361 5168 467 5224 est,
496 5176 655 5231 quem
696 5177 882 5217 sensus
913 5164 1152 5233 ignorat,
1187 5164 1273 5219 ille
1315 5174 1462 5219 recte
1508 5165 1835 5236 intelligitur,
1869 5166 1958 5235 qui

361 5251 575 5308 futurus
600 5262 685 5308 est
724 5255 860 5310 caelo
891 5272 1027 5310 novo
1069 5266 1122 5311 et
1168 5265 1308 5311 terra
1338 5272 1471 5311 nova
1506 5275 1517 5309 :
1551 5256 1647 5311 sed
1686 5258 1845 5313 etiam
1874 5257 1959 5313 hic

358 5344 611 5400 addenda
650 5355 801 5401 erant
842 5347 927 5402 illa
951 5388 964 5413 ,
1013 5357 1070 5402 ut
1107 5348 1405 5415 diceretur;
1448 5348 1686 5404 mortalis
1718 5350 1959 5419 corporis

425 5459 604 5532 {va
862 5467 917 5511 At
932 5460 1103 5525 plures
1118 5468 1223 5513 Mss.
1247 5474 1439 5512 necnon
1460 5472 1558 5512 tun.
1580 5470 1633 5515 et
1644 5469 1740 5526 Er.,
1757 5462 1957 5516 ratione.

354 5543 423 5560 -
439 5527 552 5571 nov.
574 5529 701 5581 Pam,
724 5527 923 5575 ratione.
992 5533 1045 5574 M.

422 5583 554 5657 {Qui
798 5585 1007 5657 mundos
1030 5600 1195 5657 verum
1214 5585 1338 5657 seire
1707 5588 1854 5657 lectio
1884 5598 1962 5642 est

352 5646 508 5695 Vatic.
528 5646 709 5696 codicis
725 5655 778 5698 et
798 5648 880 5714 lib.
898 5651 1092 5714 isentq
1108 5651 1216 5699 dist.
1235 5650 1281 5714 2,
1300 5651 1453 5713 magis
1467 5650 1662 5714 quidem
1674 5652 1927 5714 perspicua
1944 5666 1956 5701 :

359 5719 534 5775 gerum
562 5718 608 5757 si.
641 5713 906 5775 augustino
920 5711 1193 5761 familiarior
1212 5712 1365 5763 altera
1388 5711 1531 5775 Quam
1563 5711 1867 5765 retinuimits.
1891 5715 1963 5765 sic

350 5766 483 5842 libro
498 5770 529 5818 5
545 5766 973 5837 contrahendam,
988 5786 1091 5837 cap.
1110 5775 1165 5825 17
1180 5788 1193 5825 :
1220 5781 1365 5835 «Quae
1380 5766 1469 5826 nisi
1486 5776 1651 5839 paucis
1661 5777 1963 5841 sapientibus

328 5844 539 5903 W
560 5847 748 5891 essent.
763 5856 784 5885 ι

1818 309 2017 365 LIBER
2048 309 2317 367 PRIMUS.

340 448 449 511 vit,
480 444 606 515 quia
634 455 757 499 esse
786 438 1042 495 mundum
1088 431 1470 506 intelligibilem
1525 430 1682 497 dixit,
1743 430 1786 486 si
1840 445 1942 486 non
1992 418 2006 428 λ’

3527 329 3629 388 590

2054 446 2258 485 sensus.
2293 428 2398 485 Sed
2442 429 2533 485 illo
2575 422 2723 491 more
2759 432 2935 490 adhuc
2976 434 3269 508 loquebar,
3300 458 3405 514 quo
3445 461 3635 507 sensus

2052 526 2262 595 proprie
2287 524 2525 595 corporis
2554 528 2883 597 appellatur;
2913 546 3012 587 nec
3038 533 3251 590 assidue
3287 540 3634 609 repetendum

2052 624 2135 669 est
2153 657 2177 707 ,ί
2194 614 2333 685 quod
2364 625 2418 672 et
2438 617 2685 686 superius
2708 619 2829 675 inde
2866 620 2976 691 jam
3008 622 3112 679 dixi
3144 624 3292 696 (Lib.
3330 630 3350 683 1
3378 629 3635 707 Retraet.,

2054 721 2126 758 cc.
2161 706 2223 772 1,
2257 706 2344 777 5),
2381 707 2475 763 sed
2508 707 2609 763 hoc
2648 710 2989 767 recolendum
3013 755 3027 780 ,
3060 716 3379 791 ubicumque
3414 722 3513 777 ista
3560 706 3637 785 lo?

2054 799 2197 852 cutio
2226 799 2277 852 in
2310 801 2443 854 meis
2472 801 2661 856 litteris
2692 803 2974 860 invenitur.

2127 890 2190 982 ’5.
2222 891 2285 944 Et
2307 891 2392 945 ubi
2413 891 2518 947 dixi
2542 893 2607 947 de
2633 894 2788 951 Patre
2815 907 2867 952 et
2895 898 3048 966 Filio,
3084 902 3183 969 Qui
3206 905 3384 977 gignit,
3416 919 3466 965 et
3491 927 3640 982 quem

2055 981 2235 1050 gignit,
2266 998 2420 1036 unum
2448 994 2516 1038 est
2542 986 2558 1056 (
2581 984 2692 1041 Lib.
2728 990 2777 1054 1,
2811 1006 2854 1042 c.
2892 993 2942 1058 1,
2973 1010 3023 1045 n.
3056 994 3158 1065 4);
3188 996 3474 1056 dicendum
3505 1001 3636 1073 fuit,

2056 1087 2215 1126 unum
2246 1084 2393 1143 sunt,
2417 1078 2553 1131 sicut
2573 1081 2893 1151 aperteipsa
2914 1084 3120 1142 Veritas
3147 1088 3397 1161 loquitur,
3422 1094 3636 1157 dicens:

2058 1163 2168 1257 Ego
2199 1174 2244 1219 et
2286 1165 2441 1221 Pater
2482 1187 2636 1225 unum
2677 1191 2847 1229 sumus
2879 1176 3066 1247 (Joan.
3116 1198 3185 1248 x,
3220 1182 3341 1257 50).
3375 1186 3481 1242 Nec
3511 1188 3651 1247 illud.

2056 1255 2182 1308 mihi
2215 1257 2406 1325 placet,
2438 1262 2577 1328 quod
2610 1263 2658 1315 in
2690 1264 2784 1321 ista
2818 1267 2923 1322 vita
2951 1270 3059 1337 Deo
3090 1255 3353 1332 intellecto
3376 1279 3489 1350 jam
3515 1284 3641 1347 bear

2057 1354 2162 1401 tam
2194 1364 2309 1402 esse
2330 1351 2557 1406 animam
2586 1353 2713 1419 dixi,
2749 1358 2846 1412 nisi
2880 1358 3011 1416 forte
3036 1378 3147 1431 Spe.
3174 1365 3301 1422 Item
3324 1372 3465 1440 quod
3492 1374 3637 1445 dixi,

2058 1439 2137 1492 Ad
2156 1443 2414 1509 sapientia:
2439 1447 2840 1515 conjunctionetn
2868 1469 2967 1507 non
2986 1471 3083 1511 una
3112 1439 3456 1530 viaperveniri
3486 1439 3637 1538 (Lib;

2060 1533 2110 1599 1,
2149 1551 2192 1586 e.
2230 1536 2327 1601 15,
2361 1555 2411 1590 n.
2443 1537 2567 1608 9.5),
2604 1556 2706 1603 non
2749 1542 2881 1607 bene
2914 1538 3099 1617 senati
3132 1556 3279 1622 quasi
3318 1557 3419 1611 alia
3456 1533 3541 1616 via
3572 1563 3651 1623 sit,

2057 1636 2252 1694 praeter
2278 1628 2567 1697 Christum,
2597 1634 2843 1702 quidixit
2873 1658 2885 1691 :
2916 1639 3027 1711 Ego
3058 1661 3169 1698 sunt
3193 1648 3271 1707 via
3304 1649 3494 1721 (Joan.
3523 1671 3638 1724 XIV,

2058 1718 2090 1773 ϐ
2113 1718 2151 1785 ).
2180 1721 2399 1777 Vitanda
2438 1740 2564 1794 ergo
2593 1738 2711 1785 erat,
2743 1728 2857 1787 hmo
2891 1734 3111 1789 offensio
3140 1718 3342 1799 aurium
3369 1718 3641 1818 religio”:-

2058 1830 2205 1881 rum;
2240 1820 2478 1887 quamvis
2506 1823 2604 1879 alia
2637 1824 2704 1881 sit
2736 1826 2820 1880 illa
2849 1830 3160 1887 universalis
3187 1836 3288 1903 via,
3321 1840 3434 1895 alia:
3461 1852 3647 1902 autem

2058 1908 2155 1961 vim
2178 1910 2241 1963 de
2264 1912 2454 1979 quibus
2476 1915 2525 1968 in
2550 1915 2759 1970 Psalmo
2787 1921 3025 1977 canimus
3056 1941 3068 1977 :
3116 1924 3231 1985 Vias
3248 1938 3378 1997 tuas,
3403 1930 3636 2007 Domine,

2059 2011 2204 2055 notas
2228 2004 2306 2069 [ac
2330 2006 2472 2069 mihi,
2499 2017 2542 2060 el
2564 2010 2775 2066 semitas.
2796 2020 2906 2069 tuas
2934 2014 3056 2069 doce
3080 2034 3158 2071 me
3178 2018 3196 2090 (
3215 2018 3358 2075 Psal.
3380 2040 3527 2091 xxw,
3548 2004 3637 2099 4).

2060 2091 2124 2144 Et
2151 2093 2199 2145 in
2223 2110 2285 2147 eo
2308 2096 2446 2163 (μιωά
2476 2098 2543 2153 ibi
2567 2100 2761 2154 dictum
2786 2111 2888 2167 est,
2916 2102 3126 2161 Penitus
3147 2126 3250 2169 esse
3270 2112 3365 2166 ista
3386 2091 3653 2174 sensibilia.

2060 2188 2299 2256 fugienda
2327 2188 2348 2280 (
2372 2189 2485 2243 Lib.
2513 2193 2563 2258 1.,
2589 2210 2632 2245 ε.
2671 2195 2752 2261 14,
2779 2212 2831 2249 n.
2857 2196 2985 2267 24),
3018 2202 3308 2265 cavendum
3337 2205 3434 2261 fuit
3458 2225 3525 2265 ne
3546 2228 3643 2280 pu-

2060 2284 2297 2330 taremur
2324 2279 2463 2333 illam
2493 2282 2777 2355 Porphyrii
2805 2284 2921 2340 falsi
2962 2289 3262 2363 philosophi
3311 2308 3492 2354 tenere
3519 2279 3643 2359 sene

2061 2370 2299 2435 tentiam,
2321 2387 2423 2440 qua
2444 2373 2581 2427 dixit
2606 2393 2616 2427 :
2638 2376 2805 2431 Omne
2827 2394 3017 2449 corpus
3035 2398 3153 2445 esse
3175 2385 3499 2457 fugiendum.
3525 2392 3642 2451 Non

2060 2468 2234 2513 autem
2265 2461 2371 2515 dixi
2398 2480 2517 2533 ego,
2547 2464 2735 2521 Omnia
2767 2470 3064 2537 sensibilia;
3094 2475 3211 2540 sed,
3248 2478 3363 2546 ista,
3397 2479 3499 2536 hoc
3522 2492 3640 2552 est,

2060 2554 2462 2621 corruptibilia;
2515 2558 2609 2610 sed
2664 2558 2763 2614 hoc
2812 2562 2984 2630 potius
3034 2565 3315 2629 dicendum
3354 2570 3493 2627 fuit:
3526 2574 3645 2635 Non

2060 2654 2237 2699 autem
2262 2648 2384 2702 talia
2408 2650 2677 2705 sensibilia
2706 2651 2879 2711 futura
2905 2665 3025 2710 sunt
3046 2657 3098 2712 in
3119 2657 3283 2716 futuri
3307 2666 3485 2720 saeculi
3504 2669 3653 2727 ctnlo.

2062 2754 2200 2791 novo
2231 2744 2281 2793 et
2314 2750 2451 2793 terra
2481 2758 2637 2798 nova.

2131 2834 2183 2887 4.
2226 2833 2355 2887 Item
2375 2835 2602 2903 quodam
2622 2838 2741 2893 loco
2762 2840 2888 2908 disi,
2911 2843 3048 2911 quod
3065 2843 3345 2916 disciplinis
3358 2849 3646 2911 liberalibus

2065 2928 2285 2993 eruditi,
2304 2929 2410 2981 sine
2435 2928 2587 2983 dubio
2608 2932 2656 2983 in
2675 2949 2727 2984 se
2748 2932 2861 2987 illas
2887 2933 3129 2993 oblivione
3147 2938 3350 2999 obrutas
3370 2956 3548 2998 eruunt
3567 2948 3646 3000 di-

2060 3018 2261 3111 scendo,
2284 3031 2329 3072 et
2347 3022 2565 3089 quodam
2586 3023 2733 3076 modo
2752 3026 3004 3095 rrfodiunl
3031 3029 3173 3098 (Lib.
3202 3032 3255 3095 2,
3272 3050 3319 3087 (τ.
3341 3035 3432 3102 20,
3455 3055 3505 3092 η.
3531 3040 3642 3111 55).

2064 3108 2169 3164 Sed
2198 3110 2299 3163 hoc
2330 3127 2541 3182 quoque
2572 3115 2813 3183 improbo
2846 3136 2858 3171 :
2891 3120 3194 3179 credibilius
3223 3134 3304 3179 est
3324 3129 3485 3193 enim,
3519 3108 3645 3199 pro-

2061 3211 2241 3270 pterea
2258 3219 2377 3255 vera
2394 3205 2793 3272 respontlcredc
2816 3210 3461 3287 quibttsdamidisciplinis,
3484 3222 3644 3278 etiam

2062 3293 2336 3361 imperitos
2364 3313 2571 3358 carum,
2623 3298 2834 3367 quando
2875 3300 3009 3363 bene
3054 3305 3483 3377 interrogantur,
3520 3315 3644 3383 quia

2062 3400 2298 3455 prtesens
2328 3398 2409 3442 est
2434 3390 2531 3454 eis,
2567 3401 2818 3457 quantum
2850 3393 2899 3448 id
2950 3412 3149 3465 caperet
3182 3411 3424 3470 possunt,
3460 3404 3643 3465 lumen

2060 3480 2281 3533 rationis
2295 3490 2355 3531 art
2368 3496 2527 3545 erum,
2547 3482 2633 3535 ubi
2649 3482 2760 3538 haec
2780 3483 3123 3545 innnumbilia
3139 3506 3259 3545 vera
3276 3496 3641 3565 conspiciunt;

2063 3588 2167 3626 non
2198 3573 2318 3640 quia
2348 3588 2407 3625 ca
2438 3582 2693 3631 noverant
2721 3575 3005 3644 aliquando
3027 3620 3042 3644 ,
3070 3589 3123 3634 et
3149 3581 3299 3637 obliti
3329 3595 3471 3652 sunt,
3500 3588 3655 3658 quod.

2062 3657 2289 3721 Platoni,
2318 3659 2397 3711 vel
2428 3658 2619 3712 talibus
2650 3660 2817 3719 visunt
2846 3671 2945 3716 est.
2975 3664 3169 3727 Contra
3194 3684 3416 3737 quorum
3439 3657 3645 3742 Opinio-

2063 3767 2182 3805 nem
2212 3761 2410 3821 qiunita
2442 3770 2535 3822 pro
2576 3764 2825 3827 suscepto
2854 3772 3015 3827 Opere
3045 3759 3268 3819 dabatur
3307 3768 3514 3821 occasio
3538 3811 3551 3834 ,
3590 3770 3645 3825 in

2062 3844 2193 3897 libro
2214 3846 2527 3901 duodecimo
2549 3847 2615 3902 de
2637 3849 2913 3917 Trinitate,
2938 3852 3163 3909 disserui
3184 3854 3327 3928 (Lib.
3350 3859 3433 3923 12,
3452 3878 3498 3913 c.
3525 3860 3643 3933 15).

2062 3939 2173 3993 lloc
2201 3956 2334 4009 opus
2373 3942 2449 3996 sic
2494 3942 2676 4013 incipit
2713 3962 2727 3998 :
2778 3943 3005 4001 Volventi
3045 3950 3166 4003 mihi
3208 3952 3365 4007 multa
3404 3971 3465 4009 ac
3505 3958 3659 4021 varia;

2060 4048 2268 4085 mecum.

2693 4126 2917 4187 CAPUT
2958 4132 3018 4187 ν.

2324 4220 2399 4273 De
2418 4220 2809 4277 Immortalitate
2838 4225 3053 4294 Animae,
3087 4227 3211 4283 liber
3243 4247 3391 4288 unus.

2137 4340 2183 4392 ’1.
2228 4340 2353 4393 Post
2379 4340 2541 4393 libros
2570 4340 2977 4411 Soliloquiorum
3003 4345 3111 4413 jam
3140 4346 3207 4401 de
3235 4364 3361 4419 agro
3383 4351 3637 4412 Mediola-

2063 4449 2186 4487 num
2207 4448 2473 4495 reversus,
2493 4434 2677 4501 scripsi
2695 4433 2887 4487 librum
2906 4434 2980 4491 De
3001 4436 3398 4497 lmmortalitate
3414 4445 3643 4515 Animas,

2063 4525 2202 4595 quod
2236 4526 2360 4578 mihi
2403 4526 2550 4594 quasi
2591 4528 3055 4584 commonitorium
3082 4548 3200 4587 esse
3225 4536 3495 4594 volueram
3517 4556 3644 4612 pro-

2063 4628 2182 4691 pter
2220 4619 2505 4687 Soliloquia
2546 4621 2874 4675 terminanda
2897 4663 2912 4689 ,
2945 4639 3064 4692 qua:
3096 4625 3400 4694 imperfecta
3434 4648 3646 4688 reman-

2066 4724 2245 4769 serant
2277 4732 2287 4767 :
2318 4714 2410 4767 sed
2439 4716 2615 4768 nescio
2638 4716 2907 4785 quomodo
2932 4734 3016 4771 me
3038 4720 3206 4776 invito
3233 4724 3359 4778 exiit
3386 4729 3433 4780 in
3456 4743 3647 4784 manus

2065 4806 2359 4873 hominum,
2380 4816 2429 4860 et
2451 4807 2587 4862 inter
2606 4824 2719 4863 mea
2738 4813 2990 4879 opuscula
3012 4815 3331 4872 nominatur.
3354 4819 3452 4886 Qui
3476 4823 3647 4890 primo

2068 4900 2529 4954 ratiocinationtnn
2572 4902 2906 4956 eontortione
2950 4913 3105 4974 atque
3148 4906 3403 4965 brevitate
3446 4912 3522 4966 sic
3551 4914 3647 4968 ob-

2066 5008 2253 5048 scurus
2282 5002 2382 5057 est,
2412 5001 2469 5046 ut
2492 4993 2692 5062 fatiget,
2726 5009 2844 5047 cum
2876 4995 3081 5063 legitur,
3111 4998 3267 5052 etiam
3300 5001 3644 5058 intentionem

2066 5102 2261 5152 meam,
2295 5086 2486 5155 vixque
2516 5086 2836 5155 intelligatur
2862 5102 2893 5141 a
2924 5088 3147 5158 meipso.

2136 5179 2189 5233 2.
2236 5179 2434 5233 Deinde
2463 5179 2700 5248 cogitans
2730 5177 2860 5232 nihil
2888 5179 3028 5234 aliud
3055 5196 3211 5250 quam
3241 5184 3449 5241 animos
3478 5187 3647 5244 homi-

2066 5286 2190 5325 num
2212 5313 2226 5335 ,
2258 5270 2309 5323 in
2340 5270 2564 5339 quadam
2595 5269 3052 5338 argumentatione
3080 5272 3318 5341 ejusdem
3350 5275 3469 5331 libri
3492 5279 3603 5335 dixit
3632 5301 3643 5336 :

2068 5363 2179 5417 Nec
2201 5378 2303 5415 esse
2333 5362 2385 5415 in
2409 5360 2622 5429 ecquod
2645 5358 2774 5414 nihil
2798 5360 2964 5427 discit,
2994 5362 3260 5433 disciplina
3284 5378 3462 5437 potest.
3492 5370 3650 5429 item-

2066 5470 2169 5526 que
2187 5454 2291 5508 alio
2320 5454 2436 5507 loco
2457 5454 2585 5517 dixi,
2614 5451 2723 5506 Nec
2745 5453 2899 5505 ullam
2923 5469 3029 5508 rem
3060 5456 3265 5510 scientia
3280 5462 3641 5530 complectitur,

2067 5548 2164 5605 nisi
2179 5562 2291 5619 qua:
2309 5545 2377 5598 ad
2402 5546 2623 5615 aliquam
2647 5546 2855 5613 pertinet
2876 5544 3195 5615 disciplinam
3223 5549 3382 5622 (Cap.
3409 5554 3459 5621 1,
3480 5572 3533 5610 n.
3554 5557 3575 5609 1
3600 5557 3645 5625 ),

2068 5656 2170 5697 nec
2194 5640 2336 5694 venit
2378 5638 2429 5692 in
2470 5646 2699 5691 mentem
2744 5637 2905 5690 Deum
2951 5652 3053 5691 non
3082 5639 3285 5695 discere
3309 5642 3645 5715 disciplinas,

2068 5742 2129 5801 et,
2174 5731 2369 5787 habere
2413 5730 2645 5783 muniunt
2695 5744 2867 5783 rerum
2906 5729 3220 5799 scientiam,
3269 5734 3448 5804 inqua
3489 5739 3645 5794 etiam

2067 5827 2398 5902 priescicntia
2454 5834 2534 5880 est
2586 5824 2900 5878 futurorum.
2940 5822 3068 5881 Tale
3100 5834 3183 5881 est
3220 5825 3351 5883 illud
3398 5828 3537 5899 quod
3576 5830 3650 5889 ibi
