4116 6366
382 382 481 456 591

383 514 584 570 dictum
607 511 708 568 cst,
735 513 853 554 tvon
873 507 976 550 esse
995 489 1144 544 vitam
1171 498 1285 538 cum
1308 478 1502 535 ratione
1520 474 1634 536 ulli,
1664 469 1759 524 nisi
1779 467 1960 520 aninue

391 605 413 677 (
435 604 560 672 Cap.
580 599 632 662 4i,
661 614 713 650 n.
739 594 771 646 ii
796 593 812 658 )
840 607 852 642 :
876 598 1048 656 neque
1069 579 1210 636 enim
1228 577 1342 630 Deo
1363 571 1478 626 sine
1500 567 1703 622 ratione
1722 563 1826 616 vita
1853 566 1960 621 est;

389 650 522 749 lium,
555 688 690 759 apud
733 698 852 739 eum
895 687 949 734 et
991 685 1193 730 summa
1221 667 1325 720 vita
1346 705 1358 729 ,
1390 671 1444 717 et
1471 663 1689 732 :summa
1715 653 1786 708 sit
1809 650 1962 705 ratio.

389 740 833 854 ili-"ill‘ilthQUOd
894 766 1176 841 aliquando
1224 758 1465 830 superius
1504 751 1626 854 dixi
1658 792 1690 854 ,.
1710 745 1776 800 Id
1835 740 1968 854 qluo‘d

391 988 514 1031 cum
551 925 876 1034 intelligatur
901 965 955 1013 et
989 953 1215 1015 animus,
1247 945 1334 1016 qui
1368 941 1549 1009 utique
1579 950 1680 989 non
1709 925 1970 1000 ejusmodi

396 1074 481 1122 est
505 1073 735 1130 semper.
767 1049 918 1120 Quod
945 1060 1073 1102 vero
1109 1040 1256 1105 dixi,
1301 1034 1536 1088 Animum
1573 1033 1838 1098 propterea
1871 1033 1971 1071 non

397 1111 481 1122 ν..-
506 1111 597 1118 ν---
623 1111 678 1130 Γ
777 1111 812 1120 η

394 1173 540 1232 posse
576 1152 638 1206 ab
665 1158 854 1205 (eterna
879 1141 1074 1197 ratione
1101 1129 1326 1204 separari
1351 1169 1366 1194 ,
1397 1124 1514 1195 quia
1543 1136 1641 1174 non
1672 1115 1718 1170 ei
1748 1111 1975 1167 localiter

1065 1231 1068 1232 '
1108 1227 1115 1232 '
1305 1220 1326 1232 ι·
1391 1227 1400 1232 -
1522 1229 1572 1232 μ,
1621 1209 1863 1232 .1:_:,...,......
1931 1201 1972 1232 ος

651 1201 816 1316 (ξαρ.
849 1238 902 1304 6,
931 1252 983 1288 n.
1016 1231 1077 1285 ll
1108 1201 1167 1298 ),
1205 1220 1442 1295 profecto
1476 1229 1580 1270 non
1615 1209 1896 1265 dixissem,
1931 1201 1975 1254 si

395 1308 514 1416 Ξειῐῖ
530 1308 855 1397 ιιιηέεεεέιη
884 1325 1097 1384 Litteris
1123 1319 1289 1376 sacris
1329 1314 1401 1368 ita
1430 1308 1665 1366 eruditus
1685 1345 1698 1369 ,
1727 1310 1786 1355 ut
1822 1311 1974 1353 reco-

1182 1411 1213 1416 -
1507 1410 1516 1416 -
1608 1415 1617 1416 κ
1696 1401 1834 1416 _--.....
1853 1391 1974 1416 ξηιλ..

400 1391 567 1492 larem
588 1428 729 1502 quod
753 1424 1005 1493 scriptum
1028 1425 1109 1472 est
1132 1432 1145 1468 ε
1175 1411 1391 1466 Peccata
1414 1410 1578 1458 uestra
1598 1401 1834 1467 separant
1852 1391 1981 1443 inter

398 1482 567 1583 ibi};
582 1482 743 1576 Eleum
773 1482 931 1589 (Isai.
961 1525 1074 1574 1.1x,
1103 1505 1138 1558 2
1155 1503 1199 1576 ).
1227 1497 1381 1555 Unde
1403 1489 1626 1559 intelligi
1646 1487 1799 1542 datur
1822 1482 1981 1589 etiam

401 1629 586 1674 earum
608 1571 791 1667 reruni
811 1617 966 1675 posse
989 1597 1094 1654 diei
1115 1589 1524 1664 separationem,
1557 1594 1675 1651 qua:
1701 1590 1805 1630 non
1827 1571 1980 1638 locis,

407 1708 503 1766 sed
532 1699 938 1773 incorporaliter
956 1694 1151 1763 junctae
1177 1684 1406 1740 fuerant.

481 1804 536 1859 3.
576 1767 713 1867 Quid
741 1795 809 1848 sit
829 1789 988 1854 etiam
1009 1779 1150 1855 quod
1175 1775 1304 1840 dixi,
1326 1771 1509 1827 Anima
1531 1767 1574 1821 si
1602 1769 1734 1819 caret
1757 1772 1984 1828 corpore,

829 1897 928 1935 non
964 1846 1043 1931 esl
1062 1871 1082 1947 (
1103 1871 1229 1940 Cap.
1269 1865 1357 1930 15,
1402 1878 1456 1916 η.
1495 1858 1567 1913 22
1587 1855 1632 1928 ),
1663 1868 1768 1908 non
1796 1848 1941 1919 potui
1969 1846 1986 1877 ί

404 1980 701 2044 recordari.
760 1967 1026 2042 Numquid
1075 1945 1222 2019 enim
1275 1957 1466 2012 animae
1514 1956 1844 2004 mortuorum
1900 1945 1992 1993 aut

408 2093 521 2135 non
549 2078 733 2131 carent
772 2075 1027 2133 corpore,
1079 2063 1169 2110 aut
1212 2053 1265 2106 in
1310 2048 1413 2102 hoc
1453 2040 1651 2098 mundo
1689 2051 1797 2092 non
1835 2029 1992 2087 sunt?

411 2168 576 2240 Quasi
604 2180 732 2220 vero
772 2157 929 2213 inferi
972 2166 1078 2207 non
1124 2147 1230 2201 sint
1266 2144 1320 2197 in
1360 2140 1465 2194 hoc
1489 2133 1709 2191 mundo.
1739 2127 1845 2184 Sed
1872 2125 1995 2195 quia

413 2222 599 2318 carere
629 2265 874 2323 corpore,
907 2248 962 2302 in
989 2244 1132 2298 bono
1159 2234 1312 2308 posui
1336 2275 1351 2300 ,
1381 2232 1604 2285 fortasse
1633 2222 1847 2279 nomine
1871 2233 1994 2272 eor-

412 2354 560 2427 poris
575 2310 754 2422 pestes
773 2310 1057 2412 corporeae
1081 2327 1363 2403 appellavi.
1383 2321 1534 2392 Quod
1555 2320 1598 2375 si
1623 2319 1692 2372 ita
1714 2322 1817 2377 est,
1838 2310 1997 2365 nimis

1290 2421 1342 2427 “““
1403 2419 1416 2427 ⁵
1691 2419 1790 2427 ι-κη
1807 2421 1888 2427 Α..-
1924 2403 1970 2427 ..12

413 2403 706 2505 insolenter
731 2439 895 2494 verbo
930 2445 1060 2488 usus
1105 2441 1245 2482 sum.
1290 2419 1419 2475 lllud
1449 2427 1660 2486 quoque
1690 2419 1892 2464 temere
1920 2403 2001 2457 di-

414 2549 562 2598 ctum
591 2544 673 2593 est
706 2551 724 2588 °.
757 2533 801 2586 A
828 2542 1024 2585 summa
1048 2520 1256 2578 essentia
1285 2512 1500 2585 speciem
1543 2503 1740 2576 corpori
1769 2517 1856 2572 per
1884 2495 2001 2550 ani-

416 2647 555 2688 mam
571 2627 740 2691 tribui,
765 2639 862 2695 qua
888 2627 977 2681 est,
1000 2617 1055 2670 in
1073 2617 1527 2684 quantumcumque
1545 2605 1635 2653 est.
1663 2594 1764 2647 Per
1783 2592 2004 2644 animant

419 2739 542 2795 ergo
568 2733 750 2788 corpus
779 2709 1030 2772 subsistit,
1052 2713 1098 2758 et
1127 2719 1182 2756 eo
1203 2701 1312 2770 ipso
1350 2703 1442 2759 est,
1470 2707 1567 2759 quo
1595 2687 1876 2745 animatur,
1905 2679 2006 2732 sive

422 2781 774 2870 uriiuersaliter
793 2846 808 2872 ,
839 2810 892 2856 ut
919 2797 1157 2860 mundus,
1196 2792 1296 2846 sive
1327 2781 1714 2858 particulariter,
1741 2784 1795 2828 ut
1821 2786 2006 2826 unum-

425 2867 655 2980 quodque
676 2867 865 2955 animal
885 2896 1016 2948 intra
1036 2886 1281 2945 mundum
1295 2879 1442 2955 (Cap.
1472 2876 1627 2980 15,‘n.
1648 2871 1722 2974 24.
1735 2867 1909 2972 )..Ho‘c
1928 2872 2010 2969 to—

426 2957 541 3055 lum
565 2957 793 3068 1prorsus
820 2999 1024 3045 temere
1045 2982 1242 3038 dictum
1273 2983 1373 3031 est.
1401 2971 1497 3026 Hic
1520 2967 1654 3022 liber
1683 2963 1758 3018 sic
1785 2957 2006 3028 incipit:

427 3091 496 3148 Si
523 3087 708 3145 alicubi
731 3092 803 3139 est
834 3076 1122 3148 disciplina.

1059 3161 1286 3223 CAPUT
1321 3159 1410 3216 Vl.

943 3260 1343 3332 Disciplinarum
1371 3250 1501 3306 libri.

506 3371 610 3426 Per
640 3365 780 3422 idem
825 3369 1035 3427 tempus
1072 3367 1177 3423 quo
1214 3341 1493 3403 Mediolani
1533 3337 1606 3394 fui
1632 3378 1646 3401 ,
1688 3331 2017 3402 Baptismum

436 3467 807 3536 percepturus,
838 3452 997 3508 etiam
1028 3440 1439 3512 Disciplinarum
1457 3431 1621 3486 libros
1649 3431 1871 3481 conatus
1900 3431 2018 3473 sum

1277 3533 1287 3536 _
1955 3509 2018 3536 Ak

438 3509 710 3536 l""""l"—-
732 3509 807 3521 —v-
1179 3509 1192 3512 _

438 3559 693 3618 scribere,
726 3553 1058 3614 interrogans
1083 3552 1176 3594 eos
1202 3533 1292 3604 qui
1324 3541 1530 3584 mecum
1565 3527 1738 3583 erant,
1770 3524 1925 3584 atque
1953 3509 2020 3618 ab

440 3644 748 3719 hujusmodi
794 3636 984 3694 studiis
1024 3646 1129 3686 non
1171 3617 1567 3678 abhorrebant;
1603 3626 1695 3681 per
1728 3600 2022 3674 corporalia

1197 3717 1224 3719 "
1329 3713 1342 3719 '
1585 3706 1595 3716 ·
1659 3693 2021 3719 νηοὶ----ιι-...ιεη

441 3693 665 3812 cupiens
677 3735 742 3790 ad
761 3723 1106 3800 incorporalia
1122 3713 1434 3790 quibusdam
1451 3706 1598 3778 quasi
1616 3699 1856 3773 passibus
1867 3693 2024 3750 certis

1221 3809 1246 3812 _
1304 3806 1316 3812 ,
1614 3798 1627 3812 ,
1707 3811 1713 3812 ί
1759 3793 1811 3812 ,Α
1840 3791 1995 3812 num

445 3791 541 3890 vel
560 3829 838 3903 pervenire
863 3822 946 3876 vel
973 3818 1188 3872 ducere.
1215 3806 1320 3864 Sed
1341 3817 1523 3860 earum
1551 3798 1722 3853 solum
1751 3793 1818 3847 de
1839 3791 2026 3846 Gram-

1335 3898 1346 3903 “
1728 3896 1738 3903 -
1757 3902 1766 3903 κ
1785 3901 1796 3903 -
1869 3883 1881 3903 1
1895 3898 1912 3903 μ
1944 3896 2001 3903 ..-

444 3883 638 3982 matica
669 3921 863 3974 librum
892 3911 1167 3967 absolvere
1209 3898 1385 3971 potui,
1427 3906 1582 3964 quem
1624 3896 1808 3960 postea
1852 3883 1917 3937 de
1942 3896 2027 3934 ar-

446 4017 621 4073 mario
657 4019 840 4067 nostro
879 3999 1087 4075 perdidi
1119 4015 1130 4049 :
1164 4004 1219 4048 et
1256 3991 1321 4044 de
1363 3985 1559 4041 Musica
1597 3997 1690 4037 sex
1723 3975 2024 4038 volumina;

447 4116 703 4180 quantum
745 4070 933 4154 attinet
971 4091 1036 4146 ad
1084 4103 1200 4144 eam
1247 4090 1451 4155 partem
1495 4091 1613 4146 qua:
1644 4070 1902 4142 Rylhmus
1931 4081 2029 4121 vo-

451 4165 624 4261 catur.
648 4195 753 4253 Sed
782 4189 996 4247 eosdem
1021 4199 1111 4239 sex
1137 4181 1300 4237 libros
1323 4175 1432 4246 jam
1462 4168 1754 4239 baptizatus
1780 4206 1791 4228 ,
1819 4165 2032 4232 jamque

452 4310 518 4350 ex
547 4291 694 4346 Italia
723 4296 995 4356 regressus
1036 4278 1084 4330 in
1126 4272 1355 4326 Africam
1395 4261 1619 4332 scripsi;
1664 4257 2031 4313 inchoaveram

456 4347 656 4461 quippe
681 4347 1048 4436 tantvummodo
1077 4369 1230 4422 istam
1258 4360 1395 4434 apud
1423 4353 1771 4411 Mediolanum
1799 4347 2034 4417 discipli-

459 4439 611 4536 Silii:
643 4439 730 4528 De
760 4467 880 4524 aliis
907 4479 1036 4519 vero
1072 4459 1304 4530 quinque
1333 4447 1626 4519 disciplinis
1661 4444 1767 4498 illic
1797 4439 2037 4495 similiter

456 4567 752 4629 inchoatis;
774 4561 841 4617 de
865 4555 1167 4616 Dialectica,
1196 4549 1262 4603 de
1289 4542 1593 4606 Rhetorica,
1622 4538 1687 4592 de
1711 4533 2034 4598 Gcomctria,

463 4665 533 4722 de
553 4655 918 4718 Arithmetica,
942 4650 1007 4704 de
1029 4639 1388 4710 Philosophia,
1412 4636 1523 4691 sola
1554 4629 1803 4703 principia
1829 4640 2040 4682 reman-

462 4716 670 4816 serunt,
695 4762 814 4820 quae
835 4752 1013 4797 tamen
1035 4736 1193 4792 etiam
1221 4732 1331 4801 ipsa
1357 4723 1682 4798 perdidimus
1706 4739 1720 4774 :
1744 4717 1836 4774 sed
1858 4716 2040 4772 haberi

463 4847 530 4902 ab
551 4841 814 4913 aliquibus
833 4831 1078 4890 existimo
1095 4826 1196 4897 (α).

1097 4914 1321 4974 CAPUT
1358 4909 1467 4967 VII.

466 5030 548 5087 De
576 5025 807 5086 Moribus
835 5015 1075 5076 Ecclesia:
1100 5007 1371 5066 Catholij
1390 5046 1406 5072 ,
1448 5010 1493 5056 et
1528 5000 1591 5054 de
1618 4996 1846 5053 Moribus
1876 4994 2047 5050 Mani-

977 5107 1252 5164 chazorum,
1281 5097 1392 5153 libri
1419 5095 1540 5149 duo.

545 5215 600 5270 1.
641 5211 756 5267 Jam
785 5204 1083 5278 baptizatus
1127 5203 1301 5250 autem
1330 5205 1452 5245 cum
1493 5187 1678 5242 Romae
1713 5196 1887 5240 essem
1909 5222 1923 5249 ,
1951 5193 2052 5236 nec

543 5347 565 5380 ⁸
585 5351 660 5396 Er.
685 5351 736 5394 et
751 5341 846 5392 duo
865 5345 995 5397 Mss.,
1011 5345 1106 5384 non
1124 5325 1254 5394 potui
1274 5327 1480 5374 mortuos
1496 5316 1761 5369 recordari.

536 5429 612 5495 (a)
630 5426 821 5478 Additur
837 5424 885 5471 in
904 5416 1132 5482 vulgatis,
1164 5430 1186 5458 (ί
1203 5419 1299 5459 Hoc
1313 5419 1437 5470 Opus
1452 5404 1522 5452 sic
1539 5401 1704 5476 incipit
1728 5413 1741 5449 :
1777 5398 1942 5449 Omnia
1972 5407 2057 5447 no-

732 5488 743 5495 ·
809 5487 818 5495 ·
1029 5477 1143 5495 ~----I
1180 5474 1364 5495 ξηειε---ιι
1400 5473 1473 5495 me
1507 5464 1614 5495 In...
1643 5462 1706 5495 Λα
1731 5463 2036 5495 ηρηηπηηθίμ,

475 5462 612 5545 ιιιίῖἶῖ
630 5462 926 5544 ’ἐῖἔὰὲὶἶιὶῖί
941 5462 1145 5545 ἶσᾷὖὸὶξ
1180 5462 1367 5545 initium
1399 5473 1476 5545 est
1507 5464 1617 5545 tum
1637 5462 1707 5512 de
1721 5463 2057 5545 ‘Grammat‘ica,

477 5525 873 5616 iiii";
883 5525 990 5616 cum
1013 5525 1230 5616 jironime
1248 5525 2061 5616 antecledepkigusistbgc

1015 5585 1165 5651 ipsa
1194 5606 1373 5673 ahM‘ss.‘
1388 5600 1451 5640 Ex
1490 5590 1624 5673 libris
1655 5595 1818 5637 autem
1849 5585 2062 5673 Discipli.

480 5650 1188 5729 ἶῖοδῆξὶῖἷελψιοδ
1202 5657 1376 5729 dialogi
1404 5666 1560 5729 mone,
1575 5660 1725 5729 ptque
1742 5661 1812 5729 Aeo
1845 5650 2061 5711 oonsilio,

482 5714 980 5801 afr'li,'e;'g,,;.g5;a35
1013 5714 1072 5797 agn
1084 5714 1406 5782 incorporalia
1423 5732 1463 5788 ν.
1493 5714 1778 5784 deduceret,
1806 5722 1835 5759 a
1866 5722 1922 5801 sp
1953 5723 2065 5761 con-

787 5797 795 5801 -
1012 5795 1021 5801 .
1081 5798 1133 5801 Α-
1181 5795 1273 5801 ..--
1301 5784 1614 5801 -Λ..Λ.ι.--ηοη“
1646 5787 1734 5801 νηί-ι
1763 5784 1851 5801 ρον
1913 5785 1940 5801 Λ
1974 5780 2065 5801 un-

709 5771 1154 5855 i‘iéii'iii'g'asﬁiias,
1181 5771 1278 5832 non
1301 5779 1614 5841 reperiuntur
1646 5774 1739 5823 nisi
1762 5784 1854 5823 sex
1875 5771 1941 5823 de
1974 5780 2067 5823 atu-

1455 340 2076 416 RETRACTATIONUM
2115 341 2173 402 S.
2218 335 2592 400 AUGUSTINI

3544 316 3651 386 59!

2071 459 2212 515 ferre
2267 455 2456 511 tacitus
2510 463 2725 523 possem
2769 445 3178 503 Manichaeorum
3220 441 3528 514 iactantiam
3584 441 3653 498 de

2072 550 2205 608 falsa
2233 559 2286 604 et
2314 547 2483 602 fallaci
2508 542 2833 600 continentia
2858 540 2941 595 vel
2984 537 3299 594 abstinentia
3323 578 3339 604 ,
3367 550 3470 608 qua
3500 549 3558 590 se
3584 535 3654 589 ad

2075 644 2353 714 imperitos
2415 635 2792 707 decipiendos,
2843 633 2987 688 veris
3047 629 3405 693 Christianis,
3466 627 3656 696 quibus

2074 733 2414 808 comparandi
2433 747 2536 786 non
2564 738 2707 796 sunt,
2727 732 2959 802 insuper
2985 722 3292 794 praeferunt,
3313 717 3503 789 scripsi
3523 718 3655 773 duos

2076 831 2270 892 libros;
2290 841 2452 881 unum
2475 824 2541 879 de
2563 821 2800 877 Moribus
2817 816 3074 873 Ecclesia:
3088 813 3379 870 Catholica:
3399 829 3414 879 ;
3433 811 3652 866 alterum

2077 921 2144 976 de
2169 918 2403 974 Moribus
2427 914 2859 970 Manichazorum.

2148 1011 2202 1064 2.
2244 1009 2302 1064 ln
2329 1023 2392 1064 eo
2422 1007 2583 1077 igitur
2603 1004 2691 1075 qui
2715 1012 2794 1058 est
2824 1001 2892 1056 de
2915 998 3150 1054 Moribus
3177 996 3436 1052 Ecclesiae
3463 993 3657 1048 Catho-

2081 1101 2218 1166 licm,
2248 1098 2336 1154 ubi
2364 1097 2514 1167 posui
2565 1091 2922 1150 testimonium
2944 1132 2959 1157 ,
2993 1090 3046 1142 in
3073 1103 3179 1158 quo
3203 1087 3414 1156 legitur,
3447 1083 3662 1153 Propter
3723 1109 3730 1136 ;

2083 1204 2127 1247 te
2157 1193 2400 1263 afﬂcimur
2427 1198 2530 1242 tota
2558 1188 2678 1251 die;
2709 1182 2942 1239 azstimati
2979 1195 3153 1234 sumus
3182 1186 3238 1231 ut
3267 1193 3379 1231 oves
3404 1176 3665 1230 occisionis

2085 1286 2103 1358 (
2129 1284 2272 1338 Psal.
2298 1267 2448 1343 iun,
2480 1278 2583 1344 22;
2634 1276 2782 1330 Rom.
2812 1289 2931 1340 vm,
2963 1270 3101 1340 36);
3134 1267 3460 1324 mendositas
3499 1265 3664 1320 nostri

2084 1377 2282 1434 codicis
2308 1391 2395 1430 me
2425 1371 2609 1427 fefellit
2637 1371 2813 1423 minus
2843 1377 3132 1421 memorem
3162 1359 3580 1429 Scripturarum,
3613 1357 3666 1410 in

2086 1469 2277 1541 quibus
2308 1464 2542 1520 nondum
2572 1467 2816 1517 assuetus
2850 1471 3018 1512 eram.
3063 1454 3192 1508 Nam
3236 1450 3475 1522 ejusdem
3501 1449 3668 1503 inter-

2088 1540 2399 1634 pretationis
2425 1556 2516 1612 alii
2556 1554 2768 1609 codices
2795 1565 2900 1605 non
2933 1547 3151 1614 habent,
3185 1543 3406 1614 Propter
3445 1551 3493 1597 te
3519 1540 3672 1612 affici-

2089 1632 2203 1708 inur
2234 1668 2252 1708 :
2277 1650 2392 1715 sed,
2423 1649 2640 1719 Pr0pter
2665 1655 2711 1699 te
2735 1654 2892 1697 morte
2917 1639 3199 1712 aﬂieimur;
3224 1635 3364 1707 quod
3388 1648 3494 1690 uno
3512 1632 3673 1688 verbo

2091 1748 2178 1803 alii
2197 1746 2464 1810 dixerunt,
2487 1740 2869 1808 mortiﬁcamur.
2899 1735 3010 1788 Hoc
3033 1746 3153 1788 esse
3174 1730 3355 1786 verius
3373 1726 3536 1799 graeci
3555 1723 3674 1780 libri

2094 1837 2347 1902 indicant,
2377 1850 2440 1889 ex
2471 1847 2571 1903 qua
2599 1831 2774 1899 lingua
2799 1827 2854 1881 in
2881 1825 3099 1879 latinam
3125 1819 3417 1877 secundum
3445 1817 3669 1886 Septua-

2095 1930 2238 1999 ginta
2268 1927 2586 1995 interpretes
2610 1962 2623 1984 ,
2666 1926 2919 1974 veterunr
2946 1915 3242 1969 divinarum
3286 1909 3678 1980 Scripturarum

2097 1998 2338 2074 estfacta
2374 2012 2651 2069 translatio
2685 2027 2698 2064 :
2729 2019 2784 2064 et
2813 2015 2989 2062 tamen
3025 2002 3316 2060 secundum
3340 1999 3459 2054 haec
3481 1998 3677 2065 verba,

2099 2109 2151 2164 id
2176 2116 2260 2164 est
2292 2106 2510 2176 Propter
2532 2113 2578 2156 te
2607 2101 2870 2172 afﬁcimur,
2901 2096 3068 2151 multa
3094 2094 3368 2164 disputans
3397 2090 3506 2145 dixi
3537 2087 3679 2167 Lib.

2101 2201 2152 2265 1,
2173 2217 2219 2254 c.
2247 2198 2302 2266 9,
2330 2215 2417 2250 nn.
2450 2196 2537 2262 M,
2562 2195 2628 2247 15
2646 2192 2691 2264 ),
2717 2205 2836 2261 quae
2865 2189 2918 2244 in
2956 2188 3086 2258 ipsis
3113 2186 3273 2241 rebus
3297 2198 3405 2238 non
3435 2190 3683 2251 tanquam

2103 2290 2232 2345 falsa
2260 2285 2521 2357 improbo.
2552 2283 2931 2337 Verumtamen
2978 2274 3404 2331 convenientiam
3447 2271 3687 2340 Scriptu—

2105 2395 2285 2436 rarum
2307 2385 2547 2433 veterum
2569 2382 2622 2428 et
2642 2385 2921 2436 novarum,
2938 2382 3096 2439 quam
3117 2365 3484 2420 demonstrare
3504 2361 3689 2431 cupie-

2104 2477 2248 2541 bam,
2275 2489 2342 2529 ex
2372 2471 2456 2526 his
2482 2469 2738 2524 duntaxat
2761 2463 2942 2518 verbis
2971 2475 3074 2515 non
3094 2459 3274 2529 utique
3294 2453 3689 2518 demonstravi;

2110 2567 2249 2623 unde
2293 2573 2468 2619 autem
2510 2560 2641 2616 mihi
2679 2571 2831 2613 error
2875 2552 3202 2624 obrepserit,
3245 2549 3356 2605 dixi
3400 2566 3415 2602 :
3464 2562 3528 2602 ex
3574 2545 3694 2599 aliis

2112 2655 2241 2715 vero
2279 2652 2596 2712 testimoniis
2635 2647 2876 2704 eamdem
2919 2642 3341 2700 convenientiam
3370 2637 3696 2694 sufficienter

2110 2747 2318 2806 ostendi
2346 2744 2500 2815 (Id.,
2531 2759 2583 2796 ο.
2611 2740 2699 2808 16,
2730 2756 2784 2793 n.
2810 2736 2974 2792 26-29
2999 2735 3043 2805 ).

2181 2841 2233 2895 5.
2275 2835 2529 2893 Similiter
2557 2831 2802 2902 et-paulo
2828 2836 2950 2900 post
2971 2824 3328 2881 testimonium
3355 2819 3507 2892 posui
3529 2817 3597 2874 de
3623 2816 3695 2875 lio

2114 2934 2211 2988 bro
2249 2928 2556 3000 Sapientiae,
2602 2923 2891 2981 secundum
2928 2918 3166 2976 codicem
3213 2923 3474 2978 nostrum,
3505 2912 3559 2966 in
3593 2922 3700 2982 quo

2114 3023 2370 3095 scriptum
2410 3027 2528 3076 erat
2562 3037 2576 3072 :
2616 3015 2950 3073 Sobrietatem
2983 3012 3116 3066 enim
3156 3007 3407 3079 sapientia
3443 3005 3614 3072 docet,
3654 3007 3702 3056 et

2106 3084 2358 3191 justitiam
2398 3123 2444 3169 et
2483 3113 2714 3168 virtutem
2743 3108 2897 3179 (Sap.
2928 3121 3041 3170 vin,
3063 3104 3142 3175 7).
3177 3103 3244 3158 Et
3272 3098 3564 3156 secundum
3590 3084 3704 3150 haec

2117 3211 2276 3267 verba
2298 3205 2524 3264 disserui
2539 3218 2626 3259 res
2645 3201 2857 3272 quidem
2879 3212 3051 3264 veras,
3070 3193 3164 3250 sed
3185 3209 3252 3249 ex
3271 3191 3550 3248 occasione
3565 3201 3708 3242 men-

2118 3302 2360 3360 dositatis
2375 3301 2614 3354 inventas
2633 3293 2767 3366 (Lib.
2785 3292 2838 3359 1,
2857 3307 2902 3344 c.
2918 3291 3007 3354 16,
3021 3304 3073 3340 n.
3087 3283 3344 3354 27).Quid
3357 3281 3497 3337 enim
3509 3278 3708 3346 verius,

2122 3410 2276 3466 quam
2297 3390 2437 3462 quod
2456 3403 2512 3443 sa
2521 3384 2710 3457 picutia
2729 3383 2916 3437 doceat
2929 3378 3206 3434 veritatem
3225 3369 3708 3442 contemplationis,

2125 3464 2281 3556 quam
2308 3481 2522 3536 nomine
2541 3474 2844 3532 sobrietatis
2873 3469 3218 3541 signiﬁcatam
3247 3464 3462 3537 putavi;
3487 3464 3711 3518 etactio-

2126 3553 2210 3630 nis
2241 3572 2580 3643 probitatem,
2607 3581 2764 3637 quam
2794 3578 2892 3634 per
2918 3561 3024 3616 duo
3052 3559 3156 3613 alia
3182 3556 3403 3626 intelligi
3430 3553 3593 3619 volui,
3617 3564 3713 3620 per

2122 3642 2379 3736 justitiam
2403 3668 2562 3730 atque
2583 3657 2830 3711 virtutem
2853 3669 2865 3706 :
2891 3666 3010 3706 cum
3041 3649 3254 3704 codices
3281 3645 3520 3716 ejusdem
3550 3642 3714 3697 inter-

2130 3754 2439 3826 pretationis
2487 3750 2722 3805 veriores
2765 3745 3015 3805 habeant,
3055 3740 3371 3796 sobrietatem
3410 3737 3607 3791 enimet
3633 3749 3718 3788 sa-

2132 3848 2371 3921 pientiam
2409 3844 2572 3908 docet,
2610 3848 2655 3895 et
2676 3837 2932 3910 justitiam
2957 3843 3002 3888 et
3025 3833 3293 3888 uirtutem?
3332 3829 3424 3887 llis
3451 3826 3593 3882 enim
3621 3837 3719 3878 no-

2131 3920 2363 3997 minibus
2392 3935 2587 3991 latinus
2616 3933 2876 4000 interpres
2911 3934 3137 3997 quatuor
3166 3923 3286 3978 illas
3312 3920 3558 3984 virtutes,
3599 3926 3719 3985 qua:

2133 4033 2361 4089 maxime
2384 4031 2436 4084 in
2465 4043 2559 4083 ore
2590 4022 3023 4095 philosophorum
3055 4032 3173 4074 esse
3197 4016 3449 4078 assolent,
3479 4010 3723 4067 nomina-

2133 4126 2236 4190 vit;
2265 4121 2606 4178 sobrietatem
2645 4115 2916 4184 appellans
2954 4107 3380 4180 temperantiam,
3427 4102 3722 4175 prudentize

2136 4218 2414 4285 imponens
2438 4223 2630 4264 nomen
2661 4203 2998 4274 sapientiam,
3029 4198 3389 4255 fortitudinem
3409 4210 3537 4251 vero
3560 4194 3724 4248 virtu-

2137 4311 2205 4366 tis
2228 4305 2489 4364 vocabulo
2519 4301 2820 4362 cnuutians,
2865 4296 3033 4352 solam
3073 4292 3332 4364 justitiam
3370 4303 3469 4346 suo
3509 4285 3726 4342 nomine

2139 4405 2511 4470 interpretatus
2530 4404 2629 4450 est.
2654 4393 2760 4448 Has
2779 4398 2954 4445 autem
2973 4395 3198 4458 quatuor
3217 4385 3437 4439 virtutes
3458 4381 3510 4436 in
3535 4379 3728 4434 eodem

2140 4495 2275 4549 libro
2289 4488 2573 4560 Sapientiee
2601 4485 2711 4540 suis
2735 4481 3038 4537 nominibus
3055 4477 3364 4548 appellatas,
3385 4474 3519 4528 sicut
3540 4487 3568 4525 a
3586 4470 3728 4525 Crte-

2141 4587 2220 4642 cis
2243 4591 2517 4647 vocantur,
2544 4581 2700 4648 longe
2724 4584 2907 4646 postea
2934 4571 3226 4641 reperimus
3245 4570 3298 4623 in
3315 4566 3581 4622 codicibus
3596 4577 3730 4634 grac-

2143 4680 2239 4734 cis.
2270 4678 2418 4741 ltem,
2448 4671 2588 4744 quod
2613 4669 2766 4741 posui
2790 4667 2857 4722 de
2876 4665 3012 4720 libro
3033 4661 3356 4728 Salomonis,
3394 4656 3624 4718 Vanitas,
3648 4670 3731 4708 va-

2144 4768 2415 4825 nitantium
2446 4768 2483 4831 ¹,
2511 4762 2638 4817 dixit
2670 4759 2992 4814 Ecclesiastes
3019 4757 3036 4825 (
3060 4754 3229 4809 Eccle.
3260 4769 3298 4820 ι,
3323 4751 3412 4822 2);
3455 4748 3507 4804 in
3549 4746 3732 4802 multis

2147 4861 2358 4934 quidem
2373 4856 2641 4914 codicibus
2664 4853 2790 4923 legi,
2812 4851 2906 4906 sed
2928 4849 3029 4904 hoc
3052 4847 3268 4904 Graecus
3293 4859 3399 4901 non
3426 4843 3618 4898 habet:
3639 4841 3734 4895 ha-

2148 4933 2238 5011 bet
2258 4962 2458 5017 autem,
2486 4951 2679 5003 uanitas
2704 4945 3014 5012 uanitatunt;
3035 4940 3174 5012 quod
3203 4948 3387 5011 postea
3412 4935 3546 5001 vidi;
3571 4944 3624 4989 et
3651 4933 3735 4987 in-

2149 5048 2271 5105 veni
2289 5061 2384 5103 eos
2401 5042 2619 5099 Latinos
2645 5054 2766 5097 esse
2791 5037 3046 5103 veriores,
3074 5035 3161 5105 qui
3190 5033 3406 5099 habent,
3435 5029 3734 5094 uanilalum,

2153 5157 2277 5208 non,
2305 5136 2652 5194 oanitantium.
2683 5133 2759 5187 Ex
2789 5131 3068 5187 occasione
3089 5137 3264 5183 tamen
3289 5126 3446 5195 hujus
3471 5120 3740 5178 mendosi-

2156 5233 2278 5289 tatis
2295 5241 2641 5302 quascumque
2663 5223 2888 5280 disserui
2907 5236 3029 5278 vera
3050 5234 3170 5276 esse
3189 5218 3320 5290 ipsis
3340 5215 3498 5272 rebus
3523 5217 3741 5284 apparet

2159 5323 2293 5396 (Lib.
2323 5323 2373 5389 ι,
2407 5318 2574 5385 c.21,
2605 5335 2658 5372 η.
2681 5315 2796 5388 59).

2223 5463 2242 5493 ί
2274 5455 2595 5510 Vanitantium
2610 5453 2913 5506 restituimus
2931 5465 2996 5502 ex
3013 5449 3283 5500 sanioribus
3299 5453 3404 5497 Mss.
3422 5459 3510 5510 pro
3525 5457 3622 5508 quo
3639 5442 3746 5494 vul-

2162 5525 2261 5587 gati
2282 5509 2460 5580 ferunt,
2486 5517 2761 5587 uenantum.
2792 5523 2855 5564 Ac
2874 5513 3025 5587 paulo
3047 5520 3302 5587 post._’Am.
3326 5518 3379 5559 et
3400 5515 3474 5587 Ejr.
3495 5509 3562 5587 ita
3582 5517 3749 5587 pros]?

2163 5564 2572 5656 ἶῆαὗξέ
2971 5564 3295 5656 υαήἱείιηζίξιηι,ἔ
3315 5571 3440 5656 quod
3454 5564 3745 5656 pos'tea‘pidi,

2165 5627 2693 5698 Ziﬁi'eiis'ébg'iiuass
2712 5627 2815 5690 esse
2833 5636 3063 5696 veriores,
3089 5635 3172 5699 qui
3197 5627 3399 5699 Iwbent,

2166 5689 2856 5770 inifiiiniafuim;"compte
2889 5689 3173 5770 admodum;
3211 5689 3458 5770 atquehie
3479 5691 3572 5770 lpci

2169 5753 2360 5821 felicius
2367 5753 2562 5818 variant
2577 5772 2685 5815 Mss.
2713 5753 2786 5800 -’
2803 5753 3220 5816 Βθωιὶὶοιὶηοινὰω
3264 5753 3462 5808 lectioni
3503 5753 3635 5804 favet
3671 5755 3750 5803 Er.

2170 5832 2306 5884 Guill.
2323 5833 2373 5881 in
2393 5830 2628 5892 margine.
2691 5833 2751 5876 at.
