4116 6366
411 422 522 482 593

487 539 542 592 4.
581 529 733 600 Quod
769 535 944 583 autem
970 521 1121 580 dixi:
1155 519 1287 574 Eum
1323 517 1490 588 ipsum
1521 527 1665 584 quem
1703 521 1996 579 cognoscere
2043 533 2047 538 -

416 599 666 694 uolumus,
701 626 793 679 hoc
817 633 888 678 est
914 620 1101 684 Deum,
1127 615 1267 687 prius
1295 613 1443 683 plena
1462 607 1705 662 charitate
1728 602 1998 672 diligamus

423 727 559 800 (Lib.
590 725 640 789 l,
668 739 714 775 c.
736 719 826 784 ‘25,
851 735 904 770 η.
927 715 1016 785 4⁵7)
1041 731 1053 766 :
1074 710 1262 766 melius
1279 707 1570 770 diceretur,
1590 701 2000 767 Sincera,quam

418 788 604 888 plena;
628 829 692 866 ne
709 813 724 841 ί
746 809 884 863 forte
904 810 1176 877 putaretur
1194 798 1504 854 charitatem
1520 793 1616 848 Dei
1642 805 1746 846 non
1771 788 2000 842 futuram

421 879 540 964 esse
567 905 844 975 majorem,
869 897 1079 970 quando
1107 893 1399 948 videbimus
1430 887 1563 942 facie
1588 884 1654 939 ad
1677 882 1886 937 faciem.
1914 879 2003 934 Sic

421 1004 599 1072 itaque
623 999 726 1052 hoc
751 992 1062 1063 accipiatur,
1107 997 1358 1055 tanquam
1405 982 1557 1052 plena
1602 977 1739 1032 dicta
1782 976 1870 1041 sit,
1902 988 2004 1042 qua

424 1064 592 1162 major
621 1104 738 1144 esse
763 1102 866 1140 non
894 1083 1080 1153 possit,
1100 1075 1349 1149 quamdiu
1365 1071 1694 1127 ambulamus
1711 1082 1804 1136 per
1824 1064 2001 1118 fidem:

423 1186 526 1242 erit
547 1183 688 1238 enim
720 1178 944 1249 plenior,
977 1174 1083 1226 imo
1119 1167 1440 1240 plenissima,
1473 1162 1601 1218 sed'
1631 1176 1723 1229 per
1751 1157 2001 1228 speciem.

427 1280 556 1333 ltem
579 1245 854 1345 quod-dixi
873 1267 940 1322 de
960 1266 1022 1320 iis
1043 1264 1132 1334 qui
1153 1259 1466 1316 subveniunt
1493 1251 1860 1323 indigentibus,
1885 1245 2007 1317 quia

426 1367 769 1427 misericordes
788 1369 1046 1422 vocantur,
1064 1357 1214 1424 etiam
1232 1354 1277 1408 si
1301 1349 1548 1422 sapientes
1567 1363 1721 1417 usque
1740 1345 1865 1399 adeo
1887 1345 2004 1406 sint,

426 1475 482 1519 ut
491 1465 606 1535 jam
628 1458 767 1512 nullo
795 1453 949 1508 animi
979 1450 1152 1504 dolore
1175 1444 1431 1500 turbentur
1454 1440 1588 1512 (ld.,
1617 1455 1663 1492 c.
1694 1436 1784 1504 27,
1805 1452 1856 1489 η.
1877 1431 1967 1504 55)
1993 1448 2006 1497 ;

427 1527 537 1612 non
565 1554 643 1609 sic
665 1547 1030 1620 accipiendum
1055 1550 1140 1598 est
1173 1549 1420 1610 tanquam
1459 1533 1776 1598 detinierim,
1820 1531 1870 1583 in
1912 1527 2012 1580 bac

426 1647 538 1702 vita
558 1659 676 1700 esse
697 1616 827 1694 tales
847 1637 1144 1707 sapientes:
1169 1645 1274 1686 non
1289 1629 1430 1685 enim
1455 1625 1583 1690 dixi,
1609 1623 1741 1680 Cum
1767 1622 1899 1684 sint;
1919 1616 2013 1674 sed

430 1739 564 1804 dixi,
596 1735 746 1790 etiam
771 1731 815 1785 si
833 1731 953 1784 sint.
1289 1781 1296 1784 _

503 1829 557 1884 5.
597 1826 717 1882 Alio
743 1824 862 1878 loco
900 1821 988 1876 ubi
1023 1818 1131 1874 dixi
1159 1815 1294 1888 (Id.,
1318 1830 1365 1868 c.
1395 1813 1486 1878 ⁸50,
1518 1827 1570 1864 n.
1603 1806 1691 1878 64)
1716 1850 1730 1876 ,
1756 1806 1877 1859 Jam
1903 1819 2016 1857 vero

429 1937 548 1978 cum
584 1921 690 1973 lucc
720 1917 939 1969 humana
968 1910 1170 1966 dilectio
1195 1909 1518 1961 inhorrentem
1549 1901 1773 1955 uberibus
1801 1898 1896 1951 tuis
1923 1913 2018 1949 nu-

433 2012 622 2068 triverit
662 2020 706 2064 et
747 2005 1054 2061 roboraverit
1098 2002 1344 2062 animant,
1394 1994 1642 2064 sequendo
1683 1991 1791 2045 Deo
1832 1993 2020 2060 factum

433 2105 692 2167 idoneum,
721 2099 806 2154 ubi
833 2100 941 2170 ejus
972 2096 1208 2165 majestas
1251 2107 1314 2144 ea:
1350 2097 1488 2142 tanta
1531 2094 1690 2156 parte,
1723 2091 1910 2152 quanta
1931 2081 2021 2133 ho-

436 2198 582 2262 mini,
616 2197 736 2248 dum
760 2202 904 2246 terrae
932 2191 1084 2259 hujus
1120 2185 1425 2239 inhabitator
1451 2189 1544 2245 est,
1587 2177 1788 2247 sufﬁcit,
1829 2174 2024 2244 aperire

436 2307 492 2344 se
507 2287 739 2357 coeperit;
766 2290 932 2336 tantus
947 2278 1208 2333 charitatis
1227 2274 1379 2328 ardor
1400 2271 1697 2331 innascitur,
1722 2277 1768 2320 et
1787 2266 1806 2296 ³
1828 2274 2023 2318 tantum

437 2382 595 2438 divini
633 2379 818 2432 amoris
859 2373 1116 2443 consurgit
1155 2368 1462 2431 incendium,
1495 2373 1548 2417 ut
1579 2361 1763 2417 exustis
1797 2358 2025 2414 omnibus

436 2474 592 2538 uitiis,
623 2481 667 2526 et
706 2471 904 2524 homine
929 2465 1239 2533 sanctificata
1275 2470 1420 2530 atque
1449 2466 1682 2529 purgato,
1711 2453 1832 2507 satis
1859 2467 2025 2520 appa-

437 2578 548 2620 reat
588 2580 738 2634 quam
784 2561 948 2614 divine
977 2558 1168 2611 dictum
1196 2554 1296 2608 sit:
1323 2571 1340 2604 ι
1370 2551 1480 2620 Ego
1519 2565 1630 2602 sum
1675 2547 1802 2617 ignis
1845 2560 2028 2598 consu-

439 2674 581 2711 mens
609 2675 626 2707 ι
665 2654 841 2725 (Deut.
875 2667 946 2717 tv,
978 2650 1076 2713 24;
1124 2647 1278 2700 Ilebr.
1317 2661 1414 2710 xu,
1439 2642 1565 2711 29.);
1600 2646 1817 2710 possunt
1847 2645 2029 2705 putare

441 2747 712 2817 Pelagiani
743 2746 897 2799 istam
930 2741 1308 2812 perfectionem
1337 2738 1387 2790 in
1431 2735 1527 2790 bac
1568 2733 1778 2788 mortali
1813 2732 1918 2785 vita
1945 2745 2031 2784 me

441 2841 642 2897 dixisse
672 2852 828 2908 posse
866 2835 1192 2903 contingere.
1227 2830 1334 2885 Sed
1363 2845 1465 2884 non
1496 2828 1598 2882 hoc
1628 2834 1845 2896 putent:
1873 2824 2032 2878 ardor

443 2934 642 3007 Quippe
669 2929 938 2986 cbarilatis
968 2926 1238 2997 sequendo
1268 2925 1377 2978 Deo
1398 2923 1564 2977 factus
1595 2921 1834 2983 idoneus,
1856 2928 1910 2974 et
1927 2927 2033 2972 tam

445 3038 671 3096 magnus
701 3032 755 3076 ut
785 3021 907 3076 vitia
937 3029 1124 3073 cuncta
1157 3025 1456 3080 consumat,
1487 3015 1540 3068 in
1570 3014 1668 3068 bac
1695 3016 1795 3066 vita
1820 3011 1961 3065 nasci
1983 3019 2037 3066 et

446 3131 692 3173 crescere
717 3121 927 3183 potest;
962 3111 1216 3181 perlicere
1234 3123 1360 3163 vero
1387 3115 1604 3176 propter
1621 3103 1760 3173 quod
1779 3105 2034 3162 nascitur,

449 3217 511 3264 ut
539 3207 739 3262 nullum
778 3204 904 3258 insit
939 3201 1138 3256 homini
1169 3200 1372 3264 vitium,
1403 3212 1506 3251 non
1538 3204 1924 3264 consequenter
1954 3192 2040 3246 bic

450 3306 662 3372 potest:
687 3295 926 3366 quamvis
949 3301 1089 3347 tanta
1114 3292 1210 3344 ista
1236 3303 1320 3343 res
1342 3287 1526 3342 eodem
1553 3285 1744 3340 ardore
1769 3283 2040 3338 cbarilatis

454 3390 779 3462 perﬁciatur,
821 3386 909 3439 ubi
951 3383 1132 3456 perfici
1173 3390 1227 3436 et
1268 3379 1478 3450 quando
1521 3379 1699 3448 perlici
1747 3386 1952 3446 potest;
1987 3387 2043 3430 ut

455 3479 901 3552 quemadmodum
926 3477 1192 3531 lavacrum
1216 3471 1630 3542 regenerationis
1647 3477 1875 3538 purgata
1894 3478 2042 3523 reatu

459 3573 697 3629 omnium
729 3578 1090 3640 peccatorum,
1121 3581 1238 3634 quae
1272 3565 1497 3616 humana
1530 3561 1687 3614 traxit
1707 3561 1972 3624 nativitas,
1993 3569 2046 3615 et

459 3663 726 3719 contraxit
755 3660 1033 3730 iniquitas;
1077 3659 1146 3710 ita
1187 3656 1270 3709 illa
1302 3653 1554 3724 perfectio
1598 3661 1780 3722 purget
1805 3652 1872 3705 ab
1900 3652 2046 3705 omni

461 3756 586 3812 labe
610 3754 878 3819 vitiorum,
905 3752 1020 3805 sine
1048 3748 1237 3817 quibus
1262 3747 1490 3800 humana
1518 3760 1635 3800 esse
1661 3761 1764 3798 non
1794 3753 1967 3813 potest
1995 3745 2048 3798 in

465 3850 571 3904 hoc
614 3847 809 3902 saeculo
854 3844 1150 3898 inlirmitas.
1202 3840 1347 3896 Sicut
1390 3839 1753 3908 accipiendum
1780 3847 1864 3893 est
1892 3838 2051 3892 etiam

465 3941 612 4011 quod
645 3940 720 3993 ait
747 3936 1066 4007 Apostolus:
1103 3933 1331 3989 Christus
1358 3932 1531 3985 dilexit
1563 3930 1856 3996 Ecclesium,
1897 3939 1944 3983 et
1978 3946 2057 3984 se-

468 4035 638 4103 ipsum
669 4029 876 4083 tradidit
918 4045 1008 4098 pro
1053 4043 1139 4090 ea;
1181 4024 1428 4078 mandans
1471 4039 1580 4075 eam
1611 4020 1809 4073 lavacro
1837 4037 1979 4090 aqua:
2005 4023 2058 4076 in

470 4125 638 4189 verba,
673 4132 726 4176 ut
764 4121 1010 4176 exhiberet
1050 4119 1141 4173 sibi
1186 4117 1456 4188 gloriosam
1499 4115 1796 4180 Ecclesium,
1835 4131 1933 4168 non
1961 4117 2060 4169 ha-

472 4218 668 4274 bentem
713 4214 966 4268 maculam
1009 4222 1096 4266 aut
1142 4229 1354 4282 rugam,
1403 4220 1489 4263 aut
1539 4209 1728 4277 aliquid
1774 4209 2061 4278 hujusmodi

476 4308 644 4379 (Eph.
693 4322 749 4373 v,
787 4305 1000 4376 25-27).
1042 4302 1175 4358 llie‘
1210 4312 1291 4358 est
1330 4303 1470 4357 enim
1512 4302 1777 4354 lavacrum
1821 4316 1970 4370 aqua:
2009 4301 2063 4354 in

474 4401 643 4456 'verbo
682 4413 789 4468 quo
833 4397 1115 4451 mundatur
1157 4394 1415 4449 Ecclesia.
1463 4391 1566 4448 Sed
1610 4407 1730 4445 cum
1776 4400 1884 4444 tota
1927 4390 2070 4445 dicat

478 4492 734 4564 quamdiu
759 4491 845 4545 hic
870 4498 966 4554 est,
989 4489 1189 4542 Dimitte
1213 4488 1352 4540 nobis
1372 4487 1536 4539 debila
1564 4496 1732 4539 nostra
1754 4484 1966 4554 (Matth.
1990 4502 2064 4550 vr,

481 4585 606 4656 12);
632 4600 736 4640 non
769 4583 952 4654 utique
979 4582 1065 4636 hic
1103 4590 1185 4636 est
1211 4581 1325 4635 sine
1356 4580 1559 4634 macula
1586 4589 1640 4634 et
1667 4595 1815 4649 ruga,
1850 4588 1942 4633 aut
1970 4581 2070 4634 ali-

483 4677 610 4747 quid
641 4675 935 4746 ejusmodi:
962 4691 1024 4729 ex
1057 4689 1121 4728 eo
1151 4681 1327 4726 tamen
1350 4671 1487 4741 quod
1515 4671 1597 4724 bic
1613 4671 1820 4740 accipit,
1846 4670 1911 4724 ad
1931 4672 2072 4725 illam

485 4767 730 4839 gloriam,
748 4783 866 4836 qua:
892 4765 976 4819 hic
999 4779 1104 4818 non
1122 4771 1223 4828 est,
1248 4760 1729 4832 perfectionemque
1745 4761 2071 4831 perducitur.

560 4860 614 4912 6.
657 4858 714 4911 In
740 4857 846 4912 alio
868 4857 1001 4911 libro
1024 4855 1175 4925 cujus
1200 4863 1282 4910 est
1312 4855 1514 4920 titulus,
1551 4853 1618 4908 de
1646 4854 1879 4910 Moribus
1915 4855 2078 4910 Mani-

484 4953 784 5014 cinnorum,
816 4949 948 5004 illud
974 4947 1117 5019 quod
1146 4947 1252 5002 dixi
1275 4964 1288 5000 :
1316 4946 1413 5000 Dei
1437 4946 1631 5000 bonitas
1653 4947 1821 5000 omnia
1836 4947 2076 5015 deﬁcien-

489 5042 565 5095 tia
592 5042 666 5094 sic
693 5040 913 5106 ordinat,
947 5048 999 5091 ut
1044 5039 1111 5092 ibi
1138 5039 1238 5094 sint
1279 5037 1362 5091 ubi
1399 5037 1841 5107 congruentissima
1891 5039 2081 5106 possint

489 5149 618 5196 esse,
648 5133 805 5185 donec
829 5131 1074 5185 ordinatis
1099 5131 1310 5184 motibus
1339 5131 1405 5182 ad
1424 5130 1477 5182 id
1502 5140 1764 5184 recurrant
1783 5130 1914 5184 unde
1942 5131 2084 5200 defe-

493 5232 670 5278 cerunt
706 5223 839 5296 (Lib.
862 5223 917 5288 2,
949 5239 993 5275 c.
1023 5223 1073 5288 ’7,
1114 5240 1166 5276 n.
1192 5222 1270 5292 9),
1307 5238 1410 5275 non
1457 5222 1533 5276 sic
1569 5221 1935 5290 accipiendum
1979 5232 2082 5288 est,

497 5325 754 5386 tanquam
784 5316 958 5370 omnia
973 5323 1249 5370 recurrant
1277 5314 1341 5369 ad
1375 5313 1426 5367 id
1446 5313 1583 5367 unde
1613 5312 1941 5382 defecerunt,
1976 5315 2084 5370 sic-

499 5420 563 5465 ut
613 5409 824 5480 Origeni
850 5409 1019 5463 visum
1046 5417 1158 5474 est;
1203 5407 1297 5462 sed
1336 5422 1397 5462 ea
1433 5407 1609 5462 omnia
1639 5422 1756 5477 qua:
1781 5419 2085 5464 recurrunt.

570 5545 588 5575 ι
615 5549 787 5612 [ιι-ηεξ.
813 5541 915 5612 fere
940 5541 1178 5612 omnibus,
1201 5537 1296 5590 nisi
1325 5541 1446 5603 forte
1461 5543 1674 5602 putatur.
1699 5545 1748 5588 tn
1764 5538 1876 5588 Edd.
1899 5545 1998 5589 Am.
2040 5549 2093 5594 et

503 5613 604 5664 Er.,
625 5605 721 5655 nisi
736 5605 853 5666 forte
873 5609 1135 5667 putaretur.

573 5662 599 5699 ί
617 5678 718 5714 am.
736 5662 792 5714 et
806 5662 882 5714 Eri
899 5679 1008 5714 cum
1028 5665 1183 5727 tribus
1196 5671 1323 5725 Mss.,
1340 5662 1520 5715 scilicet
1538 5677 1626 5727 per
1642 5663 1864 5727 speciem.

576 5730 597 5760 ³
615 5737 720 5776 MSS.
747 5736 954 5788 septem,
972 5734 1017 5776 et
1029 5725 1079 5776 in
1095 5732 1292 5775 tantmn.

577 5790 600 5820 ι
619 5798 686 5838 tta
704 5785 879 5859 magno
892 5801 1133 5859 consensu
1147 5794 1254 5859 uss.
1274 5794 1329 5838 Αι
1350 5787 1484 5851 ωδ,
1508 5787 1596 5840 hoc
1614 5793 1698 5851 est,
1723 5787 1851 5853 quod
1865 5785 2094 5842 mendum

514 5866 631 5908 esse
652 5852 822 5915 probat
844 5852 1070 5902 orationis
1088 5852 1260 5902 series.

1793 387 2000 451 LIBER
2034 379 2310 447 PRIMUS.
2541 402 2549 441 ι

3568 377 3676 437 594

2099 501 2216 558 Non
2241 497 2383 555 enim
2407 503 2689 552 recurrunt
2728 495 2795 550 ad
2822 494 2989 550 Deum
3028 507 3058 547 a
3098 505 3205 562 quo
3239 491 3566 560 deiecerunt,
3592 493 3687 566 qui

2103 590 2428 660 sempiterno
2454 587 2575 658 igne
2603 586 2921 658 punientur:
2951 584 3193 655 quamvis
3229 585 3405 639 omnia
3431 583 3687 643 deficien-

2105 685 2175 738 tia
2205 684 2282 737 sic
2308 679 2638 745 ordinentur,
2685 688 2743 733 ut
2786 678 2858 733 ibi
2905 679 3030 744 sint,
3081 677 3172 733 ubi
3212 677 3692 748 congruentissima

2105 775 2310 847 possint
2330 787 2477 837 esse;
2505 771 2626 842 quia
2654 779 2707 826 et
2731 770 2806 825 illi
2831 771 2921 840 qui
2945 785 3049 824 non
3070 779 3368 837 recurrunt,
3397 785 3693 840 congruen-

2108 868 2310 922 tissime
2338 868 2388 920 in
2424 878 2575 934 poena
2615 870 2756 917 sunt.
2795 861 2913 916 Alio
2939 861 3059 916 loco
3078 901 3095 928 ,
3122 859 3284 916 Nemo
3313 865 3435 932 fere,
3464 861 3688 932 inquam,

2109 958 2171 1012 de
2189 956 2454 1011 scarabwis
2475 954 2686 1017 dubitat,
2715 954 2835 1023 quin
2861 952 2923 1006 de
2942 954 3058 1023 ﬁmo
3079 953 3132 1005 in
3163 953 3317 1024 pilam
3342 951 3611 1006 rotundata
3631 954 3694 1008 ab

2111 1050 2188 1122 his
2216 1058 2361 1118 atque
2389 1048 2561 1101 obruto
2593 1030 2803 1102 existant
2843 1044 2979 1115 (Id.,
3015 1063 3061 1100 c.
3091 1047 3179 1113 l7,
3209 1062 3262 1099 n.
3292 1048 3414 1115 65);
3447 1060 3565 1099 cum
3595 1045 3695 1101 hoc

2111 1151 2287 1196 utrum
2314 1157 2496 1195 verum
2519 1140 2606 1205 sit,
2640 1139 2790 1194 multi
2813 1138 3074 1204 dubitent,
3112 1137 3263 1192 multi
3303 1153 3370 1192 ne
3396 1137 3695 1192 audiverim

2111 1233 2346 1304 quidem.
2377 1231 2489 1285 Hoc
2517 1246 2651 1299 opus
2677 1231 2754 1286 sic
2779 1230 2992 1300 incipit:
3023 1228 3091 1284 In
3119 1230 3234 1285 aliis
3268 1229 3408 1285 libris
3436 1231 3558 1286 satis
3581 1230 3695 1301 opi‘

2113 1341 2207 1380 nor
2235 1323 2393 1395 egisse
2418 1339 2529 1376 nos.

2728 1390 2955 1446 CAPUT
2994 1389 3129 1445 V'lll.

2247 1481 2324 1536 De
2342 1479 2538 1533 Anima:
2559 1477 2868 1544 Quantitate,
2893 1476 3016 1532 liber
3044 1494 3195 1532 unus.
3211 1508 3282 1518 —
3299 1476 3474 1550 [Tom.
3504 1479 3558 1549 1]

2188 1576 2240 1630 1.
2282 1575 2336 1629 In
2359 1573 2546 1629 eadem
2563 1571 2696 1626 urbe
2720 1570 2910 1641 scripsi
2935 1570 3224 1642 dialogum,
3246 1573 3298 1627 in
3316 1587 3420 1642 quo
3446 1571 3513 1625 de
3531 1571 3704 1627 anima

2117 1665 2284 1719 multa
2309 1672 2620 1734 quieruntur
2645 1677 2708 1715 ae
2731 1661 3095 1728 disseruntur;
3120 1662 3174 1717 id
3190 1672 3288 1730 est,
3309 1663 3448 1717 unde
3472 1663 3559 1728 sit,
3579 1677 3705 1732 qua-

2121 1756 2189 1812 lis
2213 1757 2304 1822 sit,
2335 1762 2534 1825 quanta
2561 1754 2648 1820 sit,
2668 1767 2765 1807 cur
2781 1751 2996 1821 corpori
3021 1752 3180 1807 fuerit
3197 1751 3344 1820 data,
3365 1769 3483 1806 cum
3500 1753 3564 1806 ad
3586 1767 3708 1806 cor-

2119 1861 2220 1918 pus
2249 1845 2453 1900 venerit
2481 1843 2653 1914 qualis
2697 1842 2977 1909 el‘ﬁeiatur,
3011 1843 3182 1911 qualis
3216 1857 3336 1896 cum
3367 1842 3708 1896 abscesserit.

2123 1939 2228 1996 Sed
2247 1938 2498 2007 quoniam
2515 1945 2708 2006 quanta
2731 1936 2817 2001 sit,
2846 1935 3250 2005 diligentissime
3275 1950 3338 1989 ac
3364 1935 3711 1988 subtilissime

2123 2033 2444 2102 disputatqu
2476 2040 2577 2096 est,
2623 2037 2680 2082 ut
2711 2043 2853 2095 eam,
2890 2029 2935 2082 si
2969 2043 3266 2096 possemus,
3313 2026 3715 2082 ostenderemus

2125 2122 2417 2194 corporalis
2442 2120 2751 2191 quantitatis
2780 2134 2885 2173 non
2906 2133 3046 2186 esse,
3077 2129 3129 2172 ct
3157 2128 3334 2174 tamen
3357 2133 3604 2187 magnum
3622 2117 3717 2169 ali-

2127 2216 2254 2286 quid
2283 2229 2436 2279 esse;
2461 2229 2524 2268 ex
2557 2212 2656 2266 hac
2685 2227 2787 2265 una
2820 2209 3161 2280 inquisitione
3189 2218 3327 2264 totus
3355 2211 3488 2264 liber
3524 2223 3719 2263 nomen

2128 2307 2338 2375 accepit
2361 2314 2417 2358 ut
2440 2303 2810 2373 appellaretur,
2846 2302 2912 2356 de
2937 2303 3141 2355 Animae
3168 2302 3484 2370 quantitate.

2199 2396 2255 2449 2.
2297 2395 2354 2450 In
2377 2409 2482 2464 quo
2504 2392 2641 2446 libro
2664 2392 2793 2446 illud
2821 2391 2963 2460 quod
2989 2391 3120 2457 dixi,
3149 2407 3318 2444 omnes
3345 2401 3475 2444 artes
3499 2389 3720 2442 animam

2130 2505 2301 2546 secum
2326 2487 2555 2540 attulisse
2584 2484 2707 2537 mihi
2734 2485 2921 2547 videri;
2964 2500 3052 2536 nec
3077 2482 3218 2536 aliud
3239 2483 3508 2553 quidquam
3540 2497 3642 2534 esse
3668 2478 3724 2532 id

2132 2581 2264 2653 quod
2280 2579 2463 2634 dicitur
2479 2577 2685 2641 discere,
2700 2593 2849 2645 quam
2859 2576 3108 2629 reminisci
3128 2591 3186 2628 ac
3207 2573 3459 2628 recordari
3473 2569 3720 2644 (Capﬂo,

2133 2689 2188 2726 η.
2212 2670 2326 2742 '64),
2350 2685 2456 2723 non
2488 2669 2562 2722 sic
2591 2665 2958 2736 accipiendum
2986 2673 3088 2732 est,
3117 2665 3268 2734 quasi
3303 2679 3369 2718 ex
3402 2663 3504 2716 boc
3530 2676 3728 2730 appr0«

2133 2763 2309 2828 betur,
2342 2761 2574 2815 animam
2606 2758 2689 2813 vel
2721 2758 2806 2812 hic
2848 2758 2903 2812 in
2941 2757 3045 2812 alio
3078 2769 3324 2825 corpore,
3351 2754 3435 2808 vel
3461 2752 3586 2806 alibi
3615 2751 3729 2806 sive

2137 2857 2193 2912 in
2217 2871 2462 2925 corpore,
2504 2855 2616 2908 sive
2652 2865 2800 2906 extra
2841 2865 3057 2920 corpus,
3101 2846 3386 2918 aliquando
3420 2844 3642 2908 vixisse;
3677 2853 3732 2897 et

2139 2961 2338 3016 eaquae
2368 2945 2688 3013 interrogata
2724 2940 3032 3010 respondet,
3067 2955 3187 2994 cum
3216 2937 3301 2992 hic
3327 2954 3433 2990 non
3462 2934 3727 2996 didicerit,

2140 3040 2194 3094 in
2218 3038 2318 3092 alia
2345 3038 2452 3091 vita
2482 3042 2606 3089 ante
2638 3033 2886 3088 didicisse
2911 3031 3006 3102 (a).
3038 3029 3178 3086 Fieri
3206 3029 3349 3083 enim
3375 3037 3568 3098 potest,
3596 3027 3733 3079 sicut

2138 3131 2248 3202 jam
2276 3131 2325 3183 in
2365 3127 2470 3182 hoc
2499 3141 2660 3195 opere
2696 3140 2855 3194 supra
2891 3122 3147 3189 diximus,
3183 3130 3238 3175 ut
3266 3121 3368 3176 hoc
3394 3120 3512 3174 ideo
3544 3117 3730 3188 possit,

2145 3225 2266 3294 quia
2297 3231 2484 3276 natura
2512 3218 2857 3288 intelligibilis
2884 3229 2965 3270 est
2987 3216 3173 3286 (Sup.,
3201 3231 3248 3268 c.
3277 3215 3331 3280 4,
3355 3231 3407 3266 n.
3441 3214 3518 3281 4),
3539 3220 3593 3266 et
3607 3225 3735 3265 con-

2148 3316 2376 3371 nectitur
2402 3327 2507 3367 non
2536 3312 2708 3365 solum
2753 3307 3195 3378 intelligibilibus,
3225 3320 3410 3360 verum
3441 3305 3603 3358 etiam
3631 3303 3737 3355 im-

2147 3407 2488 3464 mutabilibus
2519 3404 2700 3468 rebus,
2727 3418 2790 3455 eo
2821 3401 3006 3454 ordine
3032 3399 3165 3453 facta
3190 3400 3230 3463 ί,
3258 3408 3313 3451 ut
3338 3412 3455 3451 cum
3481 3410 3537 3450 se
3557 3394 3624 3448 ad
3645 3407 3738 3448 cas

2149 3514 2236 3554 res
2252 3505 2428 3552 movet
2444 3496 2632 3564 quibus
2655 3507 2894 3548 connexa
2913 3500 3014 3557 est,
3035 3489 3117 3544 vel
3143 3489 3206 3541 ad
3233 3490 3483 3556 seipsam,
3507 3487 3557 3539 in
3577 3501 3741 3555 quan-

2153 3599 2266 3644 tum
2289 3604 2379 3642 eas
2404 3586 2569 3651 videt,
2604 3585 2657 3639 in
2678 3592 2885 3639 tantum
2912 3583 2978 3636 de
3004 3581 3087 3634 bis
3109 3594 3232 3634 vera
3262 3576 3600 3646 respondeat.
3633 3573 3743 3628 Nec

2155 3695 2286 3736 sane
2309 3692 2498 3733 omnes
2519 3684 2660 3730 artes
2679 3690 2744 3729 eo
2765 3672 2924 3727 modo
2945 3687 3126 3726 secum
3151 3669 3342 3734 attulit,
3370 3683 3430 3721 ac
3457 3681 3635 3721 secum
3651 3665 3744 3718 ba-

2157 3771 2249 3826 bet
2270 3787 2282 3822 :
2307 3784 2428 3824 nam
2449 3767 2515 3822 de
2540 3766 2740 3820 artibus
2761 3779 2878 3834 quae
2904 3763 2970 3817 ad
2997 3776 3185 3816 sensus
3203 3758 3440 3828 corporis
3458 3757 3745 3826 pertinent,

2159 3864 2296 3918 sicut
2312 3861 2474 3915 multa
2494 3858 2789 3918 medicinze,
2809 3858 2943 3910 sicut
2959 3853 3259 3922 astrologia:
3277 3852 3474 3916 omnia,
3491 3850 3590 3903 nisi
3605 3847 3748 3918 quod

2162 3955 2256 4010 hic
2277 3952 2541 4017 didicerit,
2561 3968 2661 4004 non
2687 3956 2858 4019 potest
2874 3947 3071 4001 dicere.
3094 3946 3169 3999 Ea
3189 3960 3315 3998 vero
3333 3959 3451 4012 quae
3469 3943 3580 3996 sola
3605 3938 3750 3995 intel-

2164 4045 2384 4116 ligentia
2401 4044 2560 4112 capit,
2582 4051 2794 4111 propter
2821 4040 2872 4094 id
2889 4038 3030 4108 quod
3047 4037 3174 4103 dixi,
3196 4051 3316 4090 cum
3330 4034 3411 4089 vel
3432 4049 3462 4088 a
3483 4034 3655 4101 seipsa
3669 4030 3754 4087 vel

2167 4137 2232 4192 ab
2255 4136 2360 4190 alio
2389 4134 2548 4188 fuerit
2569 4133 2706 4186 bene
2723 4133 3066 4199 interrogata,
3085 4138 3139 4181 et
3156 4125 3430 4182 recordata
3444 4122 3752 4193 respondet.

2244 4231 2298 4284 5.
2339 4227 2458 4284 Alio
2488 4228 2605 4280 loco
2631 4243 2642 4279 :
2679 4223 2889 4289 Vellem,
2921 4224 3145 4290 inquam,
3173 4220 3287 4272 hinc
3317 4218 3465 4289 plura
3485 4217 3667 4283 dicere,
3697 4230 3757 4268 ac

2171 4323 2420 4391 meipsum
2440 4319 2798 4387 constringere,
2835 4315 2957 4368 dum
2992 4315 3133 4384 quasi
3154 4312 3240 4365 tibi
3261 4310 3516 4381 praecipio,
3549 4317 3602 4362 ut
3630 4306 3758 4362 nihil

2173 4413 2314 4464 aliud
2329 4426 2527 4479 agerent
2554 4423 2702 4474 quam
2729 4405 2963 4459 redderer
2987 4403 3130 4469 mihi,
3155 4403 3236 4455 cui
3257 4418 3334 4454 me
3353 4401 3568 4453 maaime
3584 4398 3756 4451 debeo.

2176 4503 2276 4558 Ubi
2299 4502 2480 4556 videor
2499 4499 2678 4554 dicere
2709 4497 2884 4567 potius
2909 4494 3178 4561 debuisse,
3210 4492 3483 4546 Redderer
3509 4492 3638 4556 Deo,
3674 4489 3760 4544 cui

2176 4609 2263 4649 me
2287 4592 2514 4647 maxime
2536 4589 2726 4644 debeo.
2753 4585 2858 4642 Sed
2886 4585 3135 4656 quoniam
3161 4584 3303 4653 prius
3331 4583 3430 4638 sibi
3459 4583 3573 4651 ipse
3599 4582 3761 4637 bomo

2178 4685 2477 4742 reddendus
2511 4692 2612 4748 est,
2650 4689 2708 4736 ut
2732 4680 2842 4735 illic
2869 4678 3017 4749 quasi
3055 4676 3223 4746 gradu
3263 4674 3402 4729 facto
3432 4674 3554 4727 inde
3583 4681 3765 4741 surgat
3807 4713 3810 4720 .

2179 4787 2340 4847 atque
2368 4775 2635 4829 attollatur
2657 4771 2724 4826 ad
2753 4772 2940 4834 Deum,
2970 4769 3106 4823 sicut
3130 4766 3271 4821 ﬁlius
3305 4766 3392 4819 ille
3418 4763 3589 4817 minor
3613 4762 3766 4832 prius

2183 4881 2428 4923 reversus
2462 4873 2544 4919 est
2577 4863 2643 4917 ad
2669 4861 3032 4931 semetipsum,
3076 4867 3130 4913 et
3154 4867 3280 4912 tunc
3308 4856 3412 4910 ait:
3440 4854 3684 4924 Surgunt,
3715 4862 3766 4907 et

2184 4959 2265 5015 ibo
2291 4957 2357 5010 ad
2383 4966 2575 5028 patrem
2594 4971 2759 5009 meum
2785 4952 2936 5023 (Luc.
2962 4967 3056 5018 xv,
3081 4948 3203 5022 l8);
3234 4948 3352 5002 ideo
3375 4947 3451 5001 sic
3475 4961 3590 5000 sum
3621 4945 3768 5000 locu-

2186 5059 2294 5106 tus.
2325 5048 2558 5116 Denique
2585 5059 2711 5099 mox
2743 5042 2954 5098 addidi:
2983 5043 3142 5110 Atque
3165 5041 3233 5092 ita
3262 5038 3371 5107 ﬁeri
3391 5036 3606 5089 amicum
3624 5051 3770 5090 man—

2188 5143 2376 5212 cipium
2415 5138 2632 5192 Domino
2664 5134 2812 5206 (Cap.
2845 5134 2936 5200 28,
2967 5151 3019 5186 n.
3052 5129 3164 5204 55).
3196 5128 3346 5197 Quod
3375 5143 3502 5198 ergo
3530 5127 3660 5196 dixi,
3686 5128 3770 5183 cui

2189 5249 2268 5286 me
2293 5232 2508 5285 maxime
2529 5229 2700 5294 debeo,
2727 5226 2793 5279 ad
2819 5223 3059 5278 homines
3079 5221 3268 5276 retuli:
3288 5217 3456 5290 magis
3477 5219 3618 5274 enim
3638 5219 3770 5274 mihi

2191 5341 2278 5379 me
2307 5324 2494 5384 debeo,
2524 5333 2684 5390 quam
2713 5316 3012 5371 hominibus
3032 5313 3261 5381 caeteris,
3284 5311 3523 5382 quamvis
3540 5311 3652 5366 Deo
3667 5326 3774 5366 ma-

2193 5418 2273 5487 gis
2301 5430 2456 5484 quam
2479 5413 2626 5467 milii.
2652 5412 2746 5465 llic
2774 5408 2907 5462 liber
2936 5407 3013 5460 sic
3046 5404 3262 5475 incipit:
3290 5404 3539 5470 Quoniam
3559 5403 3699 5457 video
3728 5411 3776 5457 te

2194 5507 2451 5562 abundare
2470 5505 2588 5557 otio.

2260 5608 2275 5633 ι
2297 5609 2344 5649 ιιι
2360 5598 2472 5667 md.
2490 5595 2645 5667 nullo
2665 5607 2815 5667 prope
2841 5606 2976 5667 nesu
3003 5589 3257 5667 verba
3276 5590 3346 5667 sie
3364 5589 3632 5667 redduntur
3654 5603 3667 5637 :
3694 5596 3781 5637 Ve-

2196 5677 2306 5715 rum
2322 5660 2466 5711 etiam
2482 5651 2852 5708 inmutabilibus
2867 5654 3024 5704 rebus.
3046 5663 3110 5702 L‘o
3129 5651 3296 5703 ordine
3318 5653 3444 5714 facta
3457 5657 3528 5702 est
3543 5689 3556 5711 ,
3581 5656 3632 5700 ut
3651 5660 3779 5715 cum.

2195 5711 2940 5798 misrpnnotionemmutavimus
2959 5716 3148 5778 abjecto
3180 5720 3265 5776 est,
3292 5711 3388 5777 quo
3419 5720 3584 5764 carent
3616 5711 3777 5775 scripti

2198 5796 2377 5852 optimi.

2259 5850 2330 5915 (a)
2359 5847 2455 5901 Vid.
2477 5847 2560 5897 lib.
2590 5844 2647 5895 l2
2666 5843 2731 5895 de
2755 5850 2939 5905 'n'nut.,
2964 5856 3005 5890 c.
3036 5840 3110 5902 15,
3137 5853 3183 5887 ιι.
3209 5837 3286 5888 24.
