4116 6366
465 409 591 473 ’895

1073 523 1316 583 ‘CAPUT
1353 522 1446 579 IX.

853 617 932 676 De
947 617 1132 674 Libero
1157 615 1399 680 Arbitrio,
1438 612 1555 670 libri
1581 619 1698 667 tres.

553 715 616 772 1.
651 713 788 771 Cum
817 711 992 768 adhuc
1019 711 1200 766 Roma:
1227 709 1648 772 demorarcmur,
1675 703 1937 760 voluimus
1962 703 2072 759 dis-

473 807 720 882 iputando
752 815 990 878 quaerere
1019 804 1160 859 unde
1197 803 1266 857 sit
1288 803 1508 856 malum.
1541 801 1606 855 Et
1625 815 1690 856 eo
1715 799 1874 854 modo
1895 799 2076 870 dispu-

471 905 734 968 ‘tavimus,
759 911 814 956 ut
835 901 1200 970 si-possemus,
1225 897 1277 952 id
1299 895 1442 968 quod
1467 894 1533 949 de
1554 893 1655 949 hac
1679 909 1740 948 re
1765 893 1956 948 divina:
1977 909 2073 948 au-

483 995 716 1052 ctoritati
757 993 954 1048 subditi
983 989 1352 1056 credebamus,
1385 989 1542 1043 etiam
1574 987 1639 1042 ad
1671 986 2074 1058 intelligentiam

475 1095 748 1154 "nostram,
797 1094 1048 1155 quantum
1091 1081 1403 1138 disserendo
1439 1080 1736 1150 opitulante
1767 1079 1875 1134 Deo
1919 1094 2077 1150 agere

477 1193 782 1250 possemus,
813 1177 950 1236 ratio
972 1174 1302 1231 considerata
1325 1181 1376 1228 et
1397 1181 1621 1226 tractata
1653 1169 1985 1241 perduceret.
2013 1169 2078 1225 Et

483 1269 986 1344 quoniam‘constitit
1001 1270 1140 1324 inter
1155 1281 1274 1330 nos,
1297 1265 1578 1337 diligenter
1591 1266 1796 1330 ratione
1813 1263 2072 1332 discussa,

483 1340 682 1422 malum
713 1381 818 1420 non
842 1340 1082 1419 exortum
1105 1361 1208 1416 nisi
1233 1375 1299 1416 ex
1329 1360 1493 1414 libero
1515 1358 1800 1414 voluntatis
1831 1357 2073 1424 arbitrio;

481 1463 594 1513 tres
614 1457 732 1512 libri
759 1469 890 1526 quos
907 1453 1092 1510 eadem
1115 1452 1403 1523 disputatio
1423 1452 1644 1522 peperit,
1664 1449 1912 1520 appellati
1928 1458 2072 1514 sunt,

484 1547 552 1603 de
577 1545 768 1602 Libero
797 1545 1052 1601 Arbitrio.
1085 1543 1322 1612 Quorum
1353 1542 1648 1600 secundum
1687 1549 1740 1596 et
1780 1541 1992 1596 tertium
2021 1542 2074 1597 in

480 1637 680 1704 Africa,
702 1637 810 1708 jam
833 1637 991 1694 etiam
1011 1635 1452 1708 Hippone-Regio
1475 1633 1754 1706 presbyter
1775 1633 2069 1703 ordinatus,

479 1734 618 1791 sicut
641 1733 960 1805 tunc'potui,
985 1734 1284 1790 terminavi.

548 1829 604 1884 2.
633 1829 690 1884 In
723 1829 804 1884 his
839 1829 989 1884 libris
1022 1829 1092 1883 ita
1119 1828 1292 1884 multa
1313 1827 1540 1884 disserta
1571 1837 1716 1892 sunt,
1751 1833 1809 1880 ut
1833 1825 2074 1882 inciden-

481 1929 566 1978 tes
594 1922 862 1978 nonnulla:
887 1923 1229 1992 quzestiones,
1253 1937 1384 1991 quas
1410 1920 1494 1976 vel
1522 1919 1754 1975 enodare
1786 1933 1892 1976 non
1925 1927 2076 1990 pote-

483 2026 622 2078 ram,
654 2012 736 2068 vcl
765 2013 974 2083 longam
1004 2011 1504 2068 sermocinationem
1533 2011 1586 2066 in
1630 2011 1878 2081 praesenti
1903 2013 2076 2082 requi-

481 2103 693 2170 rebant,
723 2103 796 2160 ita
826 2103 1188 2170 differrentur,
1217 2112 1274 2158 ut
1308 2120 1374 2158 ex
1403 2112 1628 2174 utraque
1671 2113 1840 2174 parte,
1877 2104 1962 2158 vel
2005 2120 2072 2160 ex

483 2195 729 2250 omnibus
758 2195 1066 2252 earumdem
1095 2197 1443 2266 quaestionum
1485 2193 1743 2264 partibus,
1787 2195 1840 2249 in
1879 2196 2071 2264 quibus

492 2300 599 2342 non
624 2287 910 2357 apparebat
937 2287 1064 2356 quid
1089 2287 1262 2356 potius
1291 2293 1610 2356 congrueret
1633 2287 1862 2348 veritati,
1881 2286 1946 2340 ad
1971 2285 2071 2340 hoc

483 2385 664 2434 tamen
693 2379 1026 2434 ratiocinatio
1063 2389 1244 2434 nostra
1266 2378 1696 2446 concluderetur,
1717 2387 1774 2432 ut
1799 2377 2073 2448 quodlibet

481 2484 670 2528 eorum
697 2487 882 2526 verum
913 2477 1076 2540 esset,
1121 2470 1412 2526 laudandus
1437 2469 1766 2536 crederetur,
1799 2469 1884 2524 vel
1909 2470 2070 2524 etiam

478 2564 850 2622 ostenderetur
876 2565 1036 2618 Deus.
1066 2563 1291 2633 Propter
1309 2579 1404 2618 eos
1425 2563 1620 2633 quippe
1653 2561 1940 2633 disputatio
1981 2563 2070 2618 illa

479 2661 727 2726 suscepta
753 2661 856 2723 est,
880 2655 970 2724 qui
998 2661 1212 2725 negant,
1243 2669 1306 2708 ex
1337 2652 1506 2708 libero
1533 2653 1822 2708 voluntatis
1850 2653 2069 2708 arbitrio
2095 2725 2098 2728 _

485 2747 612 2802 mali
632 2747 892 2817 originem
934 2745 1077 2812 duci,
1109 2755 1164 2802 et
1209 2745 1396 2810 Deum,
1435 2745 1478 2799 si
1530 2744 1600 2798 ita
1627 2753 1726 2812 est,
1773 2753 2068 2802 creatorem

482 2838 720 2894 omnium
751 2847 1060 2892 naturarum
1081 2835 1404 2906 culpandum
1425 2851 1545 2892 esse
1574 2835 1902 2892 contendunt
1945 2855 1956 2890 :
2003 2853 2069 2892 eo

478 2932 642 2990 modo
687 2931 931 2990 volentes
973 2929 1267 2988 secundum
1324 2945 1435 2986 suae
1483 2930 1769 3001 impietatis
1829 2945 2068 2987 errorem

483 3024 792 3100 (Μειδίοὴωὶ
837 3027 980 3082 enim
1023 3023 1192 3097 sunt),
1245 3024 1630 3080 immutabilem
1675 3025 1960 3094 quamdam
2015 3033 2068 3082 et

477 3118 590 3174 Deo
616 3127 938 3175 coaeternam
969 3117 1308 3174 introducere
1345 3116 1470 3170 mali
1497 3124 1758 3170 naturam.
1809 3117 1880 3169 De
1897 3117 2066 3186 gratia

481 3224 612 3266 vero
637 3211 752 3278 Dei,
784 3225 888 3282 qua
914 3223 1041 3264 suos
1079 3207 1278 3264 electos
1317 3207 1393 3262 sic
1432 3205 1851 3277 praedestinavit,
1897 3217 1950 3260 ut
1983 3222 2068 3260 eo-

477 3309 620 3362 rum,
643 3295 732 3365 qui
744 3295 853 3367 jam
883 3295 937 3350 in
966 3295 1044 3350 eis
1065 3301 1284 3348 utuntur
1308 3291 1477 3348 libero
1501 3291 1740 3358 arbitrio,
1769 3291 1882 3360 ipse
1905 3291 2064 3346 etiam

477 3397 746 3461 pmparet
770 3387 1095 3454 voluntates,
1125 3385 1258 3440 nihil
1279 3386 1332 3440 in
1355 3385 1440 3440 his
1466 3383 1616 3440 libris
1641 3383 1966 3454 disputatum
1984 3393 2066 3440 est

473 3488 696 3552 prapter
741 3478 840 3535 hoc
871 3479 1140 3550 preposita
1171 3477 1464 3548 quaestione
1497 3476 1535 3528 ι.
1567 3475 1669 3531 Ubi
1717 3485 1894 3530 autem
1935 3476 2066 3530 inci-

474 3572 556 3630 dit
583 3573 733 3630 locus
757 3581 814 3628 ut
836 3573 994 3642 hujus
1007 3571 1191 3642 gratiae
1211 3569 1368 3627 fieret
1394 3568 1852 3635 commemoratio,
1885 3575 2061 3622 trans-

477 3673 670 3723 eunter
703 3673 1117 3724 commemorata
1145 3671 1264 3730 est;
1301 3677 1429 3730 non,
1459 3663 1611 3732 quasi
1643 3659 1766 3716 inde
1795 3672 2060 3731 ageretur,

475 3771 700 3830 Oper-osa
737 3757 1141 3812 ratiocinatione
1179 3753 1419 3812 defensa.
1449 3754 1608 3808 Aliud
1639 3761 1721 3808 est
1747 3754 1888 3809 enim
1911 3769 2060 3824 quae-

473 3864 616 3918 rere,
643 3849 783 3906 unde
802 3851 874 3906 sit
893 3849 1091 3904 malum
1113 3865 1128 3916 ;
1160 3857 1213 3904 et
1241 3847 1384 3904 aliud
1414 3854 1498 3902 est
1525 3862 1787 3918 quaerere,
1811 3847 1950 3902 unde
1978 3861 2063 3902 rc-

471 3941 664 3999 deatur
684 3941 752 3996 ad
777 3943 1080 4012 pristinum,
1103 3940 1188 3996 vel
1201 3941 1269 3994 ad
1289 3939 1460 4009 majus
1475 3940 1814 4010 perveniatur
1841 3939 2058 3994 bonum.

545 4033 599 4088 5.
627 4032 959 4104 Quapropter
987 4031 1110 4087 novi
1137 4030 1380 4086 lit-cretici
1407 4030 1693 4099 Pelagiani,
1723 4031 1812 4100 qui
1837 4030 2059 4085 liberum

470 4125 550 4182 sic
573 4133 820 4181 asserunt
857 4123 1144 4180 voluntatis
1182 4123 1480 4194 arbitrium,
1511 4134 1567 4179 ut
1605 4125 1790 4196 gratiae
1833 4126 1926 4180 Dei
1957 4141 2061 4181 non

469 4215 776 4288 relinquant
801 4215 999 4283 locum,
1021 4215 1448 4286 quandoquidem
1480 4231 1597 4271 eam
1627 4216 1918 4272 secundum
1945 4233 2060 4273 mc-

471 4307 574 4365 rita
603 4315 784 4366 nostra
809 4307 924 4362 dari
951 4317 1216 4374 asserunt,
1248 4323 1352 4363 non
1393 4324 1451 4364 se
1471 4308 1752 4375 extollant,
1781 4309 1930 4379 quasi
1964 4325 2060 4364 eo-

469 4413 592 4456 rum
617 4399 818 4472 egerim
845 4413 1092 4466 causam;
1116 4401 1240 4470 quia
1273 4400 1440 4456 multa
1471 4399 1522 4456 in
1547 4400 1628 4454 his
1653 4399 1804 4456 libris
1837 4400 1944 4455 dixi
1965 4415 2061 4471 pro

469 4493 642 4552 libero
677 4493 918 4558 arbitrio,
957 4509 1078 4565 qua:
1115 4493 1253 4550 illius
1277 4493 1656 4563 disputationis
1687 4509 1845 4548 causa
1877 4509 2063 4565 posce-

467 4585 582 4645 bat.
611 4587 730 4642 Dixi
759 4587 955 4658 quippe
973 4588 1028 4642 in
1050 4587 1184 4644 libro
1210 4589 1405 4658 primo,
1437 4587 1718 4642 malefacta
1737 4587 1940 4658 justitia
1967 4589 2058 4642 Dei

468 4678 759 4748 vindicari;
792 4687 846 4735 et
883 4679 1097 4736 addidi:
1129 4679 1252 4735 Non
1296 4681 1427 4734 enim
1467 4681 1610 4750 juste
1647 4679 2053 4748 vindicarentur,

467 4769 571 4830 nisi
605 4773 782 4844 ﬁerent
821 4771 1076 4828 voluntate
1112 4771 1258 4846 (Lib.
1288 4774 1342 4840 1,
1374 4789 1420 4826 c.
1457 4772 1510 4838 1,
1543 4789 1596 4825 n.
1631 4769 1720 4844 1).
1775 4771 1904 4826 ltem
1935 4788 2056 4827 cum

466 4865 640 4942 ipim
673 4867 867 4924 bonam
905 4867 1228 4924 voluntatem
1268 4875 1376 4921 tam
1409 4880 1656 4936 magnam
1703 4865 1898 4920 bonum
1941 4881 2059 4921 esse

465 4969 844 5028 monstrarem,
885 4967 946 5016 ut
981 4959 1228 5016 omnibus
1253 4958 1526 5030 corporeis
1551 4965 1606 5012 et
1631 4957 1864 5011 externis
1905 4957 2059 5014 bonis

465 5055 661 5116 merito
681 5061 1114 5124 anteponeretur,
1145 5051 1254 5107 dixi
1277 5049 1458 5106 :Vides
1479 5050 1634 5122 igitur
1645 5051 1776 5120 jam,
1805 5059 1858 5102 ut
1883 5051 2057 5104 existi-

469 5161 574 5214 mo,
610 5146 666 5200 in
703 5145 955 5201 voluntate
993 5151 1168 5198 nostra
1206 5159 1311 5198 esse
1351 5142 1696 5208 constitutum,
1743 5149 1796 5193 ut
1839 5141 1930 5195 hoc
1973 5143 2054 5198 vel

467 5235 704 5308 fruantur
741 5238 818 5292 vel
861 5251 1124 5292 careamus
1171 5243 1309 5290 tanto
1343 5245 1390 5289 et
1431 5241 1536 5287 tam
1563 5248 1676 5287 vero
1713 5232 1841 5286 bono
1881 5247 1898 5285 :
1939 5233 2059 5302 quid

469 5327 606 5386 enim
623 5335 726 5384 tam
749 5329 804 5384 in
829 5331 1084 5386 voluntate
1105 5345 1258 5401 quam
1281 5329 1398 5400 ipsa
1415 5328 1646 5382 voluntas
1669 5327 1766 5381 sita
1791 5327 1899 5380 est?
1925 5325 1978 5398 (Ι
1981 5329 2056 5392 d.,

471 5439 518 5477 c.
549 5419 636 5490 42,
663 5437 719 5475 n.
747 5419 865 5492 26.)
905 5423 974 5478 Et
999 5424 1103 5478 alio
1127 5425 1280 5479 loco:
1313 5423 1448 5489 Quid
1473 5439 1589 5494 ergo
1631 5437 1800 5478 causte
1835 5431 1926 5490 est,
1963 5423 2050 5476 in-

471 5527 646 5586 quam,
672 5529 763 5568 cur
788 5513 1118 5568 dubitandum
1143 5525 1391 5587 putemus,
1423 5517 1572 5570 etiam
1595 5517 1639 5570 si
1667 5531 1926 5588 nunquam
1943 5523 2060 5569 ante

471 5605 724 5675 sapientes
773 5605 984 5674 fuimus,
1030 5607 1286 5662 voluntate
1311 5625 1401 5662 nos
1447 5617 1610 5664 tamen
1657 5608 1964 5663 laudabilem
2013 5617 2060 5662 et

473 5695 671 5756 beatam
704 5699 1143 5768 vitam,voluntate
1183 5709 1376 5771 turpem
1417 5711 1462 5758 et
1500 5704 1735 5758 miseram
1779 5703 1960 5758 mereri
1999 5718 2060 5756 ac

466 5831 904 5957 φιςᾙξιῶἓέξιυοι
934 5847 1045 5888 cum
1079 5843 1178 5888 Am.
1215 5842 1268 5890 et
1297 5841 1390 5901 tua,
1415 5843 1608 5904 propter
1621 5837 1747 5892 hanc
1771 5835 2062 5904 propositam

1572 385 2200 457 acreacrthon
2233 397 2296 456 s.
2338 401 2700 460 AUGUSTINI

3663 413 3776 474 ’596

2183 519 2395 592 degere?
2428 521 2561 590 (Id.,
2603 541 2648 578 c.
2695 525 2781 588 15,
2824 543 2874 580 n.
2911 525 3025 600 28).
3055 529 3188 586 Item
3217 530 3319 587 alio
3369 533 3488 590 loco
3525 535 3651 592 2E1:
3675 555 3776 597 auo

2180 613 2470 682 conﬁcitur,
2507 617 2742 688 inquam,
2781 629 2838 672 ut
2872 621 3095 692 quisquis
3141 634 3272 679 recte
3316 625 3614 699 honesteque
3671 633 3778 688 vult

2177 705 2356 773 vivere,
2381 707 2426 761 si
2447 708 2501 761 id
2519 727 2571 763 se
2607 711 2730 765 velle
2753 729 2859 780 prta
2887 713 3148 786 fugacibus
3173 721 3318 773 rebus
3347 721 3462 774 velit
3483 737 3503 786 ;
3530 741 3772 797 assequa-

2181 805 2260 889 tur
2291 807 2480 852 tantam
2525 817 2631 855 rem
2659 813 2796 857 tanta
2821 803 3080 876 facilitate,
3109 819 3164 862 ut
3203 811 3332 864 nihil
3357 813 3498 866 aliud
3525 817 3592 882 ei,
3621 835 3774 889 quam

2177 887 2344 958 ipsum
2383 893 2526 959 velle,
2563 895 2626 947 sit
2666 895 2844 950 habere
2869 899 3002 967 quod
3036 901 3190 954 voluit
3230 902 3363 974 (ld.,
3393 923 3444 958 η.
3473 905 3586 978 29).
3619 887 3774 966 ltem~

2177 993 2282 1050 quc
2307 983 2431 1037 alibi
2477 985 2582 1038 dixi
2619 1004 2632 1040 :
2667 985 2780 1040 Hoc
2819 991 2949 1043 enim
2993 1002 3180 1046 (eterna
3230 995 3311 1050 lca:
3356 998 3469 1064 illa,
3527 1003 3593 1054 ad
3629 1005 3772 1074 cujus

2165 1075 2626 1132 considerationem
2655 1081 2816 1135 redire
2848 1084 2960 1152 jam
3001 1093 3196 1155 tempus
3237 1099 3329 1156 est,
3377 1092 3774 1150 incommutabili

2179 1166 2446 1222 stabilitate
2470 1171 2708 1238 ﬁrmarit,
2735 1183 2786 1226 ut
2813 1175 2866 1227 in
2895 1175 3148 1232 voluntate
3189 1183 3420 1238 nteritum
3450 1185 3549 1250 sit;
3577 1187 3628 1240 in
3658 1189 3772 1242 ὁρας-

2179 1258 2318 1312 litate
2374 1271 2537 1314 rmtcm
2595 1273 2644 1317 ct
2695 1267 2892 1319 miseria
2947 1271 3209 1338 praemium
3267 1283 3415 1345 atque
3467 1277 3770 1348 supplicium

2179 1348 2313 1422 (Id.,
2357 1371 2402 1407 c.
2449 1355 2534 1421 ii,
2569 1373 2620 1409 η.
2655 1356 2765 1430 50).
2789 1357 2862 1412 Et
2893 1360 2997 1414 alio
3027 1362 3175 1417 loco:
3204 1363 3360 1434 Quid,
3383 1369 3608 1438 inquam,
3636 1373 3772 1442 quis-

2177 1461 2274 1517 que
2291 1448 2580 1502 sectandum
2599 1459 2646 1504 ct
2671 1451 3073 1522 atttplectendttm
3097 1456 3268 1528 eligat,
3297 1461 3351 1513 in
3381 1462 3633 1516 voluntate
3657 1481 3768 1520 esse

2179 1539 2398 1606 positum
2435 1541 2650 1594 constitit
2680 1540 2814 1612 (Ιώ,
2846 1561 2890 1597 c.
2931 1545 3023 1613 16,
3058 1563 3110 1600 n.
3145 1548 3258 1620 51).
3313 1550 3377 1604 Et
3417 1551 3471 1606 in
3511 1551 3645 1608 libro
3683 1570 3769 1611 se-

2177 1631 2351 1686 cundo
2379 1649 2391 1683 :
2427 1631 2592 1688 Homo
2615 1635 2746 1688 enim
2766 1637 2892 1708 ipse,
2917 1638 3142 1708 inquam,
3173 1641 3226 1695 in
3247 1653 3489 1712 quantum
3509 1647 3655 1701 homo
3676 1657 3768 1718 est,

2176 1724 2382 1795 aliquod
2411 1726 2593 1780 bonum
2637 1737 2742 1794 est,
2785 1731 2904 1800 quia
2943 1741 3071 1786 recte
3107 1735 3266 1788 vivere
3308 1753 3424 1791 cum
3451 1739 3574 1806 vult,
3613 1751 3776 1812 potest

2181 1817 2315 1890 (Lib.
2343 1819 2398 1886 2,
2431 1837 2474 1872 c.
2513 1823 2562 1888 1,
2597 1821 2748 1894 η.2).
2781 1823 2846 1878 Et
2879 1825 2984 1878 alio
3013 1825 3131 1882 loco
3164 1825 3272 1882 dixi
3307 1848 3320 1884 :
3353 1829 3506 1884 Recte
3533 1833 3640 1900 ﬁeri
3669 1852 3770 1890 non

2175 1927 2338 1980 posse,
2373 1912 2471 1964 nisi
2497 1913 2670 1966 eodem
2706 1914 2858 1968 libero
2891 1917 3158 1972 voluntatis
3201 1919 3410 1975 arbitrio
3441 1921 3574 1994 (Id.,
3601 1943 3646 1978 c.
3679 1927 3766 1992 18,

2175 2017 2226 2054 n.
2259 2001 2372 2074 4⁸7).
2399 2003 2459 2057 Et
2483 2004 2532 2058 in
2555 2004 2690 2060 libro
2720 2007 2908 2062 tertio:
2933 2007 3066 2075 Quid
3085 2027 3210 2080 opus
3236 2022 3327 2078 est,
3356 2015 3579 2082 inquam,
3612 2014 3773 2088 quteri

2173 2093 2308 2147 unde
2335 2097 2426 2149 iste
2443 2105 2603 2150 motus
2623 2101 2824 2168 cxistat,
2855 2117 2954 2172 quo
2983 2101 3216 2158 voluntas
3239 2107 3478 2161 avertitur
3497 2110 3558 2162 ab
3579 2111 3773 2166 incom-

2174 2191 2404 2244 mutabili
2427 2190 2556 2245 bono
2577 2194 2644 2246 ad
2663 2195 3011 2250 commutabile
3036 2195 3218 2252 bonum
3237 2215 3256 2263 ;
3277 2217 3391 2253 cum
3415 2219 3524 2256 cum
3553 2221 3654 2258 non
3672 2207 3772 2262 nisi

2173 2284 2346 2349 animi,
2381 2293 2428 2338 et
2461 2285 2817 2354 voluntarium,
2845 2297 2888 2341 et
2913 2289 2973 2342 ob
3013 2290 3106 2343 hoc
3132 2293 3432 2360 culpabilem
3467 2313 3575 2350 esse
3599 2299 3766 2366 fatea-

2174 2393 2286 2430 mur
2319 2395 2336 2431 :
2366 2379 2624 2450 omnisque
2651 2381 2713 2434 de
2738 2381 2832 2435 hac
2863 2399 2916 2436 re
2946 2383 3217 2454 disciplina
3243 2387 3381 2442 utilis
3411 2389 3478 2442 ad
3504 2389 3556 2444 id
3583 2391 3764 2461 valeat,

2173 2477 2228 2521 ut
2248 2485 2303 2522 eo
2329 2477 2464 2524 motu
2484 2471 2764 2542 improbata
2781 2483 2927 2544 atque
2949 2475 3183 2543 cohibito,
3213 2479 3520 2536 voluntatem
3545 2495 3768 2538 nostram

2171 2563 2241 2615 ad
2272 2565 2629 2634 perfruendnm
2655 2567 2958 2638 sempiterno
2985 2569 3133 2634 bono,
3165 2587 3196 2623 a
3224 2571 3368 2642 lapsu
3409 2577 3762 2644 temporalium

2173 2660 2550 2712 convertamus?
2571 2655 2700 2731 (Lib.
2733 2661 2785 2727 5,
2815 2676 2860 2713 c.
2893 2661 2943 2727 1,
2969 2677 3019 2714 n.
3047 2660 3126 2734 2.)
3149 2661 3215 2716 Et
3238 2664 3340 2718 alio
3365 2664 3516 2720 loco:
3547 2667 3764 2740 Optime,

2171 2749 2396 2819 inquam,
2439 2752 2500 2804 de
2546 2761 2592 2805 te
2621 2753 2799 2808 veritas
2837 2753 3044 2820 clamat,
3087 2755 3208 2810 Non
3245 2759 3375 2812 enim
3409 2777 3578 2830 posses
3623 2764 3768 2819 aliud

2171 2841 2353 2895 sentire
2379 2851 2483 2896 esse
2503 2843 2554 2896 in
2584 2851 2826 2914 potestate
2857 2856 3045 2913 nostra,
3069 2847 3167 2901 nisi
3193 2851 3346 2920 quod,
3371 2867 3486 2906 cum
3511 2853 3765 2925 volumus,

2172 2935 2404 3003 facimus.
2437 2933 2758 3005 Quapropter
2778 2935 2908 2990 nihil
2927 2947 3028 2992 tam
3051 2939 3101 2992 in
3128 2949 3300 2994 nostra
3320 2953 3591 3012 potestate,
3615 2963 3764 3016 quam

2169 3025 2280 3097 ipsa
2303 3027 2549 3092 voluntas,
2581 3037 2668 3082 est.
2701 3030 2776 3083 Ea
2805 3031 2932 3084 enim
2957 3047 3161 3102 prorsus
3181 3035 3320 3088 nullo
3339 3035 3620 3104 intervallo,
3647 3055 3766 3094 mox

2169 3131 2222 3173 ut
2247 3122 2494 3184 volumus,
2522 3131 2702 3192 prccsto
2717 3132 2790 3177 est
2820 3123 2952 3196 (Id.,
2978 3122 3023 3177 ε’.
3053 3126 3104 3190 5,
3141 3143 3192 3179 n.
3217 3127 3294 3196 7).
3325 3125 3454 3183 [tem
3482 3130 3583 3184 alio
3606 3131 3758 3186 loco:

2172 3211 2233 3266 Si
2249 3215 2376 3266 enim
2396 3223 2448 3270 tu
2475 3213 2720 3280 laudaris,
2749 3217 2973 3287 inquam,
2999 3218 3210 3272 videndo
3227 3220 3349 3290 quid
3371 3225 3538 3292 facere
3559 3223 3760 3292 debeas,

2168 3322 2282 3360 cum
2313 3307 2364 3360 id
2389 3325 2488 3362 non
2514 3307 2700 3373 videas,
2729 3311 2829 3364 nisi
2853 3313 2902 3365 in
2923 3311 3011 3367 illo
3037 3315 3652 3385 quiestincommutabilis
3681 3338 3765 3376 ve-

2167 3397 2327 3460 ritas;
2355 3410 2542 3468 quanto
2585 3399 2745 3470 magis
2775 3401 2860 3455 ille
2889 3403 2976 3472 qui
3003 3414 3049 3457 e:
3091 3407 3214 3461 velle
3253 3411 3511 3480 prarcepit,
3541 3419 3585 3464 et
3618 3429 3766 3482 posse

2169 3491 2398 3560 prtebuit,
2425 3499 2470 3545 et
2491 3509 2590 3562 npn
2617 3493 2824 3562 impune
2845 3493 2976 3547 nolle
3003 3499 3268 3564 permisit?
3289 3499 3487 3556 Deinde
3515 3503 3761 3573 subjunxi

2166 3585 2350 3640 dicens
2384 3605 2396 3640 :
2430 3587 2492 3640 Si
2515 3587 2644 3641 enim
2677 3588 2770 3642 hoc
2812 3589 2952 3643 debet
2979 3591 3182 3660 quisque
3210 3595 3344 3664 quod
3367 3595 3577 3665 accepit,
3605 3606 3651 3650 et
3685 3596 3761 3652 sic

2167 3677 2315 3730 homo
2342 3679 2506 3748 factus
2536 3689 2626 3746 est,
2651 3689 2705 3734 ut
2734 3683 3010 3736 necessario
3039 3695 3221 3752 peccet,
3257 3683 3350 3738 hoc
3379 3685 3520 3740 debet
3546 3695 3600 3740 ut
3641 3703 3760 3759 pec-

2166 3779 2259 3825 cet.
2290 3769 2415 3825 Cum
2438 3787 2553 3843 ergo
2583 3783 2774 3842 peccat,
2812 3774 2946 3844 quod
2975 3773 3132 3841 debet,
3165 3775 3285 3845 facit
3314 3793 3332 3831 :
3367 3779 3500 3849 quod
3522 3780 3566 3833 si
3601 3781 3763 3838 scelus

2167 3863 2465 3928 estdicere;
2510 3865 2758 3918 neminem
2799 3879 2980 3920 natura
3023 3883 3116 3922 sua
3157 3869 3288 3940 cogit
3336 3879 3392 3923 ut
3435 3881 3600 3940 peccet
3623 3870 3757 3945 (Id.,

2166 3971 2212 4009 c.
2247 3955 2330 4020 16,
2363 3973 2414 4009 η.
2451 3955 2561 4028 16).
2615 3957 2679 4011 Ει
2719 3958 2910 4012 iterum
2942 3977 2954 4012 :
3001 3957 3127 4024 Qum
3171 3960 3374 4015 tandem
3413 3979 3521 4042 esse
3555 3966 3755 4035 poterit,

2165 4047 2391 4116 inquam,
2424 4059 2540 4102 ante
2565 4050 2867 4104 voluntatem
2891 4067 3044 4105 causa
3075 4051 3385 4108 voluntatis?
3412 4055 3512 4108 Aut
3549 4059 3684 4110 enim
3711 4065 3758 4110 ct

2165 4139 2278 4211 ipsa
2302 4142 2530 4194 voluntas
2557 4150 2626 4196 est
2641 4159 2659 4207 ;
2682 4152 2726 4195 ct
2753 4159 2782 4194 a
2811 4143 2982 4196 radice
3013 4143 3110 4197 ista
3137 4143 3405 4199 voluntatis
3433 4163 3534 4200 non
3563 4148 3755 4201 recedi-

2166 4241 2248 4286 tur
2277 4249 2294 4287 :
2320 4243 2405 4286 aut
2435 4250 2534 4286 non
2579 4243 2648 4288 est
2691 4235 2955 4298 voluntas;
2992 4245 3038 4288 et
3067 4248 3324 4306 peccatum
3353 4237 3549 4291 nullum
3588 4238 3751 4292 habet.

2165 4322 2265 4376 Aut
2301 4324 2450 4392 igitur
2475 4325 2703 4377 voluntas
2725 4333 2794 4376 cst
2816 4325 2979 4394 prium
3009 4341 3163 4378 causa
3193 4325 3471 4396 peccandi;
3509 4337 3598 4380 aut
3635 4326 3756 4382 nul-

2167 4413 2273 4468 lum
2299 4425 2555 4486 peccatum
2597 4423 2668 4470 est
2709 4417 2872 4486 prima
2911 4433 3068 4470 causa
3111 4418 3398 4486 peccandi:
3427 4435 3516 4472 nec
3553 4429 3628 4473 est
3667 4420 3754 4474 cui

2163 4517 2296 4561 recte
2327 4508 2598 4575 imputetur
2641 4515 2898 4578 peccatum
2942 4509 3038 4562 nisi
3076 4509 3319 4579 peccanti.
3369 4507 3486 4564 Non
3528 4527 3646 4582 ergo
3683 4519 3758 4566 est

2163 4599 2245 4654 cui
2285 4609 2411 4652 recte
2441 4599 2712 4667 imputetur
2753 4599 2850 4652 nisi
2878 4599 3060 4652 volenti
3097 4601 3114 4630 ί
3155 4597 3291 4668 (Id.,
3323 4615 3367 4652 c.
3410 4601 3495 4666 17,
3543 4617 3594 4652 n.
3629 4598 3744 4672 49).

2165 4689 2232 4746 Et
2259 4691 2412 4761 paulo
2439 4700 2556 4760 post
2585 4711 2597 4746 :
2633 4689 2776 4755 Quis,
2808 4693 3032 4762 inquam,
3067 4700 3239 4760 peccat
3265 4691 3318 4744 in
3347 4707 3402 4744 eo
3427 4690 3562 4762 quod
3603 4691 3744 4744 nullo

2164 4786 2312 4838 modo
2338 4786 2500 4838 caveri
2522 4787 2718 4856 potest?
2752 4783 3002 4840 Peccatur
3040 4795 3207 4839 autent
3231 4801 3249 4840 :
3275 4785 3435 4839 caveri
3460 4785 3614 4856 igitur
3643 4793 3753 4854 pot-

2165 4887 2233 4931 est
2261 4875 2369 4949 (ld.
2401 4893 2443 4928 ε.
2477 4877 2563 4943 18,
2593 4895 2645 4930 n.
2675 4875 2787 4948 50).
2819 4875 2934 4943 Quo
2965 4877 3270 4932 testimonio
3292 4891 3410 4932 meo
3441 4878 3492 4931 in
3520 4877 3750 4948 quodam

2163 4969 2299 5024 libro
2339 4983 2434 5022 suo
2455 4969 2698 5040 Pelagius
2725 4987 2850 5025 usus
2874 4979 2972 5024 est.
2999 4970 3097 5025 Cui
3125 4969 3264 5026 libro
3293 4985 3412 5024 eum
3441 4970 3749 5040 rCSpondis-

2164 5075 2297 5125 sem,
2329 5061 2538 5116 titulum
2563 5061 2682 5116 libri
2711 5063 2951 5118 mcicsse
2967 5062 3128 5128 volui,
3153 5063 3220 5116 de
3249 5061 3444 5116 Natura
3471 5071 3524 5118 et
3545 5061 3748 5118 Gratia.

2234 5154 2286 5208 4.
2317 5151 2372 5206 in
2401 5153 2484 5208 his
2509 5163 2666 5223 atque
2695 5153 2994 5224 hujusmodi
3027 5153 3200 5209 verbis
3225 5154 3380 5220 meis,
3410 5155 3532 5224 quia
3569 5153 3744 5224 gratia

2163 5247 2258 5302 Dei
2287 5257 2701 5304 commemorata
2747 5264 2854 5303 non
2891 5257 2992 5314 est,
3030 5247 3098 5302 de
3124 5263 3224 5318 qua
3253 5257 3380 5303 tunc
3419 5263 3526 5302 non
3554 5247 3750 5318 ageba-

2165 5347 2268 5405 tur,
2299 5349 2486 5410 putant
2523 5339 2808 5411 Pelagiani,
2832 5341 2916 5395 vel
2945 5348 3130 5410 putare
3157 5347 3398 5410 possunt,
3447 5354 3601 5394 suam
3640 5353 3740 5392 nos

2163 5434 2399 5488 tenuisse
2420 5435 2756 5489 sententiam.
2775 5433 2880 5490 Sed
2899 5431 3096 5488 frustra
3123 5434 3224 5489 hoc
3255 5441 3458 5504 putant.
3491 5431 3750 5487 Voluntas

2153 5527 2362 5597 quippe
2397 5533 2479 5581 est
2505 5541 2607 5596 qua
2653 5535 2708 5582 et
2745 5536 3016 5598 peccatur,
3065 5537 3118 5580 et
3142 5535 3290 5582 recte
3327 5525 3524 5580 vivitur
3555 5543 3567 5578 :
3605 5523 3746 5594 quod

2167 5617 2252 5673 his
2283 5619 2456 5674 verbis
2495 5619 2722 5690 egimus.
2763 5618 3019 5674 Voluntas
3033 5633 3161 5689 ergo
3195 5619 3306 5689 ipsa
3337 5617 3441 5674 nisi
3461 5617 3555 5672 Dei
3581 5617 3752 5688 gratia

2229 5775 2248 5809 ι
2269 5781 2378 5845 Lor.
2397 5783 2450 5826 et
2463 5775 2781 5845 φάθι-ουτω
2796 5775 2891 5828 nisi
2909 5776 3149 5845 voluntati.
3171 5777 3261 5845 sed
3281 5777 3448 5845 verius
3475 5781 3574 5845 Am.
3597 5779 3754 5845 etEr.,

2434 5837 2545 5902 (aliis
2583 5839 2858 5902 plerisque,
2892 5837 2988 5890 nisi
3011 5839 3184 5902 volenti
3247 5840 3448 5902 namsic
3467 5839 3615 5902 etiam
3635 5843 3752 5888 Lor.

2167 5899 2255 5952 lib.
2275 5900 2309 5950 5
2320 5901 2384 5952 de
2397 5901 2567 5952 Libero
2584 5897 2868 5954 Arbitrio.-¥-
2883 5908 2957 5952 Er.
2977 5901 3139 5968 Guill.,
3157 5897 3344 5965 volenti,
3363 5901 3415 5954 in
3435 5901 3674 5980 margine.
3685 5903 3748 5974 at.
