4116 6366
454 302 561 366 597

455 425 716 483 liberetur
745 440 772 479 a
796 423 1072 487 servitute,
1100 436 1203 493 qua
1235 420 1370 475 facta
1414 428 1496 489 est
1540 436 1694 477 serva
1742 422 1965 491 peccati,
1999 430 2053 477 et

458 530 517 577 ut
542 519 666 575 vitia
693 528 927 589 superet,
967 516 1276 586 adjuvetur;
1313 526 1455 571 recte
1488 516 1674 587 pieque
1706 515 1808 569 vivi
1840 530 1867 568 a
1901 532 2047 569 mor-

459 610 655 666 talibus
698 626 804 665 non
852 618 1044 679 potest.
1083 608 1145 661 Et
1193 608 1293 662 hoc
1334 607 1568 662 divinum
1598 607 1911 663 beneficium
1943 623 2049 678 quo

460 704 737 769 liberatur,
774 704 873 757 nisi
907 717 1023 757 eam
1059 702 1392 771 praeveniret,
1421 699 1528 769 jam
1569 700 1770 754 meritis
1800 700 1916 769 ejus
1952 698 2051 754 da-

464 807 633 863 retur,
669 805 722 851 et
766 812 869 849 non
901 804 1043 850 esset
1082 795 1269 863 gratia,
1300 810 1417 865 qua:
1459 795 1638 864 utique
1684 794 1847 864 gratis
1875 794 2048 847 datur.

459 887 612 955 Quod
647 888 701 942 in
725 886 842 941 aliis
870 886 1138 957 opusculis
1168 886 1364 941 nostris
1392 887 1519 939 satis
1548 887 1770 955 egimus,
1797 887 1924 941 inl’lS
1952 887 2050 940 ini-

458 984 629 1038 micps
654 981 811 1052 lmjus
828 982 1011 1051 gratia:
1030 997 1195 1035 novos
1216 981 1492 1035 lueretiens
1511 980 1813 1034 rel'ellcntes
1831 998 2053 1049 ;,qnam-

466 1076 613 1129 viset
636 1075 684 1127 in
710 1073 789 1127 bis
820 1073 1091 1143 libris,qui
1122 1089 1227 1127 non
1251 1084 1432 1127 centra
1466 1071 1583 1126 illos
1607 1070 2052 1142 omnino,quippe

462 1167 535 1222 illi
578 1167 809 1220 nondum
850 1176 1021 1233 erant,
1062 1165 1155 1219 sed
1192 1174 1372 1219 contra
1420 1165 1735 1218 Maniclrros
1764 1166 2051 1233 conscripti

462 1269 605 1327 Sunt,
638 1261 703 1315 de
736 1261 924 1315 Libero
952 1260 1213 1326 Arbitrio;
1254 1276 1356 1313 non
1390 1258 1696 1312 tnnnimtulo
1731 1257 1797 1312 dc
1828 1256 1927 1311 ista
1961 1256 2051 1311 Dei

458 1353 628 1424 gratia
674 1352 1000 1417 reticuimus,
1033 1368 1190 1422 quam
1238 1348 1461 1404 nefanda
1502 1350 1771 1418 impietate
1798 1358 2056 1403 Conantur

459 1443 694 1498 auferre.
730 1444 966 1498 Diximus
996 1445 1188 1514 quippe
1221 1444 1269 1497 in
1295 1442 1528 1497 secundo
1558 1441 1711 1509 libro,
1747 1460 1848 1496 non
1883 1443 2052 1496 solum

460 1550 674 1602 magna,
707 1535 799 1589 sed
835 1536 991 1589 etiam
1020 1535 1235 1588 minima
1279 1533 1414 1589 bona
1447 1550 1549 1587 non
1583 1549 1703 1589 esse
1746 1549 1920 1603 posse,
1954 1533 2054 1586 nisi

459 1630 528 1682 ab
562 1630 651 1684 illo
681 1644 707 1682 a
736 1645 839 1698 quo
866 1638 985 1683 sont
1008 1627 1183 1681 omnia
1208 1628 1365 1691 bona,
1398 1626 1497 1681 hoc
1520 1635 1618 1693 est,
1650 1628 1777 1681 Deo.
1806 1627 1871 1680 Et
1895 1616 2054 1697 paulo

460 1731 582 1791 post
614 1739 627 1775 :
666 1720 917 1785 Virtutes,
956 1721 1191 1790 inquam,
1235 1719 1413 1789 quibus
1453 1729 1584 1772 recte
1626 1719 1823 1785 vivitur,
1875 1736 2057 1789 magna

458 1813 592 1868 bona
616 1824 731 1868 sunt
766 1831 782 1868 :
822 1815 1007 1884 species
1047 1824 1213 1869 autem
1253 1815 1584 1880 quorumlibet
1631 1829 1920 1883 corporum,
1950 1814 2056 1866 sine

456 1909 640 1979 quibus
665 1918 793 1962 recte
819 1909 913 1962 vivi
934 1918 1109 1978 potest,
1128 1909 1333 1962 minima
1358 1907 1487 1962 bona
1504 1920 1618 1963 sunt
1640 1928 1656 1965 :
1689 1910 1921 1980 potentia:
1946 1925 2056 1961 vero

462 2004 645 2068 animi,
689 2004 795 2058 sine
835 2005 1011 2073 quibus
1048 2014 1175 2057 recte
1214 2005 1307 2058 vivi
1350 2023 1449 2059 non
1494 2017 1674 2077 potest,
1718 2008 1881 2061 media
1926 2006 2057 2061 bona

463 2102 600 2147 sunt.
636 2092 910 2149 Virtutibus
938 2112 1080 2148 nemo
1108 2096 1238 2149 male
1264 2096 1419 2151 utitur
1439 2113 1456 2151 :
1475 2099 1664 2152 ca’teris
1694 2109 1860 2151 autem
1890 2098 2053 2167 bonis,

466 2186 519 2238 id
548 2195 619 2240 est
649 2187 825 2240 mediis
848 2197 893 2240 et
912 2188 1150 2253 minimis,
1172 2205 1271 2242 non
1297 2190 1457 2243 solum
1480 2190 1618 2255 bene,
1643 2192 1731 2244 sed
1753 2193 1899 2243 etiam
1928 2195 2057 2245 male

461 2280 670 2349 quisque
708 2280 779 2331 uti
810 2290 989 2351 potest.
1038 2276 1104 2334 Et
1138 2280 1249 2334 ideo
1279 2282 1458 2335 virtute
1500 2299 1644 2336 nemo
1691 2284 1822 2336 male
1864 2284 2056 2341 utitur:

461 2372 581 2441 quia
608 2389 733 2441 opus
761 2373 953 2425 virtutis
975 2382 1045 2428 est
1076 2374 1235 2429 bonus
1274 2390 1398 2429 usus
1436 2375 1668 2442 istorum,
1697 2376 1877 2447 quibus
1905 2378 2056 2431 etiam

466 2481 567 2517 non
595 2465 715 2519 bene
747 2467 818 2519 uti
841 2482 1104 2535 possumus
1136 2483 1153 2522 :
1191 2484 1334 2521 nemo
1372 2478 1535 2523 autem
1558 2470 1679 2524 bene
1698 2471 1901 2538 utendo,
1928 2472 2058 2527 male

463 2559 645 2611 utitur.
670 2556 836 2624 Quare
856 2559 1163 2614 abundantia
1178 2570 1225 2615 et
1240 2564 1536 2633 magnitudo
1561 2564 1795 2619 bonitatis
1819 2564 1931 2635 Dei,
1956 2583 2057 2621 non

462 2650 629 2706 solum
668 2668 872 2725 magna,
912 2653 1000 2708 sed
1040 2656 1187 2709 etiam
1234 2657 1399 2712 media
1439 2667 1485 2710 et
1522 2660 1731 2712 miniata
1775 2662 1904 2715 bona
1953 2679 2058 2717 esse

463 2748 718 2817 praestitit.
762 2747 932 2819 Magis
978 2750 1237 2804 laudanda
1265 2761 1336 2805 est
1362 2752 1563 2806 bonitas
1596 2755 1704 2824 ejus
1734 2756 1785 2807 in
1834 2758 2054 2826 magnis,

462 2855 616 2910 quam
656 2840 709 2893 in
735 2841 944 2906 mediis;
972 2852 1019 2895 et
1054 2844 1215 2913 magis
1258 2845 1312 2896 in
1342 2844 1536 2910 mediis,
1575 2863 1727 2915 quam
1756 2848 1809 2900 in
1839 2849 2060 2904 minimis

462 2931 607 2986 bonis
636 2948 654 2985 :
681 2932 769 2986 sed
795 2935 954 3004 magis
983 2934 1035 2989 in
1063 2935 1311 3003 omnibus,
1349 2954 1497 3009 quam
1540 2939 1584 2993 si
1627 2955 1727 2993 non
1763 2941 1932 2994 omnia
1962 2943 2057 2995 tri-

461 3024 650 3078 buisset
678 3024 811 3096 (Lib.
840 3025 894 3093 2,
923 3042 967 3079 c.
1004 3026 1090 3093 19,
1121 3044 1172 3080 η.
1196 3026 1308 3099 50).
1336 3028 1401 3081 Ει
1427 3029 1532 3083 alio
1550 3029 1668 3084 loco
1693 3048 1705 3084 :
1741 3029 1815 3085 Tu
1838 3040 2053 3101 tantum,

461 3114 691 3186 inquam,
722 3118 956 3187 pietatem
981 3119 1329 3174 inconcussam
1356 3129 1463 3174 tene
1490 3122 1527 3185 ¹,
1559 3130 1611 3174 ut
1637 3123 1831 3177 nullum
1858 3124 1943 3177 tibi
1972 3127 2057 3179 bo-

462 3226 607 3275 num,
641 3211 715 3264 vel
740 3212 990 3277 sentienti,
1021 3211 1098 3267 vel
1122 3212 1437 3285 intelligenti,
1466 3214 1542 3268 vel
1571 3232 1768 3285 quoquo
1796 3220 1942 3270 modo
1972 3234 2058 3271 co-

460 3304 644 3373 gitanti
673 3314 923 3370 occurrat,
943 3308 1076 3374 quod
1102 3322 1200 3359 non
1222 3306 1285 3360 sit
1309 3323 1371 3360 ex
1388 3305 1513 3360 Deo.
1546 3306 1779 3377 itemque
1804 3310 1909 3362 alio
1938 3310 2057 3364 loco

464 3394 575 3449 dixi
606 3414 619 3451 :
652 3394 757 3452 Sed
803 3399 1039 3465 quoniam
1080 3417 1179 3454 non
1208 3400 1336 3454 sicut
1360 3412 1537 3472 sponte
1566 3402 1713 3455 homo
1745 3403 1939 3469 cecidit,
1986 3404 2059 3458 ita

468 3488 617 3541 etiam
641 3499 816 3560 sponte
856 3508 1058 3563 surgere
1105 3502 1304 3564 potest;
1348 3504 1629 3567 porrectam
1664 3495 1803 3547 nobis
1842 3496 2058 3567 desuper

463 3581 722 3636 dexteram
742 3583 857 3650 Dei,
879 3585 933 3638 id
950 3594 1019 3640 est
1038 3584 1312 3641 Dominum
1331 3597 1556 3643 nostrum
1579 3584 1755 3643 Iesum
1777 3587 2052 3657 Christum,

463 3671 616 3739 ﬁrma
645 3674 747 3744 ﬁde
774 3684 1027 3730 teneamus
1055 3676 1189 3748 (Id.,
1215 3695 1261 3731 c.
1294 3678 1383 3745 20,
1417 3696 1468 3734 n.
1501 3677 1613 3753 54).

538 3767 591 3821 5.
638 3768 701 3821 Ει
742 3768 795 3823 in
836 3769 972 3825 libro
1003 3771 1175 3834 tertio,
1210 3788 1331 3827 cum
1373 3772 1626 3828 dixissem
1676 3774 1824 3841 illud,
1862 3790 1966 3845 quo
2005 3784 2059 3830 et

465 3859 734 3931 Pelagium
762 3863 830 3919 de
868 3865 1001 3919 meis
1026 3866 1293 3935 Opusculis
1324 3881 1477 3921 usum
1522 3866 1685 3923 fuisse
1729 3883 2058 3924 commemo-

467 3956 603 4021 ravi,
640 3956 765 4021 Quis
792 3959 941 4023 enim,
970 3960 1197 4030 inquam,
1241 3970 1411 4029 peccat
1440 3962 1493 4014 in
1522 3978 1577 4015 eo
1607 3965 1742 4029 quod
1769 3962 1910 4017 nullo
1941 3979 2054 4018 mo-

466 4046 535 4099 do
563 4050 726 4102 caveri
754 4052 953 4118 potest?
985 4049 1234 4105 Peccatur
1262 4062 1429 4105 autem
1454 4055 1653 4107 :caveri
1678 4054 1833 4125 igitur
1859 4064 2057 4127 potest;

466 4138 720 4193 continuo
759 4149 974 4196 secutus
1000 4142 1214 4212 atljunxi
1258 4160 1271 4195 :
1312 4142 1378 4195 Et
1408 4152 1571 4197 tamen
1599 4146 1751 4198 etiam
1781 4162 1869 4214 per
1906 4147 2055 4217 igno-

464 4231 686 4283 rantiam
710 4230 844 4300 facta
868 4234 1099 4304 quazdam
1128 4234 1495 4304 improbantur,
1529 4244 1573 4289 et
1595 4238 1890 4307 corrigenda
1904 4239 2055 4310 judi-

466 4331 679 4387 cantur;
710 4324 839 4378 sicut
864 4326 915 4378 in
946 4326 1126 4380 divinis
1149 4328 1530 4382 auctoritatibus
1562 4328 1790 4399 legimus.
1818 4330 1897 4384 Ait
1924 4332 2057 4385 enim

466 4415 759 4483 Apostolus,
799 4436 817 4467 ‹
850 4418 1252 4474 Misericordiam
1280 4432 1573 4477 consecutus
1592 4440 1733 4490 sum,
1771 4426 1889 4495 quia
1912 4426 2057 4496 igno-

464 4524 586 4561 rans
610 4511 705 4572 feci
734 4530 752 4561 ι
784 4510 848 4580 (1
883 4510 1011 4564 Tim.
1044 4529 1081 4576 ι,
1111 4511 1240 4586 15);
1278 4515 1348 4568 ait
1387 4525 1435 4569 et
1468 4518 1713 4586 prapheta
1742 4534 1759 4571 :
1804 4536 1821 4569 ‹
1857 4517 2056 4573 Delicta

459 4600 742 4671 juventutis
763 4620 887 4658 mete
907 4614 950 4658 et
972 4606 1271 4676 ignorantia:
1298 4623 1423 4662 niew
1442 4625 1504 4662 ne
1520 4610 1803 4665 memineris
1832 4628 1851 4662 ι
1881 4609 2052 4683 (Psal.

466 4702 616 4761 xxiv,
648 4693 723 4767 7).
767 4696 903 4752 Sunt
925 4699 1077 4752 etiam
1109 4702 1400 4755 necessitate
1426 4702 1564 4771 facta
1586 4704 1936 4773 improbanda,
1971 4707 2055 4760 ubi

464 4789 573 4842 vult
603 4789 752 4843 homo
780 4802 912 4845 recte
948 4792 1113 4860 facere
1159 4805 1203 4846 et
1238 4811 1336 4848 non
1384 4807 1561 4866 potest.
1612 4798 1751 4853 Nam
1780 4801 1911 4855 unde
1940 4810 2056 4855 sunt

470 4879 578 4935 illte
602 4898 744 4936 voces
776 4899 794 4936 :
826 4901 844 4934 ‹
882 4884 1001 4938 Non
1030 4888 1158 4939 cnim
1190 4890 1323 4956 quod
1351 4890 1485 4956 volo,
1532 4892 1664 4962 facio
1707 4895 1920 4955 bonum;
1968 4897 2056 4949 sed

466 4974 600 5043 quod
626 4976 710 5028 odi
741 4978 949 5043 malum,
981 4980 1075 5032 hoc
1109 4997 1224 5051 ago.
1262 4999 1280 5033 ι
1317 4981 1385 5035 Et
1411 4983 1543 5038 illud
1571 5001 1588 5037 :
1624 5004 1643 5037 ‹
1689 4986 1826 5040 Velle
1858 4989 2055 5058 adjacet

465 5066 629 5129 mihi;
657 5070 894 5137 perﬁcere
913 5081 1077 5124 autem
1106 5071 1309 5139 bonum,
1342 5092 1442 5129 non
1468 5095 1487 5128 ι
1511 5076 1684 5147 (Rom.
1709 5094 1802 5144 vn,
1833 5081 1917 5141 15,
1943 5080 2050 5151 18).

468 5158 536 5213 Et
565 5161 698 5215 illud
732 5179 748 5216 :
781 5182 799 5213 ι
835 5163 965 5217 Caro
996 5168 1302 5234 concupiscit
1333 5169 1570 5224 adversus
1614 5173 1867 5239 spiritum,
1901 5175 2054 5242 spiri-

469 5261 548 5305 tus
575 5264 741 5306 autem
767 5256 1006 5309 adversus
1042 5274 1262 5311 carnem.
1315 5259 1437 5314 Haec
1465 5263 1596 5315 enim
1626 5264 1835 5318 invicem
1871 5267 2052 5320 adver-

465 5352 661 5408 santur,
695 5354 748 5395 ut
774 5362 871 5399 non
902 5362 959 5400 ea
981 5364 1092 5418 qua:
1118 5350 1286 5416 vultis,
1312 5352 1551 5421 faciatis?
1584 5372 1601 5405 ι
1635 5353 1825 5423 (Galat.
1860 5374 1907 5415 v,
1942 5359 2051 5427 l7.)

467 5432 573 5487 Sed
602 5434 710 5487 haec
737 5437 906 5491 omnia
934 5441 1191 5494 hominum
1216 5452 1332 5495 sunt
1360 5459 1422 5497 ea:
1448 5444 1537 5497 illa
1567 5447 1738 5499 mortis
1769 5449 2055 5504 damnatio-

465 5541 527 5577 ne
554 5525 874 5580 venientium.
918 5529 1055 5584 Nam
1079 5533 1123 5585 si
1162 5550 1258 5588 non
1283 5541 1356 5588 est
1386 5536 1481 5589 ista
1510 5553 1653 5605 paena
1698 5539 1931 5605 hominis,
1969 5543 2055 5596 sed

463 5628 682 5685 natura;
717 5620 859 5675 nulla
890 5625 987 5679 ista
1015 5637 1217 5697 peccata
1242 5637 1375 5682 sunt.
1421 5629 1482 5685 Si
1508 5631 1639 5685 enim
1680 5650 1779 5688 non
1809 5635 2053 5691 receditur

526 5780 546 5815 ⁸
561 5790 665 5835 Mss.
694 5794 916 5849 quttuor,
942 5784 1112 5849 putate
1130 5783 1411 5841 inconcussa
1434 5794 1557 5841 tene.

1799 305 2005 362 LIBER
2041 302 2316 362 PRIMUS.

3638 311 3746 373 598

2160 421 2223 475 ab
2251 436 2308 474 eo
2334 420 2482 475 modo
2508 436 2607 492 quo
2629 422 2930 480 naturaliter
2958 428 3121 497 factus
3144 433 3237 494 est,
3266 425 3340 482 ita
3368 436 3421 481 ut
3442 429 3618 485 melius
3643 448 3749 488 esse

2160 529 2262 567 non
2288 514 2474 581 possit;
2500 530 2555 568 ca
2582 531 2693 586 qua:
2717 514 2877 585 debet,
2900 510 3040 589 facit,
3064 533 3178 572 cum
3207 517 3313 573 haec
3341 518 3478 592 facit.
3505 520 3565 577 Si
3580 524 3747 578 aulam

2156 600 2317 661 bonus
2339 607 2486 661 homo
2509 618 2654 675 esset,
2684 607 2833 663 aliter
2861 620 3021 676 esset;
3048 626 3179 665 nunc
3208 622 3373 667 autem
3402 614 3519 685 quia
3544 614 3616 669 ita
3652 626 3747 683 est,

2160 716 2261 753 non
2288 711 2358 754 est
2380 702 2556 768 bonus,
2591 719 2677 755 nec
2714 699 2857 757 habet
2901 705 2952 757 in
2991 714 3233 776 potestate
3266 716 3320 759 ut
3347 706 3505 763 bonus
3533 710 3614 774 sit,
3647 710 3750 763 sive

2160 809 2259 846 non
2286 794 2497 847 videndo
2524 794 2687 865 qualis
2718 814 2820 851 esse
2841 797 3036 865 debeat,
3065 798 3165 851 sive
3192 792 3404 854 videndo
3443 804 3488 855 e‘t
3514 816 3615 855 non
3656 817 3746 856 va-

2161 885 2307 939 lendo
2349 903 2453 940 esse
2480 887 2677 952 qualem
2721 896 2771 941 se
2808 880 2985 963 debere
3013 906 3117 944 esse
3154 890 3302 943 videt.
3350 890 3560 946 Poenam
3596 892 3747 948 istam

2161 996 2264 1033 esse
2290 979 2398 1051 quis
2422 981 2652 1035 dubitet?
2686 976 2861 1037 Omnis
2886 994 3049 1036 autem
3076 1000 3239 1050 poma,
3265 984 3307 1036 si
3338 985 3483 1056 justa
3505 994 3596 1050 est,
3630 1003 3747 1053 pec—

2161 1071 2261 1123 cati
2301 1088 2447 1141 paena
2474 1083 2562 1135 est,
2599 1083 2641 1125 ct
2669 1074 2973 1144 supplicium
3016 1076 3321 1129 nominatur.
3376 1074 3436 1130 Si
3474 1086 3641 1129 autem
3669 1079 3750 1131 in-

2154 1162 2299 1236 jusla
2339 1182 2484 1233 poma
2526 1176 2613 1231 est,
2662 1168 2897 1235 quoniam
2948 1186 3145 1239 plenam
3177 1185 3280 1223 esse
3324 1184 3466 1223 nemo
3509 1170 3752 1241 ambigit;

2161 1255 2353 1325 injuste
2400 1257 2567 1326 aliqua
2618 1258 2904 1311 dominante
2945 1260 3133 1312 homini
3168 1261 3399 1331 imposita
3444 1272 3534 1314 est.
3590 1260 3752 1317 Porro

2162 1348 2280 1412 quia
2313 1349 2373 1401 de
2405 1348 2763 1418 ontuipolentia
2793 1347 2888 1404 Dei
2931 1360 2973 1403 ct
3007 1352 3208 1421 justiiia
3257 1352 3481 1406 dubitare
3511 1352 3752 1407 dementis

2164 1447 2255 1504 est,
2275 1439 2415 1509 jus-ta
2446 1440 2550 1491 ha'c
2576 1457 2721 1510 paena
2752 1451 2841 1501 est,
2869 1451 2911 1493 ct
2941 1460 3031 1513 pro
3065 1452 3264 1512 peccato
3286 1442 3455 1513 aliquo
3491 1443 3749 1513 penditur.

2169 1528 2287 1583 Non
2318 1533 2447 1584 enim
2478 1532 2738 1602 quisquam
2784 1534 2999 1603 injustas
3039 1534 3342 1604 dominator,
3374 1549 3462 1590 aut
3491 1538 3752 1607 subripere

2164 1622 2413 1677 hominem
2442 1625 2596 1695 potuit
2628 1630 2756 1678 velut
2788 1627 3039 1695 ignoranti
3067 1626 3191 1694 Deo,
3222 1640 3307 1682 aut
3353 1636 3641 1700 extorquere
3666 1631 3749 1685 in-

2163 1716 2282 1781 vito,
2311 1724 2547 1787 tanquam
2576 1718 2882 1786 invalidiori,
2914 1720 2989 1772 vel
3014 1722 3241 1774 terrendo
3268 1722 3343 1777 vel
3368 1724 3685 1794 conﬂigendo
3705 1725 3746 1791 ί,

2164 1817 2217 1862 ut
2240 1808 2487 1862 hominem
2513 1810 2701 1882 injusta
2737 1828 2883 1881 paena
2910 1814 3172 1867 cruciaret.
3210 1812 3525 1885 Relinquitur
3551 1830 3666 1887 ergo
3693 1823 3748 1868 ut

2165 1902 2271 1957 lucc
2298 1922 2442 1972 paena
2471 1904 2615 1975 justa
2654 1905 2715 1959 de
2743 1905 3064 1958 damnatione
3092 1908 3305 1959 hominis
3333 1908 3493 1960 veniat
3522 1906 3659 1977 (Lib.
3690 1907 3746 1975 ὅ,

2164 2012 2209 2049 c.
2246 1995 2330 2061 18,
2362 2012 2448 2049 nn.
2483 1995 2569 2060 50,
2599 1996 2711 2068 5i).
2738 1998 2801 2051 Et
2832 1998 2938 2051 alio
2976 1998 3130 2052 loco:
3172 1988 3480 2069 z‘lpprobare,
3516 2000 3750 2072 inquam,

2163 2089 2296 2160 falsa
2327 2105 2417 2159 pro
2438 2089 2566 2143 veris
2594 2102 2644 2142 ut
2677 2101 2805 2144 erret
2842 2084 3046 2156 invitus,
3082 2094 3125 2145 et
3164 2094 3421 2147 resistente
3448 2102 3596 2163 atque
3644 2102 3751 2147 tor-

2163 2193 2341 2253 quente
2366 2181 2541 2239 dolore
2569 2186 2588 2215 ²
2614 2184 2832 2239 carnalis
2861 2186 3063 2253 vinculi,
3094 2190 3194 2239 non
3236 2203 3381 2256 posse
3402 2203 3432 2239 a
3473 2187 3753 2240 libidinosis

2164 2274 2396 2345 Oper-ibus
2422 2286 2714 2348 temperare,
2749 2294 2848 2331 non
2874 2286 2944 2330 cst
2971 2287 3151 2332 natura
3174 2278 3389 2332 instituti
3411 2279 3644 2342 hominis,
3664 2279 3752 2332 sed

2166 2382 2313 2436 poma
2340 2366 2588 2420 damnati.
2637 2367 2758 2421 Cum
2794 2378 2960 2422 autem
2990 2370 3049 2422 de
3090 2369 3245 2423 libera
3279 2369 3298 2401 ³
3331 2370 3583 2424 voluntate
3622 2381 3754 2425 recte

2164 2458 2381 2529 faciendi
2422 2460 2693 2531 loquimur,
2728 2463 2787 2515 de
2818 2463 2908 2517 illa
2950 2466 3139 2519 scilicet
3183 2466 3235 2519 in
3272 2481 3371 2537 qua
3401 2466 3549 2521 homo
3585 2466 3752 2536 factus

2164 2562 2256 2619 est,
2283 2551 2532 2623 loquimur
2562 2548 2746 2624 (Ibid.,
2782 2572 2831 2607 n.
2858 2552 2966 2627 52).

2236 2643 2288 2697 6.
2320 2644 2453 2699 Ecce
2484 2652 2587 2698 tam
2621 2644 2774 2715 longe
2800 2656 3082 2717 antequam
3111 2647 3389 2718 Pelagiana
3411 2650 3631 2706 haeresis
3651 2667 3748 2706 ex-

2165 2734 2404 2799 Stitisset,
2434 2737 2509 2791 sic
2535 2738 2939 2807 disputavimus,
2971 2741 3114 2796 velut
3135 2743 3243 2811 jam
3270 2752 3451 2798 contra
3494 2745 3611 2800 illos
3633 2745 3747 2800 dis.

2165 2835 2493 2895 putaremus.
2518 2827 2645 2883 Cum
2676 2831 2817 2884 enim
2844 2832 3020 2886 omnia
3050 2833 3188 2887 bona
3217 2832 3520 2889 dicerentur
3536 2851 3599 2890 ex
3618 2836 3747 2903 Deo,

2168 2916 2219 2972 id
2247 2928 2327 2971 est
2350 2928 2401 2972 et
2433 2936 2639 2990 magna,
2674 2930 2727 2975 et
2756 2923 2950 2988 media,
2982 2933 3034 2977 et
3064 2925 3279 2979 minima
3306 2943 3318 2980 :
3344 2927 3395 2981 in
3424 2927 3613 2983 mediis
3632 2929 3752 2998 qui-

2165 3008 2288 3063 dem
2332 3010 2483 3064 llOlliS
2532 3012 2799 3067 invenitur
2845 3014 3069 3070 liberum
3111 3016 3400 3073 volUnlatis
3449 3020 3747 3083 arbitrium,

2165 3102 2287 3170 quia
2317 3111 2368 3155 et
2408 3101 2547 3157 male
2591 3104 2680 3157 illo
2723 3106 2796 3159 uti
2827 3122 3138 3176 possumus;
3173 3109 3266 3164 sed
3299 3118 3472 3165 tamen
3503 3111 3606 3165 tale
3645 3121 3746 3177 est,

2166 3199 2223 3245 ut
2252 3191 2365 3247 sine
2406 3193 2494 3248 illo
2542 3202 2687 3250 recte
2730 3197 2911 3253 vivere
2958 3214 3302 3269 nequeamus.
3350 3201 3527 3257 Bonus
3572 3209 3749 3257 autem

2164 3300 2291 3339 usus
2310 3285 2540 3355 cjusjam
2559 3287 2725 3341 virtus
2741 3294 2842 3355 est,
2867 3306 2983 3360 qua:
3007 3291 3055 3344 in
3076 3292 3279 3362 magnis
3296 3294 3557 3363 reperitur
3568 3294 3745 3361 bonis,

2164 3376 2355 3445 quibus
2385 3378 2520 3432 male
2544 3379 2616 3432 uti
2650 3379 2827 3433 nullus
2862 3389 3053 3451 potest.
3091 3381 3159 3436 Et
3197 3384 3318 3453 quia
3363 3384 3540 3439 omnia
3584 3384 3744 3452 bona,

2166 3466 2518 3523 sicutdictum
2546 3479 2646 3535 est,
2679 3479 2731 3526 et
2762 3488 2970 3542 magna,
2997 3480 3049 3527 ct
3095 3466 3286 3541 media,
3320 3486 3371 3529 et
3417 3476 3635 3530 minima
3679 3492 3745 3532 ex

2164 3550 2277 3614 Deo
2304 3570 2461 3626 sunt;
2501 3562 2758 3632 sequitur,
2789 3572 2848 3618 ut
2884 3566 2948 3618 ex
2992 3562 3099 3619 Deo
3134 3566 3202 3619 sit
3228 3567 3384 3620 etiam
3418 3567 3587 3621 bonus
3619 3583 3747 3622 usus

2163 3651 2346 3708 libera:
2375 3644 2677 3721 voluntatis,
2711 3674 2828 3727 queo
2848 3658 3017 3713 virtus
3039 3669 3137 3726 est,
3172 3669 3224 3716 et
3253 3661 3305 3715 in
3328 3663 3530 3733 magnis
3561 3678 3748 3719 nume-

2163 3755 2310 3803 ratur
2333 3748 2506 3803 bonis.
2534 3746 2734 3807 Deinde
2769 3751 2966 3807 dictum
2995 3761 3093 3819 est,
3118 3770 3179 3809 ex
3221 3771 3322 3825 qua
3362 3757 3575 3811 miseria
3618 3772 3747 3828 pec-

2164 3839 2405 3894 cantibus
2436 3839 2729 3910 justissimc
2771 3844 2988 3913 inﬂicta,
3022 3831 3209 3901 liberet
3251 3847 3344 3902 Dei
3386 3850 3575 3919 gratia,
3626 3851 3745 3919 quia

2164 3941 2355 4002 sponte
2395 3933 2573 3999 homo,
2607 3936 2656 3990 id
2709 3948 2789 3993 est
2830 3937 2999 3994 libero
3034 3940 3275 4006 arbitrio,
3316 3940 3506 3997 cadere
3551 3944 3740 4012 potuit,

2164 4040 2267 4079 non
2301 4026 2458 4080 etiam
2488 4043 2702 4099 surgere
2728 4047 2739 4082 :
2771 4030 2837 4085 ad
2867 4047 3023 4101 quam
3050 4033 3315 4088 miseriam
3342 4034 3501 4104 justas
3520 4034 3743 4090 damna-

2163 4115 2323 4170 tionis
2352 4118 2580 4186 pertinet
2609 4118 2901 4190 ignorantia
2942 4130 2995 4177 et
3024 4121 3307 4179 difﬁcultas
3327 4167 3339 4190 ,
3369 4140 3524 4194 quam
3552 4125 3749 4195 patitur

2162 4207 2337 4263 omnis
2379 4209 2538 4264 homo
2565 4210 2631 4263 ab
2654 4213 2870 4269 exordio
2901 4215 3184 4270 nativitatis
3221 4229 3365 4279 sua};
3401 4230 3497 4270 nec
3537 4217 3604 4272 ab
3641 4217 3743 4272 isto

2162 4300 2322 4367 malo,
2348 4303 2450 4356 nisi
2476 4302 2567 4358 Dei
2585 4306 2771 4373 gratia,
2791 4307 3069 4377 quisquam
3096 4307 3350 4363 liberatur
3366 4307 3499 4381 (Lib.
3519 4309 3573 4377 2,
3594 4327 3636 4363 c.
3652 4309 3742 4378 20;

2163 4400 2208 4444 et
2240 4392 2325 4445 lib.
2358 4393 2391 4447 5
2417 4436 2430 4458 ,
2455 4411 2500 4446 c.
2532 4394 2616 4463 18)
2648 4413 2841 4466 :quam
2876 4397 3142 4452 miseriam
3166 4399 3431 4472 Pelagiani
3462 4402 3645 4455 nolunt
3678 4418 3745 4457 ex

2157 4483 2299 4554 justa
2329 4485 2665 4543 damnatione
2687 4486 3030 4558 descendere,
3061 4501 3312 4563 negantes
3338 4494 3591 4565 originale
3619 4511 3745 4565 pec-

2162 4587 2339 4633 catum
2365 4598 2377 4631 :
2407 4582 2647 4650 quamvis
2672 4583 2967 4653 ignorantia
3008 4594 3061 4639 et
3088 4584 3395 4653 difﬁcultas,
3426 4588 3629 4642 etiamsi
3660 4603 3743 4643 es-

2162 4680 2279 4725 sent
2302 4670 2530 4727 liominis
2560 4674 2841 4743 primordia
2872 4676 3125 4731 naturalia
3152 4693 3166 4744 ;
3201 4694 3297 4734 nec
3327 4679 3404 4733 sic
3429 4680 3740 4748 culpandus,

2162 4762 2254 4817 sed
2283 4761 2578 4818 laudandus
2607 4776 2746 4821 esset
2775 4764 2935 4835 Deus,
2968 4769 3101 4823 sicut
3128 4769 3179 4823 in
3207 4768 3393 4825 eodem
3426 4771 3579 4824 tertio
3610 4771 3746 4826 libro

2161 4853 2549 4923 disputavimus
2593 4856 2735 4927 (Lib.
2781 4858 2831 4919 5,
2874 4876 2946 4911 cc.
2987 4858 3076 4924 20,
3119 4860 3178 4914 21
3216 4860 3256 4931 ).
3295 4861 3421 4928 Qua:
3458 4861 3743 4928 dis‘pntatio

2161 4958 2343 4999 contra
2368 4946 2681 5003 Manicluros
2700 4948 2937 5003 habenda
2957 4959 3053 5013 est,
3079 4950 3167 5021 qui
3196 4968 3298 5005 non
3326 4951 3584 5020 accipiunt
3605 4950 3748 5006 Scri-

2162 5045 2341 5105 pturas
2380 5048 2589 5093 sanctas
2638 5040 2839 5095 Veteris
2874 5041 3233 5107 instrumenti,
3264 5043 3311 5095 in
3353 5043 3541 5111 quibus
3581 5044 3741 5111 origi-

2160 5126 2279 5180 nale
2309 5139 2579 5197 peccatum
2608 5141 2875 5195 narratur;
2910 5141 2960 5185 ct
2997 5132 3247 5204 quidquid
3276 5131 3399 5186 inde
3440 5134 3488 5185 in
3533 5132 3749 5188 Litteris

2160 5219 2465 5287 apostolicis
2511 5222 2721 5289 legitur,
2751 5223 3047 5276 detestabili
3087 5224 3409 5293 impudentia
3452 5226 3745 5281 immissum

2161 5308 2324 5367 fuisse
2350 5313 2679 5367 contendunt
2706 5330 2733 5367 a
2758 5316 3155 5383 corruptoribus
3184 5318 3597 5393 Scripturarum,
3631 5328 3746 5373 tan-

2227 5428 2241 5456 ι
2260 5426 2423 5487 Scripti
2446 5427 2609 5490 plures
2636 5441 2690 5477 ac
2718 5429 2946 5490 potiores,
2969 5429 3313 5481 conturbando.

2224 5489 2243 5518 ⁸
2267 5492 2429 5556 in
2447 5488 2649 5556 duabus,
2687 5503 2873 5556 necnon
2910 5488 2956 5541 in
2990 5505 3142 5556 marg.
3180 5503 3278 5543 Am.
3306 5501 3357 5543 et
3376 5500 3471 5555 Et,
3493 5492 3667 5542 calore.
3690 5518 3750 5532 ~—

2161 5555 2235 5599 ΕΓ.
2258 5549 2395 5598 Guill.
2418 5551 2467 5598 iu
2486 5554 2723 5610 margine,
2744 5551 2925 5602 dolore.
2950 5562 3003 5603 tt.

2226 5613 2246 5644 ³
2264 5619 2370 5675 Lov.
2392 5624 2500 5659 cum
2522 5612 2702 5675 aliquot
2724 5620 2851 5674 Mss,
2872 5614 2931 5664 de
2957 5614 3040 5666 illa
3062 5616 3308 5667 aolnnlate.
3346 5620 3489 5667 Abest
3524 5632 3637 5666 vero
3662 5616 3773 5666 illa.

2162 5674 2366 5749 antiorbg
2387 5687 2473 5749 pro
2499 5674 2656 5747 (prim
2674 5676 2735 5749 u~l
2776 5685 2870 5749 ani.
2896 5687 2945 5726 et
2968 5687 3058 5738 Fr,
3083 5679 3249 5749 libera.
3275 5682 3345 5729 sic
3374 5694 3514 5741 porro
3536 5679 3747 5749 lib..5i‘t‘e

2163 5736 2328 5803 cillere
2358 5736 2577 5803 arbitrio,
2602 5736 2739 5803 unite
2776 5740 2865 5787 huc
2888 5736 3218 5792 revocavimus
3258 5736 3443 5793 —-Lov.
3466 5752 3585 5803 rain,
3606 5742 3663 5790 de
3692 5738 3748 5792 li-

2171 5798 2283 5847 bera
2306 5798 2554 5859 voluntate,
2574 5802 2677 5849 sine
2696 5801 2797 5851 ilia.
2834 5808 2890 5852 Μ.
