4116 6366
447 301 554 362 B99

455 432 615 490 qnam
643 431 754 474 non
779 415 942 473 fuerit
967 417 1035 471 ab
1060 411 1330 486 Apostoﬁs
1350 408 1566 466 dictum.
1590 407 1786 464 Contra
1802 405 2034 477 Pelagia-

459 525 562 567 nos
589 518 768 566 autem
795 511 898 565 hoc
921 505 1311 565 defendendum
1339 513 1442 573 est,
1473 501 1614 574 quod
1641 511 1863 571 utraque
1886 499 2032 556 Scri-

457 612 616 678 ptura
641 602 994 668 commendat,
1016 617 1173 674 quam
1199 615 1258 656 se
1291 597 1533 669 accipere
1568 595 1896 666 proﬁtentur.
1921 591 2035 647 Hoc

456 711 594 769 opus
615 697 692 752 sic
717 695 942 770 incipit;
970 693 1068 750 Dic
1091 692 1236 761 mihi,
1267 706 1436 762 quaeso
1465 698 1512 744 te
1529 729 1546 758 ,
1575 697 1745 774 utrum
1775 685 1910 740 Deus
1933 701 2035 741 non

450 789 518 847 sit
541 797 716 845 auctor
731 785 875 844 mali.

1085 874 1310 932 CAPUT
1348 873 1416 929 Χ.

647 971 730 1028 De
749 969 930 1028 Genesi
947 970 1184 1024 adversus
1217 965 1548 1033 Manio/neos,
1573 963 1688 1019 libri
1713 963 1835 1019 duo.

528 1067 583 1121 1.
603 1064 722 1121 Iam
749 1079 874 1120 vero
896 1063 949 1118 in
994 1061 1165 1116 Africa
1199 1059 1545 1125 constitutus,
1571 1056 1760 1127 scripsi
1793 1055 1928 1111 duos
1962 1054 2032 1110 li-

451 1157 581 1213 bros
607 1156 675 1212 de
699 1155 894 1212 Genesi
932 1162 1114 1209 contra
1157 1150 1495 1206 Manichaeos.
1518 1147 1769 1216 Quamvis
1806 1145 1949 1202 enim
1977 1145 2031 1199 in

451 1248 814 1320 superioribus
843 1247 992 1302 libris
1020 1243 1272 1315 quidquid
1297 1242 1579 1312 disputavi,
1604 1239 1745 1296 unde
1784 1238 2033 1295 ostende-

450 1354 569 1396 rem
596 1339 760 1394 Deum
787 1351 994 1393 summe
1021 1335 1219 1390 bonum
1247 1342 1304 1390 et
1325 1332 1708 1388 immutabilem
1733 1341 2032 1387 creatorem

455 1445 576 1487 esse
595 1430 830 1486 omnium
867 1427 1199 1482 mutabilium
1224 1436 1554 1492 naturarum,
1602 1438 1700 1479 nec
1724 1423 1888 1479 ullam
1913 1435 2032 1478 esse

455 1535 700 1581 naturam
724 1523 918 1578 malam
945 1522 962 1553 ⁸
1004 1523 1117 1577 sive
1155 1519 1528 1585 substantiam,
1560 1517 1612 1572 in
1642 1525 1895 1587 quantum
1935 1530 2030 1569 na-

450 1626 570 1673 tura
599 1627 683 1673 est
705 1625 868 1688 atque
892 1614 1204 1682 substantia,
1236 1612 1488 1668 adversus
1514 1609 1830 1666 Manichams
1850 1617 2033 1664 nostra

451 1708 752 1780 invigilaret
775 1708 1035 1774 intentio;
1070 1706 1161 1762 isti
1196 1700 1372 1760 tamen
1397 1702 1503 1758 duo
1540 1701 1661 1758 libri
1697 1700 2031 1770 apertissime

455 1800 713 1856 adversus
742 1812 836 1865 eos
872 1797 997 1854 editi
1037 1802 1163 1852 sunt
1188 1797 1242 1850 in
1269 1792 1633 1850 defensionem
1658 1793 1854 1847 veteris
1879 1791 2029 1860 legis,

453 1907 613 1963 quam
639 1890 942 1947 vehementi
973 1887 1147 1945 studio
1172 1887 1353 1943 vesani
1389 1885 1587 1942 erroris
1615 1891 1940 1955 oppugnant.
1974 1881 2032 1936 ln

453 1985 650 2054 primo,
679 1982 747 2038 ab
788 1997 853 2037 eo
893 1979 1035 2052 quod
1089 1978 1345 2049 scriptum
1382 1985 1486 2045 est,
1516 1975 1582 2030 In
1622 1975 1866 2046 principio
1917 1973 2034 2043 fecit

453 2074 594 2130 Deus
629 2074 806 2128 coelum
835 2081 880 2126 et
908 2081 1092 2126 terram
1117 2069 1270 2142 (Gen.
1301 2085 1341 2137 ι,
1364 2068 1440 2140 1),
1471 2067 1640 2122 donec
1668 2074 1871 2134 septem
1905 2079 2033 2135 per-

458 2175 681 2236 agantur
707 2164 842 2230 dies,
875 2163 964 2218 ubi
996 2163 1191 2233 legitur
1218 2162 1358 2218 Deus
1384 2159 1708 2232 requievisse
1734 2159 1788 2213 in
1827 2157 1913 2214 die
1942 2172 2032 2213 se-

455 2258 642 2328 ptimo.
667 2255 724 2310 ln
753 2254 986 2310 secundo
1021 2263 1219 2322 autem,
1259 2253 1326 2308 ab
1365 2267 1430 2310 eo
1469 2253 1609 2324 quod
1637 2251 1894 2322 scriptum
1927 2259 2032 2318 est,

459 2347 561 2404 Hic
585 2348 706 2401 liber
729 2356 968 2400 creatura:
996 2345 1106 2400 caeli
1132 2355 1177 2399 et
1192 2353 1338 2401 teme
1353 2343 1464 2416 (Id.
1483 2360 1543 2413 ιι,
1574 2341 1652 2418 4),
1675 2343 1844 2398 donec
1865 2341 2036 2397 Adam

457 2449 514 2495 et
538 2437 730 2493 mulier
758 2437 872 2508 ejus
913 2437 1115 2492 dimissi
1150 2444 1273 2492 sunt
1308 2436 1378 2491 de
1418 2435 1685 2505 paradiso,
1716 2443 1770 2490 et
1793 2433 2051 2490 custodia

453 2529 627 2599 posita
655 2535 737 2583 est
759 2528 900 2599 ligno
932 2527 1074 2582 vitaz.
1102 2527 1304 2582 Deinde
1328 2527 1383 2580 in
1411 2525 1516 2581 ﬁne
1545 2525 1685 2591 libri,
1715 2525 1885 2580 errori
1927 2524 2038 2579 Ma-

454 2622 786 2675 nichaeorum
827 2619 984 2675 ﬁdem
1026 2618 1300 2675 catholicae
1332 2617 1570 2673 veritatis
1612 2617 1869 2687 opposui;
1911 2616 2038 2687 quid

453 2716 534 2770 illi
575 2715 772 2778 dicant,
801 2722 855 2768 et
875 2728 972 2768 nos
1020 2711 1146 2784 quid
1183 2712 1451 2780 dicamus,
1488 2711 1720 2768 breviter
1751 2719 2040 2782 aperteque

455 2807 839 2877 complectens.

527 2897 584 2952 2.
626 2897 778 2964 Quod
807 2911 932 2952 vero
962 2895 1090 2961 dixi,
1115 2893 1260 2950 Illud
1299 2902 1468 2949 autem
1490 2910 1593 2949 non
1614 2893 2040 2948 irrationabilium

458 2994 626 3047 avium
645 2994 665 3024 ²
692 2992 866 3046 oculos
915 2990 1108 3062 pascit,
1135 2989 1222 3044 sed
1256 3005 1387 3061 pura
1424 2989 1580 3043 corda
1615 3005 1788 3043 eorunt
1815 2989 1899 3058 qui
1929 2987 2040 3042 Deo

458 3085 688 3149 credunt,
717 3092 764 3140 et
788 3083 848 3135 ab
869 3099 1038 3137 amore
1062 3081 1325 3137 visibilium
1341 3097 1506 3136 rerum
1526 3091 1570 3134 et
1595 3080 1966 3151 temporalium,
1989 3095 2042 3134 se

460 3177 528 3229 ad
550 3177 660 3248 ejus
689 3185 939 3248 praecepta
967 3175 1224 3245 implenda
1247 3183 1535 3229 convertunt
1555 3188 1575 3237 ;
1596 3172 1730 3242 quod
1756 3188 1924 3226 omnes
1945 3172 2042 3226 ho-

460 3269 620 3322 mines
645 3278 871 3339 possunt,
897 3268 939 3320 si
973 3268 1124 3321 velint
1145 3266 1278 3339 (Lib.
1299 3268 1349 3334 1,
1368 3283 1410 3319 c.
1439 3267 1491 3333 5,
1519 3284 1570 3320 n.
1598 3264 1676 3339 6),
1708 3282 1814 3319 non
1854 3267 2040 3320 existi-

460 3369 610 3416 ment
635 3361 757 3416 novi
783 3361 1016 3416 lneretiei
1058 3361 1325 3431 Pelagiani
1362 3361 1651 3416 secundum
1681 3375 1775 3416 eos
1814 3376 1934 3416 esse
1963 3361 2044 3416 di-

461 3462 623 3508 ctum.
661 3452 857 3508 Verum
884 3461 966 3507 est
992 3452 1134 3508 enim
1163 3453 1411 3518 omnino,
1434 3467 1619 3507 omnes
1659 3451 1902 3508 homines
1938 3451 2043 3508 hoc

459 3559 640 3616 posse,
666 3546 709 3599 si
744 3545 946 3612 velint;
975 3543 1070 3600 sed
1108 3553 1435 3616 praeparatur
1469 3543 1710 3599 voluntas
1733 3559 1764 3598 a
1793 3545 2038 3612 Domino,

463 3647 517 3692 et
565 3646 764 3692 tantum
807 3646 1028 3708 augetur
1076 3652 1298 3691 munere
1348 3635 1643 3702 charitatis,
1692 3645 1753 3692 ut
1790 3636 2038 3707 possint:

463 3729 606 3800 quod
637 3729 725 3784 hic
749 3728 868 3784 ideo
889 3727 1089 3784 dictum
1110 3743 1220 3783 non
1249 3735 1350 3792 est,
1383 3728 1630 3797 quoniam
1662 3728 1908 3798 prtesenti
1948 3744 2042 3784 ne-

461 3823 750 3876 cessarium
784 3837 891 3876 non
922 3829 1035 3875 erat
1060 3822 1356 3892 quaestioni.
1388 3819 1542 3887 Quod
1575 3836 1700 3877 vero
1725 3820 1799 3876 ibi
1829 3820 2040 3891 legitur,

459 3912 886 3968 benedictionem
924 3914 1018 3967 Dei
1048 3929 1154 3984 qua
1177 3913 1374 3968 dictum
1413 3924 1512 3979 est,
1544 3913 1757 3970 Crescite
1795 3926 1841 3969 et
1867 3916 2040 3969 multi-

463 4006 722 4079 plicamini
750 4005 900 4079 (Gen.
933 4023 970 4074 ι,
999 4006 1114 4078 28),
1148 4009 1200 4061 in
1229 4007 1496 4062 carnalem
1521 4007 1893 4064 fecunditatem
1923 4018 2044 4080 post

464 4108 740 4171 peccatum
767 4114 1078 4154 conversam
1118 4114 1238 4154 esse
1275 4099 1590 4155 credendam
1617 4099 1750 4172 (Lib.
1779 4102 1832 4169 1,
1869 4117 1916 4154 c.
1951 4101 2039 4168 19,

464 4209 518 4246 n.
543 4193 664 4264 50);
698 4193 743 4248 si
769 4208 874 4247 non
901 4201 1076 4263 potest
1100 4192 1205 4247 alio
1233 4192 1390 4246 modo
1418 4191 1615 4246 dictum
1642 4192 1827 4261 videri,
1850 4194 1950 4248 nisi
1986 4202 2043 4249 ut

463 4293 718 4355 putentur
741 4285 817 4339 illi
847 4285 1088 4340 homines
1113 4300 1218 4340 non
1258 4283 1486 4339 habituri
1511 4284 1678 4341 fuisse
1707 4284 1843 4340 ﬁlios
1872 4286 2042 4340 homi-

462 4390 563 4432 nes
585 4377 684 4431 nisi
712 4385 1040 4446 peccassent,
1067 4376 1284 4432 omnino
1309 4391 1412 4432 non
1442 4377 1696 4447 approbo.
1724 4374 1859 4432 Illud
1881 4378 2038 4434 etiam

463 4483 574 4524 non
619 4476 700 4523 est
742 4483 1096 4538 consequens,
1130 4477 1186 4522 ut
1207 4467 1328 4523 ideo
1358 4468 1679 4538 intelligatur
1706 4467 1758 4522 in
1787 4468 2040 4538 allegoria

463 4559 834 4614 tantummodo
876 4574 995 4614 esse
1022 4559 1406 4629 accipiendum,
1439 4560 1581 4630 quod
1611 4559 1791 4615 herbas
1817 4559 2036 4627 virides,

463 4659 518 4708 et
547 4653 685 4722 ligna
710 4651 977 4706 fructifera
1014 4653 1156 4706 omni
1181 4653 1363 4723 generi
1385 4653 1690 4720 bestiarum,
1718 4662 1773 4709 et
1796 4654 2042 4710 omnibus

463 4744 671 4811 avibus,
701 4752 755 4799 et
777 4745 1020 4799 omnibus
1045 4744 1381 4816 serpentibus
1402 4744 1455 4800 in
1476 4745 1611 4800 libro
1631 4745 1899 4801 Geneseos
1920 4745 2043 4800 dan-

463 4846 552 4893 tur
590 4838 656 4894 ad
698 4838 898 4905 cibum,
930 4839 1050 4909 quia
1077 4849 1200 4893 sunt
1227 4848 1282 4894 et
1322 4838 1688 4909 quadrupedia
1729 4847 1786 4894 et
1809 4839 2041 4894 volatilia

462 4946 582 5000 quae
602 4931 732 4987 solis
755 4931 999 4986 carnibus
1024 4931 1202 4986 vivere
1229 4930 1507 4986 videantur
1535 4929 1664 5002 (Id.,
1681 4947 1728 4984 ο.
1743 4929 1833 4997 20,
1853 4948 1904 4984 η.
1925 4932 2039 5002 51).
2091 4981 2104 4988 -

463 5023 605 5079 Fieri
632 5024 772 5079 enim
803 5032 982 5093 posset
1007 5032 1064 5078 ut
1091 5023 1360 5078 alerentur
1385 5022 1451 5077 ab
1468 5021 1769 5077 hominibus
1793 5022 1950 5077 etiam
1971 5021 2040 5078 de

463 5117 720 5172 fructibus
749 5126 924 5184 terrm,
955 5115 1002 5171 si
1042 5125 1257 5186 propter
1289 5114 1644 5171 obedientiam
1669 5130 1774 5185 qua
1813 5115 1913 5185 ipsi
1939 5113 2039 5170 ho-

463 5208 636 5261 mines
664 5208 773 5262 Deo
811 5208 928 5261 sine
954 5207 1058 5260 ulla
1093 5207 1370 5276 iniquitate
1395 5205 1676 5270 servirent,
1707 5213 2042 5260 mererentur

465 5311 652 5351 omnes
681 5296 880 5352 bestias
901 5307 953 5352 et
982 5311 1110 5352 aves
1141 5297 1286 5352 omni
1316 5296 1474 5352 modo
1499 5296 1699 5352 habere
1724 5296 2037 5353 servientes.

463 5387 596 5443 Item
651 5403 866 5443 movere
925 5399 1098 5459 potest
1149 5389 1414 5460 quomodo
1467 5389 1689 5444 dixerim
1733 5388 1801 5445 de
1845 5389 2042 5460 populo

462 5479 653 5548 Israel,
677 5481 855 5533 Adhuc
885 5483 1138 5553 corporali
1167 5483 1540 5539 circumcisione
1557 5494 1604 5537 et
1626 5483 1908 5553 sacriﬁciis,
1932 5494 2044 5539 tan-

463 5588 614 5642 quam
642 5571 695 5624 in
728 5572 856 5624 mari
889 5574 1105 5642 gentium
1144 5575 1359 5646 populus
1395 5575 1479 5629 ille
1514 5575 1612 5646 legi
1646 5574 1882 5631 seruiebat
1907 5573 2038 5646 (Id.,
2094 5587 2120 5593 "

527 5686 546 5718 ι
566 5693 668 5735 Mss.
686 5695 909 5748 quatuor,
925 5686 1119 5736 malum.

527 5749 546 5777 ³
567 5754 632 5796 tta
786 5757 1080 5810 constanter,
1099 5751 1176 5800 hic
1196 5760 1246 5801 et
1280 5749 1366 5800 lib.
1398 5752 1420 5800 1
1454 5751 1521 5803 de
1545 5757 1662 5802 Gen.
1701 5757 1869 5804 contra
1901 5753 2042 5804 mani-

460 5810 641 5874 chaos,
665 5811 749 5864 ubi
770 5811 880 5861 Edd.
903 5812 1102 5874 habent,
1121 5811 1414 5867 animaliwn.

1569 288 2193 348 RETRACTATIONUM
2230 290 2285 346 S.
2319 287 2683 348 AUGUSTINI

3611 292 3718 355 600

2144 422 2189 460 c.
2219 407 2308 473 25,
2337 423 2389 461 η.
2413 405 2542 479 40);
2574 405 3003 478 quandoquidem
3041 405 3180 478 apud
3203 415 3389 480 gentes
3415 408 3715 471 sacriﬁcare

2144 516 2249 554 non
2278 509 2538 571 poterant,
2567 499 2705 556 sicut
2722 515 2815 556 eos
2844 508 2900 555 et
2923 515 3061 556 nunc
3085 500 3324 556 videmus
3363 501 3480 558 sine
3509 505 3714 559 sacriﬁ-

2141 594 2237 648 ciis
2266 593 2614 659 remansisse;
2641 594 2742 648 nisi
2767 593 2903 649 forte
2930 593 3071 664 quod
3093 609 3188 664 per
3213 593 3416 651 Pascha
3437 595 3716 653 immolant

2141 702 2316 754 ovem,
2351 686 2452 742 hoc
2479 687 2534 741 in
2553 685 2810 742 sacriﬁcio
2847 685 3128 757 deputetur
3151 687 3246 759 (a).

2210 782 2263 834 5.
2294 780 2350 833 ln
2371 779 2603 834 secundo
2625 779 2783 835 etiam
2804 777 2940 835 libro
2965 779 3094 834 illud
3127 779 3270 850 quod
3300 781 3474 850 posui,
3502 783 3716 840 nomine

2139 870 2318 942 pabuli
2338 869 2618 942 signiﬁcari
2644 885 2800 941 posse
2820 870 2981 927 vitam
3007 870 3144 942 (Lib.
3170 871 3224 940 2,
3257 888 3304 925 c.
3331 874 3384 939 5,
3411 889 3465 927 η.
3493 874 3572 944 4),
3594 890 3716 930 cum

2138 961 2373 1016 melioris
2398 960 2848 1032 interpretationis
2885 961 3096 1018 codices
3131 978 3241 1018 non
3271 963 3519 1032 habeant,
3552 967 3714 1036 pabu-

2129 1052 2247 1106 -lum
2263 1051 2425 1120 γεω,
2455 1055 2660 1124 fenum;
2684 1069 2790 1108 non
2810 1054 2940 1109 satis
2976 1063 3099 1124 apte
3129 1054 3330 1109 dictum
3351 1055 3577 1112 videtur.
3598 1056 3714 1113 Non

2138 1143 2281 1199 enim
2308 1143 2551 1214 congruit
2567 1143 2669 1198 feni
2687 1158 2880 1200 nomen
2893 1144 3261 1215 signiﬁcationi
3282 1145 3423 1213 vitae,
3446 1149 3716 1218 quomodo

2139 1235 2335 1306 pabuli.
2362 1235 2491 1290 item
2519 1236 2700 1292 videor
2729 1235 2865 1308 (Id.,
2887 1253 2934 1292 c.
2961 1237 3016 1306 5,
3043 1254 3097 1291 η.
3122 1237 3181 1310 6)
3221 1253 3325 1293 non
3366 1249 3509 1295 recte
3532 1242 3716 1310 appel-

2139 1328 2276 1383 lasse
2297 1328 2456 1383 verba
2485 1328 2794 1400 prophetica
2837 1331 3029 1400 quibus
3057 1330 3310 1400 scriptum
3334 1340 3436 1400 est,
3469 1331 3604 1398 Quid
3631 1351 3716 1388 su-

2140 1419 2299 1489 perbit
2328 1430 2459 1474 terra
2482 1430 2528 1474 et
2547 1421 2672 1475 cinis
2694 1420 2881 1492 (Eccli.
2909 1438 2965 1490 x,
2987 1422 3081 1495 9)?
3103 1423 3226 1494 quia
3252 1439 3358 1479 non
3377 1424 3430 1479 in
3451 1426 3566 1496 ejus
3580 1427 3716 1483 libro

2137 1509 2351 1582 legitur,
2379 1526 2537 1582 quem
2570 1513 2702 1567 certi
2727 1512 2895 1568 simus
2932 1513 3303 1584 appellandum
3337 1530 3457 1571 esse
3481 1517 3716 1588 prophe-

2137 1610 2266 1659 tam.
2296 1602 2407 1659 Nec
2442 1603 2567 1658 illud
2598 1604 2858 1675 Apostoli,
2890 1603 2979 1659 ubi
3008 1605 3226 1660 adhibet
3264 1607 3621 1663 testimonium
3649 1608 3718 1665 de

2140 1695 2356 1765 Genesi,
2385 1696 2588 1763 dicens,
2619 1697 2812 1753 Factus
2839 1707 2912 1753 est
2938 1699 3134 1772 primus
3161 1699 3310 1754 homo
3336 1701 3500 1756 Adam
3526 1702 3579 1756 in
3606 1705 3720 1757 ani-

2143 1803 2279 1841 mam
2321 1788 2560 1842 viventem
2602 1788 2665 1862 (I
2693 1790 2808 1843 Cor.
2838 1806 2930 1855 xv,
2971 1790 3094 1860 45);
3125 1791 3260 1847 sicut
3297 1792 3387 1848 ille
3420 1794 3605 1862 voluit,
3633 1797 3719 1851 in-

2141 1879 2340 1946 tellexi,
2364 1895 2484 1934 cum
2507 1894 2825 1950 exponerem
2846 1881 2986 1951 quod
3007 1883 3263 1952 scriptum
3290 1895 3392 1953 est,
3423 1885 3716 1957 lusu/ﬂavit

2140 1967 2279 2024 Deus
2306 1971 2356 2023 in
2385 1971 2564 2042 facient
2605 1973 2714 2041 ejus
2755 1973 2935 2042 ﬂatum
2962 1973 3094 2040 vitw,
3125 1983 3172 2028 et
3199 1979 3364 2046 factus
3391 1987 3463 2032 est
3489 1979 3638 2034 homo
3665 1983 3718 2036 in

2142 2063 2363 2117 animum
2399 2064 2579 2130 vivam,
2611 2064 2714 2130 vel,
2761 2065 2814 2118 in
2853 2067 3072 2120 animum
3099 2068 3337 2122 uiuentem
3366 2067 3517 2140 (Gen.
3547 2088 3607 2142 ιι,
3637 2075 3718 2148 7).

2141 2154 2427 2225 Apostolus
2449 2155 2590 2209 enim
2616 2155 2682 2209 ad
2713 2155 2813 2210 hoc
2837 2155 3075 2211 adhibuit
3096 2157 3224 2212 illud
3248 2160 3632 2233 testimonium,
3660 2176 3722 2222 ut

2142 2247 2394 2317 probaret
2420 2262 2538 2302 esse
2559 2261 2750 2316 corpus
2774 2249 3004 2304 animale
3027 2267 3040 2304 :
3063 2264 3162 2320 ego
3191 2259 3368 2307 autem
3393 2251 3517 2310 hinc
3542 2257 3720 2326 putavi

2143 2356 2262 2396 esse
2287 2340 2712 2407 monsuandum,
2732 2341 3015 2398 animalem
3043 2342 3240 2399 factum
3256 2346 3402 2415 prius
3427 2347 3720 2420 hominem,

2141 2448 2248 2488 non
2276 2447 2468 2504 corpus
2495 2433 2724 2489 hominis
2749 2433 2920 2489 solum
2949 2432 3088 2506 (Lib.
3117 2435 3173 2502 2,
3200 2453 3247 2490 c.
3276 2437 3332 2506 8,
3357 2453 3410 2492 η.
3435 2438 3548 2511 10).
3565 2440 3719 2509 Quod

2145 2537 2322 2583 autem
2350 2527 2480 2595 dixi,
2518 2527 2646 2581 nulli
2685 2537 2882 2582 natura:
2906 2543 3086 2583 nocere
3112 2540 3315 2600 peccata
3340 2532 3439 2586 nisi
3463 2550 3555 2590 sua
3582 2533 3718 2606 (Id.,

2143 2637 2190 2674 c.
2221 2620 2312 2688 29,
2342 2636 2396 2674 η.
2425 2618 2541 2691 45),
2567 2617 2688 2674 ideo
2707 2618 2838 2688 dixi,
2870 2621 3120 2690 quoniam
3139 2621 3284 2691 justo
3303 2622 3393 2694 qui
3415 2633 3592 2694 nocet,
3615 2641 3724 2683 non

2144 2713 2195 2769 ei
2223 2727 2347 2768 vere
2372 2721 2564 2780 nocet,
2596 2710 3022 2783 quandoquidem
3063 2713 3223 2768 etiam
3262 2715 3566 2772 mercedem
3605 2717 3722 2788 ejus

2144 2813 2303 2876 auget
2326 2805 2380 2859 in
2407 2804 2554 2860 caelis
2582 2822 2595 2858 :
2627 2804 2727 2859 sibi
2755 2815 2932 2860 autem
2954 2805 3221 2874 peccando
3243 2821 3370 2863 vere
3384 2817 3573 2878 nocet;
3595 2810 3722 2880 quia

2144 2902 2363 2968 propter
2395 2895 2565 2973 ipsam
2595 2896 2917 2952 voluntatem
2945 2897 3169 2954 nocendi
3195 2900 3418 2970 recipiet
3453 2901 3543 2970 id,
3582 2904 3726 2974 quod

2145 2989 2344 3043 nocuit.
2371 2987 2603 3042 Possunt
2625 3003 2754 3043 sane
2793 2988 3061 3060 Pelagiani
3097 2989 3166 3045 ad
3207 3005 3363 3045 suum
3389 2991 3582 3063 dogma
3613 3003 3724 3049 tra-

2146 3079 2276 3135 here
2299 3080 2454 3136 istam
2479 3082 2816 3149 sententiam,
2847 3091 2902 3136 et
2930 3083 3050 3140 ideo
3068 3083 3262 3152 dicere,
3293 3086 3527 3156 parvulis
3549 3087 3726 3145 aliena

2146 3188 2252 3228 non
2281 3173 2526 3228 nocuisse
2556 3183 2789 3244 peccata,
2819 3176 2943 3245 quia
2977 3175 3119 3243 dixi,
3149 3176 3279 3233 nulli
3320 3188 3513 3236 natura:
3549 3198 3726 3238 nocere

2148 3277 2352 3337 peccata
2377 3268 2472 3321 nisi
2495 3283 2622 3332 sua;
2649 3284 2756 3323 non
2781 3269 3043 3325 intuentes
3065 3270 3183 3327 ideo
3205 3273 3471 3342 parvulos,
3499 3276 3589 3346 qui
3619 3277 3724 3332 uti-

2145 3377 2248 3433 que
2270 3361 2539 3432 pertinent
2559 3361 2627 3416 ad
2655 3362 2936 3418 humanam
2956 3371 3216 3432 naturam,
3234 3365 3444 3422 trahere
3470 3369 3727 3440 originale

2145 3465 2443 3528 peccatum,
2475 3457 2596 3526 quia
2627 3457 2679 3510 in
2701 3456 2886 3527 primis
2920 3455 3222 3514 hominibus
3260 3468 3449 3516 natura
3489 3460 3722 3517 humana

2146 3550 2404 3622 peccavit,
2436 3564 2498 3604 ac
2527 3565 2622 3620 per
2647 3549 2746 3604 hoc
2786 3558 2987 3605 natura:
3021 3549 3267 3607 humanae
3308 3553 3450 3608 nulla
3490 3555 3724 3611 necuere

2147 3650 2384 3714 peccata,
2417 3640 2519 3696 nisi
2542 3655 2657 3696 sua.
2688 3640 2789 3696 Per
2818 3656 2980 3695 unum
3006 3641 3200 3713 quippe
3221 3641 3513 3712 hominem,
3541 3645 3597 3700 in
3616 3661 3724 3717 quo

2147 3749 2336 3791 omnes
2378 3740 2750 3804 peccaverunt,
2795 3741 3071 3802 peccatum
3119 3735 3332 3790 intravit
3377 3736 3432 3791 in
3470 3736 3726 3794 mundum

2151 3827 2329 3901 (Rom.
2359 3844 2414 3897 ν,
2449 3826 2534 3900 12)
2571 3845 2584 3882 :
2617 3841 2722 3881 non
2761 3828 2904 3904 enim
2945 3827 3077 3882 nulli
3111 3827 3446 3895 homini,sed
3473 3830 3602 3885 nulli
3625 3847 3725 3886 na-

2151 3930 2283 3976 turae
2321 3918 2431 3974 dixi
2456 3926 2670 3988 peccata
2696 3932 2910 3986 nocere,
2941 3918 3045 3972 nisi
3084 3933 3198 3973 sua.
3234 3917 3367 3974 Item
3400 3919 3456 3974 in
3489 3935 3553 3976 eo
3580 3920 3725 3991 quod

2147 4011 2307 4082 paulo
2337 4019 2455 4080 post
2478 4008 2607 4075 dixi,
2638 4006 2856 4063 Nullum
2881 4024 2986 4062 esse
3010 4010 3200 4063 malum
3227 4009 3458 4065 naturale
3483 4009 3620 4082 (Lib.
3661 4011 3717 4078 2,

2147 4120 2196 4158 c.
2225 4103 2318 4171 29,
2344 4119 2397 4156 η.
2420 4101 2535 4175 45),
2561 4112 2781 4171 possunt
2807 4117 3046 4171 quaerere
3061 4101 3286 4156 similem
3314 4103 3593 4169 latebram,
3621 4103 3724 4159 nisi

2149 4194 2251 4250 hoc
2275 4194 2473 4249 dictum
2497 4192 2564 4246 ad
2589 4202 2831 4246 naturam
2867 4192 3024 4246 talem
3069 4191 3348 4259 referatur,
3393 4193 3563 4262 qualis
3606 4193 3724 4248 sine

2148 4287 2276 4342 vitio
2298 4286 2538 4356 primitus
2562 4283 2773 4338 condita
2796 4293 2878 4338 est
2901 4301 2912 4336 :
2942 4284 3055 4352 ipsa
3087 4283 3228 4338 enim
3260 4298 3384 4338 vere
3421 4299 3485 4338 ac
3510 4284 3726 4354 proprie

2149 4389 2336 4434 natura
2375 4376 2604 4432 hominis
2639 4375 2847 4430 dicitur.
2873 4374 3148 4429 Translato
3189 4383 3367 4429 autem
3412 4374 3572 4430 verbo
3615 4373 3722 4428 uti-

2147 4486 2286 4539 mur,
2318 4478 2376 4525 ut
2395 4478 2635 4524 naturam
2650 4467 2889 4522 dicamus
2907 4467 3088 4535 etiam,
3106 4468 3277 4538 qualis
3293 4467 3522 4522 nascitur
3538 4467 3722 4534 homo,

2150 4561 2444 4617 secundum
2468 4573 2626 4630 quam
2648 4557 2966 4612 locutionem
3001 4557 3131 4612 dixit
3159 4557 3478 4628 Apostolus:
3505 4554 3724 4612 Fuimus

2147 4654 2282 4708 enim
2307 4661 2352 4706 et
2382 4667 2472 4706 nos
2509 4650 2783 4720 aliquando
2819 4646 3001 4702 natura
3035 4649 3131 4718 ﬁlii
3166 4649 3276 4716 ine,
3305 4650 3431 4704 sicut
3471 4657 3517 4702 et
3558 4649 3724 4704 caeteri

2149 4747 2365 4820 (Ep/tes.
2393 4761 2453 4813 ιι,
2485 4745 2561 4817 5).
2593 4744 2704 4799 Hoc
2724 4758 2858 4814 opus
2885 4743 2964 4798 sic
2997 4742 3180 4814 incipit
3209 4761 3226 4798 :
3254 4743 3316 4800 Si
3341 4743 3578 4814 eligerent
3605 4742 3724 4797 Ma-

2145 4837 2325 4895 nio/tari
2347 4853 2473 4909 quos
2497 4836 2796 4906 deciperent.

2781 4927 3008 4984 CAPUT
3046 4926 3136 4982 XI.

2651 5011 2727 5067 De
2759 5011 2959 5066 Musica
2984 5011 3096 5066 libri
3122 5027 3229 5066 scas.

2219 5109 2273 5163 1.
2300 5104 2519 5174 Deinde,
2546 5113 2604 5159 ut
2626 5119 2787 5174 supra
2806 5104 3220 5161 commemoravi
3249 5103 3388 5176 (Lib.
3419 5104 3444 5159 l
3474 5102 3723 5173 Retract.,

2147 5215 2195 5254 c.
2220 5198 2302 5271 6),
2329 5213 2426 5254 sex
2448 5196 2612 5253 libros
2639 5196 2707 5252 de
2731 5197 2930 5252 Musica
2953 5197 3174 5266 scripsi;
3206 5211 3432 5268 quorum
3458 5199 3573 5268 ipse
3605 5215 3729 5255 sex-

2151 5299 2236 5347 tus
2259 5289 2490 5345 maxime
2515 5289 2760 5356 innotuit,
2791 5289 3042 5359 quoniam
3071 5304 3158 5344 res
3183 5289 3238 5344 in
3264 5306 3330 5346 eo
3353 5291 3512 5362 digna
3545 5293 3729 5363 cogni—
3779 5355 3781 5357 _

2151 5382 2296 5438 tione
2339 5390 2605 5448 versatur,
2634 5380 2899 5451 quomodo
2936 5396 2968 5434 a
3001 5381 3364 5452 corporalibus
3388 5392 3442 5437 et
3475 5383 3727 5454 spiritua-

2149 5473 2318 5539 libus,
2347 5471 2441 5528 sed
2487 5472 2826 5528 mutabilibus
2867 5473 3122 5540 numeris,
3156 5475 3494 5543 perveniatur
3527 5473 3595 5530 ad
3629 5474 3731 5529 im-

2211 5567 2284 5629 (a)
2300 5567 2537 5629 sancitum
2563 5572 2641 5616 est
2663 5573 2802 5616 Deut.
2840 5581 2937 5629 xvr,
2954 5566 3003 5625 6,
3037 5579 3102 5616 ne
3129 5569 3302 5618 Pascha
3329 5570 3486 5619 ubivis
3515 5567 3730 5620 locorum

2148 5628 2360 5693 mactare
2402 5628 2591 5693 liceret.
2628 5632 2742 5678 Hinc
2775 5642 2893 5692 ergo
2924 5643 2952 5678 a
2976 5629 3152 5679 Judazis
3189 5645 3278 5693 per
3303 5632 3732 5693 orbemdispersis

2053 5679 2098 5712 ’⁵
2148 5689 2424 5802 Εαεειιαιθω
2455 5690 2791 5741 celebritatem
2825 5679 2958 5742 aiunt
2987 5679 3242 5754 quotannis
3273 5679 3346 5744 ita
3361 5679 3544 5755 recoli,
3571 5679 3627 5742 ut
3657 5679 3730 5740 ni:

2185 5752 2406 5802 ilominus
2439 5755 2500 5802 ab
2530 5756 2634 5802 ovis
2658 5753 2979 5802 immolatione
3021 5755 3252 5802 reliuiose
3285 5762 3574 5802 abstineant.
3614 5755 3730 5802 vide

2185 5752 2406 5819 ilonmius
2439 5755 2500 5819 ab
2530 5756 2634 5819 ov_is
2658 5753 2979 5819 inunolationc
3007 5752 3252 5819 religiose
3285 5752 3574 5809 abstineant.
3614 5755 3730 5806 vide

2149 5817 2366 5878 Hieron,
2399 5818 2539 5879 Epist.
2576 5815 2623 5879 2,
2660 5817 2718 5866 ad
2751 5818 3077 5877 Nepotianum.
