  <div class='ocr_page' id='page_1' title='image "/cluster/home/n/w/nwhite01/storage/ocr_20150623/32/hvd.32044015706328/316.png"; bbox 0 0 4116 6366; ppageno 0'>
   <div class='ocr_carea' id='block_1_1' title="bbox 382 416 485 478">
    <p class='ocr_par' dir='ltr' id='par_1_1' title="bbox 382 416 485 478">
     <span class='ocr_line' id='line_1_1' title="bbox 382 416 485 478; baseline -0.039 0"><span class='ocrx_word' id='word_1_1' title='bbox 382 416 485 478; x_wconf 78' lang='grc' dir='ltr'><strong>σοι</strong></span> 
     </span>
    </p>
   </div>
   <div class='ocr_carea' id='block_1_2' title="bbox 379 532 1957 618">
    <p class='ocr_par' dir='ltr' id='par_1_2' title="bbox 379 532 1957 618">
     <span class='ocr_line' id='line_1_2' title="bbox 379 532 1957 618; baseline -0.012 -8"><span class='ocrx_word' id='word_1_2' title='bbox 379 550 664 610; x_wconf 99' lang='lat' dir='ltr'><strong>mutabiles</strong></span> <span class='ocrx_word' id='word_1_3' title='bbox 705 532 990 613; x_wconf 84' lang='lat' dir='ltr'><strong>numeros,</strong></span> <span class='ocrx_word' id='word_1_4' title='bbox 1021 547 1109 618; x_wconf 89' lang='lat' dir='ltr'><strong>qui</strong></span> <span class='ocrx_word' id='word_1_5' title='bbox 1131 546 1240 618; x_wconf 85' lang='lat' dir='ltr'><strong>jam</strong></span> <span class='ocrx_word' id='word_1_6' title='bbox 1279 551 1402 602; x_wconf 91' lang='lat' dir='ltr'><strong>sunt</strong></span> <span class='ocrx_word' id='word_1_7' title='bbox 1427 542 1480 601; x_wconf 92' lang='lat' dir='ltr'><strong>in</strong></span> <span class='ocrx_word' id='word_1_8' title='bbox 1508 542 1620 613; x_wconf 90' lang='lat' dir='ltr'><strong>ipsa</strong></span> <span class='ocrx_word' id='word_1_9' title='bbox 1645 535 1957 595; x_wconf 90' lang='lat' dir='ltr'><strong>immutabili</strong></span> 
     </span>
    </p>
   </div>
   <div class='ocr_carea' id='block_1_3' title="bbox 376 636 1952 712">
    <p class='ocr_par' dir='ltr' id='par_1_3' title="bbox 376 636 1952 712">
     <span class='ocr_line' id='line_1_3' title="bbox 376 636 1952 712; baseline -0.008 -13"><span class='ocrx_word' id='word_1_10' title='bbox 376 647 618 710; x_wconf 79' lang='lat' dir='ltr'><strong>veritate,</strong></span> <span class='ocrx_word' id='word_1_11' title='bbox 653 652 706 699; x_wconf 90' lang='lat' dir='ltr'><strong>ct</strong></span> <span class='ocrx_word' id='word_1_12' title='bbox 730 643 807 698; x_wconf 90' lang='lat' dir='ltr'><strong>sic</strong></span> <span class='ocrx_word' id='word_1_13' title='bbox 829 640 1111 697; x_wconf 85' lang='lat' dir='ltr'><strong>invisibilia</strong></span> <span class='ocrx_word' id='word_1_14' title='bbox 1138 641 1250 708; x_wconf 87' lang='lat' dir='ltr'><strong>Dei,</strong></span> <span class='ocrx_word' id='word_1_15' title='bbox 1275 655 1368 712; x_wconf 90' lang='lat' dir='ltr'><strong>per</strong></span> <span class='ocrx_word' id='word_1_16' title='bbox 1395 655 1457 696; x_wconf 90' lang='lat' dir='ltr'><strong>ea</strong></span> <span class='ocrx_word' id='word_1_17' title='bbox 1497 653 1615 710; x_wconf 69' lang='lat' dir='ltr'><strong>quae</strong></span> <span class='ocrx_word' id='word_1_18' title='bbox 1649 636 1784 691; x_wconf 79' lang='lat' dir='ltr'><strong>facta</strong></span> <span class='ocrx_word' id='word_1_19' title='bbox 1810 643 1952 699; x_wconf 91' lang='lat' dir='ltr'><strong>sunt,</strong></span> 
     </span>
    </p>
   </div>
   <div class='ocr_carea' id='block_1_4' title="bbox 377 731 1956 804">
    <p class='ocr_par' dir='ltr' id='par_1_4' title="bbox 377 731 1956 804">
     <span class='ocr_line' id='line_1_4' title="bbox 377 731 1956 804; baseline -0.006 -12"><span class='ocrx_word' id='word_1_20' title='bbox 377 736 644 792; x_wconf 89' lang='lat' dir='ltr'><strong>intellecta</strong></span> <span class='ocrx_word' id='word_1_21' title='bbox 674 734 1082 804; x_wconf 75' lang='lat' dir='ltr'><strong>conspiciantur.</strong></span> <span class='ocrx_word' id='word_1_22' title='bbox 1114 731 1265 800; x_wconf 86' lang='lat' dir='ltr'><strong>Quod</strong></span> <span class='ocrx_word' id='word_1_23' title='bbox 1294 733 1383 802; x_wconf 90' lang='lat' dir='ltr'><strong>qui</strong></span> <span class='ocrx_word' id='word_1_24' title='bbox 1411 747 1517 788; x_wconf 90' lang='lat' dir='ltr'><strong>non</strong></span> <span class='ocrx_word' id='word_1_25' title='bbox 1543 738 1781 803; x_wconf 89' lang='lat' dir='ltr'><strong>possunt,</strong></span> <span class='ocrx_word' id='word_1_26' title='bbox 1811 737 1864 785; x_wconf 91' lang='lat' dir='ltr'><strong>et</strong></span> <span class='ocrx_word' id='word_1_27' title='bbox 1882 738 1956 783; x_wconf 59' lang='lat' dir='ltr'><strong>tae</strong></span> 
     </span>
    </p>
   </div>
   <div class='ocr_carea' id='block_1_5' title="bbox 375 821 1956 894">
    <p class='ocr_par' dir='ltr' id='par_1_5' title="bbox 375 821 1956 894">
     <span class='ocr_line' id='line_1_5' title="bbox 375 821 1956 894; baseline -0.004 -11"><span class='ocrx_word' id='word_1_28' title='bbox 375 843 502 883; x_wconf 91' lang='lat' dir='ltr'><strong>men</strong></span> <span class='ocrx_word' id='word_1_29' title='bbox 529 842 592 882; x_wconf 76' lang='lat' dir='ltr'><strong>ex</strong></span> <span class='ocrx_word' id='word_1_30' title='bbox 624 826 725 882; x_wconf 86' lang='lat' dir='ltr'><strong>ﬁde</strong></span> <span class='ocrx_word' id='word_1_31' title='bbox 753 825 950 882; x_wconf 86' lang='lat' dir='ltr'><strong>Christi</strong></span> <span class='ocrx_word' id='word_1_32' title='bbox 975 825 1176 890; x_wconf 89' lang='lat' dir='ltr'><strong>vivunt,</strong></span> <span class='ocrx_word' id='word_1_33' title='bbox 1211 824 1278 880; x_wconf 88' lang='lat' dir='ltr'><strong>ad</strong></span> <span class='ocrx_word' id='word_1_34' title='bbox 1306 825 1392 880; x_wconf 90' lang='lat' dir='ltr'><strong>illa</strong></span> <span class='ocrx_word' id='word_1_35' title='bbox 1419 824 1615 880; x_wconf 86' lang='lat' dir='ltr'><strong>certius</strong></span> <span class='ocrx_word' id='word_1_36' title='bbox 1639 834 1798 894; x_wconf 86' lang='lat' dir='ltr'><strong>alque</strong></span> <span class='ocrx_word' id='word_1_37' title='bbox 1835 821 1956 880; x_wconf 85' lang='lat' dir='ltr'><strong>fcli-</strong></span> 
     </span>
    </p>
   </div>
   <div class='ocr_carea' id='block_1_6' title="bbox 373 914 1951 988">
    <p class='ocr_par' dir='ltr' id='par_1_6' title="bbox 373 914 1951 988">
     <span class='ocr_line' id='line_1_6' title="bbox 373 914 1951 988; baseline -0.003 -14"><span class='ocrx_word' id='word_1_38' title='bbox 373 919 490 974; x_wconf 91' lang='lat' dir='ltr'><strong>cius</strong></span> <span class='ocrx_word' id='word_1_39' title='bbox 519 917 891 988; x_wconf 82' lang='lat' dir='ltr'><strong>conSpicicnda</strong></span> <span class='ocrx_word' id='word_1_40' title='bbox 913 925 1034 987; x_wconf 91' lang='lat' dir='ltr'><strong>post</strong></span> <span class='ocrx_word' id='word_1_41' title='bbox 1057 917 1192 972; x_wconf 91' lang='lat' dir='ltr'><strong>hanc</strong></span> <span class='ocrx_word' id='word_1_42' title='bbox 1211 916 1370 972; x_wconf 89' lang='lat' dir='ltr'><strong>vitam</strong></span> <span class='ocrx_word' id='word_1_43' title='bbox 1390 917 1627 972; x_wconf 90' lang='lat' dir='ltr'><strong>veniunt.</strong></span> <span class='ocrx_word' id='word_1_44' title='bbox 1655 914 1756 983; x_wconf 86' lang='lat' dir='ltr'><strong>Qui</strong></span> <span class='ocrx_word' id='word_1_45' title='bbox 1776 923 1951 970; x_wconf 90' lang='lat' dir='ltr'><strong>autem</strong></span> 
     </span>
    </p>
   </div>
   <div class='ocr_carea' id='block_1_7' title="bbox 377 1007 1954 1081">
    <p class='ocr_par' dir='ltr' id='par_1_7' title="bbox 377 1007 1954 1081">
     <span class='ocr_line' id='line_1_7' title="bbox 377 1007 1954 1081; baseline -0.001 -17"><span class='ocrx_word' id='word_1_46' title='bbox 377 1019 624 1081; x_wconf 88' lang='lat' dir='ltr'><strong>possunt,</strong></span> <span class='ocrx_word' id='word_1_47' title='bbox 652 1010 696 1064; x_wconf 91' lang='lat' dir='ltr'><strong>si</strong></span> <span class='ocrx_word' id='word_1_48' title='bbox 725 1010 863 1064; x_wconf 90' lang='lat' dir='ltr'><strong>desit</strong></span> <span class='ocrx_word' id='word_1_49' title='bbox 901 1010 978 1064; x_wconf 91' lang='lat' dir='ltr'><strong>eis</strong></span> <span class='ocrx_word' id='word_1_50' title='bbox 1009 1009 1139 1065; x_wconf 86' lang='lat' dir='ltr'><strong>lides</strong></span> <span class='ocrx_word' id='word_1_51' title='bbox 1171 1008 1386 1075; x_wconf 86' lang='lat' dir='ltr'><strong>Christi,</strong></span> <span class='ocrx_word' id='word_1_52' title='bbox 1415 1009 1507 1080; x_wconf 87' lang='lat' dir='ltr'><strong>qui</strong></span> <span class='ocrx_word' id='word_1_53' title='bbox 1534 1024 1667 1064; x_wconf 92' lang='lat' dir='ltr'><strong>unus</strong></span> <span class='ocrx_word' id='word_1_54' title='bbox 1696 1007 1954 1063; x_wconf 79' lang='lat' dir='ltr'><strong>mediator</strong></span> 
     </span>
    </p>
   </div>
   <div class='ocr_carea' id='block_1_8' title="bbox 369 1101 1948 1172">
    <p class='ocr_par' dir='ltr' id='par_1_8' title="bbox 369 1101 1948 1172">
     <span class='ocr_line' id='line_1_8' title="bbox 369 1101 1948 1172; baseline -0.001 -14"><span class='ocrx_word' id='word_1_55' title='bbox 369 1111 458 1158; x_wconf 83' lang='lat' dir='ltr'><strong>est</strong></span> <span class='ocrx_word' id='word_1_56' title='bbox 484 1102 579 1158; x_wconf 88' lang='lat' dir='ltr'><strong>Dei</strong></span> <span class='ocrx_word' id='word_1_57' title='bbox 603 1111 657 1156; x_wconf 87' lang='lat' dir='ltr'><strong>et</strong></span> <span class='ocrx_word' id='word_1_58' title='bbox 679 1101 974 1168; x_wconf 86' lang='lat' dir='ltr'><strong>hominum,</strong></span> <span class='ocrx_word' id='word_1_59' title='bbox 1007 1118 1127 1157; x_wconf 92' lang='lat' dir='ltr'><strong>cum</strong></span> <span class='ocrx_word' id='word_1_60' title='bbox 1159 1111 1265 1158; x_wconf 89' lang='lat' dir='ltr'><strong>tota</strong></span> <span class='ocrx_word' id='word_1_61' title='bbox 1286 1101 1546 1172; x_wconf 86' lang='lat' dir='ltr'><strong>sapientia</strong></span> <span class='ocrx_word' id='word_1_62' title='bbox 1580 1117 1671 1158; x_wconf 92' lang='lat' dir='ltr'><strong>sua</strong></span> <span class='ocrx_word' id='word_1_63' title='bbox 1702 1111 1948 1172; x_wconf 88' lang='lat' dir='ltr'><strong>pereunt.</strong></span> 
     </span>
    </p>
   </div>
   <div class='ocr_carea' id='block_1_9' title="bbox 441 1192 1951 1264">
    <p class='ocr_par' dir='ltr' id='par_1_9' title="bbox 441 1192 1951 1264">
     <span class='ocr_line' id='line_1_9' title="bbox 441 1192 1951 1264; baseline 0.001 -18"><span class='ocrx_word' id='word_1_64' title='bbox 441 1193 494 1246; x_wconf 80' lang='grc'><strong>2.</strong></span> <span class='ocrx_word' id='word_1_65' title='bbox 530 1192 586 1247; x_wconf 90' lang='lat' dir='ltr'><strong>In</strong></span> <span class='ocrx_word' id='word_1_66' title='bbox 631 1192 730 1248; x_wconf 88' lang='lat' dir='ltr'><strong>hoc</strong></span> <span class='ocrx_word' id='word_1_67' title='bbox 757 1193 891 1249; x_wconf 88' lang='lat' dir='ltr'><strong>libro</strong></span> <span class='ocrx_word' id='word_1_68' title='bbox 919 1194 1045 1248; x_wconf 91' lang='lat' dir='ltr'><strong>illud</strong></span> <span class='ocrx_word' id='word_1_69' title='bbox 1069 1195 1208 1264; x_wconf 89' lang='lat' dir='ltr'><strong>quod</strong></span> <span class='ocrx_word' id='word_1_70' title='bbox 1237 1193 1343 1250; x_wconf 79' lang='lat' dir='ltr'><strong>dixi</strong></span> <span class='ocrx_word' id='word_1_71' title='bbox 1367 1237 1380 1259; x_wconf 92' lang='lat'><strong>,</strong></span> <span class='ocrx_word' id='word_1_72' title='bbox 1408 1192 1632 1264; x_wconf 86' lang='lat' dir='ltr'><strong>Corpora</strong></span> <span class='ocrx_word' id='word_1_73' title='bbox 1659 1195 1788 1248; x_wconf 85' lang='lat' dir='ltr'><strong>enim</strong></span> <span class='ocrx_word' id='word_1_74' title='bbox 1814 1203 1951 1248; x_wconf 90' lang='lat' dir='ltr'><strong>tanto</strong></span> 
     </span>
    </p>
   </div>
   <div class='ocr_carea' id='block_1_10' title="bbox 369 1287 1951 1357">
    <p class='ocr_par' dir='ltr' id='par_1_10' title="bbox 369 1287 1951 1357">
     <span class='ocr_line' id='line_1_10' title="bbox 369 1287 1951 1357; baseline -0.001 -16"><span class='ocrx_word' id='word_1_75' title='bbox 369 1287 583 1342; x_wconf 80' lang='lat' dir='ltr'><strong>meliora</strong></span> <span class='ocrx_word' id='word_1_76' title='bbox 633 1298 819 1357; x_wconf 86' lang='lat' dir='ltr'><strong>quanto</strong></span> <span class='ocrx_word' id='word_1_77' title='bbox 861 1289 1203 1342; x_wconf 79' lang='lat' dir='ltr'><strong>numerosiora</strong></span> <span class='ocrx_word' id='word_1_78' title='bbox 1252 1287 1434 1342; x_wconf 93' lang='lat' dir='ltr'><strong>talibus</strong></span> <span class='ocrx_word' id='word_1_79' title='bbox 1474 1289 1690 1342; x_wconf 87' lang='lat' dir='ltr'><strong>numeris</strong></span> <span class='ocrx_word' id='word_1_80' title='bbox 1731 1303 1750 1342; x_wconf 88' lang='lat'><strong><em>:</em></strong></span> <span class='ocrx_word' id='word_1_81' title='bbox 1783 1288 1951 1341; x_wconf 88' lang='lat' dir='ltr'><strong>anima</strong></span> 
     </span>
    </p>
   </div>
   <div class='ocr_carea' id='block_1_11' title="bbox 365 1378 1946 1448">
    <p class='ocr_par' dir='ltr' id='par_1_11' title="bbox 365 1378 1946 1448">
     <span class='ocr_line' id='line_1_11' title="bbox 365 1378 1946 1448; baseline -0.001 -16"><span class='ocrx_word' id='word_1_82' title='bbox 365 1391 483 1432; x_wconf 68' lang='lat' dir='ltr'><strong>vero</strong></span> <span class='ocrx_word' id='word_1_83' title='bbox 513 1378 621 1432; x_wconf 90' lang='lat' dir='ltr'><strong>istis</strong></span> <span class='ocrx_word' id='word_1_84' title='bbox 659 1394 773 1448; x_wconf 77' lang='lat' dir='ltr'><strong>qua:</strong></span> <span class='ocrx_word' id='word_1_85' title='bbox 812 1395 897 1444; x_wconf 84' lang='lat' dir='ltr'><strong>per</strong></span> <span class='ocrx_word' id='word_1_86' title='bbox 938 1395 1121 1448; x_wconf 88' lang='lat' dir='ltr'><strong>corpus</strong></span> <span class='ocrx_word' id='word_1_87' title='bbox 1147 1379 1368 1448; x_wconf 87' lang='lat' dir='ltr'><strong>accipit,</strong></span> <span class='ocrx_word' id='word_1_88' title='bbox 1404 1379 1619 1432; x_wconf 87' lang='lat' dir='ltr'><strong>carendo</strong></span> <span class='ocrx_word' id='word_1_89' title='bbox 1655 1379 1712 1447; x_wconf 76' lang='lat' dir='ltr'><strong>ﬁt</strong></span> <span class='ocrx_word' id='word_1_90' title='bbox 1753 1379 1946 1446; x_wconf 89' lang='lat' dir='ltr'><strong>melior,</strong></span> 
     </span>
    </p>
   </div>
   <div class='ocr_carea' id='block_1_12' title="bbox 365 1471 1950 1542">
    <p class='ocr_par' dir='ltr' id='par_1_12' title="bbox 365 1471 1950 1542">
     <span class='ocr_line' id='line_1_12' title="bbox 365 1471 1950 1542; baseline 0.004 -20"><span class='ocrx_word' id='word_1_91' title='bbox 365 1485 480 1523; x_wconf 85' lang='lat' dir='ltr'><strong>cum</strong></span> <span class='ocrx_word' id='word_1_92' title='bbox 511 1487 617 1526; x_wconf 85' lang='lat' dir='ltr'><strong>sese</strong></span> <span class='ocrx_word' id='word_1_93' title='bbox 642 1471 816 1524; x_wconf 84' lang='lat' dir='ltr'><strong>avertit</strong></span> <span class='ocrx_word' id='word_1_94' title='bbox 837 1488 868 1524; x_wconf 87' lang='lat' dir='ltr'><strong>a</strong></span> <span class='ocrx_word' id='word_1_95' title='bbox 888 1471 1173 1526; x_wconf 82' lang='lat' dir='ltr'><strong>carnalibus</strong></span> <span class='ocrx_word' id='word_1_96' title='bbox 1197 1471 1443 1541; x_wconf 82' lang='lat' dir='ltr'><strong>sensibus,</strong></span> <span class='ocrx_word' id='word_1_97' title='bbox 1467 1483 1514 1527; x_wconf 89' lang='lat' dir='ltr'><strong>et</strong></span> <span class='ocrx_word' id='word_1_98' title='bbox 1543 1473 1722 1527; x_wconf 87' lang='lat' dir='ltr'><strong>divinis</strong></span> <span class='ocrx_word' id='word_1_99' title='bbox 1751 1473 1950 1542; x_wconf 88' lang='lat' dir='ltr'><strong>sapien-</strong></span> 
     </span>
    </p>
   </div>
   <div class='ocr_carea' id='block_1_13' title="bbox 365 1561 1948 1636">
    <p class='ocr_par' dir='ltr' id='par_1_13' title="bbox 365 1561 1948 1636">
     <span class='ocr_line' id='line_1_13' title="bbox 365 1561 1948 1636; baseline 0.004 -21"><span class='ocrx_word' id='word_1_100' title='bbox 365 1561 451 1615; x_wconf 78' lang='lat' dir='ltr'><strong>tia:</strong></span> <span class='ocrx_word' id='word_1_101' title='bbox 483 1563 702 1616; x_wconf 87' lang='lat' dir='ltr'><strong>numeris</strong></span> <span class='ocrx_word' id='word_1_102' title='bbox 735 1567 1037 1634; x_wconf 78' lang='lat' dir='ltr'><strong>reformatur</strong></span> <span class='ocrx_word' id='word_1_103' title='bbox 1074 1561 1093 1636; x_wconf 89' lang='lat'>(</span> <span class='ocrx_word' id='word_1_104' title='bbox 1119 1563 1226 1618; x_wconf 88' lang='lat' dir='ltr'><strong>Lib.</strong></span> <span class='ocrx_word' id='word_1_105' title='bbox 1255 1564 1307 1629; x_wconf 85' lang='lat'><strong>6,</strong></span> <span class='ocrx_word' id='word_1_106' title='bbox 1344 1583 1390 1618; x_wconf 90' lang='lat' dir='ltr'><strong>c.</strong></span> <span class='ocrx_word' id='word_1_107' title='bbox 1427 1566 1493 1633; x_wconf 73' lang='grc'><strong>4,</strong></span> <span class='ocrx_word' id='word_1_108' title='bbox 1527 1582 1578 1619; x_wconf 91' lang='lat' dir='ltr'><strong>n.</strong></span> <span class='ocrx_word' id='word_1_109' title='bbox 1602 1563 1667 1634; x_wconf 84' lang='lat'><strong>7)</strong></span> <span class='ocrx_word' id='word_1_110' title='bbox 1693 1607 1706 1632; x_wconf 92' lang='lat'><strong>,</strong></span> <span class='ocrx_word' id='word_1_111' title='bbox 1738 1582 1844 1620; x_wconf 88' lang='lat' dir='ltr'><strong>non</strong></span> <span class='ocrx_word' id='word_1_112' title='bbox 1871 1566 1948 1621; x_wconf 87' lang='lat' dir='ltr'><strong>sic</strong></span> 
     </span>
    </p>
   </div>
   <div class='ocr_carea' id='block_1_14' title="bbox 363 1654 1949 1726">
    <p class='ocr_par' dir='ltr' id='par_1_14' title="bbox 363 1654 1949 1726">
     <span class='ocr_line' id='line_1_14' title="bbox 363 1654 1949 1726; baseline 0.001 -18"><span class='ocrx_word' id='word_1_113' title='bbox 363 1654 728 1723; x_wconf 84' lang='lat' dir='ltr'><strong>accipiendum</strong></span> <span class='ocrx_word' id='word_1_114' title='bbox 757 1664 855 1719; x_wconf 90' lang='lat' dir='ltr'><strong>est,</strong></span> <span class='ocrx_word' id='word_1_115' title='bbox 889 1655 1038 1725; x_wconf 88' lang='lat' dir='ltr'><strong>quasi</strong></span> <span class='ocrx_word' id='word_1_116' title='bbox 1070 1671 1172 1708; x_wconf 89' lang='lat' dir='ltr'><strong>non</strong></span> <span class='ocrx_word' id='word_1_117' title='bbox 1203 1655 1309 1709; x_wconf 86' lang='lat' dir='ltr'><strong>sint</strong></span> <span class='ocrx_word' id='word_1_118' title='bbox 1339 1655 1498 1710; x_wconf 81' lang='lat' dir='ltr'><strong>futuri</strong></span> <span class='ocrx_word' id='word_1_119' title='bbox 1529 1657 1732 1711; x_wconf 92' lang='lat' dir='ltr'><strong>numeri</strong></span> <span class='ocrx_word' id='word_1_120' title='bbox 1759 1672 1949 1726; x_wconf 87' lang='lat' dir='ltr'><strong>corpo-</strong></span> 
     </span>
    </p>
   </div>
   <div class='ocr_carea' id='block_1_15' title="bbox 361 1745 1942 1818">
    <p class='ocr_par' dir='ltr' id='par_1_15' title="bbox 361 1745 1942 1818">
     <span class='ocr_line' id='line_1_15' title="bbox 361 1745 1942 1818; baseline 0.003 -18"><span class='ocrx_word' id='word_1_121' title='bbox 361 1745 504 1800; x_wconf 90' lang='lat' dir='ltr'><strong>rales</strong></span> <span class='ocrx_word' id='word_1_122' title='bbox 535 1746 584 1799; x_wconf 92' lang='lat' dir='ltr'><strong>in</strong></span> <span class='ocrx_word' id='word_1_123' title='bbox 613 1746 924 1816; x_wconf 84' lang='lat' dir='ltr'><strong>corporibus</strong></span> <span class='ocrx_word' id='word_1_124' title='bbox 952 1747 1437 1817; x_wconf 87' lang='lat' dir='ltr'><strong>incorruptibilibus</strong></span> <span class='ocrx_word' id='word_1_125' title='bbox 1465 1757 1518 1804; x_wconf 92' lang='lat' dir='ltr'><strong>et</strong></span> <span class='ocrx_word' id='word_1_126' title='bbox 1557 1750 1942 1818; x_wconf 90' lang='lat' dir='ltr'><strong>spiritualibus;</strong></span> 
     </span>
    </p>
   </div>
   <div class='ocr_carea' id='block_1_16' title="bbox 360 1837 1945 1906">
    <p class='ocr_par' dir='ltr' id='par_1_16' title="bbox 360 1837 1945 1906">
     <span class='ocr_line' id='line_1_16' title="bbox 360 1837 1945 1906; baseline 0.004 -17"><span class='ocrx_word' id='word_1_127' title='bbox 360 1851 482 1890; x_wconf 88' lang='lat' dir='ltr'><strong>cum</strong></span> <span class='ocrx_word' id='word_1_128' title='bbox 524 1837 690 1892; x_wconf 91' lang='lat' dir='ltr'><strong>multo</strong></span> <span class='ocrx_word' id='word_1_129' title='bbox 717 1839 1036 1906; x_wconf 89' lang='lat' dir='ltr'><strong>speciosiora</strong></span> <span class='ocrx_word' id='word_1_130' title='bbox 1063 1848 1115 1893; x_wconf 90' lang='lat' dir='ltr'><strong>et</strong></span> <span class='ocrx_word' id='word_1_131' title='bbox 1143 1839 1446 1896; x_wconf 89' lang='lat' dir='ltr'><strong>decentiora</strong></span> <span class='ocrx_word' id='word_1_132' title='bbox 1476 1841 1647 1896; x_wconf 84' lang='lat' dir='ltr'><strong>futura</strong></span> <span class='ocrx_word' id='word_1_133' title='bbox 1677 1842 1783 1896; x_wconf 90' lang='lat' dir='ltr'><strong>sint</strong></span> <span class='ocrx_word' id='word_1_134' title='bbox 1808 1855 1821 1895; x_wconf 87' lang='lat'><strong>:</strong></span> <span class='ocrx_word' id='word_1_135' title='bbox 1855 1851 1945 1896; x_wconf 87' lang='lat' dir='ltr'><strong>aut</strong></span> 
     </span>
    </p>
   </div>
   <div class='ocr_carea' id='block_1_17' title="bbox 359 1929 1945 2002">
    <p class='ocr_par' dir='ltr' id='par_1_17' title="bbox 359 1929 1945 2002">
     <span class='ocr_line' id='line_1_17' title="bbox 359 1929 1945 2002; baseline 0.004 -22"><span class='ocrx_word' id='word_1_136' title='bbox 359 1929 537 1982; x_wconf 88' lang='lat' dir='ltr'><strong>anima</strong></span> <span class='ocrx_word' id='word_1_137' title='bbox 559 1945 649 1983; x_wconf 86' lang='lat' dir='ltr'><strong>eos</strong></span> <span class='ocrx_word' id='word_1_138' title='bbox 671 1945 889 1984; x_wconf 84' lang='lat' dir='ltr'><strong>sensura</strong></span> <span class='ocrx_word' id='word_1_139' title='bbox 913 1946 1014 1983; x_wconf 92' lang='lat' dir='ltr'><strong>non</strong></span> <span class='ocrx_word' id='word_1_140' title='bbox 1041 1931 1128 1995; x_wconf 90' lang='lat' dir='ltr'><strong>sit,</strong></span> <span class='ocrx_word' id='word_1_141' title='bbox 1153 1930 1367 2000; x_wconf 86' lang='lat' dir='ltr'><strong>quando</strong></span> <span class='ocrx_word' id='word_1_142' title='bbox 1387 1931 1488 1986; x_wconf 89' lang='lat' dir='ltr'><strong>erit</strong></span> <span class='ocrx_word' id='word_1_143' title='bbox 1518 1933 1735 2001; x_wconf 88' lang='lat' dir='ltr'><strong>optima,</strong></span> <span class='ocrx_word' id='word_1_144' title='bbox 1759 1948 1945 2002; x_wconf 73' lang='lat' dir='ltr'><strong>quem-</strong></span> 
     </span>
    </p>
   </div>
   <div class='ocr_carea' id='block_1_18' title="bbox 357 2019 1943 2095">
    <p class='ocr_par' dir='ltr' id='par_1_18' title="bbox 357 2019 1943 2095">
     <span class='ocr_line' id='line_1_18' title="bbox 357 2019 1943 2095; baseline 0.004 -23"><span class='ocrx_word' id='word_1_145' title='bbox 357 2019 645 2073; x_wconf 86' lang='lat' dir='ltr'><strong>admodum</strong></span> <span class='ocrx_word' id='word_1_146' title='bbox 688 2021 771 2074; x_wconf 78' lang='lat' dir='ltr'><strong>IIIC</strong></span> <span class='ocrx_word' id='word_1_147' title='bbox 811 2023 888 2076; x_wconf 92' lang='lat' dir='ltr'><strong>cis</strong></span> <span class='ocrx_word' id='word_1_148' title='bbox 926 2021 1153 2076; x_wconf 89' lang='lat' dir='ltr'><strong>carendo</strong></span> <span class='ocrx_word' id='word_1_149' title='bbox 1199 2022 1254 2075; x_wconf 83' lang='lat' dir='ltr'><strong>lit</strong></span> <span class='ocrx_word' id='word_1_150' title='bbox 1285 2023 1488 2077; x_wconf 84' lang='lat' dir='ltr'><strong>melior.</strong></span> <span class='ocrx_word' id='word_1_151' title='bbox 1515 2023 1611 2077; x_wconf 91' lang='lat' dir='ltr'><strong>llic</strong></span> <span class='ocrx_word' id='word_1_152' title='bbox 1639 2024 1778 2078; x_wconf 89' lang='lat' dir='ltr'><strong>enim</strong></span> <span class='ocrx_word' id='word_1_153' title='bbox 1810 2040 1943 2095; x_wconf 90' lang='lat' dir='ltr'><strong>opus</strong></span> 
     </span>
    </p>
   </div>
   <div class='ocr_carea' id='block_1_19' title="bbox 357 2110 1941 2185">
    <p class='ocr_par' dir='ltr' id='par_1_19' title="bbox 357 2110 1941 2185">
     <span class='ocr_line' id='line_1_19' title="bbox 357 2110 1941 2185; baseline 0.004 -23"><span class='ocrx_word' id='word_1_154' title='bbox 357 2110 521 2165; x_wconf 89' lang='lat' dir='ltr'><strong>habet</strong></span> <span class='ocrx_word' id='word_1_155' title='bbox 549 2122 789 2167; x_wconf 84' lang='lat' dir='ltr'><strong>avertere</strong></span> <span class='ocrx_word' id='word_1_156' title='bbox 819 2128 876 2167; x_wconf 91' lang='lat' dir='ltr'><strong>se</strong></span> <span class='ocrx_word' id='word_1_157' title='bbox 916 2128 943 2165; x_wconf 88' lang='lat' dir='ltr'><strong>a</strong></span> <span class='ocrx_word' id='word_1_158' title='bbox 974 2113 1272 2167; x_wconf 89' lang='lat' dir='ltr'><strong>carnalibus</strong></span> <span class='ocrx_word' id='word_1_159' title='bbox 1311 2114 1555 2169; x_wconf 90' lang='lat' dir='ltr'><strong>sensibus</strong></span> <span class='ocrx_word' id='word_1_160' title='bbox 1595 2113 1660 2168; x_wconf 91' lang='lat' dir='ltr'><strong>ad</strong></span> <span class='ocrx_word' id='word_1_161' title='bbox 1696 2115 1941 2185; x_wconf 82' lang='lat' dir='ltr'><strong>intelligi-</strong></span> 
     </span>
    </p>
   </div>
   <div class='ocr_carea' id='block_1_20' title="bbox 355 2191 1942 2276">
    <p class='ocr_par' dir='ltr' id='par_1_20' title="bbox 355 2191 1942 2276">
     <span class='ocr_line' id='line_1_20' title="bbox 355 2191 1942 2276; baseline 0.004 -18"><span class='ocrx_word' id='word_1_162' title='bbox 355 2204 483 2260; x_wconf 85' lang='lat' dir='ltr'><strong>hilia</strong></span> <span class='ocrx_word' id='word_1_163' title='bbox 525 2207 807 2276; x_wconf 76' lang='lat' dir='ltr'><strong>Capicnda,</strong></span> <span class='ocrx_word' id='word_1_164' title='bbox 856 2207 976 2276; x_wconf 84' lang='lat' dir='ltr'><strong>quia</strong></span> <span class='ocrx_word' id='word_1_165' title='bbox 1033 2207 1236 2262; x_wconf 87' lang='lat' dir='ltr'><strong>inlirma</strong></span> <span class='ocrx_word' id='word_1_166' title='bbox 1291 2216 1404 2274; x_wconf 88' lang='lat' dir='ltr'><strong>est,</strong></span> <span class='ocrx_word' id='word_1_167' title='bbox 1453 2216 1506 2262; x_wconf 87' lang='lat' dir='ltr'><strong>et</strong></span> <span class='ocrx_word' id='word_1_168' title='bbox 1550 2207 1723 2262; x_wconf 90' lang='lat' dir='ltr'><strong>minus</strong></span> <span class='ocrx_word' id='word_1_169' title='bbox 1753 2191 1942 2266; x_wconf 81' lang='lat' dir='ltr'><strong>idonea</strong></span> 
     </span>
    </p>
   </div>
   <div class='ocr_carea' id='block_1_21' title="bbox 355 2297 1942 2368">
    <p class='ocr_par' dir='ltr' id='par_1_21' title="bbox 355 2297 1942 2368">
     <span class='ocr_line' id='line_1_21' title="bbox 355 2297 1942 2368; baseline 0.002 -16"><span class='ocrx_word' id='word_1_170' title='bbox 355 2299 596 2368; x_wconf 88' lang='lat' dir='ltr'><strong>utrisque</strong></span> <span class='ocrx_word' id='word_1_171' title='bbox 621 2299 776 2352; x_wconf 86' lang='lat' dir='ltr'><strong>simul</strong></span> <span class='ocrx_word' id='word_1_172' title='bbox 809 2297 1062 2354; x_wconf 88' lang='lat' dir='ltr'><strong>adhibere</strong></span> <span class='ocrx_word' id='word_1_173' title='bbox 1088 2299 1434 2354; x_wconf 88' lang='lat' dir='ltr'><strong>intentionem</strong></span> <span class='ocrx_word' id='word_1_174' title='bbox 1478 2314 1625 2354; x_wconf 90' lang='lat' dir='ltr'><strong>suam</strong></span> <span class='ocrx_word' id='word_1_175' title='bbox 1653 2319 1665 2355; x_wconf 91' lang='lat'><strong>:</strong></span> <span class='ocrx_word' id='word_1_176' title='bbox 1695 2310 1747 2355; x_wconf 92' lang='lat' dir='ltr'><strong>et</strong></span> <span class='ocrx_word' id='word_1_177' title='bbox 1776 2300 1827 2354; x_wconf 91' lang='lat' dir='ltr'><strong>in</strong></span> <span class='ocrx_word' id='word_1_178' title='bbox 1861 2299 1942 2356; x_wconf 93' lang='lat' dir='ltr'><strong>his</strong></span> 
     </span>
    </p>
   </div>
   <div class='ocr_carea' id='block_1_22' title="bbox 355 2391 1939 2462">
    <p class='ocr_par' dir='ltr' id='par_1_22' title="bbox 355 2391 1939 2462">
     <span class='ocr_line' id='line_1_22' title="bbox 355 2391 1939 2462; baseline 0.001 -17"><span class='ocrx_word' id='word_1_179' title='bbox 355 2391 726 2460; x_wconf 85' lang='lat' dir='ltr'><strong>corporalibus</strong></span> <span class='ocrx_word' id='word_1_180' title='bbox 773 2406 913 2446; x_wconf 86' lang='lat' dir='ltr'><strong>llllth</strong></span> <span class='ocrx_word' id='word_1_181' title='bbox 964 2391 1211 2445; x_wconf 89' lang='lat' dir='ltr'><strong>illecebra</strong></span> <span class='ocrx_word' id='word_1_182' title='bbox 1250 2391 1481 2446; x_wconf 89' lang='lat' dir='ltr'><strong>cavenda</strong></span> <span class='ocrx_word' id='word_1_183' title='bbox 1527 2401 1642 2459; x_wconf 87' lang='lat' dir='ltr'><strong>est,</strong></span> <span class='ocrx_word' id='word_1_184' title='bbox 1689 2393 1939 2462; x_wconf 84' lang='lat' dir='ltr'><strong>quamdiu</strong></span> 
     </span>
    </p>
   </div>
   <div class='ocr_carea' id='block_1_23' title="bbox 356 2483 1942 2553">
    <p class='ocr_par' dir='ltr' id='par_1_23' title="bbox 356 2483 1942 2553">
     <span class='ocr_line' id='line_1_23' title="bbox 356 2483 1942 2553; baseline 0.001 -16"><span class='ocrx_word' id='word_1_185' title='bbox 356 2483 535 2537; x_wconf 86' lang='lat' dir='ltr'><strong>anima</strong></span> <span class='ocrx_word' id='word_1_186' title='bbox 582 2483 708 2537; x_wconf 89' lang='lat' dir='ltr'><strong>illici</strong></span> <span class='ocrx_word' id='word_1_187' title='bbox 752 2483 818 2536; x_wconf 92' lang='lat' dir='ltr'><strong>ad</strong></span> <span class='ocrx_word' id='word_1_188' title='bbox 865 2483 1280 2539; x_wconf 84' lang='lat' dir='ltr'><strong>delectationem</strong></span> <span class='ocrx_word' id='word_1_189' title='bbox 1306 2492 1510 2553; x_wconf 91' lang='lat' dir='ltr'><strong>turpem</strong></span> <span class='ocrx_word' id='word_1_190' title='bbox 1557 2492 1750 2553; x_wconf 86' lang='lat' dir='ltr'><strong>potest.</strong></span> <span class='ocrx_word' id='word_1_191' title='bbox 1793 2483 1942 2539; x_wconf 89' lang='lat' dir='ltr'><strong>Tunc</strong></span> 
     </span>
    </p>
   </div>
   <div class='ocr_carea' id='block_1_24' title="bbox 352 2573 1944 2644">
    <p class='ocr_par' dir='ltr' id='par_1_24' title="bbox 352 2573 1944 2644">
     <span class='ocr_line' id='line_1_24' title="bbox 352 2573 1944 2644; baseline 0.001 -16"><span class='ocrx_word' id='word_1_192' title='bbox 352 2585 530 2630; x_wconf 88' lang='lat' dir='ltr'><strong>autem</strong></span> <span class='ocrx_word' id='word_1_193' title='bbox 564 2584 667 2628; x_wconf 88' lang='lat' dir='ltr'><strong>tam</strong></span> <span class='ocrx_word' id='word_1_194' title='bbox 690 2573 837 2628; x_wconf 86' lang='lat' dir='ltr'><strong>lirma</strong></span> <span class='ocrx_word' id='word_1_195' title='bbox 866 2576 967 2629; x_wconf 91' lang='lat' dir='ltr'><strong>erit</strong></span> <span class='ocrx_word' id='word_1_196' title='bbox 999 2585 1155 2644; x_wconf 88' lang='lat' dir='ltr'><strong>atque</strong></span> <span class='ocrx_word' id='word_1_197' title='bbox 1191 2574 1445 2644; x_wconf 83' lang='lat' dir='ltr'><strong>perfecta,</strong></span> <span class='ocrx_word' id='word_1_198' title='bbox 1475 2584 1530 2629; x_wconf 93' lang='lat' dir='ltr'><strong>ut</strong></span> <span class='ocrx_word' id='word_1_199' title='bbox 1559 2575 1794 2629; x_wconf 90' lang='lat' dir='ltr'><strong>numeris</strong></span> <span class='ocrx_word' id='word_1_200' title='bbox 1823 2591 1944 2630; x_wconf 87' lang='lat' dir='ltr'><strong>cor-</strong></span> 
     </span>
    </p>
   </div>
   <div class='ocr_carea' id='block_1_25' title="bbox 352 2666 1936 2736">
    <p class='ocr_par' dir='ltr' id='par_1_25' title="bbox 352 2666 1936 2736">
     <span class='ocr_line' id='line_1_25' title="bbox 352 2666 1936 2736; baseline 0.002 -19"><span class='ocrx_word' id='word_1_201' title='bbox 352 2666 628 2736; x_wconf 84' lang='lat' dir='ltr'><strong>poralibus</strong></span> <span class='ocrx_word' id='word_1_202' title='bbox 657 2683 760 2720; x_wconf 90' lang='lat' dir='ltr'><strong>non</strong></span> <span class='ocrx_word' id='word_1_203' title='bbox 805 2675 1071 2721; x_wconf 81' lang='lat' dir='ltr'><strong>avertatur</strong></span> <span class='ocrx_word' id='word_1_204' title='bbox 1103 2681 1132 2720; x_wconf 89' lang='lat' dir='ltr'><strong>a</strong></span> <span class='ocrx_word' id='word_1_205' title='bbox 1163 2666 1610 2736; x_wconf 84' lang='lat' dir='ltr'><strong>contemplatione</strong></span> <span class='ocrx_word' id='word_1_206' title='bbox 1644 2667 1936 2736; x_wconf 65' lang='lat' dir='ltr'><strong>sapientia),</strong></span> 
     </span>
    </p>
   </div>
   <div class='ocr_carea' id='block_1_26' title="bbox 353 2756 1939 2820">
    <p class='ocr_par' dir='ltr' id='par_1_26' title="bbox 353 2756 1939 2820">
     <span class='ocr_line' id='line_1_26' title="bbox 353 2756 1939 2820; baseline 0 -10"><span class='ocrx_word' id='word_1_207' title='bbox 353 2763 409 2811; x_wconf 87' lang='lat' dir='ltr'><strong>et</strong></span> <span class='ocrx_word' id='word_1_208' title='bbox 431 2756 502 2809; x_wconf 89' lang='lat' dir='ltr'><strong>ita</strong></span> <span class='ocrx_word' id='word_1_209' title='bbox 535 2756 730 2810; x_wconf 88' lang='lat' dir='ltr'><strong>sentiat</strong></span> <span class='ocrx_word' id='word_1_210' title='bbox 753 2772 844 2811; x_wconf 90' lang='lat' dir='ltr'><strong>cos</strong></span> <span class='ocrx_word' id='word_1_211' title='bbox 873 2765 929 2810; x_wconf 92' lang='lat' dir='ltr'><strong>nt</strong></span> <span class='ocrx_word' id='word_1_212' title='bbox 957 2773 1063 2810; x_wconf 89' lang='lat' dir='ltr'><strong>non</strong></span> <span class='ocrx_word' id='word_1_213' title='bbox 1094 2756 1338 2812; x_wconf 89' lang='lat' dir='ltr'><strong>illiciatur</strong></span> <span class='ocrx_word' id='word_1_214' title='bbox 1366 2756 1433 2810; x_wconf 89' lang='lat' dir='ltr'><strong>ab</strong></span> <span class='ocrx_word' id='word_1_215' title='bbox 1462 2757 1538 2811; x_wconf 93' lang='lat' dir='ltr'><strong>eis</strong></span> <span class='ocrx_word' id='word_1_216' title='bbox 1557 2799 1570 2820; x_wconf 95' lang='lat'><strong>,</strong></span> <span class='ocrx_word' id='word_1_217' title='bbox 1597 2772 1695 2810; x_wconf 91' lang='lat' dir='ltr'><strong>nec</strong></span> <span class='ocrx_word' id='word_1_218' title='bbox 1733 2758 1811 2812; x_wconf 91' lang='lat' dir='ltr'><strong>eis</strong></span> <span class='ocrx_word' id='word_1_219' title='bbox 1847 2773 1939 2812; x_wconf 86' lang='lat' dir='ltr'><strong>ca-</strong></span> 
     </span>
    </p>
   </div>
   <div class='ocr_carea' id='block_1_27' title="bbox 351 2846 1942 2918">
    <p class='ocr_par' dir='ltr' id='par_1_27' title="bbox 351 2846 1942 2918">
     <span class='ocr_line' id='line_1_27' title="bbox 351 2846 1942 2918; baseline 0.003 -16"><span class='ocrx_word' id='word_1_220' title='bbox 351 2846 524 2902; x_wconf 87' lang='lat' dir='ltr'><strong>rendo</strong></span> <span class='ocrx_word' id='word_1_221' title='bbox 567 2848 652 2900; x_wconf 82' lang='lat' dir='ltr'><strong>ﬁat</strong></span> <span class='ocrx_word' id='word_1_222' title='bbox 691 2848 912 2914; x_wconf 90' lang='lat' dir='ltr'><strong>melior;</strong></span> <span class='ocrx_word' id='word_1_223' title='bbox 942 2849 1036 2903; x_wconf 92' lang='lat' dir='ltr'><strong>sed</strong></span> <span class='ocrx_word' id='word_1_224' title='bbox 1067 2849 1135 2903; x_wconf 89' lang='lat' dir='ltr'><strong>ita</strong></span> <span class='ocrx_word' id='word_1_225' title='bbox 1173 2849 1242 2903; x_wconf 91' lang='lat' dir='ltr'><strong>sit</strong></span> <span class='ocrx_word' id='word_1_226' title='bbox 1268 2849 1404 2904; x_wconf 89' lang='lat' dir='ltr'><strong>bona</strong></span> <span class='ocrx_word' id='word_1_227' title='bbox 1446 2861 1498 2904; x_wconf 91' lang='lat' dir='ltr'><strong>et</strong></span> <span class='ocrx_word' id='word_1_228' title='bbox 1538 2860 1714 2918; x_wconf 91' lang='lat' dir='ltr'><strong>recta,</strong></span> <span class='ocrx_word' id='word_1_229' title='bbox 1749 2860 1804 2906; x_wconf 88' lang='lat' dir='ltr'><strong>ut</strong></span> <span class='ocrx_word' id='word_1_230' title='bbox 1843 2867 1942 2908; x_wconf 89' lang='lat' dir='ltr'><strong>nec</strong></span> 
     </span>
    </p>
   </div>
   <div class='ocr_carea' id='block_1_28' title="bbox 353 2937 1343 3011">
    <p class='ocr_par' dir='ltr' id='par_1_28' title="bbox 353 2937 1343 3011">
     <span class='ocr_line' id='line_1_28' title="bbox 353 2937 1343 3011; baseline 0 -18"><span class='ocrx_word' id='word_1_231' title='bbox 353 2937 526 2993; x_wconf 89' lang='lat' dir='ltr'><strong>latere</strong></span> <span class='ocrx_word' id='word_1_232' title='bbox 558 2940 764 3008; x_wconf 90' lang='lat' dir='ltr'><strong>possint</strong></span> <span class='ocrx_word' id='word_1_233' title='bbox 791 2955 908 2995; x_wconf 91' lang='lat' dir='ltr'><strong>eam</strong></span> <span class='ocrx_word' id='word_1_234' title='bbox 937 2956 1035 2994; x_wconf 88' lang='lat' dir='ltr'><strong>nec</strong></span> <span class='ocrx_word' id='word_1_235' title='bbox 1063 2956 1343 3011; x_wconf 90' lang='lat' dir='ltr'><strong>occupare.</strong></span> 
     </span>
    </p>
   </div>
   <div class='ocr_carea' id='block_1_29' title="bbox 423 3031 1941 3105">
    <p class='ocr_par' dir='ltr' id='par_1_29' title="bbox 423 3031 1941 3105">
     <span class='ocr_line' id='line_1_29' title="bbox 423 3031 1941 3105; baseline 0.005 -20"><span class='ocrx_word' id='word_1_236' title='bbox 423 3031 476 3085; x_wconf 81' lang='grc'><strong>5.</strong></span> <span class='ocrx_word' id='word_1_237' title='bbox 503 3031 633 3088; x_wconf 88' lang='lat' dir='ltr'><strong>Item</strong></span> <span class='ocrx_word' id='word_1_238' title='bbox 656 3033 797 3103; x_wconf 90' lang='lat' dir='ltr'><strong>quod</strong></span> <span class='ocrx_word' id='word_1_239' title='bbox 819 3033 949 3099; x_wconf 79' lang='lat' dir='ltr'><strong>dixi,</strong></span> <span class='ocrx_word' id='word_1_240' title='bbox 972 3032 1096 3087; x_wconf 78' lang='lat' dir='ltr'><strong>llwc</strong></span> <span class='ocrx_word' id='word_1_241' title='bbox 1116 3043 1282 3088; x_wconf 86' lang='lat' dir='ltr'><strong>autem</strong></span> <span class='ocrx_word' id='word_1_242' title='bbox 1301 3035 1491 3089; x_wconf 76' lang='lat' dir='ltr'><strong>sanitas</strong></span> <span class='ocrx_word' id='word_1_243' title='bbox 1513 3045 1630 3088; x_wconf 89' lang='lat' dir='ltr'><strong>tunc</strong></span> <span class='ocrx_word' id='word_1_244' title='bbox 1652 3037 1941 3105; x_wconf 85' lang='lat' dir='ltr'><strong>firmissima</strong></span> 
     </span>
    </p>
   </div>
   <div class='ocr_carea' id='block_1_30' title="bbox 349 3123 1939 3196">
    <p class='ocr_par' dir='ltr' id='par_1_30' title="bbox 349 3123 1939 3196">
     <span class='ocr_line' id='line_1_30' title="bbox 349 3123 1939 3196; baseline 0.005 -20"><span class='ocrx_word' id='word_1_245' title='bbox 349 3123 445 3176; x_wconf 84' lang='lat' dir='ltr'><strong>erit</strong></span> <span class='ocrx_word' id='word_1_246' title='bbox 471 3133 624 3192; x_wconf 75' lang='lat' dir='ltr'><strong>atque</strong></span> <span class='ocrx_word' id='word_1_247' title='bbox 649 3125 922 3178; x_wconf 88' lang='lat' dir='ltr'><strong>certissima</strong></span> <span class='ocrx_word' id='word_1_248' title='bbox 946 3167 960 3191; x_wconf 92' lang='lat'><strong>,</strong></span> <span class='ocrx_word' id='word_1_249' title='bbox 991 3142 1103 3178; x_wconf 89' lang='lat' dir='ltr'><strong>cum</strong></span> <span class='ocrx_word' id='word_1_250' title='bbox 1144 3126 1371 3196; x_wconf 80' lang='lat' dir='ltr'><strong>pristina:</strong></span> <span class='ocrx_word' id='word_1_251' title='bbox 1406 3127 1663 3180; x_wconf 88' lang='lat' dir='ltr'><strong>stabilitati</strong></span> <span class='ocrx_word' id='word_1_252' title='bbox 1687 3139 1819 3184; x_wconf 87' lang='lat' dir='ltr'><strong>certo</strong></span> <span class='ocrx_word' id='word_1_253' title='bbox 1849 3147 1939 3184; x_wconf 85' lang='lat' dir='ltr'><strong>suo</strong></span> 
     </span>
    </p>
   </div>
   <div class='ocr_carea' id='block_1_31' title="bbox 348 3216 1935 3291">
    <p class='ocr_par' dir='ltr' id='par_1_31' title="bbox 348 3216 1935 3291">
     <span class='ocr_line' id='line_1_31' title="bbox 348 3216 1935 3291; baseline 0.006 -24"><span class='ocrx_word' id='word_1_254' title='bbox 348 3222 574 3284; x_wconf 85' lang='lat' dir='ltr'><strong>tempore</strong></span> <span class='ocrx_word' id='word_1_255' title='bbox 601 3225 747 3286; x_wconf 83' lang='lat' dir='ltr'><strong>atque</strong></span> <span class='ocrx_word' id='word_1_256' title='bbox 773 3216 948 3269; x_wconf 87' lang='lat' dir='ltr'><strong>ordine</strong></span> <span class='ocrx_word' id='word_1_257' title='bbox 971 3216 1063 3270; x_wconf 89' lang='lat' dir='ltr'><strong>hoc</strong></span> <span class='ocrx_word' id='word_1_258' title='bbox 1094 3233 1274 3286; x_wconf 88' lang='lat' dir='ltr'><strong>corpus</strong></span> <span class='ocrx_word' id='word_1_259' title='bbox 1307 3218 1457 3287; x_wconf 78' lang='lat' dir='ltr'><strong>fuerit</strong></span> <span class='ocrx_word' id='word_1_260' title='bbox 1483 3221 1759 3274; x_wconf 85' lang='lat' dir='ltr'><strong>restitutum</strong></span> <span class='ocrx_word' id='word_1_261' title='bbox 1780 3221 1798 3291; x_wconf 93' lang='lat'>(</span> <span class='ocrx_word' id='word_1_262' title='bbox 1823 3219 1935 3289; x_wconf 87' lang='lat' dir='ltr'><strong>Id.,</strong></span> 
     </span>
    </p>
   </div>
   <div class='ocr_carea' id='block_1_32' title="bbox 349 3308 1940 3383">
    <p class='ocr_par' dir='ltr' id='par_1_32' title="bbox 349 3308 1940 3383">
     <span class='ocr_line' id='line_1_32' title="bbox 349 3308 1940 3383; baseline 0.006 -23"><span class='ocrx_word' id='word_1_263' title='bbox 349 3323 398 3360; x_wconf 91' lang='lat' dir='ltr'><strong>c.</strong></span> <span class='ocrx_word' id='word_1_264' title='bbox 429 3309 482 3375; x_wconf 89' lang='lat'><strong>5,</strong></span> <span class='ocrx_word' id='word_1_265' title='bbox 513 3325 564 3362; x_wconf 86' lang='grc' dir='ltr'>ιι.</span> <span class='ocrx_word' id='word_1_266' title='bbox 594 3309 661 3362; x_wconf 76' lang='lat' dir='ltr'><strong>I3</strong></span> <span class='ocrx_word' id='word_1_267' title='bbox 683 3308 735 3379; x_wconf 92' lang='lat'><strong>),</strong></span> <span class='ocrx_word' id='word_1_268' title='bbox 767 3325 870 3362; x_wconf 92' lang='lat' dir='ltr'><strong>non</strong></span> <span class='ocrx_word' id='word_1_269' title='bbox 908 3310 980 3363; x_wconf 86' lang='lat' dir='ltr'><strong>ita</strong></span> <span class='ocrx_word' id='word_1_270' title='bbox 1009 3309 1207 3364; x_wconf 90' lang='lat' dir='ltr'><strong>dictum</strong></span> <span class='ocrx_word' id='word_1_271' title='bbox 1235 3320 1476 3380; x_wconf 87' lang='lat' dir='ltr'><strong>putetur,</strong></span> <span class='ocrx_word' id='word_1_272' title='bbox 1510 3315 1657 3383; x_wconf 89' lang='lat' dir='ltr'><strong>quasi</strong></span> <span class='ocrx_word' id='word_1_273' title='bbox 1699 3330 1802 3368; x_wconf 90' lang='lat' dir='ltr'><strong>non</strong></span> <span class='ocrx_word' id='word_1_274' title='bbox 1832 3315 1940 3369; x_wconf 89' lang='lat' dir='ltr'><strong>sint</strong></span> 
     </span>
    </p>
   </div>
   <div class='ocr_carea' id='block_1_33' title="bbox 349 3397 1938 3476">
    <p class='ocr_par' dir='ltr' id='par_1_33' title="bbox 349 3397 1938 3476">
     <span class='ocr_line' id='line_1_33' title="bbox 349 3397 1938 3476; baseline 0.007 -26"><span class='ocrx_word' id='word_1_275' title='bbox 349 3397 525 3452; x_wconf 81' lang='lat' dir='ltr'><strong>futura</strong></span> <span class='ocrx_word' id='word_1_276' title='bbox 568 3408 684 3469; x_wconf 90' lang='lat' dir='ltr'><strong>post</strong></span> <span class='ocrx_word' id='word_1_277' title='bbox 726 3402 1165 3455; x_wconf 88' lang='lat' dir='ltr'><strong>resurrectionem</strong></span> <span class='ocrx_word' id='word_1_278' title='bbox 1211 3416 1434 3471; x_wconf 91' lang='lat' dir='ltr'><strong>corpora</strong></span> <span class='ocrx_word' id='word_1_279' title='bbox 1480 3403 1734 3470; x_wconf 86' lang='lat' dir='ltr'><strong>meliora,</strong></span> <span class='ocrx_word' id='word_1_280' title='bbox 1779 3421 1938 3476; x_wconf 90' lang='lat' dir='ltr'><strong>quam</strong></span> 
     </span>
    </p>
   </div>
   <div class='ocr_carea' id='block_1_34' title="bbox 348 3490 1936 3568">
    <p class='ocr_par' dir='ltr' id='par_1_34' title="bbox 348 3490 1936 3568">
     <span class='ocr_line' id='line_1_34' title="bbox 348 3490 1936 3568; baseline 0.005 -24"><span class='ocrx_word' id='word_1_281' title='bbox 348 3491 648 3560; x_wconf 87' lang='lat' dir='ltr'><strong>primorum</strong></span> <span class='ocrx_word' id='word_1_282' title='bbox 678 3490 946 3545; x_wconf 89' lang='lat' dir='ltr'><strong>hominum</strong></span> <span class='ocrx_word' id='word_1_283' title='bbox 973 3492 1026 3546; x_wconf 92' lang='lat' dir='ltr'><strong>in</strong></span> <span class='ocrx_word' id='word_1_284' title='bbox 1050 3493 1293 3562; x_wconf 86' lang='lat' dir='ltr'><strong>paradiso</strong></span> <span class='ocrx_word' id='word_1_285' title='bbox 1319 3493 1550 3562; x_wconf 84' lang='lat' dir='ltr'><strong>fuerunt,</strong></span> <span class='ocrx_word' id='word_1_286' title='bbox 1573 3510 1692 3551; x_wconf 91' lang='lat' dir='ltr'><strong>cum</strong></span> <span class='ocrx_word' id='word_1_287' title='bbox 1718 3497 1805 3551; x_wconf 92' lang='lat' dir='ltr'><strong>illa</strong></span> <span class='ocrx_word' id='word_1_288' title='bbox 1826 3497 1936 3568; x_wconf 89' lang='lat' dir='ltr'><strong>jam</strong></span> 
     </span>
    </p>
   </div>
   <div class='ocr_carea' id='block_1_35' title="bbox 349 3583 1934 3657">
    <p class='ocr_par' dir='ltr' id='par_1_35' title="bbox 349 3583 1934 3657">
     <span class='ocr_line' id='line_1_35' title="bbox 349 3583 1934 3657; baseline 0.005 -21"><span class='ocrx_word' id='word_1_289' title='bbox 349 3598 460 3636; x_wconf 91' lang='lat' dir='ltr'><strong>non</strong></span> <span class='ocrx_word' id='word_1_290' title='bbox 502 3583 610 3636; x_wconf 89' lang='lat' dir='ltr'><strong>sint</strong></span> <span class='ocrx_word' id='word_1_291' title='bbox 636 3583 825 3639; x_wconf 89' lang='lat' dir='ltr'><strong>alenda</strong></span> <span class='ocrx_word' id='word_1_292' title='bbox 868 3585 1231 3655; x_wconf 90' lang='lat' dir='ltr'><strong>corporalibus</strong></span> <span class='ocrx_word' id='word_1_293' title='bbox 1267 3585 1534 3642; x_wconf 84' lang='lat' dir='ltr'><strong>alimentis</strong></span> <span class='ocrx_word' id='word_1_294' title='bbox 1559 3628 1572 3652; x_wconf 91' lang='lat'><strong>,</strong></span> <span class='ocrx_word' id='word_1_295' title='bbox 1604 3588 1797 3657; x_wconf 88' lang='lat' dir='ltr'><strong>quibus</strong></span> <span class='ocrx_word' id='word_1_296' title='bbox 1823 3590 1934 3644; x_wconf 86' lang='lat' dir='ltr'><strong>alc-</strong></span> 
     </span>
    </p>
   </div>
   <div class='ocr_carea' id='block_1_36' title="bbox 349 3673 1936 3749">
    <p class='ocr_par' dir='ltr' id='par_1_36' title="bbox 349 3673 1936 3749">
     <span class='ocr_line' id='line_1_36' title="bbox 349 3673 1936 3749; baseline 0.004 -21"><span class='ocrx_word' id='word_1_297' title='bbox 349 3673 547 3728; x_wconf 86' lang='lat' dir='ltr'><strong>bantur</strong></span> <span class='ocrx_word' id='word_1_298' title='bbox 574 3676 669 3727; x_wconf 89' lang='lat' dir='ltr'><strong>ista</strong></span> <span class='ocrx_word' id='word_1_299' title='bbox 695 3693 706 3728; x_wconf 91' lang='lat'><strong>:</strong></span> <span class='ocrx_word' id='word_1_300' title='bbox 735 3676 829 3730; x_wconf 89' lang='lat' dir='ltr'><strong>sed</strong></span> <span class='ocrx_word' id='word_1_301' title='bbox 853 3677 1073 3745; x_wconf 90' lang='lat' dir='ltr'><strong>pristina</strong></span> <span class='ocrx_word' id='word_1_302' title='bbox 1101 3676 1364 3731; x_wconf 88' lang='lat' dir='ltr'><strong>stabilitas</strong></span> <span class='ocrx_word' id='word_1_303' title='bbox 1392 3676 1648 3734; x_wconf 87' lang='lat' dir='ltr'><strong>hactenus</strong></span> <span class='ocrx_word' id='word_1_304' title='bbox 1673 3681 1936 3749; x_wconf 86' lang='lat' dir='ltr'><strong>accipien-</strong></span> 
     </span>
    </p>
   </div>
   <div class='ocr_carea' id='block_1_37' title="bbox 354 3765 1933 3840">
    <p class='ocr_par' dir='ltr' id='par_1_37' title="bbox 354 3765 1933 3840">
     <span class='ocr_line' id='line_1_37' title="bbox 354 3765 1933 3840; baseline 0.006 -21"><span class='ocrx_word' id='word_1_305' title='bbox 354 3765 422 3819; x_wconf 91' lang='lat' dir='ltr'><strong>da</strong></span> <span class='ocrx_word' id='word_1_306' title='bbox 455 3774 554 3830; x_wconf 90' lang='lat' dir='ltr'><strong>est,</strong></span> <span class='ocrx_word' id='word_1_307' title='bbox 585 3774 846 3836; x_wconf 85' lang='lat' dir='ltr'><strong>quatenus</strong></span> <span class='ocrx_word' id='word_1_308' title='bbox 873 3767 1237 3837; x_wconf 82' lang='lat' dir='ltr'><strong>:cgritudinem</strong></span> <span class='ocrx_word' id='word_1_309' title='bbox 1268 3767 1337 3822; x_wconf 90' lang='lat' dir='ltr'><strong>ita</strong></span> <span class='ocrx_word' id='word_1_310' title='bbox 1368 3769 1564 3824; x_wconf 90' lang='lat' dir='ltr'><strong>nullam</strong></span> <span class='ocrx_word' id='word_1_311' title='bbox 1589 3786 1812 3840; x_wconf 89' lang='lat' dir='ltr'><strong>corpora</strong></span> <span class='ocrx_word' id='word_1_312' title='bbox 1845 3771 1933 3828; x_wconf 88' lang='lat' dir='ltr'><strong>illa</strong></span> 
     </span>
    </p>
   </div>
   <div class='ocr_carea' id='block_1_38' title="bbox 357 3858 1932 3932">
    <p class='ocr_par' dir='ltr' id='par_1_38' title="bbox 357 3858 1932 3932">
     <span class='ocr_line' id='line_1_38' title="bbox 357 3858 1932 3932; baseline 0.003 -21"><span class='ocrx_word' id='word_1_313' title='bbox 357 3858 660 3927; x_wconf 88' lang='lat' dir='ltr'><strong>patientur,</strong></span> <span class='ocrx_word' id='word_1_314' title='bbox 693 3859 828 3912; x_wconf 85' lang='lat' dir='ltr'><strong>sicut</strong></span> <span class='ocrx_word' id='word_1_315' title='bbox 853 3873 950 3913; x_wconf 91' lang='lat' dir='ltr'><strong>nec</strong></span> <span class='ocrx_word' id='word_1_316' title='bbox 976 3859 1071 3912; x_wconf 90' lang='lat' dir='ltr'><strong>ista</strong></span> <span class='ocrx_word' id='word_1_317' title='bbox 1101 3860 1206 3929; x_wconf 89' lang='lat' dir='ltr'><strong>pati</strong></span> <span class='ocrx_word' id='word_1_318' title='bbox 1233 3869 1452 3929; x_wconf 83' lang='lat' dir='ltr'><strong>pOssent</strong></span> <span class='ocrx_word' id='word_1_319' title='bbox 1487 3870 1608 3916; x_wconf 89' lang='lat' dir='ltr'><strong>ante</strong></span> <span class='ocrx_word' id='word_1_320' title='bbox 1639 3871 1932 3932; x_wconf 87' lang='lat' dir='ltr'><strong>peccatum.</strong></span> 
     </span>
    </p>
   </div>
   <div class='ocr_carea' id='block_1_39' title="bbox 421 3949 1934 4025">
    <p class='ocr_par' dir='ltr' id='par_1_39' title="bbox 421 3949 1934 4025">
     <span class='ocr_line' id='line_1_39' title="bbox 421 3949 1934 4025; baseline 0.005 -23"><span class='ocrx_word' id='word_1_321' title='bbox 421 3949 475 4002; x_wconf 78' lang='grc'><strong>4.</strong></span> <span class='ocrx_word' id='word_1_322' title='bbox 505 3950 624 4003; x_wconf 83' lang='lat' dir='ltr'><strong>Alio</strong></span> <span class='ocrx_word' id='word_1_323' title='bbox 652 3950 765 4004; x_wconf 90' lang='lat' dir='ltr'><strong>loco</strong></span> <span class='ocrx_word' id='word_1_324' title='bbox 796 3968 807 4002; x_wconf 89' lang='lat'><strong>:</strong></span> <span class='ocrx_word' id='word_1_325' title='bbox 841 3951 1160 4005; x_wconf 85' lang='lat' dir='ltr'><strong>Laboriosior</strong></span> <span class='ocrx_word' id='word_1_326' title='bbox 1187 3962 1278 4019; x_wconf 87' lang='lat' dir='ltr'><strong>est,</strong></span> <span class='ocrx_word' id='word_1_327' title='bbox 1311 3954 1515 4023; x_wconf 86' lang='lat' dir='ltr'><strong>inquam</strong></span> <span class='ocrx_word' id='word_1_328' title='bbox 1535 3996 1550 4021; x_wconf 87' lang='lat'><strong>,</strong></span> <span class='ocrx_word' id='word_1_329' title='bbox 1582 3954 1733 4025; x_wconf 83' lang='lat' dir='ltr'><strong>hujus</strong></span> <span class='ocrx_word' id='word_1_330' title='bbox 1758 3956 1934 4010; x_wconf 85' lang='lat' dir='ltr'><strong>mundi</strong></span> 
     </span>
    </p>
   </div>
   <div class='ocr_carea' id='block_1_40' title="bbox 347 4041 1934 4112">
    <p class='ocr_par' dir='ltr' id='par_1_40' title="bbox 347 4041 1934 4112">
     <span class='ocr_line' id='line_1_40' title="bbox 347 4041 1934 4112; baseline 0.006 -20"><span class='ocrx_word' id='word_1_331' title='bbox 347 4056 514 4093; x_wconf 86' lang='lat' dir='ltr'><strong>amor.</strong></span> <span class='ocrx_word' id='word_1_332' title='bbox 559 4041 708 4106; x_wconf 81' lang='lat' dir='ltr'><strong>Quod</strong></span> <span class='ocrx_word' id='word_1_333' title='bbox 750 4043 882 4095; x_wconf 78' lang='lat' dir='ltr'><strong>enim</strong></span> <span class='ocrx_word' id='word_1_334' title='bbox 926 4043 977 4096; x_wconf 91' lang='lat' dir='ltr'><strong>in</strong></span> <span class='ocrx_word' id='word_1_335' title='bbox 1023 4044 1111 4097; x_wconf 93' lang='lat' dir='ltr'><strong>illo</strong></span> <span class='ocrx_word' id='word_1_336' title='bbox 1151 4044 1320 4098; x_wconf 89' lang='lat' dir='ltr'><strong>anima</strong></span> <span class='ocrx_word' id='word_1_337' title='bbox 1363 4045 1567 4112; x_wconf 74' lang='lat' dir='ltr'><strong>quwrit,</strong></span> <span class='ocrx_word' id='word_1_338' title='bbox 1602 4047 1934 4101; x_wconf 85' lang='lat' dir='ltr'><strong>constantiam</strong></span> 
     </span>
    </p>
   </div>
   <div class='ocr_carea' id='block_1_41' title="bbox 347 4133 1930 4208">
    <p class='ocr_par' dir='ltr' id='par_1_41' title="bbox 347 4133 1930 4208">
     <span class='ocr_line' id='line_1_41' title="bbox 347 4133 1930 4208; baseline 0.004 -21"><span class='ocrx_word' id='word_1_339' title='bbox 347 4133 538 4187; x_wconf 79' lang='lat' dir='ltr'><strong>scilicet</strong></span> <span class='ocrx_word' id='word_1_340' title='bbox 584 4136 1031 4206; x_wconf 79' lang='lat' dir='ltr'><strong>(cternitatcmque,</strong></span> <span class='ocrx_word' id='word_1_341' title='bbox 1079 4154 1180 4190; x_wconf 88' lang='lat' dir='ltr'><strong>non</strong></span> <span class='ocrx_word' id='word_1_342' title='bbox 1229 4138 1414 4191; x_wconf 86' lang='lat' dir='ltr'><strong>invenit</strong></span> <span class='ocrx_word' id='word_1_343' title='bbox 1447 4141 1724 4208; x_wconf 86' lang='lat' dir='ltr'><strong>:quoniam</strong></span> <span class='ocrx_word' id='word_1_344' title='bbox 1762 4158 1930 4193; x_wconf 90' lang='lat' dir='ltr'><strong>rerum</strong></span> 
     </span>
    </p>
   </div>
   <div class='ocr_carea' id='block_1_42' title="bbox 344 4227 1932 4302">
    <p class='ocr_par' dir='ltr' id='par_1_42' title="bbox 344 4227 1932 4302">
     <span class='ocr_line' id='line_1_42' title="bbox 344 4227 1932 4302; baseline 0.005 -24"><span class='ocrx_word' id='word_1_345' title='bbox 344 4227 564 4278; x_wconf 81' lang='lat' dir='ltr'><strong>transitu</strong></span> <span class='ocrx_word' id='word_1_346' title='bbox 599 4227 878 4296; x_wconf 86' lang='lat' dir='ltr'><strong>completur</strong></span> <span class='ocrx_word' id='word_1_347' title='bbox 902 4229 1105 4294; x_wconf 83' lang='lat' dir='ltr'><strong>inﬁrma</strong></span> <span class='ocrx_word' id='word_1_348' title='bbox 1134 4231 1452 4298; x_wconf 80' lang='lat' dir='ltr'><strong>pulchritudo</strong></span> <span class='ocrx_word' id='word_1_349' title='bbox 1471 4273 1486 4298; x_wconf 93' lang='lat'><strong>,</strong></span> <span class='ocrx_word' id='word_1_350' title='bbox 1524 4241 1568 4284; x_wconf 88' lang='lat' dir='ltr'><strong>et</strong></span> <span class='ocrx_word' id='word_1_351' title='bbox 1601 4233 1734 4302; x_wconf 82' lang='lat' dir='ltr'><strong>quod</strong></span> <span class='ocrx_word' id='word_1_352' title='bbox 1763 4234 1813 4285; x_wconf 90' lang='lat' dir='ltr'><strong>in</strong></span> <span class='ocrx_word' id='word_1_353' title='bbox 1841 4234 1932 4286; x_wconf 89' lang='lat' dir='ltr'><strong>illa</strong></span> 
     </span>
    </p>
   </div>
   <div class='ocr_carea' id='block_1_43' title="bbox 341 4315 1929 4397">
    <p class='ocr_par' dir='ltr' id='par_1_43' title="bbox 341 4315 1929 4397">
     <span class='ocr_line' id='line_1_43' title="bbox 341 4315 1929 4397; baseline 0.006 -26"><span class='ocrx_word' id='word_1_354' title='bbox 341 4315 576 4371; x_wconf 78' lang='lat' dir='ltr'><strong>imitatur</strong></span> <span class='ocrx_word' id='word_1_355' title='bbox 608 4321 972 4386; x_wconf 87' lang='lat' dir='ltr'><strong>constantiam,</strong></span> <span class='ocrx_word' id='word_1_356' title='bbox 1005 4337 1035 4373; x_wconf 88' lang='lat' dir='ltr'><strong>a</strong></span> <span class='ocrx_word' id='word_1_357' title='bbox 1063 4338 1256 4375; x_wconf 89' lang='lat' dir='ltr'><strong>summo</strong></span> <span class='ocrx_word' id='word_1_358' title='bbox 1280 4321 1386 4376; x_wconf 89' lang='lat' dir='ltr'><strong>Deo</strong></span> <span class='ocrx_word' id='word_1_359' title='bbox 1424 4339 1510 4391; x_wconf 88' lang='lat' dir='ltr'><strong>per</strong></span> <span class='ocrx_word' id='word_1_360' title='bbox 1533 4324 1754 4378; x_wconf 86' lang='lat' dir='ltr'><strong>animam</strong></span> <span class='ocrx_word' id='word_1_361' title='bbox 1780 4327 1929 4397; x_wconf 85' lang='lat' dir='ltr'><strong>traji-</strong></span> 
     </span>
    </p>
   </div>
   <div class='ocr_carea' id='block_1_44' title="bbox 345 4408 1930 4483">
    <p class='ocr_par' dir='ltr' id='par_1_44' title="bbox 345 4408 1930 4483">
     <span class='ocr_line' id='line_1_44' title="bbox 345 4408 1930 4483; baseline 0.006 -23"><span class='ocrx_word' id='word_1_362' title='bbox 345 4408 481 4461; x_wconf 86' lang='lat' dir='ltr'><strong>citur</strong></span> <span class='ocrx_word' id='word_1_363' title='bbox 509 4423 528 4460; x_wconf 89' lang='lat'><strong><em>:</em></strong></span> <span class='ocrx_word' id='word_1_364' title='bbox 553 4409 786 4478; x_wconf 84' lang='lat' dir='ltr'><strong>quoniam</strong></span> <span class='ocrx_word' id='word_1_365' title='bbox 816 4411 954 4480; x_wconf 90' lang='lat' dir='ltr'><strong>prior</strong></span> <span class='ocrx_word' id='word_1_366' title='bbox 992 4420 1062 4466; x_wconf 87' lang='lat' dir='ltr'><strong>est</strong></span> <span class='ocrx_word' id='word_1_367' title='bbox 1099 4413 1288 4481; x_wconf 87' lang='lat' dir='ltr'><strong>species</strong></span> <span class='ocrx_word' id='word_1_368' title='bbox 1326 4415 1670 4467; x_wconf 87' lang='lat' dir='ltr'><strong>tantummodo</strong></span> <span class='ocrx_word' id='word_1_369' title='bbox 1709 4424 1930 4483; x_wconf 87' lang='lat' dir='ltr'><strong>tempore</strong></span> 
     </span>
    </p>
   </div>
   <div class='ocr_carea' id='block_1_45' title="bbox 347 4500 1924 4577">
    <p class='ocr_par' dir='ltr' id='par_1_45' title="bbox 347 4500 1924 4577">
     <span class='ocr_line' id='line_1_45' title="bbox 347 4500 1924 4577; baseline 0.005 -25"><span class='ocrx_word' id='word_1_370' title='bbox 347 4500 735 4568; x_wconf 84' lang='lat' dir='ltr'><strong>conunutabilis,</strong></span> <span class='ocrx_word' id='word_1_371' title='bbox 763 4514 914 4571; x_wconf 80' lang='lat' dir='ltr'><strong>quam</strong></span> <span class='ocrx_word' id='word_1_372' title='bbox 940 4511 1008 4556; x_wconf 88' lang='lat' dir='ltr'><strong>est</strong></span> <span class='ocrx_word' id='word_1_373' title='bbox 1035 4520 1110 4566; x_wconf 89' lang='lat' dir='ltr'><strong>ea,</strong></span> <span class='ocrx_word' id='word_1_374' title='bbox 1133 4519 1245 4573; x_wconf 77' lang='lat' dir='ltr'><strong>qua:</strong></span> <span class='ocrx_word' id='word_1_375' title='bbox 1267 4513 1313 4558; x_wconf 90' lang='lat' dir='ltr'><strong>et</strong></span> <span class='ocrx_word' id='word_1_376' title='bbox 1337 4513 1556 4574; x_wconf 85' lang='lat' dir='ltr'><strong>tempore</strong></span> <span class='ocrx_word' id='word_1_377' title='bbox 1577 4515 1622 4560; x_wconf 88' lang='lat' dir='ltr'><strong>et</strong></span> <span class='ocrx_word' id='word_1_378' title='bbox 1643 4506 1766 4560; x_wconf 87' lang='lat' dir='ltr'><strong>locis</strong></span> <span class='ocrx_word' id='word_1_379' title='bbox 1787 4505 1924 4577; x_wconf 86' lang='lat' dir='ltr'><strong>(Id.,</strong></span> 
     </span>
    </p>
   </div>
   <div class='ocr_carea' id='block_1_46' title="bbox 341 4591 1922 4667">
    <p class='ocr_par' dir='ltr' id='par_1_46' title="bbox 341 4591 1922 4667">
     <span class='ocr_line' id='line_1_46' title="bbox 341 4591 1922 4667; baseline 0.006 -24"><span class='ocrx_word' id='word_1_380' title='bbox 341 4606 390 4643; x_wconf 90' lang='lat' dir='ltr'><strong>c.</strong></span> <span class='ocrx_word' id='word_1_381' title='bbox 423 4591 522 4655; x_wconf 77' lang='lat' dir='ltr'><strong>M,</strong></span> <span class='ocrx_word' id='word_1_382' title='bbox 557 4609 608 4644; x_wconf 90' lang='lat' dir='ltr'><strong>n.</strong></span> <span class='ocrx_word' id='word_1_383' title='bbox 641 4593 760 4663; x_wconf 76' lang='lat'><strong>45).</strong></span> <span class='ocrx_word' id='word_1_384' title='bbox 791 4593 916 4652; x_wconf 56' lang='lat' dir='ltr'><strong>llaec</strong></span> <span class='ocrx_word' id='word_1_385' title='bbox 953 4595 1108 4648; x_wconf 78' lang='lat' dir='ltr'><strong>verba</strong></span> <span class='ocrx_word' id='word_1_386' title='bbox 1140 4596 1182 4650; x_wconf 91' lang='lat' dir='ltr'><strong>si</strong></span> <span class='ocrx_word' id='word_1_387' title='bbox 1214 4611 1278 4650; x_wconf 93' lang='lat' dir='ltr'><strong>eo</strong></span> <span class='ocrx_word' id='word_1_388' title='bbox 1306 4597 1464 4651; x_wconf 88' lang='lat' dir='ltr'><strong>modo</strong></span> <span class='ocrx_word' id='word_1_389' title='bbox 1487 4599 1651 4667; x_wconf 89' lang='lat' dir='ltr'><strong>accipi</strong></span> <span class='ocrx_word' id='word_1_390' title='bbox 1685 4607 1922 4667; x_wconf 90' lang='lat' dir='ltr'><strong>possunt,</strong></span> 
     </span>
    </p>
   </div>
   <div class='ocr_carea' id='block_1_47' title="bbox 342 4686 1925 4760">
    <p class='ocr_par' dir='ltr' id='par_1_47' title="bbox 342 4686 1925 4760">
     <span class='ocr_line' id='line_1_47' title="bbox 342 4686 1925 4760; baseline 0.003 -20"><span class='ocrx_word' id='word_1_391' title='bbox 342 4693 403 4740; x_wconf 86' lang='lat' dir='ltr'><strong>ut</strong></span> <span class='ocrx_word' id='word_1_392' title='bbox 433 4701 538 4739; x_wconf 89' lang='lat' dir='ltr'><strong>non</strong></span> <span class='ocrx_word' id='word_1_393' title='bbox 563 4686 882 4756; x_wconf 86' lang='lat' dir='ltr'><strong>intelligatur</strong></span> <span class='ocrx_word' id='word_1_394' title='bbox 905 4687 1082 4740; x_wconf 90' lang='lat' dir='ltr'><strong>inlima</strong></span> <span class='ocrx_word' id='word_1_395' title='bbox 1114 4688 1483 4758; x_wconf 88' lang='lat' dir='ltr'><strong>pulchritudo,</strong></span> <span class='ocrx_word' id='word_1_396' title='bbox 1528 4691 1626 4744; x_wconf 90' lang='lat' dir='ltr'><strong>nisi</strong></span> <span class='ocrx_word' id='word_1_397' title='bbox 1657 4691 1707 4744; x_wconf 94' lang='lat' dir='ltr'><strong>in</strong></span> <span class='ocrx_word' id='word_1_398' title='bbox 1738 4706 1925 4760; x_wconf 86' lang='lat' dir='ltr'><strong>corpo-</strong></span> 
     </span>
    </p>
   </div>
   <div class='ocr_carea' id='block_1_48' title="bbox 339 4777 1923 4851">
    <p class='ocr_par' dir='ltr' id='par_1_48' title="bbox 339 4777 1923 4851">
     <span class='ocr_line' id='line_1_48' title="bbox 339 4777 1923 4851; baseline 0.003 -19"><span class='ocrx_word' id='word_1_399' title='bbox 339 4777 491 4832; x_wconf 87' lang='lat' dir='ltr'><strong>ribus</strong></span> <span class='ocrx_word' id='word_1_400' title='bbox 535 4777 844 4844; x_wconf 91' lang='lat' dir='ltr'><strong>hominum,</strong></span> <span class='ocrx_word' id='word_1_401' title='bbox 884 4778 1227 4849; x_wconf 86' lang='lat' dir='ltr'><strong>omniumque</strong></span> <span class='ocrx_word' id='word_1_402' title='bbox 1263 4781 1598 4845; x_wconf 89' lang='lat' dir='ltr'><strong>animalium,</strong></span> <span class='ocrx_word' id='word_1_403' title='bbox 1650 4797 1766 4851; x_wconf 71' lang='lat' dir='ltr'><strong>quze</strong></span> <span class='ocrx_word' id='word_1_404' title='bbox 1804 4797 1923 4836; x_wconf 91' lang='lat' dir='ltr'><strong>cum</strong></span> 
     </span>
    </p>
   </div>
   <div class='ocr_carea' id='block_1_49' title="bbox 339 4871 1925 4939">
    <p class='ocr_par' dir='ltr' id='par_1_49' title="bbox 339 4871 1925 4939">
     <span class='ocr_line' id='line_1_49' title="bbox 339 4871 1925 4939; baseline 0.004 -16"><span class='ocrx_word' id='word_1_405' title='bbox 339 4884 504 4924; x_wconf 88' lang='lat' dir='ltr'><strong>sensu</strong></span> <span class='ocrx_word' id='word_1_406' title='bbox 537 4871 776 4939; x_wconf 89' lang='lat' dir='ltr'><strong>corporis</strong></span> <span class='ocrx_word' id='word_1_407' title='bbox 805 4871 1017 4934; x_wconf 84' lang='lat' dir='ltr'><strong>vivunt,</strong></span> <span class='ocrx_word' id='word_1_408' title='bbox 1054 4872 1188 4925; x_wconf 86' lang='lat' dir='ltr'><strong>ratio</strong></span> <span class='ocrx_word' id='word_1_409' title='bbox 1229 4873 1504 4927; x_wconf 81' lang='lat' dir='ltr'><strong>manifesta</strong></span> <span class='ocrx_word' id='word_1_410' title='bbox 1529 4873 1780 4928; x_wconf 85' lang='lat' dir='ltr'><strong>defendit.</strong></span> <span class='ocrx_word' id='word_1_411' title='bbox 1817 4875 1925 4930; x_wconf 89' lang='lat' dir='ltr'><strong>Iloc</strong></span> 
     </span>
    </p>
   </div>
   <div class='ocr_carea' id='block_1_50' title="bbox 338 4961 1922 5036">
    <p class='ocr_par' dir='ltr' id='par_1_50' title="bbox 338 4961 1922 5036">
     <span class='ocr_line' id='line_1_50' title="bbox 338 4961 1922 5036; baseline 0.003 -21"><span class='ocrx_word' id='word_1_412' title='bbox 338 4961 539 5032; x_wconf 86' lang='lat' dir='ltr'><strong>quippe</strong></span> <span class='ocrx_word' id='word_1_413' title='bbox 567 4962 617 5016; x_wconf 93' lang='lat' dir='ltr'><strong>in</strong></span> <span class='ocrx_word' id='word_1_414' title='bbox 641 4977 702 5016; x_wconf 88' lang='lat' dir='ltr'><strong>ea</strong></span> <span class='ocrx_word' id='word_1_415' title='bbox 723 4962 1114 5032; x_wconf 89' lang='lat' dir='ltr'><strong>pulchritudine</strong></span> <span class='ocrx_word' id='word_1_416' title='bbox 1136 4963 1366 5018; x_wconf 87' lang='lat' dir='ltr'><strong>imitatur</strong></span> <span class='ocrx_word' id='word_1_417' title='bbox 1390 4967 1760 5032; x_wconf 77' lang='lat' dir='ltr'><strong>constantiam,</strong></span> <span class='ocrx_word' id='word_1_418' title='bbox 1783 4967 1922 5036; x_wconf 92' lang='lat' dir='ltr'><strong>quod</strong></span> 
     </span>
    </p>
   </div>
   <div class='ocr_carea' id='block_1_51' title="bbox 340 5054 1920 5127">
    <p class='ocr_par' dir='ltr' id='par_1_51' title="bbox 340 5054 1920 5127">
     <span class='ocr_line' id='line_1_51' title="bbox 340 5054 1920 5127; baseline 0.001 -17"><span class='ocrx_word' id='word_1_419' title='bbox 340 5054 397 5110; x_wconf 88' lang='lat' dir='ltr'><strong>in</strong></span> <span class='ocrx_word' id='word_1_420' title='bbox 437 5069 695 5126; x_wconf 81' lang='lat' dir='ltr'><strong>compage</strong></span> <span class='ocrx_word' id='word_1_421' title='bbox 733 5071 826 5109; x_wconf 85' lang='lat' dir='ltr'><strong>sua</strong></span> <span class='ocrx_word' id='word_1_422' title='bbox 857 5064 1073 5110; x_wconf 90' lang='lat' dir='ltr'><strong>manent</strong></span> <span class='ocrx_word' id='word_1_423' title='bbox 1100 5055 1282 5110; x_wconf 89' lang='lat' dir='ltr'><strong>eadem</strong></span> <span class='ocrx_word' id='word_1_424' title='bbox 1313 5071 1555 5127; x_wconf 88' lang='lat' dir='ltr'><strong>corpora,</strong></span> <span class='ocrx_word' id='word_1_425' title='bbox 1587 5057 1637 5111; x_wconf 91' lang='lat' dir='ltr'><strong>in</strong></span> <span class='ocrx_word' id='word_1_426' title='bbox 1669 5067 1920 5126; x_wconf 87' lang='lat' dir='ltr'><strong>quantum</strong></span> 
     </span>
    </p>
   </div>
   <div class='ocr_carea' id='block_1_52' title="bbox 339 5147 1923 5220">
    <p class='ocr_par' dir='ltr' id='par_1_52' title="bbox 339 5147 1923 5220">
     <span class='ocr_line' id='line_1_52' title="bbox 339 5147 1923 5220; baseline 0.003 -19"><span class='ocrx_word' id='word_1_427' title='bbox 339 5156 591 5202; x_wconf 87' lang='lat' dir='ltr'><strong>manent:</strong></span> <span class='ocrx_word' id='word_1_428' title='bbox 614 5147 664 5200; x_wconf 90' lang='lat' dir='ltr'><strong>id</strong></span> <span class='ocrx_word' id='word_1_429' title='bbox 691 5157 864 5202; x_wconf 88' lang='lat' dir='ltr'><strong>autem</strong></span> <span class='ocrx_word' id='word_1_430' title='bbox 890 5163 919 5201; x_wconf 90' lang='lat' dir='ltr'><strong>a</strong></span> <span class='ocrx_word' id='word_1_431' title='bbox 946 5164 1153 5203; x_wconf 91' lang='lat' dir='ltr'><strong>summo</strong></span> <span class='ocrx_word' id='word_1_432' title='bbox 1175 5149 1281 5203; x_wconf 91' lang='lat' dir='ltr'><strong>Deo</strong></span> <span class='ocrx_word' id='word_1_433' title='bbox 1299 5149 1352 5203; x_wconf 91' lang='lat' dir='ltr'><strong>in</strong></span> <span class='ocrx_word' id='word_1_434' title='bbox 1373 5165 1436 5204; x_wconf 92' lang='lat' dir='ltr'><strong>ca</strong></span> <span class='ocrx_word' id='word_1_435' title='bbox 1453 5167 1548 5220; x_wconf 91' lang='lat' dir='ltr'><strong>per</strong></span> <span class='ocrx_word' id='word_1_436' title='bbox 1569 5153 1796 5205; x_wconf 89' lang='lat' dir='ltr'><strong>animam</strong></span> <span class='ocrx_word' id='word_1_437' title='bbox 1825 5161 1923 5206; x_wconf 87' lang='lat' dir='ltr'><strong>tra-</strong></span> 
     </span>
    </p>
   </div>
   <div class='ocr_carea' id='block_1_53' title="bbox 335 5237 1919 5311">
    <p class='ocr_par' dir='ltr' id='par_1_53' title="bbox 335 5237 1919 5311">
     <span class='ocr_line' id='line_1_53' title="bbox 335 5237 1919 5311; baseline 0.004 -19"><span class='ocrx_word' id='word_1_438' title='bbox 335 5237 534 5308; x_wconf 86' lang='lat' dir='ltr'><strong>jicitur.</strong></span> <span class='ocrx_word' id='word_1_439' title='bbox 561 5239 747 5293; x_wconf 86' lang='lat' dir='ltr'><strong>Anima</strong></span> <span class='ocrx_word' id='word_1_440' title='bbox 774 5240 968 5310; x_wconf 89' lang='lat' dir='ltr'><strong>quippe</strong></span> <span class='ocrx_word' id='word_1_441' title='bbox 992 5240 1158 5310; x_wconf 90' lang='lat' dir='ltr'><strong>ipsam</strong></span> <span class='ocrx_word' id='word_1_442' title='bbox 1198 5256 1502 5311; x_wconf 82' lang='lat' dir='ltr'><strong>compagem</strong></span> <span class='ocrx_word' id='word_1_443' title='bbox 1529 5254 1688 5305; x_wconf 87' lang='lat' dir='ltr'><strong>tenet,</strong></span> <span class='ocrx_word' id='word_1_444' title='bbox 1720 5261 1785 5298; x_wconf 89' lang='lat' dir='ltr'><strong>ue</strong></span> <span class='ocrx_word' id='word_1_445' title='bbox 1807 5244 1919 5298; x_wconf 85' lang='lat' dir='ltr'><strong>dis-</strong></span> 
     </span>
    </p>
   </div>
   <div class='ocr_carea' id='block_1_54' title="bbox 339 5331 1921 5404">
    <p class='ocr_par' dir='ltr' id='par_1_54' title="bbox 339 5331 1921 5404">
     <span class='ocr_line' id='line_1_54' title="bbox 339 5331 1921 5404; baseline 0.004 -21"><span class='ocrx_word' id='word_1_446' title='bbox 339 5331 598 5395; x_wconf 83' lang='lat' dir='ltr'><strong>solvatur,</strong></span> <span class='ocrx_word' id='word_1_447' title='bbox 629 5340 682 5386; x_wconf 88' lang='lat' dir='ltr'><strong>ct</strong></span> <span class='ocrx_word' id='word_1_448' title='bbox 723 5331 954 5397; x_wconf 82' lang='lat' dir='ltr'><strong>dilﬂuat;</strong></span> <span class='ocrx_word' id='word_1_449' title='bbox 974 5332 1112 5401; x_wconf 88' lang='lat' dir='ltr'><strong>quod</strong></span> <span class='ocrx_word' id='word_1_450' title='bbox 1143 5332 1380 5386; x_wconf 87' lang='lat' dir='ltr'><strong>videmus</strong></span> <span class='ocrx_word' id='word_1_451' title='bbox 1409 5336 1459 5387; x_wconf 93' lang='lat' dir='ltr'><strong>in</strong></span> <span class='ocrx_word' id='word_1_452' title='bbox 1486 5335 1794 5404; x_wconf 89' lang='lat' dir='ltr'><strong>corporibus</strong></span> <span class='ocrx_word' id='word_1_453' title='bbox 1815 5337 1921 5390; x_wconf 85' lang='lat' dir='ltr'><strong>ani-</strong></span> 
     </span>
    </p>
   </div>
   <div class='ocr_carea' id='block_1_55' title="bbox 337 5422 1917 5495">
    <p class='ocr_par' dir='ltr' id='par_1_55' title="bbox 337 5422 1917 5495">
     <span class='ocr_line' id='line_1_55' title="bbox 337 5422 1917 5495; baseline 0.006 -21"><span class='ocrx_word' id='word_1_454' title='bbox 337 5422 558 5476; x_wconf 88' lang='lat' dir='ltr'><strong>malium</strong></span> <span class='ocrx_word' id='word_1_455' title='bbox 584 5423 760 5477; x_wconf 91' lang='lat' dir='ltr'><strong>anima</strong></span> <span class='ocrx_word' id='word_1_456' title='bbox 784 5423 1086 5479; x_wconf 89' lang='lat' dir='ltr'><strong>discedente</strong></span> <span class='ocrx_word' id='word_1_457' title='bbox 1103 5425 1426 5495; x_wconf 85' lang='lat' dir='ltr'><strong>contingere.</strong></span> <span class='ocrx_word' id='word_1_458' title='bbox 1454 5425 1507 5479; x_wconf 89' lang='lat' dir='ltr'><strong>Si</strong></span> <span class='ocrx_word' id='word_1_459' title='bbox 1539 5435 1709 5480; x_wconf 89' lang='lat' dir='ltr'><strong>autem</strong></span> <span class='ocrx_word' id='word_1_460' title='bbox 1738 5428 1917 5484; x_wconf 84' lang='lat' dir='ltr'><strong>intima</strong></span> 
     </span>
    </p>
   </div>
   <div class='ocr_carea' id='block_1_56' title="bbox 337 5511 1918 5590">
    <p class='ocr_par' dir='ltr' id='par_1_56' title="bbox 337 5511 1918 5590">
     <span class='ocr_line' id='line_1_56' title="bbox 337 5511 1918 5590; baseline 0.008 -28"><span class='ocrx_word' id='word_1_461' title='bbox 337 5511 682 5580; x_wconf 88' lang='lat' dir='ltr'><strong>pulchritudo</strong></span> <span class='ocrx_word' id='word_1_462' title='bbox 711 5513 764 5569; x_wconf 89' lang='lat' dir='ltr'><strong>in</strong></span> <span class='ocrx_word' id='word_1_463' title='bbox 785 5514 1028 5569; x_wconf 90' lang='lat' dir='ltr'><strong>omnibus</strong></span> <span class='ocrx_word' id='word_1_464' title='bbox 1055 5514 1364 5584; x_wconf 86' lang='lat' dir='ltr'><strong>corporibus</strong></span> <span class='ocrx_word' id='word_1_465' title='bbox 1394 5515 1714 5585; x_wconf 79' lang='lat' dir='ltr'><strong>intelligatur</strong></span> <span class='ocrx_word' id='word_1_466' title='bbox 1734 5559 1748 5583; x_wconf 93' lang='lat'><strong>,</strong></span> <span class='ocrx_word' id='word_1_467' title='bbox 1779 5521 1918 5590; x_wconf 84' lang='lat' dir='ltr'><strong>cogit</strong></span> 
     </span>
    </p>
   </div>
   <div class='ocr_carea' id='block_1_57' title="bbox 334 5604 1917 5676">
    <p class='ocr_par' dir='ltr' id='par_1_57' title="bbox 334 5604 1917 5676">
     <span class='ocr_line' id='line_1_57' title="bbox 334 5604 1917 5676; baseline 0.005 -20"><span class='ocrx_word' id='word_1_468' title='bbox 334 5608 433 5657; x_wconf 80' lang='lat' dir='ltr'><strong>ista</strong></span> <span class='ocrx_word' id='word_1_469' title='bbox 461 5606 726 5660; x_wconf 89' lang='lat' dir='ltr'><strong>sententia</strong></span> <span class='ocrx_word' id='word_1_470' title='bbox 747 5605 904 5660; x_wconf 91' lang='lat' dir='ltr'><strong>etiam</strong></span> <span class='ocrx_word' id='word_1_471' title='bbox 921 5605 1092 5676; x_wconf 91' lang='lat' dir='ltr'><strong>ipsum</strong></span> <span class='ocrx_word' id='word_1_472' title='bbox 1114 5604 1364 5660; x_wconf 88' lang='lat' dir='ltr'><strong>mundum</strong></span> <span class='ocrx_word' id='word_1_473' title='bbox 1386 5606 1577 5660; x_wconf 90' lang='lat' dir='ltr'><strong>animal</strong></span> <span class='ocrx_word' id='word_1_474' title='bbox 1602 5607 1840 5675; x_wconf 88' lang='lat' dir='ltr'><strong>credere,</strong></span> <span class='ocrx_word' id='word_1_475' title='bbox 1861 5619 1917 5664; x_wconf 91' lang='lat' dir='ltr'><strong>ut</strong></span> 
     </span>
    </p>
   </div>
   <div class='ocr_carea' id='block_1_58' title="bbox 333 5694 1914 5778">
    <p class='ocr_par' dir='ltr' id='par_1_58' title="bbox 333 5694 1914 5778">
     <span class='ocr_line' id='line_1_58' title="bbox 333 5694 1914 5778; baseline 0.004 -30"><span class='ocrx_word' id='word_1_476' title='bbox 333 5695 494 5750; x_wconf 91' lang='lat' dir='ltr'><strong>etiam</strong></span> <span class='ocrx_word' id='word_1_477' title='bbox 526 5695 578 5749; x_wconf 91' lang='lat' dir='ltr'><strong>in</strong></span> <span class='ocrx_word' id='word_1_478' title='bbox 609 5695 780 5764; x_wconf 91' lang='lat' dir='ltr'><strong>ipsum</strong></span> <span class='ocrx_word' id='word_1_479' title='bbox 814 5695 852 5761; x_wconf 83' lang='lat'><strong>’,</strong></span> <span class='ocrx_word' id='word_1_480' title='bbox 878 5694 1084 5764; x_wconf 89' lang='lat' dir='ltr'><strong>quodin</strong></span> <span class='ocrx_word' id='word_1_481' title='bbox 1110 5694 1202 5749; x_wconf 90' lang='lat' dir='ltr'><strong>illo</strong></span> <span class='ocrx_word' id='word_1_482' title='bbox 1231 5695 1464 5752; x_wconf 90' lang='lat' dir='ltr'><strong>imitatur</strong></span> <span class='ocrx_word' id='word_1_483' title='bbox 1490 5699 1860 5778; x_wconf 84' lang='lat' dir='ltr'><strong>constantiam,</strong></span> <span class='ocrx_word' id='word_1_484' title='bbox 1885 5715 1914 5755; x_wconf 91' lang='lat' dir='ltr'><strong>a</strong></span> 
     </span>
    </p>
   </div>
   <div class='ocr_carea' id='block_1_59' title="bbox 395 5834 1355 5911">
    <p class='ocr_par' dir='ltr' id='par_1_59' title="bbox 395 5834 1355 5911">
     <span class='ocr_line' id='line_1_59' title="bbox 395 5834 1355 5911; baseline 0 -15"><span class='ocrx_word' id='word_1_485' title='bbox 395 5847 410 5878; x_wconf 76' lang='grc'><em>³</em></span> <span class='ocrx_word' id='word_1_486' title='bbox 439 5852 571 5908; x_wconf 57' lang='lat' dir='ltr'><strong>tam,</strong></span> <span class='ocrx_word' id='word_1_487' title='bbox 593 5834 821 5908; x_wconf 73' lang='lat' dir='ltr'><strong>idtpsuin.</strong></span> <span class='ocrx_word' id='word_1_488' title='bbox 848 5843 932 5893; x_wconf 78' lang='lat' dir='ltr'><strong>Alii</strong></span> <span class='ocrx_word' id='word_1_489' title='bbox 955 5844 1086 5908; x_wconf 63' lang='grc' dir='ltr'><strong>ωτι,</strong></span> <span class='ocrx_word' id='word_1_490' title='bbox 1111 5857 1162 5898; x_wconf 81' lang='lat' dir='ltr'><strong>tn</strong></span> <span class='ocrx_word' id='word_1_491' title='bbox 1184 5858 1355 5911; x_wconf 69' lang='lat' dir='ltr'><strong>ipsum.</strong></span> 
     </span>
    </p>
   </div>
   <div class='ocr_carea' id='block_1_60' title="bbox 1754 405 2534 468">
    <p class='ocr_par' dir='ltr' id='par_1_60' title="bbox 1754 405 2534 468">
     <span class='ocr_line' id='line_1_60' title="bbox 1754 405 2534 468; baseline 0.001 -2"><span class='ocrx_word' id='word_1_492' title='bbox 1754 409 1955 467; x_wconf 83' lang='lat' dir='ltr'><strong>LIBER</strong></span> <span class='ocrx_word' id='word_1_493' title='bbox 1995 407 2268 468; x_wconf 80' lang='lat' dir='ltr'><strong>PRIMUS.</strong></span> <span class='ocrx_word' id='word_1_494' title='bbox 2505 405 2534 436; x_wconf 84' lang='lat'>&quot;</span> 
     </span>
    </p>
   </div>
   <div class='ocr_carea' id='block_1_61' title="bbox 2061 529 3642 618">
    <p class='ocr_par' dir='ltr' id='par_1_61' title="bbox 2061 529 3642 618">
     <span class='ocr_line' id='line_1_61' title="bbox 2061 529 3642 618; baseline 0.01 -29"><span class='ocrx_word' id='word_1_495' title='bbox 2061 549 2270 592; x_wconf 87' lang='lat' dir='ltr'><strong>summo</strong></span> <span class='ocrx_word' id='word_1_496' title='bbox 2291 539 2400 594; x_wconf 92' lang='lat' dir='ltr'><strong>Deo</strong></span> <span class='ocrx_word' id='word_1_497' title='bbox 2415 553 2509 610; x_wconf 89' lang='lat' dir='ltr'><strong>per</strong></span> <span class='ocrx_word' id='word_1_498' title='bbox 2524 529 3061 614; x_wconf 30' lang='lat' dir='ltr'><strong>animam—trajiciatur</strong></span> <span class='ocrx_word' id='word_1_499' title='bbox 3075 541 3173 618; x_wconf 91' lang='lat' dir='ltr'><strong>(a).</strong></span> <span class='ocrx_word' id='word_1_500' title='bbox 3185 543 3290 601; x_wconf 85' lang='lat' dir='ltr'><strong>Sed</strong></span> <span class='ocrx_word' id='word_1_501' title='bbox 3309 545 3504 602; x_wconf 90' lang='lat' dir='ltr'><strong>animal</strong></span> <span class='ocrx_word' id='word_1_502' title='bbox 3519 559 3642 605; x_wconf 83' lang='lat' dir='ltr'><strong>esse</strong></span> 
     </span>
    </p>
   </div>
   <div class='ocr_carea' id='block_1_62' title="bbox 2062 631 3639 712">
    <p class='ocr_par' dir='ltr' id='par_1_62' title="bbox 2062 631 3639 712">
     <span class='ocr_line' id='line_1_62' title="bbox 2062 631 3639 712; baseline 0.008 -26"><span class='ocrx_word' id='word_1_503' title='bbox 2062 631 2220 688; x_wconf 91' lang='lat' dir='ltr'><strong>istum</strong></span> <span class='ocrx_word' id='word_1_504' title='bbox 2247 635 2522 703; x_wconf 90' lang='lat' dir='ltr'><strong>mundum,</strong></span> <span class='ocrx_word' id='word_1_505' title='bbox 2552 637 2686 692; x_wconf 91' lang='lat' dir='ltr'><strong>sicut</strong></span> <span class='ocrx_word' id='word_1_506' title='bbox 2715 637 2862 694; x_wconf 87' lang='lat' dir='ltr'><strong>Plato</strong></span> <span class='ocrx_word' id='word_1_507' title='bbox 2888 639 3084 706; x_wconf 87' lang='lat' dir='ltr'><strong>sensit,</strong></span> <span class='ocrx_word' id='word_1_508' title='bbox 3116 639 3307 710; x_wconf 88' lang='lat' dir='ltr'><strong>aliique</strong></span> <span class='ocrx_word' id='word_1_509' title='bbox 3339 639 3639 712; x_wconf 82' lang='lat' dir='ltr'><strong>philosophi</strong></span> 
     </span>
    </p>
   </div>
   <div class='ocr_carea' id='block_1_63' title="bbox 2060 725 3642 802">
    <p class='ocr_par' dir='ltr' id='par_1_63' title="bbox 2060 725 3642 802">
     <span class='ocr_line' id='line_1_63' title="bbox 2060 725 3642 802; baseline 0.009 -26"><span class='ocrx_word' id='word_1_510' title='bbox 2060 725 2454 796; x_wconf 89' lang='lat' dir='ltr'><strong>quamplurimi,</strong></span> <span class='ocrx_word' id='word_1_511' title='bbox 2475 742 2572 783; x_wconf 92' lang='lat' dir='ltr'><strong>nec</strong></span> <span class='ocrx_word' id='word_1_512' title='bbox 2589 728 2794 786; x_wconf 90' lang='lat' dir='ltr'><strong>ratione</strong></span> <span class='ocrx_word' id='word_1_513' title='bbox 2816 739 2959 786; x_wconf 90' lang='lat' dir='ltr'><strong>certa</strong></span> <span class='ocrx_word' id='word_1_514' title='bbox 2975 729 3224 802; x_wconf 87' lang='lat' dir='ltr'><strong>indagare</strong></span> <span class='ocrx_word' id='word_1_515' title='bbox 3254 732 3419 802; x_wconf 89' lang='lat' dir='ltr'><strong>potui,</strong></span> <span class='ocrx_word' id='word_1_516' title='bbox 3441 747 3537 789; x_wconf 90' lang='lat' dir='ltr'><strong>nec</strong></span> <span class='ocrx_word' id='word_1_517' title='bbox 3555 732 3642 789; x_wconf 88' lang='lat' dir='ltr'><strong>di-</strong></span> 
     </span>
    </p>
   </div>
   <div class='ocr_carea' id='block_1_64' title="bbox 2059 817 3636 901">
    <p class='ocr_par' dir='ltr' id='par_1_64' title="bbox 2059 817 3636 901">
     <span class='ocr_line' id='line_1_64' title="bbox 2059 817 3636 901; baseline 0.01 -30"><span class='ocrx_word' id='word_1_518' title='bbox 2059 817 2300 874; x_wconf 76' lang='lat' dir='ltr'><strong>vinarum</strong></span> <span class='ocrx_word' id='word_1_519' title='bbox 2354 819 2744 891; x_wconf 90' lang='lat' dir='ltr'><strong>Scripturarum</strong></span> <span class='ocrx_word' id='word_1_520' title='bbox 2785 826 3094 881; x_wconf 89' lang='lat' dir='ltr'><strong>auctoritate</strong></span> <span class='ocrx_word' id='word_1_521' title='bbox 3137 829 3441 896; x_wconf 89' lang='lat' dir='ltr'><strong>persuaderi</strong></span> <span class='ocrx_word' id='word_1_522' title='bbox 3476 845 3636 901; x_wconf 77' lang='lat' dir='ltr'><strong>posse</strong></span> 
     </span>
    </p>
   </div>
   <div class='ocr_carea' id='block_1_65' title="bbox 2059 910 3634 992">
    <p class='ocr_par' dir='ltr' id='par_1_65' title="bbox 2059 910 3634 992">
     <span class='ocr_line' id='line_1_65' title="bbox 2059 910 3634 992; baseline 0.008 -29"><span class='ocrx_word' id='word_1_523' title='bbox 2059 911 2299 979; x_wconf 83' lang='lat' dir='ltr'><strong>cognovi.</strong></span> <span class='ocrx_word' id='word_1_524' title='bbox 2326 910 2478 967; x_wconf 90' lang='lat' dir='ltr'><strong>Unde</strong></span> <span class='ocrx_word' id='word_1_525' title='bbox 2505 913 2607 968; x_wconf 88' lang='lat' dir='ltr'><strong>tale</strong></span> <span class='ocrx_word' id='word_1_526' title='bbox 2633 913 2827 985; x_wconf 88' lang='lat' dir='ltr'><strong>aliquid</strong></span> <span class='ocrx_word' id='word_1_527' title='bbox 2857 931 2887 969; x_wconf 89' lang='lat' dir='ltr'><strong>a</strong></span> <span class='ocrx_word' id='word_1_528' title='bbox 2917 932 3001 971; x_wconf 91' lang='lat' dir='ltr'><strong>me</strong></span> <span class='ocrx_word' id='word_1_529' title='bbox 3032 917 3231 973; x_wconf 90' lang='lat' dir='ltr'><strong>dictum</strong></span> <span class='ocrx_word' id='word_1_530' title='bbox 3253 934 3358 989; x_wconf 92' lang='lat' dir='ltr'><strong>quo</strong></span> <span class='ocrx_word' id='word_1_531' title='bbox 3383 920 3436 975; x_wconf 94' lang='lat' dir='ltr'><strong>id</strong></span> <span class='ocrx_word' id='word_1_532' title='bbox 3465 921 3634 992; x_wconf 88' lang='lat' dir='ltr'><strong>accipi</strong></span> 
     </span>
    </p>
   </div>
   <div class='ocr_carea' id='block_1_66' title="bbox 2059 1002 3635 1072">
    <p class='ocr_par' dir='ltr' id='par_1_66' title="bbox 2059 1002 3635 1072">
     <span class='ocr_line' id='line_1_66' title="bbox 2059 1002 3635 1072; baseline 0.009 -17"><span class='ocrx_word' id='word_1_533' title='bbox 2059 1002 2245 1072; x_wconf 87' lang='lat' dir='ltr'><strong>possit,</strong></span> <span class='ocrx_word' id='word_1_534' title='bbox 2269 1003 2424 1057; x_wconf 89' lang='lat' dir='ltr'><strong>etiam</strong></span> <span class='ocrx_word' id='word_1_535' title='bbox 2452 1005 2502 1058; x_wconf 92' lang='lat' dir='ltr'><strong>in</strong></span> <span class='ocrx_word' id='word_1_536' title='bbox 2530 1005 2664 1061; x_wconf 91' lang='lat' dir='ltr'><strong>libro</strong></span> <span class='ocrx_word' id='word_1_537' title='bbox 2692 1007 2758 1064; x_wconf 90' lang='lat' dir='ltr'><strong>de</strong></span> <span class='ocrx_word' id='word_1_538' title='bbox 2784 1008 3179 1066; x_wconf 90' lang='lat' dir='ltr'><strong>Immortalitate</strong></span> <span class='ocrx_word' id='word_1_539' title='bbox 3205 1011 3408 1067; x_wconf 75' lang='lat' dir='ltr'><strong>Anima:</strong></span> <span class='ocrx_word' id='word_1_540' title='bbox 3433 1022 3635 1070; x_wconf 85' lang='lat' dir='ltr'><strong>temere</strong></span> 
     </span>
    </p>
   </div>
   <div class='ocr_carea' id='block_1_67' title="bbox 2057 1092 3631 1176">
    <p class='ocr_par' dir='ltr' id='par_1_67' title="bbox 2057 1092 3631 1176">
     <span class='ocr_line' id='line_1_67' title="bbox 2057 1092 3631 1176; baseline 0.008 -28"><span class='ocrx_word' id='word_1_541' title='bbox 2057 1092 2255 1148; x_wconf 91' lang='lat' dir='ltr'><strong>dictum</strong></span> <span class='ocrx_word' id='word_1_542' title='bbox 2283 1096 2457 1150; x_wconf 83' lang='lat' dir='ltr'><strong>notavi</strong></span> <span class='ocrx_word' id='word_1_543' title='bbox 2489 1095 2634 1166; x_wconf 87' lang='lat' dir='ltr'><strong>(Lib.</strong></span> <span class='ocrx_word' id='word_1_544' title='bbox 2661 1100 2684 1154; x_wconf 84' lang='lat' dir='ltr'><strong>I</strong></span> <span class='ocrx_word' id='word_1_545' title='bbox 2720 1099 2965 1167; x_wconf 61' lang='grc' dir='ltr'><strong>ἢρτηται,</strong></span> <span class='ocrx_word' id='word_1_546' title='bbox 2993 1118 3039 1155; x_wconf 87' lang='lat' dir='ltr'><strong>c.</strong></span> <span class='ocrx_word' id='word_1_547' title='bbox 3070 1102 3124 1167; x_wconf 88' lang='lat'><strong>5,</strong></span> <span class='ocrx_word' id='word_1_548' title='bbox 3155 1119 3208 1156; x_wconf 90' lang='lat' dir='ltr'><strong>n.</strong></span> <span class='ocrx_word' id='word_1_549' title='bbox 3242 1102 3339 1174; x_wconf 77' lang='lat'><strong>3);</strong></span> <span class='ocrx_word' id='word_1_550' title='bbox 3368 1119 3472 1160; x_wconf 92' lang='lat' dir='ltr'><strong>non</strong></span> <span class='ocrx_word' id='word_1_551' title='bbox 3509 1107 3631 1176; x_wconf 87' lang='lat' dir='ltr'><strong>quia</strong></span> 
     </span>
    </p>
   </div>
   <div class='ocr_carea' id='block_1_68' title="bbox 2057 1181 3632 1264">
    <p class='ocr_par' dir='ltr' id='par_1_68' title="bbox 2057 1181 3632 1264">
     <span class='ocr_line' id='line_1_68' title="bbox 2057 1181 3632 1264; baseline 0.009 -26"><span class='ocrx_word' id='word_1_552' title='bbox 2057 1181 2160 1239; x_wconf 89' lang='lat' dir='ltr'><strong>hoc</strong></span> <span class='ocrx_word' id='word_1_553' title='bbox 2186 1186 2374 1241; x_wconf 78' lang='lat' dir='ltr'><strong>falsum</strong></span> <span class='ocrx_word' id='word_1_554' title='bbox 2403 1203 2523 1244; x_wconf 88' lang='lat' dir='ltr'><strong>esse</strong></span> <span class='ocrx_word' id='word_1_555' title='bbox 2559 1189 2844 1258; x_wconf 81' lang='lat' dir='ltr'><strong>confirmo,</strong></span> <span class='ocrx_word' id='word_1_556' title='bbox 2888 1193 2982 1247; x_wconf 91' lang='lat' dir='ltr'><strong>sed</strong></span> <span class='ocrx_word' id='word_1_557' title='bbox 3014 1194 3135 1264; x_wconf 86' lang='lat' dir='ltr'><strong>quia</strong></span> <span class='ocrx_word' id='word_1_558' title='bbox 3173 1210 3272 1250; x_wconf 85' lang='lat' dir='ltr'><strong>nec</strong></span> <span class='ocrx_word' id='word_1_559' title='bbox 3300 1211 3480 1250; x_wconf 84' lang='lat' dir='ltr'><strong>verum</strong></span> <span class='ocrx_word' id='word_1_560' title='bbox 3511 1211 3632 1254; x_wconf 90' lang='lat' dir='ltr'><strong>esse</strong></span> 
     </span>
    </p>
   </div>
   <div class='ocr_carea' id='block_1_69' title="bbox 2013 1277 3631 1349">
    <p class='ocr_par' dir='ltr' id='par_1_69' title="bbox 2013 1277 3631 1349">
     <span class='ocr_line' id='line_1_69' title="bbox 2013 1277 3631 1349; baseline 0.009 -20"><span class='ocrx_word' id='word_1_561' title='bbox 2013 1305 2018 1310; x_wconf 93' lang='lat'><strong><em>-</em></strong></span> <span class='ocrx_word' id='word_1_562' title='bbox 2055 1277 2466 1346; x_wconf 88' lang='lat' dir='ltr'><strong>comprehendo,</strong></span> <span class='ocrx_word' id='word_1_563' title='bbox 2495 1280 2633 1349; x_wconf 91' lang='lat' dir='ltr'><strong>quod</strong></span> <span class='ocrx_word' id='word_1_564' title='bbox 2659 1282 2728 1336; x_wconf 88' lang='lat' dir='ltr'><strong>sit</strong></span> <span class='ocrx_word' id='word_1_565' title='bbox 2755 1283 2945 1338; x_wconf 90' lang='lat' dir='ltr'><strong>animal</strong></span> <span class='ocrx_word' id='word_1_566' title='bbox 2970 1285 3216 1339; x_wconf 86' lang='lat' dir='ltr'><strong>mundus.</strong></span> <span class='ocrx_word' id='word_1_567' title='bbox 3247 1286 3359 1342; x_wconf 84' lang='lat' dir='ltr'><strong>lIoe</strong></span> <span class='ocrx_word' id='word_1_568' title='bbox 3386 1303 3513 1342; x_wconf 90' lang='lat' dir='ltr'><strong>sane</strong></span> <span class='ocrx_word' id='word_1_569' title='bbox 3550 1289 3631 1342; x_wconf 88' lang='lat' dir='ltr'><strong>in-</strong></span> 
     </span>
    </p>
   </div>
   <div class='ocr_carea' id='block_1_70' title="bbox 2055 1370 3630 1443">
    <p class='ocr_par' dir='ltr' id='par_1_70' title="bbox 2055 1370 3630 1443">
     <span class='ocr_line' id='line_1_70' title="bbox 2055 1370 3630 1443; baseline 0.01 -21"><span class='ocrx_word' id='word_1_570' title='bbox 2055 1381 2310 1424; x_wconf 90' lang='lat' dir='ltr'><strong>concusse</strong></span> <span class='ocrx_word' id='word_1_571' title='bbox 2354 1370 2686 1426; x_wconf 88' lang='lat' dir='ltr'><strong>retinendum</strong></span> <span class='ocrx_word' id='word_1_572' title='bbox 2731 1388 2849 1429; x_wconf 91' lang='lat' dir='ltr'><strong>esse</strong></span> <span class='ocrx_word' id='word_1_573' title='bbox 2879 1391 2986 1430; x_wconf 88' lang='lat' dir='ltr'><strong>non</strong></span> <span class='ocrx_word' id='word_1_574' title='bbox 3021 1376 3234 1443; x_wconf 90' lang='lat' dir='ltr'><strong>dubito,</strong></span> <span class='ocrx_word' id='word_1_575' title='bbox 3272 1379 3437 1434; x_wconf 89' lang='lat' dir='ltr'><strong>Deum</strong></span> <span class='ocrx_word' id='word_1_576' title='bbox 3477 1381 3630 1438; x_wconf 88' lang='lat' dir='ltr'><strong>nobis</strong></span> 
     </span>
    </p>
   </div>
   <div class='ocr_carea' id='block_1_71' title="bbox 2053 1463 3628 1542">
    <p class='ocr_par' dir='ltr' id='par_1_71' title="bbox 2053 1463 3628 1542">
     <span class='ocr_line' id='line_1_71' title="bbox 2053 1463 3628 1542; baseline 0.008 -26"><span class='ocrx_word' id='word_1_577' title='bbox 2053 1477 2160 1516; x_wconf 89' lang='lat' dir='ltr'><strong>non</strong></span> <span class='ocrx_word' id='word_1_578' title='bbox 2190 1477 2309 1518; x_wconf 88' lang='lat' dir='ltr'><strong>esse</strong></span> <span class='ocrx_word' id='word_1_579' title='bbox 2352 1463 2509 1518; x_wconf 88' lang='lat' dir='ltr'><strong>istum</strong></span> <span class='ocrx_word' id='word_1_580' title='bbox 2553 1466 2805 1521; x_wconf 91' lang='lat' dir='ltr'><strong>mundum</strong></span> <span class='ocrx_word' id='word_1_581' title='bbox 2827 1509 2839 1533; x_wconf 91' lang='lat'><strong>,</strong></span> <span class='ocrx_word' id='word_1_582' title='bbox 2873 1470 2982 1524; x_wconf 92' lang='lat' dir='ltr'><strong>sive</strong></span> <span class='ocrx_word' id='word_1_583' title='bbox 3009 1470 3180 1526; x_wconf 90' lang='lat' dir='ltr'><strong>anima</strong></span> <span class='ocrx_word' id='word_1_584' title='bbox 3208 1471 3322 1542; x_wconf 89' lang='lat' dir='ltr'><strong>ejus</strong></span> <span class='ocrx_word' id='word_1_585' title='bbox 3345 1472 3448 1527; x_wconf 89' lang='lat' dir='ltr'><strong>ulla</strong></span> <span class='ocrx_word' id='word_1_586' title='bbox 3469 1514 3483 1537; x_wconf 92' lang='lat'><strong>,</strong></span> <span class='ocrx_word' id='word_1_587' title='bbox 3515 1473 3628 1529; x_wconf 89' lang='lat' dir='ltr'><strong>sive</strong></span> 
     </span>
    </p>
   </div>
   <div class='ocr_carea' id='block_1_72' title="bbox 2052 1553 3627 1630">
    <p class='ocr_par' dir='ltr' id='par_1_72' title="bbox 2052 1553 3627 1630">
     <span class='ocr_line' id='line_1_72' title="bbox 2052 1553 3627 1630; baseline 0.009 -23"><span class='ocrx_word' id='word_1_588' title='bbox 2052 1553 2195 1608; x_wconf 91' lang='lat' dir='ltr'><strong>nulla</strong></span> <span class='ocrx_word' id='word_1_589' title='bbox 2219 1555 2305 1609; x_wconf 92' lang='lat' dir='ltr'><strong>sit.</strong></span> <span class='ocrx_word' id='word_1_590' title='bbox 2330 1555 2460 1624; x_wconf 86' lang='lat' dir='ltr'><strong>Quia</strong></span> <span class='ocrx_word' id='word_1_591' title='bbox 2494 1556 2538 1610; x_wconf 93' lang='lat' dir='ltr'><strong>si</strong></span> <span class='ocrx_word' id='word_1_592' title='bbox 2564 1557 2670 1612; x_wconf 92' lang='lat' dir='ltr'><strong>ulla</strong></span> <span class='ocrx_word' id='word_1_593' title='bbox 2697 1568 2808 1624; x_wconf 91' lang='lat' dir='ltr'><strong>est,</strong></span> <span class='ocrx_word' id='word_1_594' title='bbox 2843 1559 2932 1615; x_wconf 90' lang='lat' dir='ltr'><strong>ille</strong></span> <span class='ocrx_word' id='word_1_595' title='bbox 2955 1561 3042 1630; x_wconf 92' lang='lat' dir='ltr'><strong>qui</strong></span> <span class='ocrx_word' id='word_1_596' title='bbox 3069 1577 3186 1616; x_wconf 89' lang='lat' dir='ltr'><strong>eam</strong></span> <span class='ocrx_word' id='word_1_597' title='bbox 3213 1562 3356 1630; x_wconf 84' lang='lat' dir='ltr'><strong>fecit,</strong></span> <span class='ocrx_word' id='word_1_598' title='bbox 3385 1571 3465 1618; x_wconf 87' lang='lat' dir='ltr'><strong>cst</strong></span> <span class='ocrx_word' id='word_1_599' title='bbox 3487 1564 3627 1621; x_wconf 88' lang='lat' dir='ltr'><strong>Deus</strong></span> 
     </span>
    </p>
   </div>
   <div class='ocr_carea' id='block_1_73' title="bbox 2050 1645 3628 1724">
    <p class='ocr_par' dir='ltr' id='par_1_73' title="bbox 2050 1645 3628 1724">
     <span class='ocr_line' id='line_1_73' title="bbox 2050 1645 3628 1724; baseline 0.008 -25"><span class='ocrx_word' id='word_1_600' title='bbox 2050 1654 2270 1700; x_wconf 90' lang='lat' dir='ltr'><strong>noster:</strong></span> <span class='ocrx_word' id='word_1_601' title='bbox 2294 1645 2337 1700; x_wconf 90' lang='lat' dir='ltr'><strong>si</strong></span> <span class='ocrx_word' id='word_1_602' title='bbox 2362 1656 2535 1702; x_wconf 88' lang='lat' dir='ltr'><strong>autem</strong></span> <span class='ocrx_word' id='word_1_603' title='bbox 2564 1648 2705 1703; x_wconf 91' lang='lat' dir='ltr'><strong>nulla</strong></span> <span class='ocrx_word' id='word_1_604' title='bbox 2727 1659 2827 1717; x_wconf 90' lang='lat' dir='ltr'><strong>est,</strong></span> <span class='ocrx_word' id='word_1_605' title='bbox 2858 1651 3119 1706; x_wconf 90' lang='lat' dir='ltr'><strong>nullorum</strong></span> <span class='ocrx_word' id='word_1_606' title='bbox 3148 1653 3286 1708; x_wconf 85' lang='lat' dir='ltr'><strong>Deus</strong></span> <span class='ocrx_word' id='word_1_607' title='bbox 3312 1665 3484 1724; x_wconf 88' lang='lat' dir='ltr'><strong>potest</strong></span> <span class='ocrx_word' id='word_1_608' title='bbox 3509 1672 3628 1712; x_wconf 89' lang='lat' dir='ltr'><strong>esse</strong></span> 
     </span>
    </p>
   </div>
   <div class='ocr_carea' id='block_1_74' title="bbox 2051 1736 3625 1816">
    <p class='ocr_par' dir='ltr' id='par_1_74' title="bbox 2051 1736 3625 1816">
     <span class='ocr_line' id='line_1_74' title="bbox 2051 1736 3625 1816; baseline 0.01 -26"><span class='ocrx_word' id='word_1_609' title='bbox 2051 1736 2182 1801; x_wconf 89' lang='lat' dir='ltr'><strong>iste;</strong></span> <span class='ocrx_word' id='word_1_610' title='bbox 2217 1749 2412 1808; x_wconf 85' lang='lat' dir='ltr'><strong>quanto</strong></span> <span class='ocrx_word' id='word_1_611' title='bbox 2452 1739 2626 1794; x_wconf 91' lang='lat' dir='ltr'><strong>minus</strong></span> <span class='ocrx_word' id='word_1_612' title='bbox 2668 1751 2850 1798; x_wconf 88' lang='lat' dir='ltr'><strong>noster</strong></span> <span class='ocrx_word' id='word_1_613' title='bbox 2871 1743 2894 1796; x_wconf 84' lang='lat' dir='ltr'><strong>‘t</strong></span> <span class='ocrx_word' id='word_1_614' title='bbox 2917 1742 3050 1798; x_wconf 90' lang='lat' dir='ltr'><strong>Esse</strong></span> <span class='ocrx_word' id='word_1_615' title='bbox 3083 1753 3259 1799; x_wconf 89' lang='lat' dir='ltr'><strong>tamen</strong></span> <span class='ocrx_word' id='word_1_616' title='bbox 3297 1747 3625 1816; x_wconf 87' lang='lat' dir='ltr'><strong>spiritualem</strong></span> 
     </span>
    </p>
   </div>
   <div class='ocr_carea' id='block_1_75' title="bbox 2048 1829 3622 1908">
    <p class='ocr_par' dir='ltr' id='par_1_75' title="bbox 2048 1829 3622 1908">
     <span class='ocr_line' id='line_1_75' title="bbox 2048 1829 3622 1908; baseline 0.009 -26"><span class='ocrx_word' id='word_1_617' title='bbox 2048 1829 2370 1900; x_wconf 86' lang='lat' dir='ltr'><strong>vitalemquc</strong></span> <span class='ocrx_word' id='word_1_618' title='bbox 2397 1830 2665 1899; x_wconf 89' lang='lat' dir='ltr'><strong>virtutem,</strong></span> <span class='ocrx_word' id='word_1_619' title='bbox 2687 1834 2843 1889; x_wconf 89' lang='lat' dir='ltr'><strong>etiam</strong></span> <span class='ocrx_word' id='word_1_620' title='bbox 2860 1835 2905 1889; x_wconf 89' lang='lat' dir='ltr'><strong>si</strong></span> <span class='ocrx_word' id='word_1_621' title='bbox 2931 1850 3033 1889; x_wconf 94' lang='lat' dir='ltr'><strong>non</strong></span> <span class='ocrx_word' id='word_1_622' title='bbox 3062 1836 3128 1890; x_wconf 91' lang='lat' dir='ltr'><strong>sit</strong></span> <span class='ocrx_word' id='word_1_623' title='bbox 3153 1837 3342 1891; x_wconf 89' lang='lat' dir='ltr'><strong>animal</strong></span> <span class='ocrx_word' id='word_1_624' title='bbox 3365 1841 3622 1908; x_wconf 91' lang='lat' dir='ltr'><strong>mundus;</strong></span> 
     </span>
    </p>
   </div>
   <div class='ocr_carea' id='block_1_76' title="bbox 2049 1921 3626 2002">
    <p class='ocr_par' dir='ltr' id='par_1_76' title="bbox 2049 1921 3626 2002">
     <span class='ocr_line' id='line_1_76' title="bbox 2049 1921 3626 2002; baseline 0.01 -30"><span class='ocrx_word' id='word_1_625' title='bbox 2049 1935 2167 1989; x_wconf 77' lang='lat' dir='ltr'><strong>quae</strong></span> <span class='ocrx_word' id='word_1_626' title='bbox 2205 1921 2370 1976; x_wconf 89' lang='lat' dir='ltr'><strong>virtus</strong></span> <span class='ocrx_word' id='word_1_627' title='bbox 2401 1923 2451 1976; x_wconf 90' lang='lat' dir='ltr'><strong>in</strong></span> <span class='ocrx_word' id='word_1_628' title='bbox 2493 1925 2707 1994; x_wconf 83' lang='lat' dir='ltr'><strong>Angelis</strong></span> <span class='ocrx_word' id='word_1_629' title='bbox 2750 1927 2946 1982; x_wconf 89' lang='lat' dir='ltr'><strong>sanctis</strong></span> <span class='ocrx_word' id='word_1_630' title='bbox 2973 1927 3039 1982; x_wconf 88' lang='lat' dir='ltr'><strong>ad</strong></span> <span class='ocrx_word' id='word_1_631' title='bbox 3067 1927 3424 1983; x_wconf 86' lang='lat' dir='ltr'><strong>decorandum</strong></span> <span class='ocrx_word' id='word_1_632' title='bbox 3467 1942 3626 2002; x_wconf 85' lang='lat' dir='ltr'><strong>atque</strong></span> 
     </span>
    </p>
   </div>
   <div class='ocr_carea' id='block_1_77' title="bbox 2048 2009 3626 2090">
    <p class='ocr_par' dir='ltr' id='par_1_77' title="bbox 2048 2009 3626 2090">
     <span class='ocr_line' id='line_1_77' title="bbox 2048 2009 3626 2090; baseline 0.009 -27"><span class='ocrx_word' id='word_1_633' title='bbox 2048 2009 2525 2067; x_wconf 90' lang='lat' dir='ltr'><strong>administrandum</strong></span> <span class='ocrx_word' id='word_1_634' title='bbox 2549 2016 2802 2071; x_wconf 90' lang='lat' dir='ltr'><strong>mundum</strong></span> <span class='ocrx_word' id='word_1_635' title='bbox 2836 2017 2943 2071; x_wconf 92' lang='lat' dir='ltr'><strong>Deo</strong></span> <span class='ocrx_word' id='word_1_636' title='bbox 2971 2018 3152 2084; x_wconf 80' lang='lat' dir='ltr'><strong>servit,</strong></span> <span class='ocrx_word' id='word_1_637' title='bbox 3177 2028 3232 2074; x_wconf 91' lang='lat' dir='ltr'><strong>et</strong></span> <span class='ocrx_word' id='word_1_638' title='bbox 3255 2034 3282 2072; x_wconf 91' lang='lat' dir='ltr'><strong>a</strong></span> <span class='ocrx_word' id='word_1_639' title='bbox 3309 2021 3498 2090; x_wconf 90' lang='lat' dir='ltr'><strong>quibus</strong></span> <span class='ocrx_word' id='word_1_640' title='bbox 3520 2037 3626 2077; x_wconf 91' lang='lat' dir='ltr'><strong>non</strong></span> 
     </span>
    </p>
   </div>
   <div class='ocr_carea' id='block_1_78' title="bbox 2047 2103 3626 2184">
    <p class='ocr_par' dir='ltr' id='par_1_78' title="bbox 2047 2103 3626 2184">
     <span class='ocr_line' id='line_1_78' title="bbox 2047 2103 3626 2184; baseline 0.009 -27"><span class='ocrx_word' id='word_1_641' title='bbox 2047 2103 2391 2175; x_wconf 87' lang='lat' dir='ltr'><strong>intelligitur;</strong></span> <span class='ocrx_word' id='word_1_642' title='bbox 2444 2109 2739 2165; x_wconf 83' lang='lat' dir='ltr'><strong>rectissime</strong></span> <span class='ocrx_word' id='word_1_643' title='bbox 2780 2110 3030 2166; x_wconf 90' lang='lat' dir='ltr'><strong>creditur.</strong></span> <span class='ocrx_word' id='word_1_644' title='bbox 3078 2113 3401 2184; x_wconf 81' lang='lat' dir='ltr'><strong>Angelornm</strong></span> <span class='ocrx_word' id='word_1_645' title='bbox 3447 2125 3626 2172; x_wconf 89' lang='lat' dir='ltr'><strong>autem</strong></span> 
     </span>
    </p>
   </div>
   <div class='ocr_carea' id='block_1_79' title="bbox 2047 2199 3630 2276">
    <p class='ocr_par' dir='ltr' id='par_1_79' title="bbox 2047 2199 3630 2276">
     <span class='ocr_line' id='line_1_79' title="bbox 2047 2199 3630 2276; baseline 0.009 -29"><span class='ocrx_word' id='word_1_646' title='bbox 2047 2206 2347 2250; x_wconf 88' lang='lat' dir='ltr'><strong>sanctorum</strong></span> <span class='ocrx_word' id='word_1_647' title='bbox 2380 2199 2611 2264; x_wconf 89' lang='lat' dir='ltr'><strong>nomine,</strong></span> <span class='ocrx_word' id='word_1_648' title='bbox 2647 2215 2858 2256; x_wconf 88' lang='lat' dir='ltr'><strong>omnem</strong></span> <span class='ocrx_word' id='word_1_649' title='bbox 2884 2211 3119 2258; x_wconf 88' lang='lat' dir='ltr'><strong>sanctam</strong></span> <span class='ocrx_word' id='word_1_650' title='bbox 3146 2216 3442 2260; x_wconf 87' lang='lat' dir='ltr'><strong>creaturam</strong></span> <span class='ocrx_word' id='word_1_651' title='bbox 3471 2207 3630 2276; x_wconf 89' lang='lat' dir='ltr'><strong>spiri-</strong></span> 
     </span>
    </p>
   </div>
   <div class='ocr_carea' id='block_1_80' title="bbox 2050 2285 3626 2362">
    <p class='ocr_par' dir='ltr' id='par_1_80' title="bbox 2050 2285 3626 2362">
     <span class='ocr_line' id='line_1_80' title="bbox 2050 2285 3626 2362; baseline 0.01 -23"><span class='ocrx_word' id='word_1_652' title='bbox 2050 2285 2268 2354; x_wconf 68' lang='lat' dir='ltr'><strong>tualet&#39;n,</strong></span> <span class='ocrx_word' id='word_1_653' title='bbox 2304 2288 2356 2342; x_wconf 91' lang='lat' dir='ltr'><strong>in</strong></span> <span class='ocrx_word' id='word_1_654' title='bbox 2389 2289 2484 2344; x_wconf 91' lang='lat' dir='ltr'><strong>Dei</strong></span> <span class='ocrx_word' id='word_1_655' title='bbox 2512 2300 2719 2346; x_wconf 88' lang='lat' dir='ltr'><strong>secreto</strong></span> <span class='ocrx_word' id='word_1_656' title='bbox 2757 2302 2914 2362; x_wconf 85' lang='lat' dir='ltr'><strong>atque</strong></span> <span class='ocrx_word' id='word_1_657' title='bbox 2937 2295 3146 2350; x_wconf 88' lang='lat' dir='ltr'><strong>occulto</strong></span> <span class='ocrx_word' id='word_1_658' title='bbox 3174 2296 3470 2353; x_wconf 90' lang='lat' dir='ltr'><strong>ministerio</strong></span> <span class='ocrx_word' id='word_1_659' title='bbox 3494 2314 3626 2354; x_wconf 82' lang='lat' dir='ltr'><strong>con-</strong></span> 
     </span>
    </p>
   </div>
   <div class='ocr_carea' id='block_1_81' title="bbox 2045 2378 3626 2462">
    <p class='ocr_par' dir='ltr' id='par_1_81' title="bbox 2045 2378 3626 2462">
     <span class='ocr_line' id='line_1_81' title="bbox 2045 2378 3626 2462; baseline 0.01 -30"><span class='ocrx_word' id='word_1_660' title='bbox 2045 2378 2282 2434; x_wconf 90' lang='lat' dir='ltr'><strong>stitutam</strong></span> <span class='ocrx_word' id='word_1_661' title='bbox 2331 2397 2470 2436; x_wconf 91' lang='lat' dir='ltr'><strong>nunc</strong></span> <span class='ocrx_word' id='word_1_662' title='bbox 2519 2385 2898 2455; x_wconf 88' lang='lat' dir='ltr'><strong>appellaverim</strong></span> <span class='ocrx_word' id='word_1_663' title='bbox 2925 2404 2937 2439; x_wconf 88' lang='lat'><strong>:</strong></span> <span class='ocrx_word' id='word_1_664' title='bbox 2967 2387 3061 2443; x_wconf 92' lang='lat' dir='ltr'><strong>sed</strong></span> <span class='ocrx_word' id='word_1_665' title='bbox 3105 2389 3321 2459; x_wconf 90' lang='lat' dir='ltr'><strong>spiritus</strong></span> <span class='ocrx_word' id='word_1_666' title='bbox 3357 2393 3626 2462; x_wconf 87' lang='lat' dir='ltr'><strong>angelicos</strong></span> 
     </span>
    </p>
   </div>
   <div class='ocr_carea' id='block_1_82' title="bbox 2045 2473 3622 2553">
    <p class='ocr_par' dir='ltr' id='par_1_82' title="bbox 2045 2473 3622 2553">
     <span class='ocr_line' id='line_1_82' title="bbox 2045 2473 3622 2553; baseline 0.009 -26"><span class='ocrx_word' id='word_1_667' title='bbox 2045 2481 2227 2527; x_wconf 86' lang='lat' dir='ltr'><strong>sancta</strong></span> <span class='ocrx_word' id='word_1_668' title='bbox 2255 2473 2526 2544; x_wconf 92' lang='lat' dir='ltr'><strong>Scriptura</strong></span> <span class='ocrx_word' id='word_1_669' title='bbox 2571 2479 2786 2534; x_wconf 87' lang='lat' dir='ltr'><strong>nomine</strong></span> <span class='ocrx_word' id='word_1_670' title='bbox 2828 2480 3123 2536; x_wconf 90' lang='lat' dir='ltr'><strong>animarum</strong></span> <span class='ocrx_word' id='word_1_671' title='bbox 3169 2483 3468 2553; x_wconf 79' lang='lat' dir='ltr'><strong>signiﬁcare</strong></span> <span class='ocrx_word' id='word_1_672' title='bbox 3519 2502 3622 2542; x_wconf 93' lang='lat' dir='ltr'><strong>non</strong></span> 
     </span>
    </p>
   </div>
   <div class='ocr_carea' id='block_1_83' title="bbox 2045 2565 3622 2647">
    <p class='ocr_par' dir='ltr' id='par_1_83' title="bbox 2045 2565 3622 2647">
     <span class='ocr_line' id='line_1_83' title="bbox 2045 2565 3622 2647; baseline 0.009 -28"><span class='ocrx_word' id='word_1_673' title='bbox 2045 2565 2200 2620; x_wconf 89' lang='lat' dir='ltr'><strong>solet.</strong></span> <span class='ocrx_word' id='word_1_674' title='bbox 2226 2566 2455 2622; x_wconf 89' lang='lat' dir='ltr'><strong>Proinde</strong></span> <span class='ocrx_word' id='word_1_675' title='bbox 2486 2569 2541 2622; x_wconf 90' lang='lat' dir='ltr'><strong>in</strong></span> <span class='ocrx_word' id='word_1_676' title='bbox 2568 2585 2632 2624; x_wconf 94' lang='lat' dir='ltr'><strong>co</strong></span> <span class='ocrx_word' id='word_1_677' title='bbox 2661 2571 2801 2640; x_wconf 89' lang='lat' dir='ltr'><strong>quod</strong></span> <span class='ocrx_word' id='word_1_678' title='bbox 2824 2572 2961 2628; x_wconf 87' lang='lat' dir='ltr'><strong>circa</strong></span> <span class='ocrx_word' id='word_1_679' title='bbox 2988 2573 3145 2628; x_wconf 83' lang='lat' dir='ltr'><strong>linem</strong></span> <span class='ocrx_word' id='word_1_680' title='bbox 3177 2575 3298 2630; x_wconf 91' lang='lat' dir='ltr'><strong>libri</strong></span> <span class='ocrx_word' id='word_1_681' title='bbox 3320 2576 3472 2646; x_wconf 87' lang='lat' dir='ltr'><strong>hujus</strong></span> <span class='ocrx_word' id='word_1_682' title='bbox 3492 2578 3622 2647; x_wconf 76' lang='lat' dir='ltr'><strong>dixi,</strong></span> 
     </span>
    </p>
   </div>
   <div class='ocr_carea' id='block_1_84' title="bbox 2045 2656 3625 2724">
    <p class='ocr_par' dir='ltr' id='par_1_84' title="bbox 2045 2656 3625 2724">
     <span class='ocr_line' id='line_1_84' title="bbox 2045 2656 3625 2724; baseline 0.008 -13"><span class='ocrx_word' id='word_1_683' title='bbox 2045 2656 2344 2712; x_wconf 83' lang='lat' dir='ltr'><strong>Rationalcs</strong></span> <span class='ocrx_word' id='word_1_684' title='bbox 2373 2669 2418 2713; x_wconf 83' lang='lat' dir='ltr'><strong>et</strong></span> <span class='ocrx_word' id='word_1_685' title='bbox 2445 2661 2803 2717; x_wconf 88' lang='lat' dir='ltr'><strong>intellectuales</strong></span> <span class='ocrx_word' id='word_1_686' title='bbox 2829 2666 3021 2718; x_wconf 86' lang='lat' dir='ltr'><strong>numeri</strong></span> <span class='ocrx_word' id='word_1_687' title='bbox 3061 2667 3316 2721; x_wconf 79' lang='lat' dir='ltr'><strong>beatorum</strong></span> <span class='ocrx_word' id='word_1_688' title='bbox 3339 2671 3625 2724; x_wconf 84' lang='lat' dir='ltr'><strong>animarum</strong></span> 
     </span>
    </p>
   </div>
   <div class='ocr_carea' id='block_1_85' title="bbox 2046 2754 3628 2832">
    <p class='ocr_par' dir='ltr' id='par_1_85' title="bbox 2046 2754 3628 2832">
     <span class='ocr_line' id='line_1_85' title="bbox 2046 2754 3628 2832; baseline 0.01 -30"><span class='ocrx_word' id='word_1_689' title='bbox 2046 2763 2195 2821; x_wconf 85' lang='lat' dir='ltr'><strong>atque</strong></span> <span class='ocrx_word' id='word_1_690' title='bbox 2221 2761 2506 2807; x_wconf 86' lang='lat' dir='ltr'><strong>sanctarum</strong></span> <span class='ocrx_word' id='word_1_691' title='bbox 2548 2754 2704 2825; x_wconf 85' lang='lat' dir='ltr'><strong>legem</strong></span> <span class='ocrx_word' id='word_1_692' title='bbox 2728 2757 2889 2826; x_wconf 85' lang='lat' dir='ltr'><strong>ipsam</strong></span> <span class='ocrx_word' id='word_1_693' title='bbox 2925 2756 3054 2825; x_wconf 88' lang='lat' dir='ltr'><strong>Dei,</strong></span> <span class='ocrx_word' id='word_1_694' title='bbox 3095 2761 3202 2812; x_wconf 90' lang='lat' dir='ltr'><strong>sine</strong></span> <span class='ocrx_word' id='word_1_695' title='bbox 3228 2778 3325 2831; x_wconf 86' lang='lat' dir='ltr'><strong>qua</strong></span> <span class='ocrx_word' id='word_1_696' title='bbox 3355 2763 3534 2832; x_wconf 79' lang='lat' dir='ltr'><strong>folium</strong></span> <span class='ocrx_word' id='word_1_697' title='bbox 3562 2763 3628 2819; x_wconf 75' lang='lat' dir='ltr'><strong>de</strong></span> 
     </span>
    </p>
   </div>
   <div class='ocr_carea' id='block_1_86' title="bbox 2044 2843 3620 2920">
    <p class='ocr_par' dir='ltr' id='par_1_86' title="bbox 2044 2843 3620 2920">
     <span class='ocr_line' id='line_1_86' title="bbox 2044 2843 3620 2920; baseline 0.008 -24"><span class='ocrx_word' id='word_1_698' title='bbox 2044 2843 2223 2897; x_wconf 87' lang='lat' dir='ltr'><strong>arbore</strong></span> <span class='ocrx_word' id='word_1_699' title='bbox 2256 2862 2354 2898; x_wconf 89' lang='lat' dir='ltr'><strong>non</strong></span> <span class='ocrx_word' id='word_1_700' title='bbox 2399 2846 2566 2911; x_wconf 91' lang='lat' dir='ltr'><strong>cadit,</strong></span> <span class='ocrx_word' id='word_1_701' title='bbox 2611 2857 2656 2901; x_wconf 92' lang='lat' dir='ltr'><strong>et</strong></span> <span class='ocrx_word' id='word_1_702' title='bbox 2684 2849 2765 2901; x_wconf 90' lang='lat' dir='ltr'><strong>cui</strong></span> <span class='ocrx_word' id='word_1_703' title='bbox 2802 2850 2958 2902; x_wconf 88' lang='lat' dir='ltr'><strong>nostri</strong></span> <span class='ocrx_word' id='word_1_704' title='bbox 2991 2850 3162 2920; x_wconf 90' lang='lat' dir='ltr'><strong>capilli</strong></span> <span class='ocrx_word' id='word_1_705' title='bbox 3202 2854 3448 2907; x_wconf 85' lang='lat' dir='ltr'><strong>numerati</strong></span> <span class='ocrx_word' id='word_1_706' title='bbox 3482 2864 3620 2919; x_wconf 85' lang='lat' dir='ltr'><strong>sunt,</strong></span> 
     </span>
    </p>
   </div>
   <div class='ocr_carea' id='block_1_87' title="bbox 2045 2935 3624 3012">
    <p class='ocr_par' dir='ltr' id='par_1_87' title="bbox 2045 2935 3624 3012">
     <span class='ocr_line' id='line_1_87' title="bbox 2045 2935 3624 3012; baseline 0.008 -25"><span class='ocrx_word' id='word_1_707' title='bbox 2045 2935 2186 2988; x_wconf 89' lang='lat' dir='ltr'><strong>nulla</strong></span> <span class='ocrx_word' id='word_1_708' title='bbox 2205 2935 2497 3006; x_wconf 86' lang='lat' dir='ltr'><strong>interposita</strong></span> <span class='ocrx_word' id='word_1_709' title='bbox 2524 2947 2706 2992; x_wconf 85' lang='lat' dir='ltr'><strong>natura</strong></span> <span class='ocrx_word' id='word_1_710' title='bbox 2736 2939 3057 3008; x_wconf 75' lang='lat' dir='ltr'><strong>excipientes,</strong></span> <span class='ocrx_word' id='word_1_711' title='bbox 3088 2958 3243 3012; x_wconf 88' lang='lat' dir='ltr'><strong>usque</strong></span> <span class='ocrx_word' id='word_1_712' title='bbox 3265 2943 3332 2995; x_wconf 86' lang='lat' dir='ltr'><strong>ad</strong></span> <span class='ocrx_word' id='word_1_713' title='bbox 3360 2953 3552 2998; x_wconf 86' lang='lat' dir='ltr'><strong>terrena</strong></span> <span class='ocrx_word' id='word_1_714' title='bbox 3576 2953 3624 3000; x_wconf 82' lang='lat' dir='ltr'><strong>et</strong></span> 
     </span>
    </p>
   </div>
   <div class='ocr_carea' id='block_1_88' title="bbox 2045 3025 3624 3105">
    <p class='ocr_par' dir='ltr' id='par_1_88' title="bbox 2045 3025 3624 3105">
     <span class='ocr_line' id='line_1_88' title="bbox 2045 3025 3624 3105; baseline 0.009 -27"><span class='ocrx_word' id='word_1_715' title='bbox 2045 3025 2243 3094; x_wconf 76' lang='lat' dir='ltr'><strong>inferna</strong></span> <span class='ocrx_word' id='word_1_716' title='bbox 2263 3029 2388 3098; x_wconf 88' lang='lat' dir='ltr'><strong>jura</strong></span> <span class='ocrx_word' id='word_1_717' title='bbox 2417 3029 2758 3083; x_wconf 86' lang='lat' dir='ltr'><strong>transmittunt</strong></span> <span class='ocrx_word' id='word_1_718' title='bbox 2789 3030 2939 3100; x_wconf 88' lang='lat' dir='ltr'><strong>(Lib.</strong></span> <span class='ocrx_word' id='word_1_719' title='bbox 2969 3031 3022 3098; x_wconf 84' lang='lat'><strong>6,</strong></span> <span class='ocrx_word' id='word_1_720' title='bbox 3060 3049 3105 3086; x_wconf 88' lang='lat' dir='ltr'><strong>c.</strong></span> <span class='ocrx_word' id='word_1_721' title='bbox 3137 3033 3235 3100; x_wconf 80' lang='lat' dir='ltr'><strong>I7,</strong></span> <span class='ocrx_word' id='word_1_722' title='bbox 3268 3050 3320 3087; x_wconf 91' lang='lat' dir='ltr'><strong>n.</strong></span> <span class='ocrx_word' id='word_1_723' title='bbox 3353 3033 3474 3105; x_wconf 87' lang='lat'><strong>58),</strong></span> <span class='ocrx_word' id='word_1_724' title='bbox 3517 3051 3624 3093; x_wconf 91' lang='lat' dir='ltr'><strong>non</strong></span> 
     </span>
    </p>
   </div>
   <div class='ocr_carea' id='block_1_89' title="bbox 2045 3118 3623 3189">
    <p class='ocr_par' dir='ltr' id='par_1_89' title="bbox 2045 3118 3623 3189">
     <span class='ocr_line' id='line_1_89' title="bbox 2045 3118 3623 3189; baseline 0.01 -19"><span class='ocrx_word' id='word_1_725' title='bbox 2045 3118 2200 3173; x_wconf 90' lang='lat' dir='ltr'><strong>video</strong></span> <span class='ocrx_word' id='word_1_726' title='bbox 2218 3119 2660 3189; x_wconf 87' lang='lat' dir='ltr'><strong>quemadmodum</strong></span> <span class='ocrx_word' id='word_1_727' title='bbox 2679 3123 2993 3178; x_wconf 81' lang='lat' dir='ltr'><strong>vocabulum</strong></span> <span class='ocrx_word' id='word_1_728' title='bbox 3015 3125 3306 3180; x_wconf 90' lang='lat' dir='ltr'><strong>animarum</strong></span> <span class='ocrx_word' id='word_1_729' title='bbox 3333 3128 3623 3185; x_wconf 88' lang='lat' dir='ltr'><strong>secundum</strong></span> 
     </span>
    </p>
   </div>
   <div class='ocr_carea' id='block_1_90' title="bbox 2046 3209 3626 3288">
    <p class='ocr_par' dir='ltr' id='par_1_90' title="bbox 2046 3209 3626 3288">
     <span class='ocr_line' id='line_1_90' title="bbox 2046 3209 3626 3288; baseline 0.008 -26"><span class='ocrx_word' id='word_1_730' title='bbox 2046 3209 2345 3278; x_wconf 89' lang='lat' dir='ltr'><strong>Scripturas</strong></span> <span class='ocrx_word' id='word_1_731' title='bbox 2389 3219 2597 3265; x_wconf 86' lang='lat' dir='ltr'><strong>sanctas</strong></span> <span class='ocrx_word' id='word_1_732' title='bbox 2631 3213 2860 3281; x_wconf 89' lang='lat' dir='ltr'><strong>positum</strong></span> <span class='ocrx_word' id='word_1_733' title='bbox 2909 3215 3077 3284; x_wconf 91' lang='lat' dir='ltr'><strong>possit</strong></span> <span class='ocrx_word' id='word_1_734' title='bbox 3113 3216 3348 3281; x_wconf 91' lang='lat' dir='ltr'><strong>ostendi;</strong></span> <span class='ocrx_word' id='word_1_735' title='bbox 3388 3219 3626 3288; x_wconf 88' lang='lat' dir='ltr'><strong>quando-</strong></span> 
     </span>
    </p>
   </div>
   <div class='ocr_carea' id='block_1_91' title="bbox 2043 3301 3621 3379">
    <p class='ocr_par' dir='ltr' id='par_1_91' title="bbox 2043 3301 3621 3379">
     <span class='ocr_line' id='line_1_91' title="bbox 2043 3301 3621 3379; baseline 0.007 -25"><span class='ocrx_word' id='word_1_736' title='bbox 2043 3301 2256 3371; x_wconf 81' lang='lat' dir='ltr'><strong>quidem</strong></span> <span class='ocrx_word' id='word_1_737' title='bbox 2287 3301 2371 3356; x_wconf 93' lang='lat' dir='ltr'><strong>hic</strong></span> <span class='ocrx_word' id='word_1_738' title='bbox 2413 3319 2516 3356; x_wconf 89' lang='lat' dir='ltr'><strong>non</strong></span> <span class='ocrx_word' id='word_1_739' title='bbox 2551 3303 2649 3356; x_wconf 91' lang='lat' dir='ltr'><strong>nisi</strong></span> <span class='ocrx_word' id='word_1_740' title='bbox 2679 3305 2906 3374; x_wconf 88' lang='lat' dir='ltr'><strong>Angelos</strong></span> <span class='ocrx_word' id='word_1_741' title='bbox 2947 3314 3157 3362; x_wconf 88' lang='lat' dir='ltr'><strong>sanctos</strong></span> <span class='ocrx_word' id='word_1_742' title='bbox 3197 3307 3420 3379; x_wconf 89' lang='lat' dir='ltr'><strong>intelligi</strong></span> <span class='ocrx_word' id='word_1_743' title='bbox 3456 3310 3621 3378; x_wconf 85' lang='lat' dir='ltr'><strong>volui,</strong></span> 
     </span>
    </p>
   </div>
   <div class='ocr_carea' id='block_1_92' title="bbox 2042 3390 3623 3468">
    <p class='ocr_par' dir='ltr' id='par_1_92' title="bbox 2042 3390 3623 3468">
     <span class='ocr_line' id='line_1_92' title="bbox 2042 3390 3623 3468; baseline 0.007 -24"><span class='ocrx_word' id='word_1_744' title='bbox 2042 3406 2178 3460; x_wconf 87' lang='lat' dir='ltr'><strong>quos</strong></span> <span class='ocrx_word' id='word_1_745' title='bbox 2220 3390 2416 3446; x_wconf 90' lang='lat' dir='ltr'><strong>habere</strong></span> <span class='ocrx_word' id='word_1_746' title='bbox 2457 3394 2660 3447; x_wconf 91' lang='lat' dir='ltr'><strong>animas</strong></span> <span class='ocrx_word' id='word_1_747' title='bbox 2697 3410 2953 3464; x_wconf 91' lang='lat' dir='ltr'><strong>nusquam</strong></span> <span class='ocrx_word' id='word_1_748' title='bbox 2997 3412 3083 3452; x_wconf 89' lang='lat' dir='ltr'><strong>me</strong></span> <span class='ocrx_word' id='word_1_749' title='bbox 3119 3397 3308 3468; x_wconf 81' lang='lat' dir='ltr'><strong>legisse</strong></span> <span class='ocrx_word' id='word_1_750' title='bbox 3348 3398 3399 3452; x_wconf 95' lang='lat' dir='ltr'><strong>in</strong></span> <span class='ocrx_word' id='word_1_751' title='bbox 3429 3399 3623 3456; x_wconf 85' lang='lat' dir='ltr'><strong>divinis</strong></span> 
     </span>
    </p>
   </div>
   <div class='ocr_carea' id='block_1_93' title="bbox 2043 3480 3623 3558">
    <p class='ocr_par' dir='ltr' id='par_1_93' title="bbox 2043 3480 3623 3558">
     <span class='ocr_line' id='line_1_93' title="bbox 2043 3480 3623 3558; baseline 0.006 -22"><span class='ocrx_word' id='word_1_752' title='bbox 2043 3480 2266 3550; x_wconf 91' lang='lat' dir='ltr'><strong>eloquiis</strong></span> <span class='ocrx_word' id='word_1_753' title='bbox 2306 3482 2574 3537; x_wconf 91' lang='lat' dir='ltr'><strong>canonicis</strong></span> <span class='ocrx_word' id='word_1_754' title='bbox 2599 3483 2777 3539; x_wconf 90' lang='lat' dir='ltr'><strong>recolo</strong></span> <span class='ocrx_word' id='word_1_755' title='bbox 2806 3485 2842 3537; x_wconf 75' lang='grc'><strong>³.</strong></span> <span class='ocrx_word' id='word_1_756' title='bbox 2871 3483 2964 3541; x_wconf 86' lang='lat' dir='ltr'><strong>Hic</strong></span> <span class='ocrx_word' id='word_1_757' title='bbox 2996 3485 3130 3542; x_wconf 90' lang='lat' dir='ltr'><strong>liber</strong></span> <span class='ocrx_word' id='word_1_758' title='bbox 3173 3487 3252 3543; x_wconf 84' lang='lat' dir='ltr'><strong>sic</strong></span> <span class='ocrx_word' id='word_1_759' title='bbox 3279 3487 3497 3558; x_wconf 89' lang='lat' dir='ltr'><strong>incipit:</strong></span> <span class='ocrx_word' id='word_1_760' title='bbox 3521 3487 3623 3545; x_wconf 87' lang='lat' dir='ltr'><strong>Sa-</strong></span> 
     </span>
    </p>
   </div>
   <div class='ocr_carea' id='block_1_94' title="bbox 2043 3573 2428 3644">
    <p class='ocr_par' dir='ltr' id='par_1_94' title="bbox 2043 3573 2428 3644">
     <span class='ocr_line' id='line_1_94' title="bbox 2043 3573 2428 3644; baseline -0.003 -17"><span class='ocrx_word' id='word_1_761' title='bbox 2043 3575 2105 3628; x_wconf 90' lang='lat' dir='ltr'><strong>tis</strong></span> <span class='ocrx_word' id='word_1_762' title='bbox 2132 3573 2219 3627; x_wconf 88' lang='lat' dir='ltr'><strong>diu</strong></span> <span class='ocrx_word' id='word_1_763' title='bbox 2241 3589 2365 3644; x_wconf 87' lang='lat' dir='ltr'><strong>pene</strong></span> <span class='ocrx_word' id='word_1_764' title='bbox 2389 3575 2428 3626; x_wconf 79' lang='lat'><strong>’.</strong></span> 
     </span>
    </p>
   </div>
   <div class='ocr_carea' id='block_1_95' title="bbox 2681 3665 3056 3722">
    <p class='ocr_par' dir='ltr' id='par_1_95' title="bbox 2681 3665 3056 3722">
     <span class='ocr_line' id='line_1_95' title="bbox 2681 3665 3056 3722; baseline -0.005 -2"><span class='ocrx_word' id='word_1_765' title='bbox 2681 3665 2906 3722; x_wconf 83' lang='lat' dir='ltr'><strong>CAPUT</strong></span> <span class='ocrx_word' id='word_1_766' title='bbox 2943 3666 3056 3722; x_wconf 80' lang='lat' dir='ltr'><strong>XII.</strong></span> 
     </span>
    </p>
   </div>
   <div class='ocr_carea' id='block_1_96' title="bbox 2496 3754 3176 3828">
    <p class='ocr_par' dir='ltr' id='par_1_96' title="bbox 2496 3754 3176 3828">
     <span class='ocr_line' id='line_1_96' title="bbox 2496 3754 3176 3828; baseline 0.006 -18"><span class='ocrx_word' id='word_1_767' title='bbox 2496 3754 2575 3811; x_wconf 90' lang='lat' dir='ltr'><strong>De</strong></span> <span class='ocrx_word' id='word_1_768' title='bbox 2601 3755 2867 3828; x_wconf 81' lang='lat' dir='ltr'><strong>Magistro,</strong></span> <span class='ocrx_word' id='word_1_769' title='bbox 2898 3760 3021 3814; x_wconf 83' lang='lat' dir='ltr'><strong>liber</strong></span> <span class='ocrx_word' id='word_1_770' title='bbox 3046 3776 3176 3814; x_wconf 81' lang='lat' dir='ltr'><strong>unus</strong></span> 
     </span>
    </p>
   </div>
   <div class='ocr_carea' id='block_1_97' title="bbox 2112 3850 3614 3925">
    <p class='ocr_par' dir='ltr' id='par_1_97' title="bbox 2112 3850 3614 3925">
     <span class='ocr_line' id='line_1_97' title="bbox 2112 3850 3614 3925; baseline 0.004 -21"><span class='ocrx_word' id='word_1_771' title='bbox 2112 3850 2213 3905; x_wconf 89' lang='lat' dir='ltr'><strong>Per</strong></span> <span class='ocrx_word' id='word_1_772' title='bbox 2241 3851 2379 3905; x_wconf 91' lang='lat' dir='ltr'><strong>idem</strong></span> <span class='ocrx_word' id='word_1_773' title='bbox 2409 3861 2616 3924; x_wconf 88' lang='lat' dir='ltr'><strong>tempus</strong></span> <span class='ocrx_word' id='word_1_774' title='bbox 2657 3853 2844 3924; x_wconf 90' lang='lat' dir='ltr'><strong>scripsi</strong></span> <span class='ocrx_word' id='word_1_775' title='bbox 2875 3853 3065 3909; x_wconf 91' lang='lat' dir='ltr'><strong>librum</strong></span> <span class='ocrx_word' id='word_1_776' title='bbox 3105 3853 3256 3925; x_wconf 91' lang='lat' dir='ltr'><strong>cujus</strong></span> <span class='ocrx_word' id='word_1_777' title='bbox 3292 3862 3373 3910; x_wconf 90' lang='lat' dir='ltr'><strong>est</strong></span> <span class='ocrx_word' id='word_1_778' title='bbox 3401 3854 3582 3911; x_wconf 82' lang='lat' dir='ltr'><strong>titulus</strong></span> <span class='ocrx_word' id='word_1_779' title='bbox 3601 3898 3614 3923; x_wconf 94' lang='lat'><strong>,</strong></span> 
     </span>
    </p>
   </div>
   <div class='ocr_carea' id='block_1_98' title="bbox 2039 3939 3622 4015">
    <p class='ocr_par' dir='ltr' id='par_1_98' title="bbox 2039 3939 3622 4015">
     <span class='ocr_line' id='line_1_98' title="bbox 2039 3939 3622 4015; baseline 0.006 -21"><span class='ocrx_word' id='word_1_780' title='bbox 2039 3939 2107 3995; x_wconf 94' lang='lat' dir='ltr'><strong>de</strong></span> <span class='ocrx_word' id='word_1_781' title='bbox 2133 3941 2381 4012; x_wconf 86' lang='lat' dir='ltr'><strong>Magistro</strong></span> <span class='ocrx_word' id='word_1_782' title='bbox 2411 3961 2424 3996; x_wconf 91' lang='lat'><strong>:</strong></span> <span class='ocrx_word' id='word_1_783' title='bbox 2463 3944 2514 3997; x_wconf 93' lang='lat' dir='ltr'><strong>in</strong></span> <span class='ocrx_word' id='word_1_784' title='bbox 2545 3959 2650 4014; x_wconf 86' lang='lat' dir='ltr'><strong>quo</strong></span> <span class='ocrx_word' id='word_1_785' title='bbox 2682 3944 2982 4014; x_wconf 87' lang='lat' dir='ltr'><strong>disputatur</strong></span> <span class='ocrx_word' id='word_1_786' title='bbox 3007 3954 3060 4000; x_wconf 88' lang='lat' dir='ltr'><strong>et</strong></span> <span class='ocrx_word' id='word_1_787' title='bbox 3084 3947 3365 4015; x_wconf 63' lang='lat' dir='ltr'><strong>quaeritur,</strong></span> <span class='ocrx_word' id='word_1_788' title='bbox 3395 3956 3450 4002; x_wconf 90' lang='lat' dir='ltr'><strong>et</strong></span> <span class='ocrx_word' id='word_1_789' title='bbox 3472 3948 3622 4004; x_wconf 86' lang='lat' dir='ltr'><strong>inve-</strong></span> 
     </span>
    </p>
   </div>
   <div class='ocr_carea' id='block_1_99' title="bbox 2039 4033 3619 4106">
    <p class='ocr_par' dir='ltr' id='par_1_99' title="bbox 2039 4033 3619 4106">
     <span class='ocr_line' id='line_1_99' title="bbox 2039 4033 3619 4106; baseline 0.006 -20"><span class='ocrx_word' id='word_1_790' title='bbox 2039 4033 2200 4101; x_wconf 89' lang='lat' dir='ltr'><strong>nitur,</strong></span> <span class='ocrx_word' id='word_1_791' title='bbox 2233 4035 2540 4104; x_wconf 88' lang='lat' dir='ltr'><strong>magistrum</strong></span> <span class='ocrx_word' id='word_1_792' title='bbox 2569 4051 2673 4092; x_wconf 89' lang='lat' dir='ltr'><strong>non</strong></span> <span class='ocrx_word' id='word_1_793' title='bbox 2697 4052 2833 4102; x_wconf 89' lang='lat' dir='ltr'><strong>esse,</strong></span> <span class='ocrx_word' id='word_1_794' title='bbox 2862 4037 2951 4106; x_wconf 88' lang='lat' dir='ltr'><strong>qui</strong></span> <span class='ocrx_word' id='word_1_795' title='bbox 2976 4036 3128 4091; x_wconf 89' lang='lat' dir='ltr'><strong>docet</strong></span> <span class='ocrx_word' id='word_1_796' title='bbox 3156 4036 3421 4093; x_wconf 89' lang='lat' dir='ltr'><strong>hominem</strong></span> <span class='ocrx_word' id='word_1_797' title='bbox 3449 4042 3619 4095; x_wconf 88' lang='lat' dir='ltr'><strong>scicn-</strong></span> 
     </span>
    </p>
   </div>
   <div class='ocr_carea' id='block_1_100' title="bbox 2038 4126 3617 4200">
    <p class='ocr_par' dir='ltr' id='par_1_100' title="bbox 2038 4126 3617 4200">
     <span class='ocr_line' id='line_1_100' title="bbox 2038 4126 3617 4200; baseline 0.004 -21"><span class='ocrx_word' id='word_1_798' title='bbox 2038 4126 2184 4192; x_wconf 91' lang='lat' dir='ltr'><strong>tiam,</strong></span> <span class='ocrx_word' id='word_1_799' title='bbox 2215 4128 2315 4182; x_wconf 90' lang='lat' dir='ltr'><strong>nisi</strong></span> <span class='ocrx_word' id='word_1_800' title='bbox 2341 4129 2527 4195; x_wconf 89' lang='lat' dir='ltr'><strong>Deum,</strong></span> <span class='ocrx_word' id='word_1_801' title='bbox 2557 4129 2846 4185; x_wconf 89' lang='lat' dir='ltr'><strong>secundum</strong></span> <span class='ocrx_word' id='word_1_802' title='bbox 2872 4130 2996 4185; x_wconf 88' lang='lat' dir='ltr'><strong>illud</strong></span> <span class='ocrx_word' id='word_1_803' title='bbox 3023 4130 3181 4184; x_wconf 87' lang='lat' dir='ltr'><strong>etiam</strong></span> <span class='ocrx_word' id='word_1_804' title='bbox 3204 4131 3341 4200; x_wconf 91' lang='lat' dir='ltr'><strong>quod</strong></span> <span class='ocrx_word' id='word_1_805' title='bbox 3365 4132 3413 4185; x_wconf 89' lang='lat' dir='ltr'><strong>in</strong></span> <span class='ocrx_word' id='word_1_806' title='bbox 3444 4132 3617 4186; x_wconf 86' lang='lat' dir='ltr'><strong>Evan-</strong></span> 
     </span>
    </p>
   </div>
   <div class='ocr_carea' id='block_1_101' title="bbox 2035 4218 3616 4292">
    <p class='ocr_par' dir='ltr' id='par_1_101' title="bbox 2035 4218 3616 4292">
     <span class='ocr_line' id='line_1_101' title="bbox 2035 4218 3616 4292; baseline 0.004 -21"><span class='ocrx_word' id='word_1_807' title='bbox 2035 4218 2174 4288; x_wconf 87' lang='lat' dir='ltr'><strong>gelio</strong></span> <span class='ocrx_word' id='word_1_808' title='bbox 2200 4219 2449 4289; x_wconf 89' lang='lat' dir='ltr'><strong>scriptum</strong></span> <span class='ocrx_word' id='word_1_809' title='bbox 2481 4231 2598 4275; x_wconf 88' lang='lat' dir='ltr'><strong>est:</strong></span> <span class='ocrx_word' id='word_1_810' title='bbox 2635 4220 2778 4276; x_wconf 86' lang='lat' dir='ltr'><strong>Unus</strong></span> <span class='ocrx_word' id='word_1_811' title='bbox 2822 4230 2893 4276; x_wconf 88' lang='lat' dir='ltr'><strong>est</strong></span> <span class='ocrx_word' id='word_1_812' title='bbox 2924 4220 3168 4292; x_wconf 80' lang='lat' dir='ltr'><strong>Magister</strong></span> <span class='ocrx_word' id='word_1_813' title='bbox 3201 4231 3356 4276; x_wconf 83' lang='lat' dir='ltr'><strong>vester</strong></span> <span class='ocrx_word' id='word_1_814' title='bbox 3390 4223 3616 4278; x_wconf 81' lang='lat' dir='ltr'><strong>Christus</strong></span> 
     </span>
    </p>
   </div>
   <div class='ocr_carea' id='block_1_102' title="bbox 2038 4308 3615 4385">
    <p class='ocr_par' dir='ltr' id='par_1_102' title="bbox 2038 4308 3615 4385">
     <span class='ocr_line' id='line_1_102' title="bbox 2038 4308 3615 4385; baseline 0.004 -24"><span class='ocrx_word' id='word_1_815' title='bbox 2038 4308 2057 4379; x_wconf 97' lang='lat'><strong>(</strong></span> <span class='ocrx_word' id='word_1_816' title='bbox 2082 4308 2268 4363; x_wconf 81' lang='lat' dir='ltr'><strong>Matth.</strong></span> <span class='ocrx_word' id='word_1_817' title='bbox 2298 4326 2446 4376; x_wconf 76' lang='lat' dir='ltr'><strong>xxut,</strong></span> <span class='ocrx_word' id='word_1_818' title='bbox 2475 4312 2596 4385; x_wconf 81' lang='grc'><strong>10).</strong></span> <span class='ocrx_word' id='word_1_819' title='bbox 2631 4313 2723 4367; x_wconf 92' lang='lat' dir='ltr'><strong>llic</strong></span> <span class='ocrx_word' id='word_1_820' title='bbox 2753 4312 2885 4367; x_wconf 91' lang='lat' dir='ltr'><strong>liber</strong></span> <span class='ocrx_word' id='word_1_821' title='bbox 2910 4313 2986 4368; x_wconf 89' lang='lat' dir='ltr'><strong>sic</strong></span> <span class='ocrx_word' id='word_1_822' title='bbox 3013 4313 3190 4382; x_wconf 90' lang='lat' dir='ltr'><strong>incipit</strong></span> <span class='ocrx_word' id='word_1_823' title='bbox 3218 4331 3230 4367; x_wconf 92' lang='lat'><strong>:</strong></span> <span class='ocrx_word' id='word_1_824' title='bbox 3267 4313 3400 4379; x_wconf 82' lang='lat' dir='ltr'><strong>Quid</strong></span> <span class='ocrx_word' id='word_1_825' title='bbox 3423 4314 3510 4368; x_wconf 90' lang='lat' dir='ltr'><strong>tibi</strong></span> <span class='ocrx_word' id='word_1_826' title='bbox 3537 4315 3615 4368; x_wconf 85' lang='lat' dir='ltr'><strong>vi-</strong></span> 
     </span>
    </p>
   </div>
   <div class='ocr_carea' id='block_1_103' title="bbox 2037 4401 3024 4475">
    <p class='ocr_par' dir='ltr' id='par_1_103' title="bbox 2037 4401 3024 4475">
     <span class='ocr_line' id='line_1_103' title="bbox 2037 4401 3024 4475; baseline 0.004 -21"><span class='ocrx_word' id='word_1_827' title='bbox 2037 4401 2216 4456; x_wconf 86' lang='lat' dir='ltr'><strong>demur</strong></span> <span class='ocrx_word' id='word_1_828' title='bbox 2240 4402 2427 4472; x_wconf 72' lang='lat' dir='ltr'><strong>efﬁcere</strong></span> <span class='ocrx_word' id='word_1_829' title='bbox 2451 4404 2575 4458; x_wconf 88' lang='lat' dir='ltr'><strong>velle</strong></span> <span class='ocrx_word' id='word_1_830' title='bbox 2594 4421 2709 4458; x_wconf 89' lang='lat' dir='ltr'><strong>cum</strong></span> <span class='ocrx_word' id='word_1_831' title='bbox 2735 4405 3024 4475; x_wconf 86' lang='lat' dir='ltr'><strong>loquimur?</strong></span> 
     </span>
    </p>
   </div>
   <div class='ocr_carea' id='block_1_104' title="bbox 2661 4495 3062 4552">
    <p class='ocr_par' dir='ltr' id='par_1_104' title="bbox 2661 4495 3062 4552">
     <span class='ocr_line' id='line_1_104' title="bbox 2661 4495 3062 4552; baseline -0.002 -1"><span class='ocrx_word' id='word_1_832' title='bbox 2661 4495 2886 4552; x_wconf 83' lang='lat' dir='ltr'><strong>CAPUT</strong></span> <span class='ocrx_word' id='word_1_833' title='bbox 2923 4496 3062 4550; x_wconf 81' lang='lat' dir='ltr'><strong>XIII.</strong></span> 
     </span>
    </p>
   </div>
   <div class='ocr_carea' id='block_1_105' title="bbox 2403 4587 3275 4660">
    <p class='ocr_par' dir='ltr' id='par_1_105' title="bbox 2403 4587 3275 4660">
     <span class='ocr_line' id='line_1_105' title="bbox 2403 4587 3275 4660; baseline 0.001 -19"><span class='ocrx_word' id='word_1_834' title='bbox 2403 4587 2483 4642; x_wconf 87' lang='lat' dir='ltr'><strong>De</strong></span> <span class='ocrx_word' id='word_1_835' title='bbox 2519 4587 2646 4642; x_wconf 85' lang='lat' dir='ltr'><strong>Vera</strong></span> <span class='ocrx_word' id='word_1_836' title='bbox 2671 4588 2953 4660; x_wconf 81' lang='lat' dir='ltr'><strong>Religione,</strong></span> <span class='ocrx_word' id='word_1_837' title='bbox 2984 4590 3105 4643; x_wconf 87' lang='lat' dir='ltr'><strong>liber</strong></span> <span class='ocrx_word' id='word_1_838' title='bbox 3128 4606 3275 4644; x_wconf 88' lang='lat' dir='ltr'><strong>unus.</strong></span> 
     </span>
    </p>
   </div>
   <div class='ocr_carea' id='block_1_106' title="bbox 2103 4677 3605 4751">
    <p class='ocr_par' dir='ltr' id='par_1_106' title="bbox 2103 4677 3605 4751">
     <span class='ocr_line' id='line_1_106' title="bbox 2103 4677 3605 4751; baseline 0.003 -19"><span class='ocrx_word' id='word_1_839' title='bbox 2103 4679 2156 4732; x_wconf 81' lang='lat' dir='ltr'><strong>I.</strong></span> <span class='ocrx_word' id='word_1_840' title='bbox 2186 4677 2336 4733; x_wconf 84' lang='lat' dir='ltr'><strong>Tunc</strong></span> <span class='ocrx_word' id='word_1_841' title='bbox 2379 4680 2536 4734; x_wconf 91' lang='lat' dir='ltr'><strong>etiam</strong></span> <span class='ocrx_word' id='word_1_842' title='bbox 2576 4679 2642 4736; x_wconf 91' lang='lat' dir='ltr'><strong>de</strong></span> <span class='ocrx_word' id='word_1_843' title='bbox 2669 4679 2808 4735; x_wconf 79' lang='lat' dir='ltr'><strong>Vera</strong></span> <span class='ocrx_word' id='word_1_844' title='bbox 2839 4680 3115 4750; x_wconf 82' lang='lat' dir='ltr'><strong>Religione</strong></span> <span class='ocrx_word' id='word_1_845' title='bbox 3145 4681 3338 4736; x_wconf 87' lang='lat' dir='ltr'><strong>librum</strong></span> <span class='ocrx_word' id='word_1_846' title='bbox 3379 4682 3565 4751; x_wconf 88' lang='lat' dir='ltr'><strong>scripsi</strong></span> <span class='ocrx_word' id='word_1_847' title='bbox 3591 4699 3605 4747; x_wconf 92' lang='lat'>;</span> 
     </span>
    </p>
   </div>
   <div class='ocr_carea' id='block_1_107' title="bbox 2033 4770 3606 4844">
    <p class='ocr_par' dir='ltr' id='par_1_107' title="bbox 2033 4770 3606 4844">
     <span class='ocr_line' id='line_1_107' title="bbox 2033 4770 3606 4844; baseline 0.001 -18"><span class='ocrx_word' id='word_1_848' title='bbox 2033 4770 2088 4826; x_wconf 92' lang='lat' dir='ltr'><strong>in</strong></span> <span class='ocrx_word' id='word_1_849' title='bbox 2114 4787 2218 4840; x_wconf 91' lang='lat' dir='ltr'><strong>quo</strong></span> <span class='ocrx_word' id='word_1_850' title='bbox 2248 4772 2607 4843; x_wconf 91' lang='lat' dir='ltr'><strong>multipliciter</strong></span> <span class='ocrx_word' id='word_1_851' title='bbox 2632 4783 2686 4828; x_wconf 91' lang='lat' dir='ltr'><strong>et</strong></span> <span class='ocrx_word' id='word_1_852' title='bbox 2705 4773 3069 4843; x_wconf 89' lang='lat' dir='ltr'><strong>copiosissime</strong></span> <span class='ocrx_word' id='word_1_853' title='bbox 3099 4773 3412 4844; x_wconf 88' lang='lat' dir='ltr'><strong>disputatur,</strong></span> <span class='ocrx_word' id='word_1_854' title='bbox 3442 4790 3606 4828; x_wconf 89' lang='lat' dir='ltr'><strong>unum</strong></span> 
     </span>
    </p>
   </div>
   <div class='ocr_carea' id='block_1_108' title="bbox 2029 4863 3609 4932">
    <p class='ocr_par' dir='ltr' id='par_1_108' title="bbox 2029 4863 3609 4932">
     <span class='ocr_line' id='line_1_108' title="bbox 2029 4863 3609 4932; baseline 0.001 -15"><span class='ocrx_word' id='word_1_855' title='bbox 2029 4878 2214 4918; x_wconf 86' lang='lat' dir='ltr'><strong>verum</strong></span> <span class='ocrx_word' id='word_1_856' title='bbox 2243 4863 2439 4931; x_wconf 90' lang='lat' dir='ltr'><strong>Deum,</strong></span> <span class='ocrx_word' id='word_1_857' title='bbox 2469 4864 2520 4918; x_wconf 91' lang='lat' dir='ltr'><strong>id</strong></span> <span class='ocrx_word' id='word_1_858' title='bbox 2549 4873 2632 4919; x_wconf 91' lang='lat' dir='ltr'><strong>est</strong></span> <span class='ocrx_word' id='word_1_859' title='bbox 2656 4865 2988 4932; x_wconf 88' lang='lat' dir='ltr'><strong>Trinitatem,</strong></span> <span class='ocrx_word' id='word_1_860' title='bbox 3022 4865 3228 4920; x_wconf 89' lang='lat' dir='ltr'><strong>Patrem</strong></span> <span class='ocrx_word' id='word_1_861' title='bbox 3259 4872 3311 4918; x_wconf 90' lang='lat' dir='ltr'><strong>et</strong></span> <span class='ocrx_word' id='word_1_862' title='bbox 3336 4863 3524 4917; x_wconf 82' lang='lat' dir='ltr'><strong>Filium</strong></span> <span class='ocrx_word' id='word_1_863' title='bbox 3555 4872 3609 4918; x_wconf 90' lang='lat' dir='ltr'><strong>et</strong></span> 
     </span>
    </p>
   </div>
   <div class='ocr_carea' id='block_1_109' title="bbox 2028 4954 3605 5026">
    <p class='ocr_par' dir='ltr' id='par_1_109' title="bbox 2028 4954 3605 5026">
     <span class='ocr_line' id='line_1_109' title="bbox 2028 4954 3605 5026; baseline -0.001 -16"><span class='ocrx_word' id='word_1_864' title='bbox 2028 4954 2282 5025; x_wconf 88' lang='lat' dir='ltr'><strong>Spiritum</strong></span> <span class='ocrx_word' id='word_1_865' title='bbox 2308 4967 2545 5011; x_wconf 89' lang='lat' dir='ltr'><strong>sanctum</strong></span> <span class='ocrx_word' id='word_1_866' title='bbox 2569 4956 2822 5026; x_wconf 90' lang='lat' dir='ltr'><strong>religione</strong></span> <span class='ocrx_word' id='word_1_867' title='bbox 2850 4972 2972 5011; x_wconf 82' lang='lat' dir='ltr'><strong>vera</strong></span> <span class='ocrx_word' id='word_1_868' title='bbox 3001 4955 3280 5012; x_wconf 89' lang='lat' dir='ltr'><strong>colendum</strong></span> <span class='ocrx_word' id='word_1_869' title='bbox 3306 4964 3390 5008; x_wconf 91' lang='lat' dir='ltr'><strong>:et</strong></span> <span class='ocrx_word' id='word_1_870' title='bbox 3409 4963 3605 5024; x_wconf 84' lang='lat' dir='ltr'><strong>quanta</strong></span> 
     </span>
    </p>
   </div>
   <div class='ocr_carea' id='block_1_110' title="bbox 2027 5044 3604 5116">
    <p class='ocr_par' dir='ltr' id='par_1_110' title="bbox 2027 5044 3604 5116">
     <span class='ocr_line' id='line_1_110' title="bbox 2027 5044 3604 5116; baseline -0.001 -16"><span class='ocrx_word' id='word_1_871' title='bbox 2027 5046 2390 5102; x_wconf 87' lang='lat' dir='ltr'><strong>misericordia</strong></span> <span class='ocrx_word' id='word_1_872' title='bbox 2433 5047 2576 5116; x_wconf 87' lang='lat' dir='ltr'><strong>ejus,</strong></span> <span class='ocrx_word' id='word_1_873' title='bbox 2623 5063 2713 5115; x_wconf 88' lang='lat' dir='ltr'><strong>per</strong></span> <span class='ocrx_word' id='word_1_874' title='bbox 2763 5047 3108 5115; x_wconf 90' lang='lat' dir='ltr'><strong>temporalem</strong></span> <span class='ocrx_word' id='word_1_875' title='bbox 3157 5044 3604 5114; x_wconf 88' lang='lat' dir='ltr'><strong>dispensationem</strong></span> 
     </span>
    </p>
   </div>
   <div class='ocr_carea' id='block_1_111' title="bbox 2026 5135 3602 5204">
    <p class='ocr_par' dir='ltr' id='par_1_111' title="bbox 2026 5135 3602 5204">
     <span class='ocr_line' id='line_1_111' title="bbox 2026 5135 3602 5204; baseline -0.001 -13"><span class='ocrx_word' id='word_1_876' title='bbox 2026 5149 2280 5192; x_wconf 89' lang='lat' dir='ltr'><strong>concessa</strong></span> <span class='ocrx_word' id='word_1_877' title='bbox 2322 5136 2391 5192; x_wconf 90' lang='lat' dir='ltr'><strong>sit</strong></span> <span class='ocrx_word' id='word_1_878' title='bbox 2432 5136 2734 5191; x_wconf 89' lang='lat' dir='ltr'><strong>hominibus</strong></span> <span class='ocrx_word' id='word_1_879' title='bbox 2774 5135 3058 5189; x_wconf 84' lang='lat' dir='ltr'><strong>christiana</strong></span> <span class='ocrx_word' id='word_1_880' title='bbox 3089 5135 3301 5204; x_wconf 89' lang='lat' dir='ltr'><strong>religio,</strong></span> <span class='ocrx_word' id='word_1_881' title='bbox 3333 5150 3452 5204; x_wconf 65' lang='lat' dir='ltr'><strong>quae</strong></span> <span class='ocrx_word' id='word_1_882' title='bbox 3478 5150 3602 5190; x_wconf 89' lang='lat' dir='ltr'><strong>vera</strong></span> 
     </span>
    </p>
   </div>
   <div class='ocr_carea' id='block_1_112' title="bbox 2025 5225 3598 5297">
    <p class='ocr_par' dir='ltr' id='par_1_112' title="bbox 2025 5225 3598 5297">
     <span class='ocr_line' id='line_1_112' title="bbox 2025 5225 3598 5297; baseline -0.003 -12"><span class='ocrx_word' id='word_1_883' title='bbox 2025 5231 2211 5297; x_wconf 85' lang='lat' dir='ltr'><strong>religio</strong></span> <span class='ocrx_word' id='word_1_884' title='bbox 2234 5239 2316 5286; x_wconf 89' lang='lat' dir='ltr'><strong>est</strong></span> <span class='ocrx_word' id='word_1_885' title='bbox 2336 5270 2351 5296; x_wconf 93' lang='lat'><strong>,</strong></span> <span class='ocrx_word' id='word_1_886' title='bbox 2379 5238 2432 5284; x_wconf 93' lang='lat' dir='ltr'><strong>et</strong></span> <span class='ocrx_word' id='word_1_887' title='bbox 2455 5229 2521 5284; x_wconf 89' lang='lat' dir='ltr'><strong>ad</strong></span> <span class='ocrx_word' id='word_1_888' title='bbox 2542 5228 2786 5283; x_wconf 89' lang='lat' dir='ltr'><strong>eumdem</strong></span> <span class='ocrx_word' id='word_1_889' title='bbox 2812 5226 3011 5280; x_wconf 91' lang='lat' dir='ltr'><strong>cultum</strong></span> <span class='ocrx_word' id='word_1_890' title='bbox 3042 5225 3135 5280; x_wconf 89' lang='lat' dir='ltr'><strong>Dei</strong></span> <span class='ocrx_word' id='word_1_891' title='bbox 3156 5225 3598 5292; x_wconf 89' lang='lat' dir='ltr'><strong>quemadmodum</strong></span> 
     </span>
    </p>
   </div>
   <div class='ocr_carea' id='block_1_113' title="bbox 2025 5315 3602 5390">
    <p class='ocr_par' dir='ltr' id='par_1_113' title="bbox 2025 5315 3602 5390">
     <span class='ocr_line' id='line_1_113' title="bbox 2025 5315 3602 5390; baseline -0.002 -13"><span class='ocrx_word' id='word_1_892' title='bbox 2025 5323 2094 5377; x_wconf 91' lang='lat' dir='ltr'><strong>sit</strong></span> <span class='ocrx_word' id='word_1_893' title='bbox 2137 5322 2298 5376; x_wconf 90' lang='lat' dir='ltr'><strong>homo</strong></span> <span class='ocrx_word' id='word_1_894' title='bbox 2343 5321 2565 5390; x_wconf 89' lang='lat' dir='ltr'><strong>quadam</strong></span> <span class='ocrx_word' id='word_1_895' title='bbox 2619 5319 2723 5372; x_wconf 91' lang='lat' dir='ltr'><strong>vita</strong></span> <span class='ocrx_word' id='word_1_896' title='bbox 2769 5332 2864 5372; x_wconf 89' lang='lat' dir='ltr'><strong>sua</strong></span> <span class='ocrx_word' id='word_1_897' title='bbox 2911 5315 3236 5386; x_wconf 88' lang='lat' dir='ltr'><strong>coaptandus</strong></span> <span class='ocrx_word' id='word_1_898' title='bbox 3274 5316 3314 5370; x_wconf 86' lang='grc'><strong>³.</strong></span> <span class='ocrx_word' id='word_1_899' title='bbox 3377 5316 3602 5374; x_wconf 78' lang='lat' dir='ltr'><strong>Maxime</strong></span> 
     </span>
    </p>
   </div>
   <div class='ocr_carea' id='block_1_114' title="bbox 2091 5469 3458 5540">
    <p class='ocr_par' dir='ltr' id='par_1_114' title="bbox 2091 5469 3458 5540">
     <span class='ocr_line' id='line_1_114' title="bbox 2091 5469 3458 5540; baseline -0.002 -17"><span class='ocrx_word' id='word_1_900' title='bbox 2091 5478 2104 5507; x_wconf 79' lang='grc' dir='ltr'>ί</span> <span class='ocrx_word' id='word_1_901' title='bbox 2129 5482 2268 5540; x_wconf 86' lang='lat' dir='ltr'><strong>Lov.,_</strong></span> <span class='ocrx_word' id='word_1_902' title='bbox 2281 5472 2608 5540; x_wconf 76' lang='lat' dir='ltr'><strong>canonicisque</strong></span> <span class='ocrx_word' id='word_1_903' title='bbox 2629 5470 2798 5540; x_wconf 71' lang='lat' dir='ltr'><strong>recolo.</strong></span> <span class='ocrx_word' id='word_1_904' title='bbox 2826 5469 2909 5518; x_wconf 77' lang='lat' dir='ltr'><strong>Alii</strong></span> <span class='ocrx_word' id='word_1_905' title='bbox 2932 5469 3458 5540; x_wconf 34' lang='lat' dir='ltr'><strong>qxlicescareuthque.</strong></span> 
     </span>
    </p>
   </div>
   <div class='ocr_carea' id='block_1_115' title="bbox 2087 5531 3598 5596">
    <p class='ocr_par' dir='ltr' id='par_1_115' title="bbox 2087 5531 3598 5596">
     <span class='ocr_line' id='line_1_115' title="bbox 2087 5531 3598 5596; baseline -0.002 -10"><span class='ocrx_word' id='word_1_906' title='bbox 2087 5541 2106 5568; x_wconf 76' lang='grc'>³</span> <span class='ocrx_word' id='word_1_907' title='bbox 2129 5545 2176 5586; x_wconf 85' lang='grc' dir='ltr'><strong>ιιι</strong></span> <span class='ocrx_word' id='word_1_908' title='bbox 2209 5531 2320 5585; x_wconf 69' lang='lat' dir='ltr'><strong>Fdd.</strong></span> <span class='ocrx_word' id='word_1_909' title='bbox 2359 5531 2596 5584; x_wconf 79' lang='lat' dir='ltr'><strong>habetur:</strong></span> <span class='ocrx_word' id='word_1_910' title='bbox 2625 5531 2712 5583; x_wconf 80' lang='lat' dir='ltr'><strong>Hic</strong></span> <span class='ocrx_word' id='word_1_911' title='bbox 2737 5531 2855 5581; x_wconf 84' lang='lat' dir='ltr'><strong>liber</strong></span> <span class='ocrx_word' id='word_1_912' title='bbox 2893 5531 3076 5596; x_wconf 69' lang='lat' dir='ltr'><strong>prunus</strong></span> <span class='ocrx_word' id='word_1_913' title='bbox 3098 5531 3166 5582; x_wconf 81' lang='lat' dir='ltr'><strong>sic</strong></span> <span class='ocrx_word' id='word_1_914' title='bbox 3198 5531 3410 5596; x_wconf 81' lang='lat' dir='ltr'><strong>incipit;</strong></span> <span class='ocrx_word' id='word_1_915' title='bbox 3434 5532 3598 5583; x_wconf 66' lang='lat' dir='ltr'><strong>modus</strong></span> 
     </span>
    </p>
   </div>
   <div class='ocr_carea' id='block_1_116' title="bbox 2023 5593 3598 5663">
    <p class='ocr_par' dir='ltr' id='par_1_116' title="bbox 2023 5593 3598 5663">
     <span class='ocr_line' id='line_1_116' title="bbox 2023 5593 3598 5663; baseline -0.003 -14"><span class='ocrx_word' id='word_1_916' title='bbox 2023 5598 2129 5663; x_wconf 84' lang='lat' dir='ltr'><strong>quis</strong></span> <span class='ocrx_word' id='word_1_917' title='bbox 2161 5611 2258 5663; x_wconf 77' lang='lat' dir='ltr'><strong>pes</strong></span> <span class='ocrx_word' id='word_1_918' title='bbox 2277 5604 2361 5663; x_wconf 80' lang='lat' dir='ltr'><strong>est.</strong></span> <span class='ocrx_word' id='word_1_919' title='bbox 2396 5601 2563 5663; x_wconf 71' lang='lat' dir='ltr'><strong>sextus</strong></span> <span class='ocrx_word' id='word_1_920' title='bbox 2596 5601 2753 5644; x_wconf 87' lang='lat' dir='ltr'><strong>autem</strong></span> <span class='ocrx_word' id='word_1_921' title='bbox 2780 5607 2796 5644; x_wconf 92' lang='lat'><strong><em>:</em></strong></span> <span class='ocrx_word' id='word_1_922' title='bbox 2819 5593 2940 5644; x_wconf 79' lang='lat' dir='ltr'><strong>satis</strong></span> <span class='ocrx_word' id='word_1_923' title='bbox 2961 5594 3202 5663; x_wconf 67' lang='lat' dir='ltr'><strong>diupqne.</strong></span> <span class='ocrx_word' id='word_1_924' title='bbox 3228 5593 3598 5663; x_wconf 67' lang='lat' dir='ltr'><strong>Nonadtuodum</strong></span> 
     </span>
    </p>
   </div>
   <div class='ocr_carea' id='block_1_117' title="bbox 2022 5657 3598 5720">
    <p class='ocr_par' dir='ltr' id='par_1_117' title="bbox 2022 5657 3598 5720">
     <span class='ocr_line' id='line_1_117' title="bbox 2022 5657 3598 5720; baseline -0.001 -10"><span class='ocrx_word' id='word_1_925' title='bbox 2022 5657 2234 5711; x_wconf 74' lang='lat' dir='ltr'><strong>eohzeret</strong></span> <span class='ocrx_word' id='word_1_926' title='bbox 2249 5660 2414 5710; x_wconf 78' lang='lat' dir='ltr'><strong>ist.th</strong></span> <span class='ocrx_word' id='word_1_927' title='bbox 2437 5657 2612 5719; x_wconf 86' lang='lat' dir='ltr'><strong>lectio;</strong></span> <span class='ocrx_word' id='word_1_928' title='bbox 2631 5664 2840 5708; x_wconf 87' lang='lat' dir='ltr'><strong>nostram</strong></span> <span class='ocrx_word' id='word_1_929' title='bbox 2859 5669 2888 5707; x_wconf 88' lang='lat' dir='ltr'><strong>a</strong></span> <span class='ocrx_word' id='word_1_930' title='bbox 2906 5657 3096 5720; x_wconf 84' lang='lat' dir='ltr'><strong>scriptis</strong></span> <span class='ocrx_word' id='word_1_931' title='bbox 3112 5657 3440 5720; x_wconf 80' lang='lat' dir='ltr'><strong>integerrimis</strong></span> <span class='ocrx_word' id='word_1_932' title='bbox 3460 5669 3598 5708; x_wconf 85' lang='lat' dir='ltr'><strong>usur-</strong></span> 
     </span>
    </p>
   </div>
   <div class='ocr_carea' id='block_1_118' title="bbox 2021 5736 2254 5786">
    <p class='ocr_par' dir='ltr' id='par_1_118' title="bbox 2021 5736 2254 5786">
     <span class='ocr_line' id='line_1_118' title="bbox 2021 5736 2254 5786; baseline -0.009 -13"><span class='ocrx_word' id='word_1_933' title='bbox 2021 5736 2254 5786; x_wconf 79' lang='lat' dir='ltr'><strong>pav1mus.</strong></span> 
     </span>
    </p>
   </div>
   <div class='ocr_carea' id='block_1_119' title="bbox 1994 5779 3379 5848">
    <p class='ocr_par' dir='ltr' id='par_1_119' title="bbox 1994 5779 3379 5848">
     <span class='ocr_line' id='line_1_119' title="bbox 1994 5779 3379 5848; baseline 0.004 -18"><span class='ocrx_word' id='word_1_934' title='bbox 1994 5779 2038 5804; x_wconf 86' lang='lat'><strong>-&#39;</strong></span> <span class='ocrx_word' id='word_1_935' title='bbox 2086 5787 2107 5818; x_wconf 73' lang='grc'>⁸</span> <span class='ocrx_word' id='word_1_936' title='bbox 2130 5793 2232 5836; x_wconf 80' lang='lat' dir='ltr'><strong>Mss.</strong></span> <span class='ocrx_word' id='word_1_937' title='bbox 2252 5795 2347 5833; x_wconf 90' lang='lat' dir='ltr'><strong>non</strong></span> <span class='ocrx_word' id='word_1_938' title='bbox 2371 5782 2581 5846; x_wconf 84' lang='lat' dir='ltr'><strong>pejores,</strong></span> <span class='ocrx_word' id='word_1_939' title='bbox 2597 5779 2808 5847; x_wconf 82' lang='lat' dir='ltr'><strong>quadam</strong></span> <span class='ocrx_word' id='word_1_940' title='bbox 2820 5781 3048 5836; x_wconf 77' lang='lat' dir='ltr'><strong>suavitate</strong></span> <span class='ocrx_word' id='word_1_941' title='bbox 3072 5783 3379 5848; x_wconf 69' lang='lat' dir='ltr'><strong>cooptandus.</strong></span> 
     </span>
    </p>
   </div>
   <div class='ocr_carea' id='block_1_120' title="bbox 2086 5867 3003 5932">
    <p class='ocr_par' dir='ltr' id='par_1_120' title="bbox 2086 5867 3003 5932">
     <span class='ocr_line' id='line_1_120' title="bbox 2086 5867 3003 5932; baseline 0.002 -16"><span class='ocrx_word' id='word_1_942' title='bbox 2086 5869 2158 5931; x_wconf 54' lang='lat' dir='ltr'><strong>(at</strong></span> <span class='ocrx_word' id='word_1_943' title='bbox 2195 5868 2292 5919; x_wconf 67' lang='lat' dir='ltr'><strong>Vid.</strong></span> <span class='ocrx_word' id='word_1_944' title='bbox 2327 5867 2410 5918; x_wconf 90' lang='lat' dir='ltr'><strong>lib.</strong></span> <span class='ocrx_word' id='word_1_945' title='bbox 2432 5869 2458 5916; x_wconf 86' lang='lat'><strong>7</strong></span> <span class='ocrx_word' id='word_1_946' title='bbox 2481 5867 2542 5918; x_wconf 75' lang='lat' dir='ltr'><strong>dc.</strong></span> <span class='ocrx_word' id='word_1_947' title='bbox 2577 5869 2709 5919; x_wconf 80' lang='lat' dir='ltr'><strong>civit.</strong></span> <span class='ocrx_word' id='word_1_948' title='bbox 2729 5868 2832 5932; x_wconf 88' lang='lat' dir='ltr'><strong>Dei,</strong></span> <span class='ocrx_word' id='word_1_949' title='bbox 2863 5881 2906 5918; x_wconf 89' lang='lat' dir='ltr'><strong>c.</strong></span> <span class='ocrx_word' id='word_1_950' title='bbox 2928 5867 3003 5920; x_wconf 63' lang='lat'><strong>25.</strong></span> 
     </span>
    </p>
   </div>
  </div>
