4116 6366
515 506 700 558 tamen
742 504 932 555 contra
958 492 1093 555 duas
1130 497 1348 551 naturas
1374 488 1795 549 Manichatorum
1835 486 1969 542 liber
2011 477 2114 540 hic

585 685 643 742 8.
675 685 733 742 In
757 684 861 742 hoc
886 681 1022 740 libro
1045 679 1275 754 quodam
1304 678 1422 733 loco
1450 693 1463 730 :
1493 674 1594 740 Sit,
1623 674 1848 744 inquam,
1875 670 1962 725 tibi
1990 684 2099 723 ma-

515 780 752 852 nifestum
778 787 926 849 atque
954 784 1241 848 perceptum
1259 813 1273 839 ,
1304 771 1499 826 nullum
1536 783 1754 823 errorem
1778 767 1832 820 in
1860 763 2101 836 religione

517 868 880 941 essetpotuisse,
905 868 948 922 si
972 867 1141 920 anima
1168 881 1260 936 pro
1285 861 1394 917 Deo
1413 878 1503 917 suo
1526 876 1625 913 non
1655 857 1835 912 coleret
1854 855 2095 920 animam,

515 969 604 1016 aut
621 977 826 1032 corpus,
849 968 935 1014 aut
960 959 1310 1031 phantasmata
1335 972 1448 1010 sua.
1479 953 1576 1008 Hic
1602 952 1829 1006 animam
1862 963 1960 1019 pro
1981 946 2101 1002 uni-

517 1069 675 1112 versa
717 1062 959 1110 creatura
1008 1049 1327 1121 incorporati
1362 1048 1510 1119 posui
1547 1060 1652 1101 non
1686 1044 1912 1114 loquens
1951 1054 2100 1095 more
2157 1096 2161 1100 ,

518 1147 941 1219 Seripturarum,
989 1160 1108 1216 quia
1160 1143 1387 1198 animam
1436 1138 1647 1211 quando
1690 1151 1801 1191 non-
1846 1133 2100 1189 translato

519 1240 684 1297 verbo
710 1247 949 1306 utuntur,
979 1236 1157 1293 nescio
1184 1243 1359 1291 utrum
1395 1232 1561 1288 velint
1590 1228 1807 1298 intelligi
1850 1226 1948 1281 nisi
1979 1238 2098 1279 eam

518 1346 618 1403 qua
647 1331 828 1386 vivunt
857 1329 1101 1384 animalia
1130 1327 1368 1382 mortalia
1390 1367 1404 1390 ,
1453 1326 1503 1379 in
1543 1322 1735 1393 quibus
1765 1328 1818 1374 ct
1856 1318 2100 1372 homines

519 1432 664 1492 sunt,
696 1421 943 1494 quamdiu
971 1406 1224 1476 mortales
1251 1426 1394 1473 sunt.
1424 1416 1587 1471 Paulo
1609 1423 1729 1484 post
1749 1420 1923 1465 autem
1953 1424 2104 1465 cum-

519 1515 640 1573 dem
667 1529 879 1571 sensum
912 1514 1101 1569 melius
1138 1526 1257 1567 sum
1287 1510 1606 1579 breviusque
1636 1505 1944 1586 complexus
1964 1544 1978 1567 ,
2010 1501 2102 1556 ubi

516 1607 625 1665 dixi
657 1626 671 1662 :
705 1606 827 1661 Non
850 1622 966 1678 ergo
1005 1615 1248 1660 creatura:
1277 1603 1443 1674 potius
1473 1617 1624 1673 quant
1665 1596 1885 1653 Creatori
1911 1596 2101 1649 servia-

517 1718 651 1769 mus,
683 1717 775 1757 nec
804 1717 1157 1756 cvanescamus
1176 1699 1229 1753 in
1259 1695 1642 1767 cogitationibus
1667 1692 1870 1755 nostris,
1908 1699 1955 1744 et
1987 1706 2102 1761 per-

519 1798 651 1869 fecta
668 1794 844 1866 religio
866 1803 957 1848 est.
981 1792 1288 1847 Creaturam
1316 1792 1511 1861 quippe
1534 1802 1639 1840 uno
1660 1786 1876 1839 nomine
1907 1791 2103 1837 utram-

517 1902 660 1959 que,
711 1886 763 1941 id
810 1896 889 1941 cst
938 1884 1263 1955 Spiritualem
1309 1880 1747 1951 corporalcmque
1790 1874 2100 1947 signiﬁcavi.

520 1979 707 2036 Restat
756 1978 896 2049 quod
951 1978 1024 2033 ibi
1068 1976 1207 2041 dixi,
1250 1984 1337 2029 aut
1385 1975 1738 2046 phantasmata
1779 1986 1873 2025 sua
1916 1984 1935 2023 :
1977 1983 2102 2039 pro-

518 2080 639 2143 pter
669 2071 809 2142 quod
839 2071 924 2127 hic
961 2070 1105 2136 dixi,
1138 2086 1226 2125 nec
1260 2083 1610 2125 evaneseamus
1644 2068 1696 2121 in
1724 2060 2106 2136 cogitationibus

519 2166 726 2221 nostris.

590 2259 646 2314 ὅ.
676 2257 805 2313 item
845 2255 986 2328 quod
1029 2255 1172 2321 dixi,
1208 2255 1283 2309 Ea
1307 2264 1380 2309 est
1417 2253 1599 2308 nostris
1626 2250 1931 2322 temporibus
1972 2248 2107 2303 chri-

518 2351 683 2407 stiana
719 2350 917 2421 religio,
953 2366 1105 2419 quam
1131 2365 1427 2420 cognoscere
1462 2362 1521 2401 ac
1545 2348 1685 2417 sequi
1717 2344 2036 2400 securissima
2061 2351 2108 2396 et

518 2443 798 2499 certissima
823 2442 963 2497 salus
992 2451 1082 2508 est,
1114 2441 1406 2497 secundum
1433 2441 1532 2495 hoc
1554 2455 1746 2494 nomen
1777 2437 1976 2493 dictum
2003 2444 2104 2500 cst,

521 2550 628 2592 non
657 2535 946 2591 secundum
972 2535 1140 2605 ipsam
1168 2550 1302 2603 rem,
1334 2534 1482 2603 cujus
1509 2534 1609 2588 hoc
1630 2548 1821 2587 nomen
1848 2540 1945 2586 est.
1976 2529 2107 2584 Nam

520 2643 610 2685 res
630 2629 741 2699 ipsa
770 2644 889 2700 quae
917 2644 1060 2684 nunc
1084 2628 1370 2683 christiana
1393 2626 1579 2697 religio
1609 2632 1960 2693 nuncupatur,
1993 2630 2111 2678 erat

520 2719 663 2790 apud
688 2720 967 2791 antiquos,
999 2734 1097 2775 nec
1128 2718 1297 2774 deluit
1335 2718 1402 2773 ab
1430 2718 1579 2772 initio
1620 2718 1828 2787 generis
1872 2716 2107 2778 humani,

504 2826 797 2882 quousque
826 2811 938 2881 ipse
966 2810 1209 2866 Christus
1240 2811 1450 2865 veniret
1493 2809 1544 2863 in
1582 2824 1775 2873 carne,
1816 2807 1958 2863 unde
1984 2823 2110 2863 vera

520 2900 714 2971 religio
738 2916 855 2971 quae
880 2900 986 2971 jam
1017 2909 1150 2967 erat,
1177 2901 1339 2968 cmpit
1366 2899 1620 2970 appellari
1646 2898 1951 2954 christiana.
1975 2897 2110 2953 Cum

522 2993 667 3050 enim
710 3007 832 3050 eum
878 3002 999 3063 post
1047 2994 1492 3050 resurrectionem
1538 2992 2012 3063 ascensionemque
2058 2993 2111 3045 in

522 3086 721 3143 omium
749 3086 1033 3156 coepissent
1062 3085 1304 3156 Apostoli
1334 3084 1645 3154 prsedicare,
1671 3092 1727 3139 et
1755 3084 1970 3153 plurimi
1996 3098 2116 3139 cre-

522 3179 738 3245 derent,
766 3178 989 3248 primum
1012 3177 1151 3248 apud
1182 3176 1535 3240 Antiochiam,
1564 3176 1701 3230 sicut
1727 3176 1979 3245 scriptum
2010 3184 2111 3241 est,

527 3270 778 3343 appellati
809 3279 931 3324 sunt
957 3269 1200 3340 discipuli
1227 3268 1511 3324 Christiani
1539 3268 1671 3339 (Act.
1702 3283 1755 3321 xi
1777 3308 1790 3332 ,
1822 3266 1951 3337 26).
1986 3267 2118 3320 Prc-

524 3371 707 3434 pterea
736 3362 871 3421 dixi.
902 3360 1024 3417 Herc
1053 3371 1123 3416 est
1152 3361 1335 3416 nostris
1364 3361 1668 3431 temporibus
1694 3360 1971 3414 christiana
1999 3360 2118 3413 reli-

528 3453 649 3525 gio;
688 3468 800 3507 'non
841 3452 963 3523 quia
1009 3452 1273 3523 prioribus
1314 3452 1641 3521 temporibus
1682 3466 1787 3504 non
1836 3450 1967 3518 fuit,
2020 3450 2116 3505 scd

527 3545 650 3617 quia
678 3544 1063 3615 posterioribus
1093 3543 1192 3598 hoc
1220 3559 1412 3598 nomen
1441 3542 1666 3612 accepit.
1838 3608 1842 3612 Α

600 3642 654 3697 4.
696 3641 817 3696 Alio
856 3641 975 3697 loco
1006 3658 1018 3693 :
1051 3638 1268 3695 Intende
1293 3639 1468 3710 igitur,
1505 3639 1746 3708 inquam,
1794 3638 1846 3692 in
1873 3639 1980 3691 hare
2005 3653 2119 3705 qua:

527 3743 819 3805 sequuntur,
852 3733 1114 3805 diligenter
1142 3742 1187 3787 et
1218 3733 1327 3803 pie,
1358 3740 1601 3802 quantum
1616 3740 1760 3802 potes
1778 3750 1796 3797 ;
1837 3733 1961 3784 tales
1985 3732 2118 3784 enim

528 3826 738 3898 adjuvat
764 3824 901 3880 Deus
930 3823 1098 3897 (Cap.
1132 3824 1219 3891 l0,
1250 3841 1301 3877 η.
1336 3822 1561 3892 18-20).
1591 3824 1739 3890 Quod
1779 3832 1884 3877 no‘n
1922 3824 1993 3877 ita
2034 3822 2118 3876 in-

531 3920 874 3990 telligendum
918 3930 1036 3983 est,
1085 3919 1233 3989 quasi
1285 3916 1651 3972 tantummodo
1701 3917 1831 3972 tales
1874 3916 2116 3986 adjuvet,

532 4027 655 4069 cum
696 4013 909 4083 adjuvet
948 4014 1106 4067 etiam
1159 4026 1262 4067 non
1314 4012 1447 4067 tales
1496 4021 1552 4065 ut
1596 4011 1703 4065 sint
1746 4012 1903 4077 tales,
1939 4012 1988 4065 id
2016 4021 2116 4073 cst,

531 4114 591 4161 ut
642 4105 919 4175 diligenter
968 4114 1023 4160 et
1060 4107 1141 4174 pie
1192 4105 1638 4175 quaerantztalcs
1682 4113 1857 4160 autem
1910 4104 2123 4175 adjuvat

530 4205 590 4253 ut
635 4198 925 4253 inveniant.
964 4197 1197 4267 Itemque
1240 4192 1362 4250 alibi
1398 4214 1409 4249 :
1454 4195 1679 4261 Deinde,
1726 4198 1963 4267 inquam,
2008 4198 2123 4268 jam

532 4289 625 4343 erit
662 4304 964 4358 consequens
1007 4297 1061 4341 ut
1105 4297 1216 4353 post
1262 4297 1469 4342 mortem
1494 4288 1810 4358 corporalem
1848 4305 1998 4359 quam
2036 4288 2125 4343 de-

532 4379 703 4437 bemus
745 4382 908 4452 prime
959 4391 1191 4451 peccato,
1238 4390 1459 4451 tempore
1498 4394 1588 4436 suo
1632 4392 1780 4453 atque
1815 4383 1990 4437 ordine
2031 4396 2124 4437 suo

535 4473 631 4528 hoc
673 4460 854 4543 corpus
883 4475 1176 4529 restituatur
1201 4475 1427 4546 pristinae
1459 4474 1716 4529 stabilitati
1749 4475 1913 4547 (Cap.
1940 4475 2037 4543 12,
2068 4493 2121 4530 η.

536 4565 611 4622 25
631 4565 673 4636 ).
703 4566 852 4633 Quod
897 4567 975 4622 sic
1002 4567 1368 4636 accipiendum
1405 4577 1523 4635 est,
1554 4571 1674 4639 quia
1702 4567 1860 4623 etiam
1901 4568 2122 4637 pristina

538 4658 796 4713 stabilitas
822 4661 1060 4728 corporis
1084 4666 1241 4729 Quam
1269 4659 1539 4729 peccando
1563 4660 1861 4725 amisimus,
1900 4659 2127 4715 habebat

536 4758 737 4806 tantum
775 4749 1076 4806 felicitatem
1098 4791 1113 4816 ,
1145 4761 1202 4805 ut
1242 4751 1292 4804 in
1318 4750 1583 4805 delectum
1615 4766 1721 4805 non
1760 4760 2005 4821 vergeret
2042 4767 2127 4807 se-

532 4844 786 4900 nectutis.
817 4842 949 4899 Huic
974 4856 1101 4913 ergo
1129 4842 1364 4912 pristina:
1390 4842 1659 4897 stabilitati
1691 4843 2001 4909 restituetur
2026 4844 2127 4899 hoc

530 4950 732 5007 corpus
762 4936 815 4991 in
845 4936 1235 4992 resurrecttione
1263 4944 1615 4991 mortuorum.
1644 4936 1749 4992 Sed
1779 4936 1990 4993 habebit
2015 4950 2125 4991 am-

526 5028 676 5101 plius
695 5071 710 5096 ,
739 5035 799 5083 ut
825 5042 924 5083 nec
963 5028 1229 5084 alimentis
1255 5028 1620 5098 corporalibus
1647 5036 2002 5093 sustentetur;
2032 5030 2126 5084 sed

535 5118 607 5175 ad
645 5120 1017 5176 sufﬁcientiam
1056 5120 1353 5176 vivilicetur
1380 5124 1495 5177 solo
1525 5121 1749 5192 spiritu,
1788 5132 1909 5178 cum
1942 5132 2125 5178 resur-

541 5213 743 5268 rexerit
768 5214 821 5269 in
852 5215 1093 5283 spirituum
1123 5214 1497 5279 viviﬁcantem,
1529 5230 1630 5285 qua
1652 5230 1811 5271 causa
1838 5216 1995 5272 etiam
2022 5216 2130 5286 spi-

541 5302 732 5358 rituale
753 5305 873 5359 erit.
903 5303 1033 5358 Illud
1076 5314 1251 5361 autem
1292 5305 1430 5375 quod
1463 5307 1690 5375 primum
1729 5307 1858 5375 fuit,
1888 5309 2128 5379 quamvis

548 5406 658 5447 non
680 5394 1016 5461 moriturum,
1048 5396 1145 5449 nisi
1180 5395 1339 5450 homo
1370 5405 1661 5466 peccasset,
1695 5406 1870 5453 tamen
1900 5397 2130 5455 animale

541 5481 739 5538 factum
766 5494 848 5538 est
873 5485 923 5539 iu
954 5486 1185 5543 animam
1216 5487 1497 5544 viventem.

616 5595 670 5652 Β.
698 5595 767 5651 Et
794 5595 916 5652 alibi
948 5616 959 5652 :
996 5596 1163 5670 Usque
1182 5601 1330 5669 adeo,
1361 5602 1584 5673 inquam,
1615 5612 1874 5675 peccatum
1900 5604 2128 5659 volunta-

539 5690 674 5746 rium
697 5691 891 5745 malum
917 5700 1009 5759 est,
1034 5702 1088 5747 ut
1117 5695 1256 5749 nullo
1279 5696 1427 5749 modo
1454 5696 1517 5749 sit
1547 5708 1830 5765 peccatum,
1870 5698 1915 5752 si
1942 5715 2041 5751 non
2068 5700 2132 5754 sit

543 5781 882 5853 uoluntarium
907 5781 1072 5857 (Cap.
1106 5786 1188 5851 l4,
1218 5803 1269 5840 η.
1296 5786 1365 5840 27
1386 5788 1430 5858 ).
1456 5786 1637 5844 Potest
1662 5789 1828 5845 videri
1860 5789 1987 5845 falsa
2018 5790 2132 5847 lucc

546 5872 825 5946 deﬁnitio;
857 5875 952 5932 sed
978 5877 1021 5932 si
1049 5878 1331 5948 diligenter
1348 5878 1681 5951 discutiatur,
1702 5880 1999 5938 invenietur
2012 5898 2132 5944 esse

1620 361 2250 437 RETRACTATIONDM
2288 362 2345 415 s.
2388 361 2756 421 AUGUSTINI

2196 5968 2225 5977 σι.

3688 361 3796 425 6M

2206 480 2506 537 verissima.
2548 480 2830 537 Peccatum
2877 478 3073 552 quippe
3114 477 3246 535 illud
3287 477 3626 552 cogitandum
3674 489 3792 552 est,

2204 572 2344 644 quod
2374 566 2741 627 tantummodo
2771 579 3047 643 peccatum
3078 581 3190 638 est,
3224 586 3331 626 non
3359 570 3503 642 quod
3529 582 3611 628 est
3634 566 3797 631 etiam

2205 680 2363 737 paena
2405 664 2628 736 peccati,
2675 663 2812 719 sicut
2853 663 3096 734 superius
3140 664 3368 729 ostendi,
3403 679 3525 719 cum
3552 666 3798 737 quaedam

2204 773 2684 813 commemorarem
2726 773 2791 813 ex
2838 755 2974 813 libro
3020 757 3175 811 tertio
3220 754 3287 812 de
3335 754 3529 813 Libero
3578 760 3798 817 arbitrio

2210 848 2229 919 (
2253 847 2366 903 Lib.
2392 848 2412 903 l
2446 847 2691 914 Retract,
2721 865 2764 909 ε,
2789 847 2843 916 9,
2869 866 2921 903 η.
2945 846 3041 921 5).
3065 846 3316 915 Quamvis
3343 857 3397 904 et
3436 849 3522 904 illa
3545 867 3660 922 qua:
3691 870 3795 908 non

2206 940 2471 996 immerito
2499 956 2603 996 non
2635 940 2931 995 voluntaria
2964 949 3176 1011 peccata
3205 940 3473 1009 dicuntur,
3506 944 3630 1014 quia
3658 946 3737 998 vel
3766 963 3797 998 τι

2205 1034 2565 1090 nescientibus
2611 1033 2690 1088 vel
2736 1049 2766 1089 a
2811 1033 3011 1088 coactis
3052 1041 3444 1105 perpetrantur,
3480 1049 3588 1089 non
3622 1039 3798 1090 omni-

2206 1126 2366 1182 modo
2404 1135 2625 1197 possunt
2666 1126 2780 1181 sine
2819 1125 3088 1180 voluntate
3128 1124 3431 1180 committi:
3464 1126 3714 1196 quoniam
3745 1138 3800 1183 et

2206 1218 2295 1276 ille
2320 1220 2405 1292 qui
2428 1229 2613 1291 peccat
2634 1220 2904 1291 ignorans,
2924 1219 3198 1274 voluntate
3233 1218 3413 1290 utique
3446 1220 3568 1276 facit
3598 1222 3637 1288 ί,
3658 1223 3799 1292 quod

2206 1327 2325 1367 cum
2355 1310 2653 1367 faciendum
2682 1327 2785 1365 non
2814 1311 2909 1376 sit,
2940 1319 3087 1382 putat
3112 1326 3233 1366 esse
3262 1310 3581 1367 faciendum.
3610 1304 3680 1367 Et
3709 1314 3800 1370 ille

2206 1402 2297 1474 qui
2330 1403 2739 1473 concupiscente
2773 1401 3027 1458 adversus
3069 1402 3311 1473 spiritum
3351 1417 3544 1467 carne,
3590 1419 3693 1458 non
3733 1420 3800 1459 ea

2207 1511 2324 1565 quae
2354 1496 2466 1550 vult
2507 1494 2630 1549 facit
2657 1537 2669 1555 .
2701 1494 3028 1564 concupiscit
3059 1494 3273 1565 quidem
3301 1493 3494 1549 nolens
3514 1536 3527 1560 ,
3560 1504 3611 1551 et
3652 1496 3703 1550 in
3734 1511 3800 1552 co

2207 1600 2313 1642 non
2342 1585 2467 1641 facit
2503 1586 2643 1657 quod
2678 1586 2826 1640 vult:
2858 1585 2954 1640 sed
2992 1587 3036 1640 si
3068 1585 3326 1652 vincitur,
3354 1586 3801 1655 concupiscenti-.1:

2207 1678 2473 1733 consentit
2502 1677 2707 1743 volens,
2742 1687 2795 1731 ct
2824 1678 2874 1731 in
2898 1692 2962 1732 eo
2985 1688 3090 1731 non
3116 1675 3241 1732 facit
3270 1676 3372 1731 nisi
3398 1677 3540 1747 quod
3568 1679 3699 1745 vult,
3730 1679 3802 1733 lio

2207 1769 2305 1824 her
2332 1768 2532 1823 scilicet
2562 1768 2801 1839 justitizc,
2831 1783 3121 1840 servosque
3151 1769 3372 1839 peccati.
3406 1769 3474 1824 Et
3508 1770 3632 1825 illud
3657 1772 3802 1843 quod

2208 1860 2260 1916 in
2296 1862 2526 1931 parvulis
2572 1862 2765 1917 dicitur
2808 1862 3067 1933 originale
3112 1871 3421 1932 peccatum,
3454 1878 3573 1918 cum
3623 1864 3802 1923 adhuc

2210 1968 2315 2009 non
2345 1964 2557 2008 utantur
2585 1953 2801 2008 arbitrio
2833 1954 3139 2019 voluntatis,
3180 1968 3289 2008 non
3327 1953 3555 2010 absurde
3582 1964 3807 2011 vocatur

2210 2044 2753 2131 etiam‘voluntarium
2778 2087 2792 2113 ,
2824 2045 2944 2115 quia
2972 2060 3035 2100 ex
3071 2046 3235 2115 prima
3268 2044 3499 2100 hominis
3536 2047 3674 2102 mala
3704 2064 3805 2102 vo-

2212 2137 2414 2193 luntate
2442 2148 2791 2202 contractum,
2818 2139 3011 2192 factum
3045 2148 3127 2193 est
3148 2139 3541 2210 quodammodo
3570 2140 3804 2196 haeredi-

2213 2232 2427 2287 tarium.
2464 2231 2581 2287 Non
2612 2232 2789 2303 itaque
2817 2232 3007 2287 falsum
3034 2240 3116 2287 est
3146 2233 3287 2303 quod
3316 2232 3423 2287 dixi
3445 2276 3460 2301 ,
3488 2232 3653 2303 Usque
3675 2234 3804 2289 adeo

2213 2332 2471 2395 peccatum
2516 2324 2855 2379 voluntarium
2886 2325 3074 2377 malum
3113 2332 3221 2389 est,
3270 2332 3326 2377 ut
3372 2324 3513 2378 nullo
3549 2324 3698 2379 modo
3741 2325 3807 2379 sit

2214 2428 2501 2485 peccatum,
2535 2418 2579 2472 si
2606 2435 2705 2471 non
2734 2419 2799 2471 sit
2823 2418 3182 2471 voluntarium.
3217 2417 3341 2473 Ideo
3370 2418 3534 2489 gratia
3574 2418 3668 2472 Dei
3699 2434 3807 2474 non

2213 2514 2385 2567 Solum
2414 2522 2592 2568 reatus
2623 2512 2858 2566 omnium
2890 2512 3280 2582 prmteritorum
3312 2511 3536 2565 solvitur
3557 2511 3606 2566 in
3637 2512 3812 2567 omni-

2214 2605 2313 2661 bus
2342 2605 2433 2676 qui
2466 2605 2802 2676 baptizantur
2828 2606 2879 2660 in
2909 2605 3141 2672 Christo,
3169 2605 3311 2675 quod
3337 2605 3395 2660 lit
3423 2605 3620 2676 Spiritu
3653 2622 3809 2677 rege-

2216 2696 2546 2763 nerationis;
2580 2712 2762 2752 verum
2803 2696 2965 2751 etiam
2994 2696 3044 2750 in
3082 2695 3372 2766 grandibus
3412 2696 3656 2752 voluntas
3695 2698 3811 2768 ipsa

2217 2798 2453 2854 sanatur,
2478 2798 2531 2844 et
2552 2798 2880 2859 praeparatur
2906 2804 2935 2842 a
2960 2788 3205 2857 Domino,
3231 2788 3373 2860 quod
3395 2790 3452 2845 lit
3475 2791 3663 2861 spiritu
3688 2790 3812 2848 ﬁdei

2217 2890 2272 2938 et
2295 2880 2590 2938 charitatis.

2290 2975 2344 3031 6.
2370 2975 2483 3029 Alio
2504 2974 2622 3030 loco
2647 2973 2698 3028 in
2726 2989 2789 3029 eo
2810 2972 2949 3045 quod
2972 2972 3078 3028 dixi
3102 2972 3168 3028 de
3189 2968 3413 3029 Domino
3432 2971 3558 3030 Jcsu
3579 2974 3815 3043 Christo,

2222 3064 2371 3120 Nihil
2397 3065 2496 3137 egit
2521 3065 2588 3132 vi,
2608 3065 2696 3119 sed
2721 3066 2889 3118 omnia
2914 3063 3174 3119 suadendo
3194 3073 3241 3120 et
3266 3067 3510 3121 monendo
3537 3065 3687 3142 (Cap.
3709 3067 3799 3135 16,

2221 3175 2273 3212 η.
2309 3158 2398 3227 5i)
2422 3200 2436 3225 ,
2467 3172 2570 3211 non
2598 3156 2728 3210 mihi
2756 3165 3062 3211 occurrerat
3087 3156 3227 3227 quod
3251 3157 3534 3213 vendentes
3555 3166 3607 3213 ct
3633 3173 3823 3214 cmen-

2223 3258 2303 3305 tes
2341 3248 2655 3320 ﬂagellando
2685 3249 2838 3319 ejccit
2864 3248 2930 3303 de
2971 3249 3191 3320 templo.
3234 3249 3339 3306 Sed
3388 3250 3511 3321 quid
3556 3253 3698 3320 hoc,
3730 3262 3824 3309 aut

2228 3352 2483 3415 quantum
2512 3343 2630 3397 est?
2661 3342 2910 3411 Quamvis
2940 3352 2993 3397 ct
3018 3342 3288 3399 (lzcmoues
3304 3344 3546 3400 nolentes
3560 3344 3628 3399 ab
3650 3345 3824 3400 homi-

2231 3434 2388 3489 nibus
2412 3475 2425 3499 ,
2461 3449 2567 3488 non
2598 3448 2845 3488 sermone
2874 3433 3174 3500 suasionis,
3202 3433 3294 3489 sed
3324 3434 3372 3488 vi
3403 3436 3679 3504 potestatis
3706 3436 3819 3506 eje-

2224 3527 2375 3582 ccrit.
2400 3525 2529 3581 ltem
2554 3525 2656 3581 alio
2677 3526 2795 3581 loco
2826 3545 2838 3580 :
2870 3525 3288 3596 Prius,inquam,
3314 3528 3397 3581 isti
3412 3529 3649 3600 sequendi
3671 3538 3814 3595 sunt,

2227 3620 2312 3690 qui
2342 3636 2496 3672 unum
2524 3616 2689 3671 Deum
2716 3634 2985 3685 summum,
3015 3619 3177 3671 solum
3201 3635 3370 3672 verum
3397 3616 3559 3673 Deum
3586 3627 3631 3673 et
3656 3620 3826 3674 solum

2225 3711 2491 3765 colendum
2517 3726 2619 3764 esse
2646 3709 2818 3763 dicunt
2853 3724 2869 3762 :
2897 3709 2942 3763 si
2968 3707 3109 3779 apud
3131 3709 3220 3762 Iros
3242 3710 3425 3765 veritas
3454 3727 3553 3764 non
3580 3709 3822 3779 eluserit,

2227 3812 2331 3858 tum
2376 3803 2580 3856 demum
2628 3801 2949 3872 migrandum
2989 3811 3078 3857 est.
3122 3800 3273 3868 Quod
3321 3804 3391 3858 ita
3436 3811 3614 3874 potest
3652 3803 3826 3859 videri

2226 3897 2449 3963 dictum,
2478 3896 2625 3966 quasi
2643 3895 2709 3950 de
2728 3895 2882 3965 hujus
2898 3896 3171 3966 religionis
3198 3896 3419 3952 veritate
3441 3897 3816 3953 dubitaverim.

2228 3987 2345 4042 Dixi
2389 3995 2565 4042 autem
2597 3986 2734 4042 sicut
2762 3987 2809 4041 ci
2847 3987 3170 4057 congruebat
3197 3988 3263 4042 ad
3292 4004 3447 4059 quem
3490 3989 3829 4046 scribebam-

2228 4076 2317 4133 Sic
2345 4080 2486 4133 enim
2516 4077 2654 4141 dixi,
2688 4078 2731 4132 si
2758 4077 2894 4150 apud
2923 4077 3013 4132 Iros
3051 4080 3231 4133 veritas
3260 4096 3359 4133 non
3394 4080 3612 4135 eluxerit
3632 4123 3647 4148 ,
3681 4080 3817 4136 nihil

2228 4168 2479 4224 dubitans
2509 4166 2647 4238 quod
2681 4166 2819 4236 apud
2851 4183 2943 4223 eos
2973 4167 3334 4234 clucesceret;
3374 4170 3822 4240 quemadmodum

2229 4258 2304 4313 ait
2324 4258 2630 4327 Apostolus,
2661 4255 2720 4312 Si
2737 4256 2962 4311 Christus
2984 4272 3085 4311 non
3100 4259 3371 4312 resurrexit
3392 4256 3562 4333 (lCor.
3584 4276 3676 4327 xv,
3700 4259 3818 4333 14),

2230 4366 2339 4405 non
2368 4351 2549 4421 utique
2578 4348 2829 4405 dubitans
2849 4348 2988 4421 quod
3017 4352 3387 4407 resurrexerit.

2306 4443 2356 4496 7.
2392 4442 2519 4497 ltem
2551 4441 2691 4514 quod
2724 4442 2864 4510 dixi,
2897 4441 3007 4497 Nec
3032 4442 3281 4497 miracula
3308 4444 3398 4499 illa
3421 4445 3473 4499 in
3502 4455 3674 4500 nostra
3695 4455 3825 4501 tem-

2232 4551 2358 4608 pora
2399 4534 2582 4590 durare
2621 4536 2865 4607 permissa
2893 4545 3007 4590 sunt
3033 4579 3046 4603 ,
3080 4553 3142 4591 ne
3181 4539 3353 4591 anima
3381 4555 3574 4608 semper
3601 4534 3820 4595 visibilia

2231 4636 2473 4699 quaereret
2494 4668 2509 4692 ,
2548 4634 2594 4680 et
2630 4643 2805 4680 eorum
2844 4628 3201 4682 consuetudine
3237 4630 3520 4700 frigesceret
3552 4646 3707 4702 genus
3735 4631 3834 4685 Itu-

2232 4736 2457 4787 manum,
2489 4735 2700 4789 quorum
2726 4718 2942 4773 novitate
2966 4719 3197 4790 ﬂagravit
3219 4719 3367 4793 (Cap.
3391 4721 3482 4789 23,
3499 4723 3689 4790 ηη.46,
3712 4722 3832 4797 47),

2233 4826 2417 4866 verum
2446 4819 2528 4865 est
2556 4809 2766 4880 quidem
2801 4828 2814 4863 :
2848 4824 2952 4863 non
2981 4811 3121 4864 enim
3152 4826 3293 4867 nunc
3314 4828 3484 4883 usque
3501 4829 3621 4869 cum
3640 4829 3832 4871 manus

2235 4901 2525 4971 imponitur
2556 4900 2859 4970 baptizatis,
2893 4900 2970 4955 sic
2998 4901 3259 4972 accipiunt
3282 4902 3535 4973 Spiritum
3566 4915 3828 4974 sanctum,

2234 5003 2294 5048 ut
2345 4994 2625 5063 loquantur
2678 4992 2871 5062 linguis
2919 4991 3155 5047 omnium
3204 4995 3479 5064 gentium;
3535 5008 3626 5051 aut
3678 5012 3821 5053 nunc

2236 5101 2401 5156 usque
2430 5084 2496 5140 ad
2520 5083 2764 5139 umbram
2791 5085 3177 5139 transeuntium
3204 5085 3607 5156 prmdicatorum
3633 5087 3837 5144 Christi

2238 5186 2496 5231 sanantur
2527 5173 2755 5240 inﬁrmi;
2786 5184 2838 5228 et
2866 5174 2911 5229 si
2941 5190 3041 5244 qua
3073 5176 3191 5229 talia
3225 5184 3349 5231 tunc
3377 5176 3514 5233 facta
3543 5188 3683 5244 sunt,
3714 5194 3838 5250 quas

2239 5280 2423 5340 postea
2451 5284 2693 5324 cessasse
2713 5267 3049 5323 manifestum
3074 5280 3172 5324 cst.
3202 5269 3308 5325 Sed
3340 5286 3443 5326 non
3467 5272 3545 5327 sic
3573 5273 3839 5343 accipien-

2239 5359 2363 5415 dum
2396 5370 2479 5416 est
2507 5360 2649 5431 quod
2682 5359 2789 5415 dixi
2818 5400 2832 5426 ,
2880 5369 2931 5413 ut
2964 5376 3105 5416 nunc
3132 5361 3183 5415 in
3220 5360 3416 5417 Christi
3465 5363 3679 5419 nomine
3719 5362 3837 5420 ﬁeri

2240 5452 2495 5509 miracula
2515 5453 2653 5507 nulla
2684 5450 2988 5507 credantur.
3023 5450 3155 5511 Nam
3175 5469 3273 5523 ego
3304 5453 3417 5524 ipse
3442 5453 3653 5524 quando
3672 5454 3840 5511 istum

2238 5546 2411 5618 ipsum
2458 5547 2647 5601 librum
2694 5546 2920 5616 scripsi,
2973 5545 3036 5601 ad
3083 5546 3560 5603 Mcdiolanensium
3608 5564 3841 5619 corpora

2238 5649 2529 5711 martyrum
2565 5637 2637 5709 (ξι)
2673 5639 2724 5692 in
2749 5637 2933 5692 eadem
2975 5637 3188 5693 civitate
3232 5653 3433 5693 caecum
3479 5639 3840 5698 illuminatum

2304 5754 2319 5821 ξ
2346 5751 2480 5821 Apud
2503 5758 2602 5821 Am.
2624 5760 2675 5801 et
2695 5757 2791 5811 δικ,
2810 5749 3074 5803 voluntarie
3101 5750 3263 5815 utique
3294 5760 3478 5816 peccat.
3504 5760 3556 5804 tn
3576 5758 3684 5807 κει
3706 5765 3841 5821 sex,

2239 5813 2477 5865 volmrtate
2500 5819 2658 5877 llle
2681 5822 2864 5877 peccat.

2303 5896 2376 5959 (α)
2408 5897 2603 5948 Protas‘n
2622 5902 2677 5948 et
2693 5894 2905 5949 Gervasii
2926 5908 2939 5949 :
2962 5895 3045 5948 lib.
3080 5896 3112 5947 9
3140 5896 3291 5962 conti,
3318 5910 3363 5951 c.
3395 5894 3629 5966 7,_n.16.
