4116 6366
397 475 504 533 605

396 592 565 651 fuisse
609 593 718 664 jam
767 602 1016 646 noveram
1043 629 1057 652 ,
1103 593 1157 642 et
1183 585 1283 644 alia
1326 582 1616 650 nonnulla,
1666 583 1838 655 qualia
1879 590 1984 636 tam

398 689 568 746 multa
615 688 773 744 etiam
820 685 934 739 istis
980 681 1308 752 temporibus
1353 680 1514 744 ﬁunt,
1563 687 1620 734 ut
1664 693 1763 734 nec
1809 677 1985 732 omnia

399 796 764 853 cognoscere,
812 793 911 834 nec
952 793 1015 834 ea
1057 793 1175 847 qua:
1224 775 1630 845 cognoscimus,
1673 787 1985 829 enumerare

319 863 323 900 ί
395 876 686 948 possimus.

466 968 519 1025 8.
550 968 617 1022 Et
641 966 743 1020 alio
767 965 886 1020 loco
916 961 1043 1018 illud
1071 961 1210 1034 quod
1237 960 1384 1029 dixi,
1418 958 1564 1015 Sicut
1590 959 1660 1012 ait
1691 957 1979 1028 Apostolus,

398 1082 421 1116 ι
449 1061 628 1118 Omnis
657 1061 781 1114 ordo
803 1075 833 1112 a
855 1058 958 1112 Deo
989 1066 1080 1124 est,
1113 1075 1131 1109 ι
1165 1071 1270 1110 non
1300 1054 1498 1110 eisdem
1525 1052 1699 1108 verbis
1728 1051 1830 1105 hoc
1852 1051 1984 1106 dixit

394 1153 722 1226 Apostolus,
764 1149 1010 1222 quamvis
1041 1148 1227 1204 eadem
1256 1147 1496 1202 videatur
1537 1160 1654 1200 esse
1697 1144 1976 1199 sententia.

395 1249 488 1303 Ait
509 1247 702 1318 quippe
730 1243 819 1298 ille
841 1261 854 1298 :
878 1242 1005 1308 Qua:
1029 1251 1197 1295 autem
1213 1250 1347 1306 sunt,
1371 1256 1401 1292 a
1424 1238 1530 1292 Deo
1557 1237 1803 1291 ordinata:
1824 1245 1939 1289 sunt
1961 1236 1978 1266 ί

391 1345 572 1417 (Rom.
625 1356 754 1405 xm,
801 1337 881 1409 1).
927 1336 994 1391 Et
1017 1335 1140 1390 alibi
1172 1353 1185 1388 :
1219 1332 1457 1399 Prorsus,
1482 1334 1704 1404 inquam,
1725 1348 1867 1384 nemo
1893 1347 1980 1386 nos

383 1440 545 1510 fallat
575 1452 592 1492 :
621 1433 868 1508 quidqttid
908 1441 1038 1485 recte
1069 1431 1409 1499 vituperatur,
1450 1427 1501 1480 in
1527 1425 1746 1479 melioris
1775 1441 1979 1494 compa-

385 1533 585 1588 ratione
613 1528 867 1597 respuitur
895 1525 1045 1598 (Cap.
1069 1524 1129 1578 4-1
1158 1563 1171 1586 ,
1203 1540 1287 1575 nn.
1317 1521 1414 1585 77,
1449 1519 1561 1590 78).
1613 1519 1723 1574 Hoc
1749 1518 1812 1572 de
1851 1517 1975 1572 sub-

382 1624 598 1681 stantiis
624 1631 782 1692 atque
809 1618 1011 1674 naturis
1039 1616 1238 1671 dictum
1267 1625 1348 1668 est
1381 1632 1392 1666 :
1426 1612 1548 1667 inde
1569 1613 1713 1668 enim
1743 1611 1979 1680 disputa-

385 1718 565 1781 batur,
586 1730 690 1769 non
709 1711 774 1767 de
790 1711 945 1766 bonis
970 1707 1265 1764 actionibus
1289 1717 1446 1776 atque
1466 1705 1712 1775 peccatis.
1744 1704 1977 1774 Itemque

386 1810 512 1864 alibi
546 1827 558 1864 :
594 1798 699 1864 Sed
738 1821 827 1860 nec
853 1804 922 1860 sic
949 1803 1176 1874 quidem,
1215 1802 1420 1870 inquam
1442 1843 1454 1865 ,
1497 1801 1560 1854 ab
1594 1800 1794 1854 homine
1828 1801 1976 1855 homo

381 1901 672 1974 diligendus
709 1908 811 1966 est,
851 1905 905 1951 ut
943 1897 1222 1968 diliguntur
1251 1895 1478 1948 carnales
1508 1896 1718 1964 fratres,
1746 1893 1824 1950 vel
1855 1895 1972 1964 ﬁlii,

379 1999 460 2052 vel
481 1997 750 2066 conjuqes,
778 1991 854 2046 vel
880 1991 1062 2063 quique
1087 1991 1321 2061 cognati:
1351 1997 1438 2041 aut
1466 1990 1635 2059 afﬁnes
1657 2029 1671 2055 ,
1701 1999 1787 2043 aut
1813 1991 1970 2058 cives,

379 2107 504 2144 nam
530 2097 578 2143 et
602 2088 700 2142 ista
719 2084 919 2139 dilectio
950 2081 1238 2151 temporalis
1265 2087 1353 2135 est.
1387 2078 1508 2134 Non
1535 2081 1664 2134 enim
1691 2081 1821 2134 ullas
1850 2081 1975 2136 tales

378 2179 768 2236 necessitudines
809 2176 1105 2230 haberemus
1131 2215 1144 2238 ,
1189 2189 1303 2244 qua:
1342 2172 1592 2226 nascendo
1627 2182 1674 2228 et
1715 2175 1972 2229 moriendo

375 2273 693 2342 contingunt,
723 2269 768 2324 si
787 2277 972 2322 natura
993 2276 1163 2320 nostra
1190 2267 1241 2318 in
1268 2265 1528 2335 prleceptis
1545 2273 1590 2317 et
1621 2265 1846 2336 imagine
1878 2264 1971 2319 Dei

377 2378 610 2427 "rancus,
626 2362 681 2415 in
694 2361 843 2414 istam
867 2357 1239 2427 corruptionem
1254 2372 1352 2410 non
1377 2356 1682 2426 relegaretur
1713 2355 1859 2428 (Cap.
1878 2357 1966 2425 46,

376 2473 434 2509 n.
465 2454 580 2526 88).
615 2454 765 2508 Hunc
786 2466 1003 2507 sensum
1033 2463 1250 2520 prorsus
1285 2447 1528 2518 improbo
1557 2490 1568 2512 ,
1599 2465 1755 2519 quem
1781 2450 1889 2518 jam
1917 2458 1971 2504 et

372 2547 626 2616 superius
667 2543 964 2616 improbavi
1003 2541 1055 2596 in
1099 2542 1270 2611 primo
1300 2541 1433 2595 libro
1460 2540 1527 2597 de
1558 2541 1750 2598 Genesi
1782 2552 1968 2597 contra

373 2636 697 2692 Manichams
720 2635 857 2708 (Lib.
889 2636 911 2688 1
942 2635 1188 2700 Retract.,
1218 2650 1264 2686 c.
1292 2633 1358 2688 lO
1379 2675 1392 2700 ,
1423 2633 1569 2704 n.2).
1591 2634 1668 2688 Ad
1698 2635 1798 2689 hoc
1824 2636 1964 2691 enim

369 2727 558 2794 ducit,
587 2735 645 2782 ut
671 2726 956 2781 credantur
983 2725 1057 2779 illi
1079 2725 1332 2795 coniuges
1356 2726 1508 2794 primi
1538 2743 1642 2780 non
1663 2730 1966 2796 generaturi

369 2827 618 2889 posteros
647 2817 889 2872 homines
909 2856 924 2883 ,
951 2816 1052 2870 nisi
1082 2825 1425 2886 peccassent;
1469 2824 1718 2887 tanquam
1747 2834 1966 2874 necesse

371 2909 537 2966 fuerit
563 2917 622 2964 ut
645 2907 889 2964 morituri
927 2908 1290 2978 gignerentur,
1320 2908 1363 2960 si
1393 2907 1460 2961 dc
1488 2909 1773 2962 concubitu
1803 2911 1966 2965 maris

367 3012 426 3060 et
455 3002 671 3059 feminae
718 3001 1078 3072 gignerentur.
1135 2998 1378 3054 Nondum
1406 3001 1547 3054 enim
1583 3001 1815 3055 videram
1850 3001 1962 3056 ﬁeri

367 3095 610 3165 potuisse
629 3101 687 3148 ut
709 3107 810 3146 non
831 3091 1072 3145 morituri
1090 3089 1157 3145 de
1173 3107 1277 3145 non
1301 3091 1572 3145 morituris
1595 3101 1958 3157 nasci-rentur,

368 3185 419 3241 si
445 3193 666 3255 peccato
697 3182 791 3236 illo
817 3196 1011 3252 magno
1051 3197 1156 3236 non
1201 3189 1497 3257 mutaretur
1523 3181 1573 3235 in
1601 3181 1836 3236 deterius
1867 3183 1963 3238 hu-

365 3291 530 3333 mana
571 3282 762 3329 natura
794 3289 807 3328 ;
842 3288 904 3327 ac
949 3287 1043 3342 per
1082 3272 1203 3337 hoc,
1237 3271 1279 3325 si
1308 3281 1361 3326 et
1388 3271 1440 3326 in
1483 3273 1788 3342 parentibus
1823 3283 1877 3328 et
1907 3277 1958 3328 in
1998 3277 2005 3284 '

367 3368 500 3424 ﬁliis
528 3365 823 3423 fecunditas
852 3364 1178 3435 felicitasque
1204 3365 1508 3430 mansisset,
1555 3380 1720 3436 usque
1747 3367 1810 3419 ad
1839 3383 1959 3420 ecr-

366 3469 483 3516 tum
509 3468 811 3515 sanctorum
846 3473 1125 3512 numerum
1146 3497 1159 3522 ,
1192 3472 1348 3527 quem
1376 3457 1771 3527 praedestinavit
1799 3460 1955 3525 Dens,

365 3562 717 3610 nascerentur
746 3552 991 3608 homines
1021 3567 1127 3607 non
1162 3552 1472 3621 parentibus
1515 3554 1811 3610 successuri
1839 3569 1956 3609 mo-

364 3650 633 3708 rientibus
653 3693 668 3718 ,
697 3649 792 3706 sed
818 3664 939 3705 cum
968 3649 1270 3705 viventibus
1295 3649 1585 3718 regnaturi.
1617 3650 1807 3704 Essent
1831 3665 1959 3720 ergo

363 3745 530 3802 etiam
559 3743 675 3798 ista:
702 3743 1046 3813 cognationes
1071 3750 1229 3811 atque
1245 3739 1551 3807 afﬁnitates,
1582 3741 1627 3795 si
1658 3741 1831 3797 nullus
1860 3742 1957 3798 de-

360 3836 662 3907 linqueret,
692 3837 974 3906 nullusque
994 3845 1310 3890 moreretur.

437 3927 494 3985 9.
518 3927 647 3983 Item
672 3927 776 3982 alio
805 3927 922 3982 loco
947 3944 959 3980 :
988 3925 1068 3980 Ad
1083 3942 1240 3980 unum
1256 3925 1421 3980 Deum
1437 3926 1711 3992 tendentes,
1729 3928 1954 3996 inquam,

362 4028 416 4076 et
442 4020 489 4075 ei
516 4020 604 4074 uni
643 4019 914 4090 religantes
942 4019 1139 4073 animas
1166 4016 1363 4073 nostras
1381 4059 1396 4084 ,
1441 4018 1573 4072 unde
1606 4019 1781 4090 religio
1825 4022 1959 4076 dicta

355 4114 606 4180 creditur,
631 4113 766 4166 omni
789 4113 1141 4184 superstitione
1166 4127 1424 4165 careamus
1449 4111 1596 4184 (Cap.
1618 4113 1706 4179 55,
1728 4130 1782 4166 η.
1805 4116 1861 4169 Η
1881 4114 1953 4185 l).

359 4203 423 4260 In
473 4203 557 4259 his
602 4204 781 4259 verbis
827 4204 964 4258 meis
1011 4204 1145 4258 ratio
1184 4218 1302 4272 quae
1328 4202 1532 4258 reddita
1561 4213 1671 4268 est,
1723 4205 1860 4260 unde
1889 4207 1957 4260 sit

359 4295 507 4351 dicta
534 4297 759 4367 religio,
805 4297 922 4366 plus
949 4297 1079 4351 mihi
1118 4297 1331 4367 placuit.
1378 4295 1510 4351 Nam
1554 4311 1658 4352 non
1697 4314 1781 4353 me
1825 4298 1957 4368 fugit

361 4390 524 4445 aliam
553 4391 783 4444 nominis
811 4389 965 4460 huius
1009 4390 1267 4460 originem
1307 4390 1617 4458 exposuisse
1656 4391 1802 4445 latini
1833 4407 1953 4446 ser-

361 4482 541 4537 monis
569 4490 816 4537 auctores
835 4523 849 4549 ,
879 4482 1025 4552 quod
1052 4481 1174 4536 inde
1195 4481 1264 4536 sit
1289 4481 1547 4551 appellata
1575 4482 1780 4551 religio,
1811 4484 1954 4553 quod

359 4572 606 4643 religitur
637 4590 650 4626 :
681 4572 822 4642 quod
861 4574 1080 4628 verbum
1116 4574 1466 4642 compositum
1515 4583 1598 4628 est
1634 4589 1664 4628 a
1705 4575 1950 4645 legendo,

357 4663 416 4720 id
447 4674 537 4721 est
570 4663 814 4735 eligendo
834 4706 848 4731 ,
881 4672 939 4720 ut
959 4665 1049 4719 'ita
1091 4666 1312 4720 latinum
1350 4665 1594 4721 videatur
1619 4667 1782 4738 religo
1817 4669 1954 4724 sicut

354 4755 521 4827 eligo.
575 4756 672 4813 Hic
696 4755 833 4812 liber
870 4757 951 4813 sic
989 4757 1172 4828 incipit
1200 4776 1214 4812 :
1244 4757 1370 4812 Cum
1392 4761 1560 4813 omnis
1581 4760 1696 4814 vitm
1723 4762 1864 4816 bona:
1891 4779 1952 4816 ac

355 4848 518 4903 beatae
539 4848 640 4903 via.

987 4939 1214 4997 CAPUT
1252 4939 1392 4995 XIV.

446 5030 528 5086 De
556 5029 790 5087 Utilitate
815 5033 1082 5096 credendi,
1109 5033 1177 5087 ad
1208 5033 1528 5092 Honoratum
1555 5039 1680 5096 liber
1705 5059 1852 5099 unus.

443 5163 493 5217 1.
542 5163 658 5218 Jam
711 5180 840 5219 vero
895 5167 1032 5236 apud
1089 5166 1620 5245 Hipponem-regium
1672 5181 1949 5251 presbyter

343 5254 544 5325 'scripsi
565 5255 760 5310 librum
789 5257 856 5312 de
871 5256 1106 5314 Utilitate
1135 5261 1406 5328 credendi,
1431 5263 1498 5319 ad
1522 5267 1750 5324 amicum
1770 5288 1945 5330 meum

351 5361 516 5417 quem
559 5347 846 5418 deceptum
887 5364 917 5403 a
943 5350 1278 5419 Manichteis,
1326 5355 1500 5411 adhuc
1529 5374 1593 5413 eo
1633 5376 1816 5418 errore
1845 5383 1944 5422 no-

347 5451 534 5492 veram
557 5438 805 5507 detineri,
829 5450 881 5496 et
897 5442 1119 5499 irridere
1138 5444 1188 5498 in
1211 5446 1483 5504 catholicae
1500 5450 1618 5508 ﬁdei
1641 5454 1940 5527 disciplina,

349 5529 495 5600 quod
524 5530 840 5599 iuberentur
881 5532 1127 5591 homines
1167 5537 1386 5594 credere
1411 5581 1426 5606 ,
1471 5557 1576 5597 non
1607 5553 1783 5602 autem
1813 5550 1940 5620 quid

348 5627 499 5675 esset
537 5635 726 5676 verum
759 5623 1055 5681 certissima
1101 5628 1307 5684 ratione
1355 5631 1691 5691 docerentur.
1746 5638 1800 5694 ln
1840 5640 1942 5698 hoc

349 5712 490 5772 libro
515 5715 626 5771 dixi
655 5715 805 5789 (Cap.
840 5720 873 5774 5
891 5760 906 5785 ,
937 5737 991 5775 η.
1020 5720 1076 5792 9)
1115 5739 1127 5776 :
1161 5721 1229 5778 In
1254 5724 1430 5796 quibus
1466 5735 1632 5785 tamen
1661 5731 1786 5804 legis
1811 5751 1943 5805 pra:-

343 5868 760 5998 lu
772 5874 1136 5992 numquam:
1151 5883 1465 5946 Reposuimus
1477 5897 1541 5938 ex
1555 5891 1665 5940 uss.
1677 5887 1935 5962 ordinatae,

1775 461 1982 521 LIBER
2017 463 2280 524 PRIMUS.

2096 585 2250 652 ceptis
2279 596 2423 657 atque
2460 589 2711 647 mandatis
2733 634 2748 661 ,
2789 593 2967 665 quibus
3010 613 3141 652 nunc
3184 599 3455 655 christiano
3486 603 3556 656 uti
3592 608 3684 675 fas

2093 693 2191 729 non
2223 688 2329 743 est;
2367 683 2515 752 quale
2538 684 2614 738 vel
2640 685 2900 742 sabbatum
2942 699 3046 756 est,
3092 691 3168 746 vel
3209 694 3547 762 circumcisio,
3595 695 3676 752 vel

2089 771 2362 841 sacrificia,
2394 784 2441 828 et
2466 776 2508 828 si
2526 778 2648 846 quid
2676 779 2966 849 ltujusmodi
2983 767 3098 851 ~est;
3129 794 3268 838 tanta
3288 788 3525 858 mysteria
3553 804 3674 844 con-

2091 864 2325 934 tinentur,
2355 878 2406 920 ut
2425 871 2585 925 omnis
2616 873 2728 941 pius
2752 875 3018 947 intelligat,
3049 879 3175 934 nihil
3195 896 3298 935 esse
3325 883 3667 952 perniciosius,

2088 977 2238 1031 quam
2263 963 2504 1033 quidquid
2524 966 2589 1020 ibi
2610 977 2681 1022 est
2701 1009 2713 1032 ,
2747 971 2909 1041 accipi
2933 971 3001 1023 ad
3031 973 3268 1040 litteram,
3292 974 3345 1028 id
3367 985 3436 1030 est
3463 977 3530 1029 ad
3559 993 3670 1032 ver-

2088 1053 2202 1106 bum
2236 1055 2404 1110 :niltil
2425 1068 2589 1112 autem
2608 1061 2878 1130 salubrius,
2910 1080 3059 1133 quant
3080 1065 3260 1134 spiritu
3281 1067 3507 1120 revelari.
3539 1067 3670 1126 Inde

2089 1156 2159 1200 est
2179 1189 2191 1212 ,
2231 1166 2248 1198 ι
2273 1147 2464 1204 Littera
2492 1153 2670 1206 occidit
2693 1169 2711 1216 ;
2736 1155 2942 1224 spiritus
2967 1167 3131 1211 autem
3157 1159 3370 1229 viviﬁcat
3401 1179 3417 1211 ›
3451 1159 3516 1230 (ll
3548 1160 3665 1217 Cor.

2088 1255 2166 1306 Ill,
2198 1239 2273 1312 6).
2309 1242 2416 1298 Sed
2443 1245 2594 1299 aliter
2619 1248 2837 1318 exposui
2871 1250 3026 1304 verba
3057 1251 3153 1304 ista
3184 1252 3404 1320 apostoli
3429 1253 3595 1320 Pauli,
3616 1262 3672 1310 et

2085 1343 2338 1402 quantum
2369 1336 2496 1390 mihi
2523 1337 2750 1406 videtur,
2780 1323 2859 1394 vel
2889 1342 3062 1410 potius
3085 1344 3212 1414 ipsis
3240 1345 3395 1400 rebus
3422 1357 3667 1417 apparet,

2086 1425 2251 1478 multo
2295 1429 2698 1485 convenientius
2744 1433 2794 1485 in
2837 1447 2900 1486 eo
2949 1434 3085 1487 libro
3130 1435 3218 1505 qni
3267 1437 3564 1494 inscribitur
3603 1438 3671 1494 de

2084 1514 2278 1586 Spiritu
2325 1528 2379 1574 et
2423 1520 2619 1576 Littera
2656 1524 2940 1592 :quamvis
2983 1540 3086 1580 non
3132 1527 3201 1580 sit
3237 1537 3289 1582 ct
3335 1529 3432 1586 iste
3477 1544 3668 1588 sensus

2084 1613 2433 1682 respuendas.

2151 1706 2204 1760 2.
2246 1707 2372 1762 Item
2401 1708 2542 1776 dixi,
2578 1709 2706 1764 Duae
2744 1719 2859 1764 sunt
2895 1713 3023 1766 enim
3065 1729 3292 1784 personae
3334 1716 3386 1770 in
3426 1716 3669 1788 religione

2081 1799 2380 1855 laudabiles.
2424 1801 2538 1856 Una
2569 1819 2741 1856 eorum
2767 1804 2853 1874 qui
2875 1803 2987 1874 jam
3023 1805 3346 1870 invenerunt;
3367 1824 3488 1878 quos
3519 1809 3668 1863 etiam

2081 1892 2389 1948 beatissimos
2409 1896 2638 1966 judicari
2674 1914 2870 1952 necesse
2897 1907 2969 1952 est
3001 1915 3018 1951 :
3043 1900 3146 1952 alia
3172 1917 3340 1954 eorum
3367 1904 3452 1973 qui
3478 1903 3667 1957 studio-

2079 1985 2272 2039 sissime
2296 1996 2340 2040 et
2367 1988 2638 2041 rectissime
2672 1989 2945 2053 inquirunt.
2987 1988 3148 2042 Primi
3175 2007 3291 2061 ergo
3324 2001 3440 2045 sunt
3472 1995 3585 2064 jam
3613 1995 3666 2048 in

2078 2076 2188 2146 ipsa
2230 2079 2578 2148 possessione;
2621 2081 2765 2134 alteri
2804 2082 2857 2134 in
2901 2081 3015 2146 via,
3060 2098 3160 2152 qua
3208 2090 3370 2136 tamen
3398 2084 3668 2139 certissime

2079 2171 2380 2237 pervenitur.
2429 2171 2482 2225 In
2516 2171 2597 2225 his
2630 2173 2804 2226 verbis
2835 2173 2996 2234 meis,
3032 2175 3074 2226 si
3106 2174 3180 2228 illi
3207 2174 3292 2244 qui
3313 2174 3421 2243 jam
3451 2175 3668 2230 invene-

2076 2269 2229 2327 runt,
2262 2278 2394 2331 quos
2436 2263 2486 2316 in
2517 2264 2626 2332 ipsa
2658 2264 2993 2333 possessione
3017 2280 3135 2318 esse.
3155 2264 3262 2335 jam
3294 2265 3556 2332 diximus,
3590 2269 3667 2326 sic

2077 2354 2404 2422 accipiantur
2459 2356 2788 2423 beatissimi,
2827 2365 2885 2410 ut
2917 2372 3016 2409 non
3046 2358 3095 2410 in
3138 2358 3236 2410 hac
3259 2359 3382 2422 vita,
3409 2359 3499 2412 sed
3523 2360 3573 2413 in
3601 2376 3664 2416 ea

2077 2463 2230 2516 qvam
2262 2462 2540 2517 Speramus
2580 2456 2633 2502 et
2658 2447 2724 2502 ad
2751 2463 2907 2517 quam
2939 2465 3030 2518 per
3059 2448 3178 2502 ﬁdei
3210 2450 3345 2502 viam
3374 2451 3659 2520 tendimus,

2074 2539 2210 2603 sint;
2245 2554 2348 2593 non
2389 2539 2549 2594 habet
2574 2542 2671 2594 iste
2695 2556 2888 2594 sensus
2918 2557 3152 2596 errorem
3189 2561 3200 2596 :
3235 2543 3331 2614 ipsi
3363 2546 3500 2598 enim
3523 2546 3664 2615 judi-

2073 2633 2224 2686 candi
2271 2642 2393 2688 sunt
2425 2633 2563 2704 quod
2591 2635 2934 2704 qtnerentlum
2970 2642 3052 2688 est
3087 2635 3376 2702 invenisse,
3418 2637 3508 2706 qui
3551 2638 3660 2708 jam

2073 2722 2140 2776 ibi
2174 2732 2294 2778 sunt
2320 2739 2424 2794 quo
2462 2741 2560 2779 nos
2586 2725 2875 2795 quzercndo
2906 2734 2958 2781 et
2988 2727 3257 2782 credendo
3278 2771 3292 2795 ,
3336 2729 3384 2782 id
3415 2740 3494 2783 est
3523 2732 3661 2786 viam

2071 2816 2190 2872 ﬁdei
2223 2819 2467 2883 tenendo,
2492 2820 2734 2889 cupimus
2756 2821 3054 2890 pervenire.
3090 2808 3144 2875 Si
3169 2829 3347 2875 autem
3369 2822 3419 2875 in
3439 2821 3537 2876 hac
3554 2822 3661 2876 vita

2069 2919 2320 2979 putantur
2354 2911 2437 2964 isti
2469 2927 2588 2966 esse
2618 2912 2701 2966 vel
2729 2911 2889 2966 fuisse
2914 2953 2929 2979 ,
2961 2912 3010 2966 id
3043 2928 3225 2966 verum
3251 2928 3369 2967 CSse
3400 2930 3501 2967 non
3532 2913 3661 2970 mihi

2069 3002 2275 3055 videtur
2311 3021 2322 3056 :
2353 3019 2458 3056 non
2489 3004 2608 3073 quia
2637 3002 2688 3057 in
2732 3003 2830 3058 hac
2860 3004 2963 3057 vita
3012 3003 3143 3057 nihil
3173 3004 3280 3057 veri
3324 3004 3540 3058 omnino
3581 3005 3662 3058 in-

2068 3094 2232 3148 veniri
2267 3103 2435 3163 potest
2462 3095 2601 3164 quod
2625 3105 2804 3148 mente
2827 3104 3093 3159 cernatur,
3124 3109 3229 3149 non
3261 3095 3361 3149 ﬁdc
3379 3095 3655 3162 credatur;

2068 3185 2158 3239 sed
2188 3185 2305 3254 quia
2336 3194 2536 3238 tatunm
2559 3194 2637 3238 est
2664 3185 2918 3256 quidquid
2943 3193 3043 3249 est,
3078 3197 3131 3239 ut
3157 3201 3263 3240 non
3291 3185 3446 3240 faciat
3468 3187 3660 3241 beatis-

2067 3275 2231 3330 simus
2279 3277 2316 3330 ¹.
2353 3276 2534 3345 Neque
2582 3277 2721 3330 enim
2759 3277 2897 3345 tptod
2944 3278 3016 3329 ait
3051 3278 3365 3345 Apostolus,
3422 3277 3659 3334 Videmus

2066 3382 2198 3418 nunc
2220 3382 2305 3436 per
2323 3366 2576 3435 speculum
2591 3368 2639 3418 in
2658 3369 2940 3436 (enigmata,
2970 3376 3042 3432 et,
3063 3367 3213 3421 Nunc
3229 3371 3330 3422 scio
3361 3387 3420 3424 ex
3435 3379 3577 3438 parte
3604 3372 3657 3437 ';

2065 3473 2166 3510 non
2198 3458 2432 3510 cernitur
2463 3466 2636 3510 mente
2672 3475 2682 3510 :
2713 3459 2946 3511 cernitur
2977 3459 3132 3527 plane
3153 3501 3164 3522 ,
3197 3460 3290 3513 sed
3324 3459 3658 3518 beatissimos

2066 3549 2298 3603 nondum
2328 3549 2469 3602 facit.
2521 3548 2652 3602 lllud
2690 3549 2832 3602 enim
2863 3549 3199 3604 beatissimos
3227 3552 3348 3604 facit
3383 3551 3520 3621 quod
3547 3553 3651 3606 ait:

2068 3638 2208 3692 Tunc
2237 3649 2406 3694 autem
2431 3640 2559 3708 facie
2591 3639 2658 3691 ad
2687 3639 2901 3707 facient;
2931 3651 3002 3706 et,
3041 3638 3184 3694 Tunc
3215 3658 3509 3712 cognoscam
3529 3643 3656 3696 sicut

2063 3743 2108 3785 et
2136 3732 2366 3802 cognitus
2389 3748 2498 3784 sum
2541 3730 2580 3802 (l
2608 3728 2723 3785 Cor.
2757 3748 2846 3786 xui
2872 3774 2885 3796 ,
2918 3732 3025 3803 12).
3048 3734 3146 3798 Qui
3178 3733 3278 3789 hoc
3317 3735 3651 3801 invenerunt,

2065 3823 2165 3892 ipsi
2186 3822 2393 3877 dicendi
2411 3832 2533 3876 sunt
2554 3824 2604 3876 in
2624 3823 2964 3878 beatitudinis
2983 3826 3318 3894 possessione
3339 3827 3652 3894 consistere,

2064 3916 2130 3970 ad
2160 3931 2319 3986 quam
2347 3915 2492 3970 ducit
2527 3916 2609 3968 via
2652 3915 2772 3970 ﬁdei
2801 3932 2959 3985 quam
2993 3927 3234 3972 tenemus
3259 3959 3272 3983 ,
3316 3928 3369 3973 et
3400 3935 3505 3989 quo
3533 3936 3655 3975 cre-

2064 4006 2239 4061 dendo
2264 4008 2508 4076 cupimus
2536 4009 2833 4077 pervenire.
2867 4008 2970 4063 Sed
2999 4010 3211 4078 quinam
3235 4010 3341 4064 sint
3368 4011 3440 4064 illi
3464 4011 3661 4068 beatis-

2065 4098 2212 4166 simi,
2251 4101 2340 4168 qui
2377 4099 2486 4168 jam
2529 4110 2656 4153 sunt
2682 4101 2734 4153 in
2762 4116 2822 4154 ea
2854 4101 3187 4168 possessione
3217 4118 3320 4171 quo
3361 4102 3504 4158 ducit
3544 4104 3656 4160 haec

2065 4192 2169 4259 via,
2195 4207 2380 4261 magna
2404 4194 2625 4262 quaestio
2647 4200 2744 4246 est.
2777 4192 2845 4246 Et
2871 4193 3057 4262 Angeli
3085 4193 3298 4262 quidem
3322 4197 3487 4249 sancti
3511 4196 3652 4266 quod

2064 4283 2136 4338 ibi
2169 4287 2296 4347 sint,
2335 4284 2481 4336 nulla
2508 4285 2732 4353 quaestio
2763 4292 2863 4338 est.
2905 4284 3011 4338 Sed
3037 4284 3102 4339 de
3130 4287 3326 4340 sanctis
3354 4286 3654 4343 hominibus

2058 4373 2168 4444 jam
2197 4374 2461 4428 defunctis
2485 4413 2500 4440 ,
2545 4382 2720 4428 utrum
2755 4375 2853 4444 ipsi
2883 4376 3069 4430 saltem
3096 4377 3303 4431 dicendi
3335 4379 3439 4432 sint
3463 4378 3570 4448 jam
3601 4380 3653 4433 in

2065 4467 2148 4520 illa
2173 4467 2508 4535 possessione
2529 4467 2824 4521 consistere
2849 4468 3041 4521 merito
3063 4471 3339 4538 qureritur.
3373 4470 3490 4525 Jam
3509 4472 3654 4526 enim

2062 4575 2286 4629 corpore
2314 4559 2531 4629 quidem
2558 4560 2925 4630 corruptibili,
2969 4577 3074 4631 quo
3115 4564 3287 4618 anima
3320 4575 3652 4635 aggravatur,

2061 4650 2202 4704 exuti
2240 4658 2398 4713 sunt;
2449 4650 2541 4704 sed
2570 4650 2743 4705 adhuc
2770 4660 3083 4720 exspectant
3128 4655 3287 4708 etiam
3317 4656 3414 4727 ipsi
3442 4660 3652 4712 redem-

2059 4741 2295 4813 ptionem
2321 4742 2560 4811 corporis
2591 4743 2694 4808 sui,
2726 4753 2780 4799 et
2809 4760 2932 4800 caro
2949 4761 3130 4801 eorum
3151 4750 3433 4818 requiescit
3461 4751 3512 4803 in
3533 4765 3648 4819 spe,

2058 4832 2293 4887 nondum
2326 4832 2376 4886 in
2409 4831 2579 4888 futura
2609 4834 3009 4905 incorruptione
3038 4839 3300 4894 clarescit.
3343 4840 3446 4895 Sed
3476 4850 3649 4898 utrum

2057 4924 2126 4980 ad
2184 4927 2651 4996 contemplandam
2705 4929 2883 4984 cordis
2935 4932 3101 4986 oculis
3150 4934 3458 5000 veritatem,
3514 4936 3650 4992 sicut

2057 5016 2255 5073 dictum
2273 5027 2370 5083 est,
2399 5021 2526 5090 facie
2541 5021 2608 5074 ad
2627 5022 2828 5092 faciem,
2853 5022 3060 5077 nihilex
3084 5023 3184 5078 hoc
3202 5025 3374 5080 minus
3398 5027 3647 5097 habeant,

2055 5125 2165 5165 non
2208 5111 2296 5166 hic
2331 5111 2478 5167 locus
2512 5123 2595 5169 est
2641 5114 2960 5184 disputando
3007 5117 3289 5185 inquirere.
3341 5117 3466 5173 [tem
3507 5122 3651 5190 quod

2053 5200 2184 5268 dixi,
2217 5201 2355 5255 Nam
2382 5204 2508 5258 scire
2533 5221 2718 5274 magna
2742 5217 2788 5258 et
2809 5205 3014 5260 honesta
3045 5205 3122 5259 vel
3143 5209 3292 5261 etiam
3316 5209 3508 5279 divina,
3536 5214 3653 5269 bene

2054 5293 2298 5347 tissimum
2344 5302 2444 5361 est,
2476 5294 2542 5349 ad
2593 5295 2837 5351 eamdem
2860 5297 3234 5353 beatitudinem
3264 5292 3465 5357 referre
3491 5304 3652 5362 debe-

2053 5401 2193 5440 mus.
2246 5387 2301 5439 ln
2337 5386 2434 5442 hac
2471 5387 2614 5442 enim
2661 5389 2766 5442 vita
2810 5397 3296 5460 quantumcumque
3338 5395 3388 5448 id
3428 5397 3644 5467 sciatur,

2053 5477 2288 5531 nondum
2317 5487 2398 5532 est
2424 5478 2826 5545 beatissimum;
2877 5482 3126 5550 quoniam
3167 5483 3650 5558 incomparabiliter

2043 5569 2207 5640 longe
2232 5578 2314 5623 cst
2338 5571 2567 5640 amplius
2594 5572 2736 5642 quod
2767 5573 2888 5628 inde
2919 5577 3171 5630 nescitur.

2123 5662 2174 5715 5.
2210 5661 2277 5715 Et
2312 5661 2453 5731 quod
2495 5663 2641 5729 dixi,
2695 5664 2917 5720 Multum
2958 5668 3196 5725 interesse
3237 5682 3414 5730 utrum
3451 5681 3649 5753 aliquid

2049 5770 2132 5854 in:
2156 5770 2406 5854 mitiga;
2412 5779 2588 5854 leg:
2587 5772 2816 5854 sed-quia
2837 5779 3021 5828 tantum
3033 5790 3127 5829 non
3150 5787 3220 5832 est
3237 5784 3475 5854 quidquid
3492 5795 3576 5854 est,
3591 5786 3648 5843 ul

2045 5837 2132 5898 nos
2155 5832 2301 5898 faciat
2321 5832 2629 5898 beatissimos.
2658 5832 2724 5886 ΜΣ
3250 5832 3266 5854 "'

2111 5895 2350 5977 ἶ.
2369 5895 2474 5977 sgio
2483 5909 2546 5977 ea:
2566 5903 2720 5977 parte,
2739 5903 3048 5977 reposuimus
3063 5919 3134 5967 ex
3149 5913 3276 5972 1135.;
3301 5922 3422 5962 nam
3434 5912 3485 5964 in
3499 5914 3644 5977 prius

2050 5959 2248 6012 excusis
2274 5959 2527 6021 mendose,
2544 5959 2592 6013 et
2609 5959 2734 6013 nunc
2759 5959 2986 6016 cernitur.
3167 5967 3170 5970 ί
3261 5959 3274 5972 ’
3356 5959 3360 5960 ⁷
3398 5959 3650 5995 ‘w’v'm‘
