4116 6366
525 401 631 462 607

527 517 864 580 mentiscerta
891 515 1084 569 ratione
1105 519 1362 577 teneatur,
1399 507 1534 580 quod
1566 507 1692 561 scire
1743 503 1998 568 dicimus;
2036 517 2104 554 an

527 617 682 686 [amre
701 609 778 664 uel
805 609 982 662 litteris
1012 605 1313 660 credendum
1339 601 1548 672 posteris
1577 597 1764 652 utiliter
1792 595 2106 650 commende—

527 715 648 770 tur;
671 713 723 760 et
746 702 901 772 paulo
923 709 1061 772 post,
1084 698 1230 766 Quod
1249 697 1432 752 scimus
1452 694 1618 764 igitur,
1636 689 1868 744 debemus
1888 687 2106 742 rationi:

527 797 661 870 quod
701 795 948 850 credimus
969 833 983 859 ,
1026 789 1308 845 auctoritati
1335 787 1484 858 (Cap.
1513 787 1599 850 11,
1632 801 1684 838 n.
1725 783 1816 852 25)
1845 825 1858 851 ,
1895 797 1998 836 non
2029 781 2108 838 sic

527 889 892 960 accipiendum
919 895 1003 941 est
1023 925 1036 950 ,
1069 893 1125 938 ut
1164 883 1213 938 in
1245 895 1490 936 sermone
1529 877 1800 934 usitatiore
1827 891 2108 931 vereamur

527 997 625 1036 nos
647 981 822 1034 dicere
850 977 986 1032 scire
1010 975 1150 1046 quod
1179 973 1382 1028 idoneis
1403 970 1626 1026 testibus
1653 969 1938 1024 credimus.
1971 968 2105 1023 Pro-

525 1074 641 1144 prie
669 1073 861 1142 quippe
900 1083 1018 1122 cum
1051 1066 1313 1136 loquimur
1335 1105 1349 1131 ,
1401 1061 1452 1117 id
1492 1062 1662 1116 solum
1689 1061 1824 1115 scire
1858 1060 2103 1127 dicimus,

527 1163 668 1233 quod
719 1162 910 1216 mentis
953 1159 1100 1214 ﬁrma
1151 1157 1356 1213 ratione
1402 1153 1919 1226 comprehendimus.
1973 1151 2105 1208 Cum

527 1269 654 1308 vero
698 1254 962 1323 loquimur
987 1250 1164 1304 verbis
1208 1247 1576 1303 consuetudini
1616 1245 1927 1316 aptioribus,
1971 1245 2109 1298 sicut

527 1345 761 1416 loquitur
803 1345 959 1398 etiam
997 1342 1171 1396 divina
1201 1340 1503 1410 Scriptura,
1547 1353 1651 1394 non
1691 1337 1993 1393 dubitemus
2020 1335 2105 1390 di-

531 1449 654 1491 cere
681 1433 817 1488 scire
844 1447 978 1500 nos,
1029 1441 1083 1487 et
1124 1431 1265 1502 quod
1306 1431 1622 1500 percipimus
1661 1427 1828 1484 nostri
1869 1427 2108 1498 corporis

533 1527 796 1592 sensibus,
827 1535 874 1579 et
903 1525 1044 1596 quod
1075 1523 1176 1578 lide
1201 1523 1374 1593 dignis
1401 1522 1668 1577 credimus
1696 1521 1950 1585 testibus;
1981 1519 2108 1576 dum

525 1625 705 1672 tamen
739 1617 878 1671 inter
905 1615 1020 1671 Iure
1044 1625 1098 1670 et
1127 1615 1254 1670 illud
1285 1614 1410 1684 quid
1440 1614 1596 1668 distet
1619 1611 1994 1683 intelligamus.

521 1713 542 1776 ι
593 1712 646 1764 4.
687 1709 815 1765 Item
842 1709 982 1780 quod
1022 1709 1157 1776 dixi,
1188 1707 1394 1762 Nemini
1434 1709 1638 1760 dubium
1675 1715 1779 1772 est,
1813 1723 1985 1760 omnes
2013 1707 2109 1761 ho-

521 1805 681 1858 mines
710 1815 796 1857 aut
825 1803 1004 1856 stultos
1035 1819 1142 1856 esse
1168 1811 1252 1855 aut
1277 1801 1526 1872 sapientes
1559 1799 1708 1870 (Cap.
1757 1799 1850 1864 12,
1893 1817 1946 1853 n.
1989 1799 2105 1870 27),

525 1905 702 1968 potest
728 1896 892 1950 videri
916 1911 1034 1951 esse
1063 1895 1384 1950 contrarium
1409 1895 1480 1948 illi
1507 1893 1644 1964 quod
1677 1893 1866 1964 legitur
1895 1893 1949 1948 in
1973 1893 2109 1948 libro

523 1992 680 2048 tertio
705 1991 771 2045 de
809 1991 1000 2046 Libero
1043 1990 1301 2054 Arbitrio,
1333 1989 1492 2054 Quasi
1531 2003 1644 2042 vero
1671 1995 1854 2040 natura
1888 1987 2108 2041 humana

525 2093 710 2154 prceter
734 2083 998 2138 stultitiam
1026 2093 1070 2134 et
1101 2081 1400 2150 sapientiam
1431 2079 1624 2133 nullam
1649 2079 1866 2132 mediam
1901 2079 2110 2148 recipiat

525 2177 836 2244 affectionem
868 2173 1014 2247 (Cap.
1040 2174 1138 2240 24,
1173 2191 1225 2226 n.
1247 2173 1361 2242 71).
1385 2171 1489 2228 Sed
1523 2171 1648 2226 illud
1673 2171 1740 2226 ibi
1767 2171 1966 2226 dictum
1994 2181 2105 2240 est,

522 2269 616 2325 ubi
641 2269 708 2324 de
735 2269 904 2337 primo
933 2267 1146 2321 homine
1175 2265 1510 2336 qurcrcbalur
1547 2274 1724 2320 utrum
1754 2265 1967 2335 sapiens
1997 2263 2109 2320 l‘ue-

521 2362 592 2417 rit
633 2361 834 2427 factus,
878 2376 942 2414 an
987 2359 1206 2424 stultus,
1239 2375 1304 2413 an
1351 2367 1636 2414 neutrum:
1669 2359 1914 2429 quoniam
1961 2359 2109 2413 nullo

521 2453 682 2511 modo
711 2453 926 2508 stultum
971 2451 1150 2506 dicere
1191 2461 1492 2522 poteramus
1521 2451 1610 2520 qui
1641 2449 1756 2504 sine
1785 2449 1914 2504 vitio
1943 2449 2110 2504 lactus

521 2554 636 2614 est,
669 2561 786 2600 cum
835 2543 902 2598 sit
947 2543 1168 2598 stultitia
1201 2557 1446 2612 magnum
1477 2541 1688 2603 vitium;
1731 2551 1784 2596 et
1815 2541 2108 2611 sapientem

522 2636 788 2708 quomodo
811 2635 1104 2690 diceremus
1137 2633 1226 2702 qui
1259 2632 1427 2702 potuit
1455 2631 1666 2698 seduci,
1695 2647 1800 2686 non
1845 2631 1973 2686 satis
2013 2648 2110 2702 ap—

523 2729 761 2802 parebat.
791 2727 1019 2796 Ideoque
1044 2725 1110 2779 ad
1133 2724 1504 2794 compendium
1543 2723 1720 2778 dicere
1757 2723 1932 2790 Volui,
1961 2724 2108 2794 quasi

523 2835 652 2876 vero
677 2829 866 2874 natura
919 2819 1146 2873 humana
1201 2827 1393 2887 praeter
1418 2817 1690 2870 stultitiam
1717 2825 1768 2871 et
1797 2817 2110 2886 sapientiam

525 2911 725 2968 nullam
755 2910 980 2963 mediam
1009 2907 1228 2978 recipiat
1257 2907 1607 2961 aﬂ'cCtioncm.
1643 2906 1889 2962 Intuebor
1917 2907 2112 2977 quippe

529 3002 688 3058 etiam
715 3001 961 3070 parvulos
983 2999 1022 3062 ί,
1051 3013 1184 3068 quos
1212 2997 1332 3051 licet
1353 2997 1702 3051 confiteantur
1741 2997 1950 3052 trahere
1999 2997 2109 3052 ori-

525 3092 702 3164 ginale
725 3101 1016 3161 peceatum,
1045 3098 1217 3144 tamen
1245 3103 1342 3143 nec
1365 3089 1632 3158 sapientes
1653 3104 1748 3142 nec
1775 3089 1962 3144 stultos
1985 3103 2110 3159 pos-

526 3201 710 3242 sumus
736 3185 947 3255 preprie
964 3183 1163 3246 dicere,
1189 3181 1420 3236 nondum
1446 3190 1653 3236 utentes
1679 3181 1846 3236 libero
1872 3183 2106 3249 arbitrio,

525 3293 620 3334 seu
666 3275 800 3330 bene
833 3291 925 3328 seu
966 3273 1124 3327 male.
1163 3271 1312 3326 Nunc
1350 3282 1524 3327 autem
1567 3282 1662 3327 aut
1712 3273 1979 3342 sapientes
2021 3283 2112 3328 aut

499 3361 718 3422 'stultos
747 3379 865 3419 esse
895 3379 1080 3418 omnes
1109 3363 1351 3418 homines
1384 3363 1529 3430 dixi,
1555 3378 1646 3418 eos
1673 3363 1858 3418 volens
1889 3365 2110 3436 intelligi

527 3463 616 3530 qui
637 3459 746 3527 jam
777 3459 984 3512 ratione
1017 3465 1252 3524 utuntur,
1285 3472 1387 3526 qua
1427 3456 1801 3510 discernuntur
1830 3472 1857 3509 a
1907 3458 2113 3525 pecori-

507 3550 662 3618 .bus,
705 3557 763 3604 ut
807 3549 1048 3604 homines
1109 3549 1247 3614 sint,
1300 3548 1436 3602 sicut
1486 3545 1709 3601 dicimus
1757 3546 1942 3601 beatos
1989 3563 2110 3601 esse

527 3655 715 3697 omnes
737 3641 978 3696 homines
1003 3641 1155 3694 velle.
1187 3638 1448 3708 Numquid
1479 3639 1618 3692 enim
1643 3639 1694 3692 in
1725 3637 1824 3691 hac
1845 3639 2110 3692 sententia

529 3741 640 3789 tam
669 3749 792 3787 vera
819 3743 976 3802 atque
1003 3729 1282 3785 manifesta
1309 3729 1592 3782 metuimus
1641 3743 1706 3782 ne
1753 3728 2114 3798 intelligantur

527 3835 586 3884 et
623 3825 856 3896 parvuli,
887 3823 976 3894 qui
1011 3823 1108 3876 hoc
1135 3822 1308 3876 adhuc
1329 3821 1462 3875 velle
1491 3835 1596 3874 non
1627 3821 1883 3890 possunt?

511 3929 514 3934 '
601 3920 655 3974 5.
686 3918 805 3972 Alio
837 3918 952 3971 loco
983 3931 1104 3970 cum
1143 3927 1643 3969 commemorassent
1663 3953 1678 3980 ,
1711 3928 1828 3982 qua:
1859 3911 2114 3967 Dominus

531 4009 688 4066 Jesus
715 4008 838 4062 fecit
863 4023 984 4062 cum
1011 4007 1096 4060 hic
1121 4013 1262 4060 esset
1305 4005 1357 4058 in
1390 4019 1548 4058 carne
1567 4044 1582 4070 ,
1609 4003 1822 4072 adjunxi
1844 4045 1858 4070 ,
1887 4001 2067 4057 dicens
2095 4021 2110 4056 :

531 4101 656 4168 Cur,
697 4099 894 4170 inquis,
935 4099 1030 4151 ista
1069 4097 1216 4151 modo
1263 4113 1360 4149 non
1397 4095 1564 4164 ﬁunt?
1601 4094 1774 4164 Atque
1815 4095 2062 4163 respondi
2097 4113 2111 4150 :

537 4196 670 4261 Quia
697 4210 796 4247 non
831 4201 1078 4246 moverent
1105 4191 1202 4244 nisi
1228 4189 1356 4243 mira
1388 4197 1582 4252 essent;
1610 4188 1652 4242 si
1678 4197 1844 4241 autem
1863 4187 2012 4241 solita
2037 4204 2116 4242 es-

534 4297 672 4350 sent,
703 4285 832 4338 mira
861 4301 958 4338 non
987 4293 1144 4338 essent
1187 4281 1335 4352 (Cap.
1377 4281 1472 4347 16,
1517 4299 1570 4334 n.
1615 4279 1728 4352 54).
1779 4281 1890 4336 Hoc
1935 4293 2114 4336 autem

535 4377 670 4444 dixi,
702 4377 822 4446 quia
847 4392 950 4430 non
972 4383 1118 4430 tanta
1146 4389 1242 4430 nec
1267 4373 1446 4428 omnia
1468 4373 1626 4429 modo
1650 4415 1664 4440 ,
1687 4389 1794 4429 non
1824 4373 1944 4444 quia
1975 4373 2114 4430 nulla

535 4469 665 4524 Iiunt
689 4469 847 4524 etiam
874 4467 1049 4524 modo.

607 4561 658 4616 6.
704 4559 756 4614 In
783 4563 888 4616 line
921 4569 1096 4614 autem
1121 4558 1239 4614 libri
1271 4576 1283 4612 :
1318 4557 1424 4613 Sed
1449 4559 1685 4627 quoniam
1707 4575 1868 4612 sermo
1893 4557 1984 4612 iste
2019 4573 2113 4612 no-

534 4665 656 4720 ster,
690 4655 926 4724 inquam,
969 4653 1127 4707 multo
1157 4653 1396 4722 processit
1425 4652 1624 4722 longius
1651 4669 1800 4722 quam
1841 4652 2112 4722 putabam,

536 4738 618 4792 hic
643 4739 793 4808 finem
825 4736 948 4792 libro
975 4737 1224 4807 faciamus
1243 4778 1258 4802 ,
1285 4737 1338 4790 in
1364 4753 1460 4806 quo
1497 4737 1776 4790 memineris
1819 4737 1960 4802 volo,
1991 4753 2118 4792 non-

536 4831 660 4884 dum
705 4831 1015 4884 Municlueos
1061 4845 1140 4882 me
1187 4829 1394 4898 coepisse
1433 4829 1694 4896 refellere,
1728 4837 1772 4880 et
1797 4827 1914 4881 illas
1957 4845 2117 4899 nugas

535 4923 760 4977 nondum
783 4921 1048 4986 invasisse,
1081 4937 1237 4990 neque
1259 4921 1322 4973 de
1345 4921 1454 4988 ipsa
1478 4916 1736 4973 Catholica
1760 4935 1998 4990 magnum
2017 4920 2116 4974 ali-

537 5017 658 5088 quid
696 5015 992 5086 aperuisse:
1020 5013 1108 5068 sed
1145 5013 1356 5067 uoluisse
1395 5013 1737 5066 tantummodo
1779 5029 1950 5068 eruere
1993 5013 2114 5082 tibi,

536 5107 582 5162 si
607 5123 835 5176 possem,
869 5105 1054 5176 falsam
1081 5103 1366 5174 opinionem
1405 5104 1466 5158 de
1497 5103 1622 5158 veris
1643 5101 1941 5159 Christianis
1966 5105 2118 5158 mali-

539 5197 660 5248 tiose
683 5205 768 5247 aut
795 5195 1020 5265 imperite
1049 5194 1188 5249 nobis
1213 5195 1515 5250 insinuatam
1544 5197 1586 5262 ²,
1606 5205 1652 5250 et
1677 5197 1864 5268 erigere
1899 5197 1964 5249 ad
2007 5214 2118 5250 ma-

541 5301 641 5355 gna
662 5285 894 5354 quaedam
918 5295 962 5340 et
989 5287 1156 5340 divina
1181 5287 1436 5341 discenda.
1469 5285 1636 5351 Quare
1673 5287 1768 5342 hoc
1794 5289 2020 5342 volumen
2047 5289 2120 5343 ita

537 5393 646 5432 sese
665 5378 844 5432 habeat
872 5395 890 5432 :
921 5381 1194 5448 placatiore
1217 5391 1384 5436 autem
1407 5381 1572 5434 animo
1593 5389 1676 5436 tuo
1711 5381 1843 5450 facta
1864 5424 1876 5446 ,
1909 5398 1992 5435 ero
2015 5369 2140 5452 [or--

605 5532 962 5602 fmvamenses
992 5536 1376 5602 coniunctionem
1409 5537 1566 5602 etiam,
1595 5551 1704 5602 quae
1728 5539 1804 5602 hic
1823 5537 2024 5600 perinde
2044 5551 2122 5591 so-

541 5599 638 5662 ρῳ,
649 5605 704 5662 ac
718 5601 970 5658 prteterea,
986 5599 1138 5662 omitti
1159 5599 1284 5662 passi
1302 5607 1429 5649 sunt.
1453 5607 1540 5650 Nos
1557 5599 1858 5651 iit—omnibus
1875 5609 2121 5662 repertam

545 5653 659 5704 Edd.
683 5653 777 5706 huc
797 5653 1112 5708 revocandam
1129 5653 1240 5708 esse
1253 5661 1492 5710 duximus.
1751 5693 1758 5700 -

603 5719 625 5748 ³
647 5725 756 5798 Lo_v.
773 5727 822 5768 et
835 5727 927 5780 Er.,
943 5719 1070 5771 vobis
1083 5721 1388 5798 insinuatrmt.
1408 5731 1508 5773 MSS.
1525 5721 1873 5798 e‘tAmunobis.
1885 5725 2123 5798 signiﬁcat

540 5781 832 5850 Apgustinus
860 5797 927 5850 se
949 5796 1060 5832 cum
1091 5791 1329 5836 ttonorato
1347 5797 1492 5848 quem
1517 5781 1791 5850 alloquitur,
1812 5799 1842 5835 a
1860 5781 2122 5840 ttaﬁichatis

539 5837 656 5893 olim
677 5841 826 5898 fuisse
849 5845 1090 5897 delusum.

1599 377 2230 444 ItETRACTATIONUM
2268 381 2326 438 Β.
2369 382 2736 444 AUGUSTINI

3689 399 3794 463 608

2211 504 2357 558 tassis
2383 504 2436 558 in
2463 505 2653 564 conteris
2681 507 2958 580 promptior
2987 507 3156 582 (Cap.
3191 511 3286 580 l8,
3315 529 3368 567 η.
3395 513 3509 586 56).
3539 515 3662 573 Ilaec
3687 533 3792 578 non

2213 594 2284 650 ita
2315 595 2455 666 dixi,
2483 597 2640 668 quasi
2669 599 2798 654 nihil
2829 601 3086 660 adversus
3114 604 3433 665 Manichams
3461 610 3633 668 adhuc
3661 617 3795 672 scri-

2211 687 2472 758 psissem,
2513 690 2598 746 vel
2640 691 2774 749 nihil
2809 693 2878 750 de
2921 695 3160 754 doctrina
3183 699 3440 756 catholica
3463 704 3794 764 mandassem

2213 781 2431 850 litteris,
2465 797 2586 838 cum
2615 791 2692 840 tot
2717 788 2959 857 superius
2986 787 3124 845 edita
3153 791 3420 848 volumina
3460 793 3528 850 de
3577 805 3798 868 utraque

2213 891 2272 934 re
2299 891 2404 932 non
2429 893 2515 934 me
2539 881 2766 938 tacuisse
2787 889 3085 938 testentur:
3121 883 3214 940 sed
3239 886 3292 940 in
3329 885 3430 940 hoc
3471 887 3606 942 libro
3632 887 3698 943 ad
3729 889 3792 944 il-

2212 967 2322 1022 lum
2369 969 2566 1038 scripto
2609 971 2844 1026 nondum
2872 971 3191 1030 Manichaaos
3219 975 3466 1032 refellere
3491 993 3756 1049 eruperant
3779 1023 3792 1046 ,

2211 1067 2266 1112 et
2287 1057 2405 1113 illas
2443 1075 2608 1131 nugas
2647 1061 2880 1118 nondum
2907 1063 3237 1132 invaseram,
3269 1083 3440 1137 neque
3465 1067 3532 1125 de
3559 1069 3671 1139 ipsa
3697 1070 3800 1124 Ca-

2213 1147 2408 1204 tholica
2437 1167 2685 1222 magnum
2711 1153 2907 1225 aliquid
2944 1171 3294 1225 aperuerant;
3325 1161 3576 1230 quoniam
3612 1177 3800 1231 spera-

2210 1239 2333 1295 bam
2351 1283 2364 1307 ,
2397 1241 2498 1297 hoc
2527 1242 2675 1298 initio
2701 1243 2839 1300 facto
2859 1287 2873 1312 ,
2905 1246 2973 1301 ad
3002 1263 3121 1302 eum
3150 1249 3322 1320 ipsum
3349 1265 3437 1306 me
3479 1253 3800 1322 scripturum

2211 1329 2374 1387 fuisse
2401 1349 2518 1404 qua:
2561 1333 2646 1390 hic
2685 1335 2922 1393 nondum
2948 1338 3288 1410 scripseram.
3319 1341 3416 1397 llic
3455 1342 3592 1400 liber
3615 1345 3691 1400 sic
3713 1345 3798 1400 in-

2212 1425 2340 1496 cipit
2367 1441 2379 1480 :
2408 1425 2470 1482 Si
2496 1427 2618 1481 mihi
2638 1470 2653 1498 ,
2699 1427 2988 1498 Honorate,
3017 1447 3176 1486 unum
3203 1441 3354 1504 atque
3378 1433 3514 1489 idem
3555 1436 3803 1492 videretur

2211 1531 2335 1572 €888.
2677 1539 2680 1542 λ

2846 1611 3072 1674 CAPUT
3109 1615 3227 1673 XV.

2215 1750 2402 1808 Contra
2445 1750 2756 1808 Manichatos
2775 1793 2792 1822 ,
2821 1753 2886 1808 de
2917 1753 3129 1810 Duabus
3171 1756 3447 1812 Animabus
3483 1757 3606 1814 liber
3643 1775 3798 1815 unus.

2221 1917 2226 1922 -
2287 1893 2336 1947 1.
2361 1891 2488 1948 Post
2512 1893 2654 1949 hunc
2681 1894 2872 1950 librum
2901 1895 3087 1966 scripsi
3115 1897 3288 1952 adhuc
3307 1899 3586 1970 presbyter
3614 1911 3804 1957 contra

2212 1983 2528 2040 Manichacus
2573 1985 2640 2040 de
2695 1987 2910 2042 Duabus
2961 1987 3286 2057 Animabus,
3337 2005 3564 2060 quarum
3617 1989 3806 2048 dicunt

2213 2089 2370 2128 unam
2403 2085 2606 2146 partem
2631 2077 2721 2131 Dei
2751 2093 2888 2142 esse,
2915 2079 3132 2133 alteram
3159 2079 3226 2134 de
3252 2090 3408 2151 gente
3437 2081 3799 2151 tenebrarum,

2213 2181 2372 2236 quam
2399 2183 2502 2222 non
2525 2167 2822 2224 condiderit
2847 2169 2986 2224 Deus
3005 2212 3018 2236 ,
3047 2179 3102 2227 et
3121 2187 3239 2242 qua:
3269 2172 3338 2226 sit
3363 2173 3474 2228 Deo
3496 2181 3798 2241 coartcrna;

2212 2267 2267 2313 et
2295 2258 2389 2314 has
2411 2259 2592 2314 ambas
2620 2262 2856 2328 animas,
2893 2277 3048 2316 unam
3077 2263 3294 2331 bonam,
3321 2265 3540 2319 alteram
3569 2265 3760 2320 malam
3785 2309 3804 2334 ,

2214 2347 2264 2402 in
2299 2363 2402 2404 uno
2427 2349 2640 2406 homine
2665 2367 2782 2406 esse
2823 2352 3088 2406 delirant:
3123 2353 3280 2408 istam
3319 2355 3522 2410 scilicet
3565 2356 3756 2412 malam
3783 2399 3804 2425 ,

2215 2443 2478 2511 propriam
2519 2444 2692 2498 carnis
2735 2459 2854 2500 esse
2883 2445 3157 2512 dicentes,
3190 2461 3348 2516 quam
3385 2463 3602 2504 carnem
3641 2451 3806 2505 etiam

2214 2531 2395 2586 dicunt
2423 2535 2593 2604 gentis
2615 2550 2733 2590 esse
2761 2535 3133 2602 tenebrarum;
3161 2537 3304 2593 illam
3331 2553 3460 2594 vero
3483 2538 3676 2594 bonam
3699 2581 3712 2607 ,
3737 2556 3806 2596 ex

2213 2623 2496 2679 adventitia
2523 2627 2615 2680 Dei
2643 2637 2822 2697 parte,
2847 2643 2966 2698 quae
2990 2643 3111 2683 eum
3141 2629 3479 2686 tenebrarum
3500 2641 3656 2701 gente
3675 2647 3807 2687 con-

2215 2713 2408 2770 ﬂixerit
2429 2757 2442 2782 ,
2471 2725 2630 2788 atque
2661 2725 2937 2788 utramque
2963 2719 3276 2774 miscuerit:
3309 2731 3364 2776 et
3385 2721 3564 2776 omnia
3591 2723 3808 2793 quidem

2217 2807 2354 2862 bona
2382 2809 2612 2864 hominis
2641 2811 2715 2864 illi
2741 2810 2895 2868 bona:
2919 2811 3143 2877 animat;
3168 2812 3346 2866 omnia
3374 2828 3502 2868 vero
3541 2814 3677 2869 mala
3720 2815 3806 2870 illi

2216 2899 2370 2954 mala:
2407 2901 2596 2955 animm
2643 2901 2893 2956 tribuunt.
2921 2901 2978 2956 In
3009 2902 3110 2957 hoc
3137 2903 3274 2958 libro
3315 2903 3444 2959 illud
3485 2905 3626 2975 quod
3655 2905 3804 2976 dixi,

2219 2987 2432 3042 Nullam
2457 3007 2562 3045 esse
2585 2992 2998 3063 qualemcumque
3017 2993 3168 3046 vitam
3188 3035 3204 3062 ,
3235 3009 3346 3064 qua:
3373 3011 3474 3050 non
3501 3013 3558 3050 ee
3573 2997 3683 3067 ipso
3705 3015 3807 3068 quo

2218 3083 2316 3135 vita
2362 3093 2430 3136 est
2451 3124 2465 3148 ,
2513 3091 2560 3138 et
2605 3084 2656 3138 in
2687 3095 2933 3154 quantum
2961 3088 3166 3142 omnino
3193 3087 3294 3141 vita
3319 3097 3424 3155 est,
3463 3105 3528 3141 aa
3552 3079 3808 3145 summum

2219 3175 2336 3228 vita:
2358 3177 2544 3245 [autem
2571 3176 2970 3248 principiumque
2998 3179 3240 3248 pertineat
3261 3177 3410 3250 (Cap.
3439 3181 3490 3248 1,
3518 3197 3572 3234 n.
3605 3180 3696 3252 1),
3729 3182 3808 3237 ita

2215 3266 2357 3331 dixi,
2391 3277 2448 3321 ut
2479 3277 2724 3339 tanquam
2749 3281 2992 3326 creatura
3018 3271 3086 3326 ad
3113 3271 3420 3329 Creatorem
3449 3275 3714 3344 pertinere
3731 3275 3809 3330 in-

2218 3361 2499 3432 telligatur,
2534 3377 2640 3416 non
2665 3373 2840 3418 autent
2879 3363 2946 3420 de
2983 3365 3074 3420 illo
3101 3380 3222 3421 csse
3257 3373 3508 3438 tanquam
3537 3381 3661 3438 pars
3687 3367 3806 3438 ejus

2217 3455 2565 3510 existimetur.

2285 3545 2339 3598 ἓ.
2373 3544 2500 3600 Item
2525 3545 2666 3616 quod
2693 3545 2831 3614 dixi,
2873 3563 3117 3618 nusquam
3155 3549 3384 3616 scilicet,
3415 3549 3514 3604 nisi
3539 3549 3593 3604 in
3629 3551 3808 3605 volun-

2217 3644 2318 3688 tate
2345 3653 2450 3690 esse
2478 3647 2770 3706 peccatum,
2801 3649 3020 3706 possunt
3059 3639 3324 3710 Pelagiani
3371 3655 3468 3710 pro
3510 3655 3570 3696 sc
3605 3639 3806 3696 dictum

2217 3735 2433 3797 putare,
2467 3737 2682 3796 propter
2724 3728 3002 3796 parvulos,
3035 3743 3168 3798 quos
3207 3729 3332 3784 ideo
3375 3739 3570 3800 negant
3607 3730 3807 3788 habere

2217 3825 2491 3886 peccatum
2509 3817 2647 3888 quod
2673 3819 2750 3872 eis
2775 3818 2826 3871 in
2851 3819 3174 3888 Baptismate
3195 3821 3512 3887 remittatur,
3533 3821 3652 3892 quia
3679 3827 3808 3878 non-

2218 3907 2345 3964 dum
2374 3909 2592 3962 arbitrio
2615 3909 2898 3964 voluntatis
2923 3919 3158 3966 utuntur.
3183 3911 3346 3980 Quasi
3375 3929 3502 3968 vero
3529 3925 3805 3984 peccatum

2219 3999 2360 4068 quod
2389 4013 2483 4054 eos
2511 4015 2576 4054 ex
2605 3999 2773 4054 Adam
2798 4001 3024 4056 dicimus
3039 4003 3364 4073 originaliter
3389 4005 3626 4072 trahere,
3653 4007 3702 4061 id
3724 4017 3808 4062 est

2219 4099 2369 4144 reatu
2397 4089 2512 4158 ejus
2543 4091 2868 4160 implicatos,
2911 4101 2966 4146 et
2993 4093 3061 4147 ob
3091 4095 3192 4150 hoc
3227 4109 3398 4165 preme
3423 4097 3806 4154 obnoxios-de—

2225 4181 2408 4246 tineri,
2443 4197 2662 4252 usquam
2690 4197 2808 4240 esse
2837 4185 3004 4254 potuit
3029 4187 3132 4240 nisi
3163 4187 3214 4240 in
3241 4188 3510 4244 voluntate
3533 4190 3572 4255 ί,
3599 4205 3701 4260 qua
3721 4203 3808 4245 vo-

2221 4271 2422 4328 luntate
2465 4275 2806 4328 commissum
2845 4283 2955 4343 est,
3001 4276 3212 4346 quando
3239 4277 3402 4333 divini
3439 4280 3688 4350 prmcepti
3723 4289 3808 4335 est

2222 4367 2360 4423 facta
2389 4369 2759 4440 transgressio.
2799 4369 2980 4425 Potest
3008 4371 3166 4426 etiam
3189 4371 3363 4440 putari
3406 4373 3532 4427 falsa
3563 4387 3680 4429 esse
3707 4373 3806 4428 ista

2165 4507 2174 4512 _
2221 4460 2486 4515 sententia
2509 4475 2612 4530 qua
2637 4460 2868 4516 diximus
2891 4503 2905 4526 ,
2935 4459 3202 4532 Nusquam
3226 4463 3324 4517 nisi
3347 4464 3400 4517 in
3427 4464 3678 4518 voluntate
3701 4481 3810 4520 esse

2223 4561 2484 4622 peccatum
2502 4593 2515 4617 ,
2544 4553 2665 4622 quia
2692 4551 2824 4607 dixit
2848 4553 3132 4622 Apostolus
3159 4571 3171 4608 :
3205 4553 3267 4609 Si
3291 4565 3456 4608 autem
3486 4556 3618 4626 quod
3649 4557 3804 4624 nolo,

2223 4643 2320 4696 hoc
2347 4643 2482 4714 facio
2501 4685 2516 4708 ,
2543 4645 2648 4710 iam
2675 4661 2776 4698 non
2809 4661 2902 4716 ego
2924 4661 3106 4715 operor
3135 4647 3267 4700 illud
3287 4688 3300 4713 ,
3330 4648 3420 4702 sed
3443 4649 3574 4718 quod
3615 4649 3808 4704 habitat

2221 4733 2274 4788 in
2303 4749 2380 4787 me
2415 4744 2694 4804 peccatum.
2735 4734 2848 4790 Hoc
2871 4736 3012 4790 enim
3043 4747 3314 4806 peccatum
3351 4755 3515 4808 usque
3541 4739 3676 4795 adeo
3699 4757 3807 4797 non

2222 4827 2378 4883 estin
2405 4827 2674 4882 voluntate
2692 4868 2705 4892 ,
2739 4837 2796 4882 ut
2825 4827 3002 4882 dicat:
3033 4829 3182 4894 Quod
3199 4830 3341 4898 nolo,
3367 4831 3461 4884 hoc
3489 4833 3640 4902 facio.
3661 4833 3806 4898 Quo-

2223 4917 2382 4973 modo
2405 4933 2531 4988 ergo
2559 4933 2817 4987 nusquam
2846 4927 2928 4974 est
2951 4919 3054 4976 nisi
3097 4920 3149 4974 in
3187 4921 3456 4977 voluntate
3495 4925 3808 4992 peccatum?

2223 5009 2330 5066 Sed
2358 5011 2458 5066 hoc
2483 5019 2754 5079 peccatum
2796 5011 2864 5066 de
2901 5027 3007 5083 quo
3045 5013 3122 5068 sic
3148 5021 3232 5069 est
3255 5013 3462 5069 locutus
3485 5015 3770 5084 Apostolus
3789 5057 3806 5084 ,

2223 5101 2344 5157 ideo
2385 5109 2658 5172 peccatum
2697 5109 2934 5170 vocatur,
2979 5104 3100 5172 quia
3141 5113 3358 5174 peccato
3386 5105 3582 5161 factum
3610 5115 3724 5176 est,
3754 5115 3809 5164 et

2223 5207 2380 5264 poem
2401 5193 2602 5264 peccati
2630 5202 2747 5259 est;
2769 5193 3192 5266 quandoquidem
3217 5195 3319 5252 hoc
3342 5197 3409 5253 de
3427 5199 3808 5270 concupiscen-

2227 5289 2297 5342 tia
2321 5287 2494 5342 carnis
2518 5285 2730 5354 dicitur,
2761 5287 2902 5358 quod
2927 5289 3096 5358 aperit
3137 5289 3192 5344 in
3235 5292 3684 5362 consequentibus
3719 5292 3804 5349 di-

2225 5394 2354 5435 cens
2377 5397 2390 5433 :
2411 5380 2532 5435 Scio
2554 5382 2672 5451 quia
2695 5399 2794 5436 non
2819 5383 3006 5436 habitat
3029 5385 3080 5438 in
3109 5401 3214 5452 nte,
3237 5386 3331 5440 hoc
3355 5396 3426 5440 est
3445 5387 3498 5441 in
3523 5405 3674 5442 carne
3697 5406 3810 5446 mea

2227 5471 2409 5524 bonum
2433 5487 2449 5525 :
2473 5471 2597 5526 velle
2625 5473 2757 5526 enim
2801 5474 2996 5544 adjacet
3031 5475 3182 5542 mihi,
3231 5477 3466 5546 perﬁcere
3503 5487 3672 5532 autem
3715 5479 3807 5532 bo-

2227 5581 2368 5634 num,
2395 5581 2496 5620 non
2548 5563 2718 5638 (Rom.
2773 5581 2844 5620 vn
2863 5607 2878 5632 ,
2930 5565 3142 5638 16-18).
3171 5567 3431 5624 Pcrfectio
3456 5571 3650 5640 quippe
3679 5569 3808 5627 boni

2289 5725 2306 5754 ί
2322 5728 2420 5788 am.
2435 5727 2508 5770 Er.
2523 5729 2574 5770 et
2588 5719 2770 5788 _Pratel.
2798 5721 2924 5783 ood.,
2943 5735 3175 5786 nusquam
3191 5736 3294 5774 esse
3303 5725 3520 5788 potuerit.
3537 5727 3736 5776 Sorbon.
3757 5734 3810 5788 et

2225 5785 2643 5855 ttegio-moteqsis,
2667 5797 2901 5855 (umquam
2919 5797 3020 5855 esse
3042 5785 3468 5855 constet._)toxque
3487 5790 3622 5838 Corb.
3658 5795 3710 5840 et
3729 5787 3808 5839 alii

2230 5863 2260 5900 e
2413 5861 2508 5898 non
2525 5846 2784 5898 deterioris
2799 5855 2925 5900 uota-
2944 5849 3144 5908 habent,
3165 5847 3256 5900 nisi
3277 5861 3340 5902 ea:
3357 5846 3608 5902 retuntatc.
