4116 6366
341 516 428 564 est
448 548 464 572 ,
492 511 550 560 ut
575 516 675 559 nec
691 499 805 572 ipsa
833 480 1258 568 concupiscentia
1281 478 1483 567 peccati
1505 493 1573 548 sit
1592 493 1646 547 in
1676 492 1891 548 homine
1911 532 1930 561 ,

343 599 431 654 cui
455 595 669 668 quidem
693 591 904 664 quando
923 591 1060 646 bene
1079 589 1292 655 vivitur,
1333 602 1438 642 non
1464 585 1727 642 consentit
1746 585 1935 640 volun-

345 701 428 747 tas
455 708 469 744 :
497 697 861 745 verumtamen
891 700 998 740 non
1038 682 1241 754 perﬁcit
1269 681 1494 743 bonum,
1523 680 1644 750 quia
1671 679 1809 734 inest
1835 676 1931 732 ad-

348 785 456 839 huc
487 779 912 852 concupiscentia
936 777 1020 833 cui
1046 783 1302 846 repugnat
1321 774 1597 839 voluntas;
1627 770 1780 841 cujus
1802 784 1934 825 con-

347 875 691 947 cupiscentia:
719 882 900 928 reatus
927 872 980 926 in
1018 869 1339 939 Baptismate
1378 866 1616 930 solvitur,
1645 864 1740 920 sed
1783 863 1936 918 inﬁr-

347 969 508 1022 mitas
554 975 765 1032 manet,
815 979 897 1018 cut
944 961 1114 1015 donec
1157 967 1390 1023 sanetur,
1422 957 1596 1012 omnis
1636 954 1805 1011 ﬁdelis
1845 953 1936 1024 qui

347 1061 485 1117 bene
510 1058 752 1130 proﬁcit,
783 1055 1171 1110 studiosissime
1201 1053 1504 1107 reluctatur.
1535 1049 1815 1104 Peccatum
1845 1062 1938 1101 au-

348 1162 460 1208 tem
503 1149 645 1221 quod
693 1162 950 1218 nusquam
982 1154 1064 1200 est
1093 1144 1193 1200 nisi
1223 1144 1275 1197 in
1303 1142 1598 1205 voluntate,
1632 1138 1760 1194 illud
1794 1153 1938 1209 prte-

350 1245 508 1314 cipue
535 1239 932 1311 intelligendum
958 1246 1043 1294 est
1059 1278 1074 1304 ,
1118 1235 1259 1306 quod
1296 1235 1436 1305 justa
1461 1232 1729 1288 damnatio
1751 1245 1940 1286 conse-

349 1346 472 1392 cuta
501 1345 602 1392 est.
631 1334 744 1389 Hoc
784 1333 924 1388 enim
963 1345 1059 1401 per
1087 1343 1253 1385 unum
1297 1327 1566 1382 hominem
1611 1323 1846 1379 introivit
1883 1323 1940 1379 in

351 1428 613 1486 mundum
636 1445 649 1481 :
673 1438 972 1497 quanquam
999 1430 1054 1477 et
1075 1422 1175 1475 hoc
1195 1426 1469 1490 peccatum
1489 1431 1594 1487 quo
1612 1414 1942 1472 consentitur

351 1518 559 1592 peccati
583 1514 1025 1586 concupiscentiae
1053 1513 1094 1578 ι,
1124 1525 1231 1565 non
1257 1509 1358 1564 nisi
1396 1508 1665 1562 voluntate
1696 1504 1944 1562 commit-

353 1613 506 1666 titur.
522 1609 746 1680 PrOpter
770 1606 874 1662 hoc
893 1612 950 1660 et
975 1603 1080 1658 alio
1098 1603 1218 1658 loco
1233 1599 1340 1655 dixi
1365 1617 1379 1656 :
1409 1596 1530 1654 Non
1553 1597 1708 1669 igitur
1729 1596 1825 1652 nisi
1850 1611 1942 1651 uo-

352 1701 548 1756 luntate
575 1706 810 1771 peccatur
833 1695 985 1768 (Cap.
1010 1694 1074 1761 9,
1100 1710 1152 1747 η.
1186 1693 1298 1762 12).

424 1794 482 1850 '5.
509 1792 746 1863 Itemque
768 1789 873 1844 alio
898 1788 1018 1842 loco
1042 1786 1208 1856 ipsam
1236 1782 1560 1838 voluntatem
1603 1777 1815 1836 deﬁnivi
1857 1777 1942 1833 di-

353 1902 533 1944 cens:
573 1883 819 1939 Voluntas
861 1889 933 1935 est
971 1877 1129 1932 animi
1174 1884 1368 1938 motus,
1409 1881 1612 1944 cogente
1653 1870 1828 1936 nullo,
1874 1870 1943 1923 ad

354 1978 552 2048 aliquid
587 1976 664 2031 uel
701 1990 803 2028 non
839 1969 1166 2026 amittendum
1203 1968 1280 2022 vel
1316 1963 1698 2038 adipiscendum
1725 1961 1857 2036 (Id.,
1885 1979 1941 2017 n.

357 2071 475 2142 14).
503 2069 656 2138 Quod
702 2077 980 2138 propterea
1015 2063 1214 2118 dictum
1243 2067 1358 2123 est,
1400 2066 1457 2112 ut
1498 2057 1598 2111 hac
1633 2054 1944 2110 deﬁnitione

357 2163 548 2218 volens
574 2177 605 2216 a
631 2160 846 2215 nolente
869 2156 1281 2218 discerneretur,
1309 2161 1364 2205 et
1383 2150 1458 2204 sic
1485 2147 1552 2203 ad
1578 2147 1694 2202 illos
1721 2145 1945 2200 referre-

356 2264 448 2311 tur
472 2254 727 2317 intentio,
756 2251 844 2322 qui
876 2247 1029 2320 primi
1077 2247 1131 2300 in
1181 2243 1425 2314 paradiso
1460 2241 1670 2296 fuerunt
1710 2238 1945 2293 humano

358 2348 546 2420 generi
571 2347 720 2417 origo
743 2343 868 2398 mali
892 2344 936 2409 ⁸,
967 2339 1113 2395 nullo
1137 2345 1358 2408 cogente
1383 2333 1650 2406 peccando
1672 2373 1688 2399 ,
1733 2330 1835 2386 hoc
1862 2339 1947 2386 est

364 2439 535 2495 libera
555 2436 826 2492 voluntate
844 2430 1132 2504 peccando,
1151 2429 1270 2500 quia
1291 2435 1348 2484 et
1367 2427 1596 2480 scientes
1611 2429 1792 2478 contra
1809 2435 1944 2492 pra:-

363 2539 581 2601 ceptum
607 2527 881 2591 fecerunt,
911 2531 967 2579 et
989 2522 1080 2578 ille
1103 2528 1334 2576 tentator
1369 2517 1535 2574 suasit
1558 2522 1616 2570 ut
1645 2513 1746 2569 hoc
1775 2513 1942 2579 ﬁeret,

358 2634 470 2674 non
499 2617 692 2688 coegit.
717 2615 850 2670 Nam
877 2621 934 2670 et
955 2612 1046 2683 qui
1071 2610 1314 2666 nesciens
1341 2607 1607 2678 peccavit,
1635 2620 1742 2660 non
1763 2605 1947 2660 incon-

357 2719 618 2783 gruenter
643 2707 830 2763 nolens
855 2718 1107 2776 peccasse
1135 2701 1239 2757 dici
1261 2709 1462 2771 potest,
1493 2696 1732 2769 quamvis
1761 2703 1815 2751 et
1834 2695 1947 2764 ipse
1988 2768 1992 2770 _

357 2801 504 2874 quod
542 2801 786 2857 nesciens
824 2797 983 2865 fecit,
1025 2796 1212 2851 volens
1248 2801 1424 2848 tamen
1455 2791 1614 2857 fecit;
1642 2791 1712 2844 ita
1743 2803 1844 2844 nec
1868 2789 1947 2858 ip-

357 2893 476 2949 sius
502 2906 622 2948 esse
648 2890 818 2961 potuit
842 2889 958 2944 sine
983 2887 1250 2942 voluntate
1277 2891 1572 2956 peccatum.
1602 2882 1732 2948 Quae
1761 2879 1948 2934 volun-

359 2993 446 3041 tas
480 2985 662 3055 utique
691 2983 829 3038 sicut
853 2979 1069 3036 deﬁnita
1095 2985 1211 3043 est,
1239 2976 1400 3030 animi
1436 2985 1610 3031 motus
1637 2973 1764 3038 fuit,
1802 2972 1949 3027 nullo

363 3084 590 3149 cogente
613 3116 627 3143 ,
659 3073 727 3129 ad
768 3071 966 3144 aliquid
991 3070 1076 3126 vel
1119 3083 1224 3124 non
1253 3067 1600 3124 amittendum
1625 3107 1641 3132 ,
1663 3065 1750 3121 vel
1777 3064 1948 3134 adipi-

359 3166 639 3223 scendum.
662 3163 814 3231 Quod
838 3163 980 3218 enim
1009 3161 1055 3217 si
1083 3160 1340 3216 noluisset
1358 3199 1375 3226 ,
1415 3174 1522 3214 non
1563 3156 1813 3223 fecisset,
1842 3170 1949 3210 non

360 3266 580 3316 coactus
607 3264 689 3312 est
709 3254 901 3310 facere.
931 3253 1063 3320 Quia
1088 3251 1256 3307 voluit
1279 3265 1406 3322 ergo
1439 3249 1592 3315 fecit,
1611 3249 1818 3305 etiamsi
1845 3263 1950 3302 non

359 3349 487 3420 quia
525 3349 692 3403 voluit
719 3345 986 3418 peccavit,
1033 3343 1279 3399 nesciens
1331 3349 1606 3413 peccatum
1653 3355 1772 3396 esse
1807 3339 1952 3411 quod

362 3438 490 3495 fecit
512 3456 526 3492 :
557 3440 628 3493 ita
651 3453 749 3493 nec
771 3437 875 3492 tale
894 3445 1170 3506 peccatum
1191 3435 1308 3490 sine
1332 3434 1603 3489 voluntate
1622 3447 1738 3488 esse
1759 3433 1951 3502 potuit,

361 3531 462 3587 sed
491 3531 759 3585 voluntate
787 3529 944 3594 facti,
986 3543 1093 3582 non
1139 3526 1410 3581 voluntate
1437 3525 1668 3596 peccati,
1699 3525 1839 3596 quod
1876 3532 1954 3579 ta-

362 3639 490 3679 men
522 3623 714 3678 factum
744 3631 1016 3694 peccatum
1039 3620 1172 3686 fuit;
1204 3619 1305 3674 hoc
1326 3619 1466 3674 enim
1491 3617 1684 3673 factum
1703 3625 1786 3672 est
1811 3617 1954 3688 quod

365 3717 481 3772 ﬁeri
528 3732 634 3770 non
682 3715 884 3769 debuit.
932 3713 1182 3782 Quisquis
1214 3719 1392 3766 autem
1442 3709 1616 3765 sciens
1655 3716 1872 3778 peccat,
1906 3709 1953 3763 si

366 3817 544 3880 potest
573 3808 783 3879 cogenti
824 3805 892 3861 ad
930 3813 1206 3877 peccatum
1252 3805 1368 3859 sine
1412 3811 1630 3874 peccato
1672 3803 1951 3870 resistere,

365 3916 471 3958 nec
496 3911 674 3956 tamen
705 3899 865 3968 facit,
900 3898 1081 3968 utique
1110 3897 1296 3952 volens
1339 3903 1556 3966 peccat;
1587 3894 1836 3965 quoniam
1865 3894 1972 3964 qui

365 4000 544 4065 potest
565 3991 835 4059 resistere,
858 4004 964 4044 non
985 3988 1191 4058 cogitur
1210 3987 1419 4042 cedere.
1443 3985 1544 4052 Qui
1563 4001 1690 4040 vero
1711 3985 1917 4054 cogenti
1933 3984 1955 4016 ³

367 4084 646 4156 cupiditati
667 4085 807 4140 bona
832 4083 1102 4138 voluntate
1136 4081 1384 4136 resistere
1413 4093 1519 4134 non
1544 4085 1739 4148 potest,
1759 4086 1813 4132 et
1838 4076 1958 4133 ideo

366 4175 500 4231 facit
523 4183 704 4231 contra
732 4181 996 4245 praecepta
1021 4171 1272 4243 justitim,
1313 4170 1426 4240 jam
1454 4169 1557 4224 hoc
1581 4167 1653 4222 ita
1686 4178 1957 4238 peccatum

368 4277 456 4324 est
474 4311 490 4337 ,
519 4277 576 4322 ut
600 4269 670 4322 sit
691 4267 850 4322 etiam
881 4280 1037 4336 paena
1065 4263 1286 4335 peccati.
1327 4261 1659 4331 Quapropter
1686 4267 1957 4330 peccatum

369 4362 490 4418 sine
517 4362 790 4416 voluntate
813 4374 932 4414 esse
960 4374 1064 4413 non
1096 4371 1254 4427 posse
1283 4353 1617 4410 verissimum
1643 4362 1744 4408 est.

443 4456 498 4511 4.
526 4456 762 4525 Itemque
781 4452 1020 4509 deﬁnitio
1038 4450 1240 4520 peccati
1268 4463 1368 4520 qua
1396 4447 1622 4502 diximus
1643 4486 1656 4511 ,
1691 4443 1961 4499 Peccatum

371 4557 449 4603 est
499 4549 732 4603 voluntas
759 4546 1003 4601 retinendi
1021 4544 1097 4598 uel
1125 4541 1456 4614 consequendi
1483 4540 1617 4613 quod
1645 4540 1846 4612 justitia
1873 4555 1961 4594 ve-

373 4649 485 4708 tat,
522 4650 567 4694 ct
600 4641 733 4702 unde
776 4640 986 4693 liberum
1021 4646 1099 4692 est
1137 4636 1384 4692 abstinere
1425 4634 1575 4707 (Cap.
1609 4635 1706 4703 11,
1737 4651 1790 4688 η.
1830 4632 1919 4706 15)
1943 4674 1958 4699 ,

371 4738 660 4803 propterea
685 4746 806 4786 vera
838 4738 921 4784 est
943 4771 958 4796 ,
989 4728 1113 4798 quia
1143 4727 1194 4782 id
1223 4727 1498 4782 deﬁnitum
1545 4734 1627 4781 est
1662 4724 1804 4796 quod
1847 4731 1963 4780 tan-

373 4821 653 4876 tummodo
697 4829 969 4891 peccatum
998 4826 1110 4884 est,
1141 4831 1248 4872 non
1275 4817 1416 4888 quod
1455 4821 1612 4872 etiam
1655 4831 1812 4887 poena
1841 4830 1964 4886 pec-

373 4913 502 4967 cati.
528 4910 660 4966 Nam
691 4910 902 4982 quando
930 4911 1033 4965 tale
1061 4917 1144 4965 est
1179 4915 1241 4962 ut
1279 4907 1418 4963 idem
1460 4908 1530 4964 sit
1566 4917 1621 4962 et
1655 4922 1809 4978 paena
1840 4922 1964 4977 pec-

373 5003 481 5057 cati
500 5041 518 5068 ,
539 4987 794 5072 quantum
822 5010 902 5056 est
929 5000 1069 5070 quod
1099 4999 1240 5054 valet
1267 4997 1509 5053 voluntas
1534 4997 1632 5053 sub
1659 4998 1964 5055 dominante

373 5094 702 5164 cupiditate,
746 5093 850 5149 nisi
895 5093 1028 5148 forte
1047 5135 1062 5160 ,
1091 5092 1135 5146 si
1181 5093 1266 5163 pia
1290 5099 1404 5156 est,
1435 5098 1494 5145 ut
1519 5100 1634 5146 oret
1668 5091 1964 5148 auxilium?

375 5184 438 5241 In
466 5194 670 5240 tantum
697 5187 837 5241 enim
866 5185 1032 5240 libera
1058 5193 1170 5252 est,
1201 5184 1252 5238 in
1283 5193 1534 5254 quantum
1565 5183 1783 5238 liberata
1809 5193 1892 5239 est
1917 5183 1962 5254 ⁸,

377 5287 436 5334 et
463 5279 518 5333 in
558 5289 758 5333 tantum
807 5279 1102 5349 appellatur
1145 5277 1408 5331 voluntas.
1441 5275 1686 5346 Alioquin
1717 5284 1824 5331 tota
1869 5291 1964 5332 cu-

377 5373 575 5444 piditas
605 5374 647 5439 ',
691 5388 851 5443 quam
885 5372 1129 5428 voluntas
1173 5369 1384 5441 proprie
1427 5369 1778 5438 nuncupanda
1826 5377 1905 5424 cst
1947 5385 1962 5424 :

446 5531 469 5602 ξ
489 5537 598 5602 μεθ.
619 5537 840 5602 quatuor,
861 5529 1148 5602 cqtsentitur
1170 5533 1364 5591 peccato
1856 5587 1885 5602 η

449 5593 470 5624 ί
487 5598 539 5640 ω
551 5587 742 5652 scriptis
764 5587 874 5650 sex,
893 5593 1106 5655 fecerunt
1121 5587 1328 5640 humano
1343 5587 1509 5654 generi
1520 5587 1752 5654 meum:
1771 5587 1902 5640 ntali.

450 5653 473 5686 ³
492 5663 594 5703 Am.
615 5659 667 5703 et
677 5660 772 5703 ΕΓ..
791 5652 978 5703 volenti.

449 5713 480 5786 ‘_
1051 5711 1254 5786 liberata
1375 5713 1468 5786 sed
1485 5712 1816 5786 elegantiorcs
1833 5718 1966 5777 135.,

586 5773 716 5848 qua
737 5774 990 5848 ferrese?!
1010 5783 1237 5848 quantum
1259 5773 1568 5848 ιίρεναιαβεε·

440 5840 472 5915 ,⁸
488 5837 624 5903 nov.)
641 5837 1006 5903 alioquintutius
1023 5837 1279 5904 cupiditas.
1303 5837 1707 5890 Prtetulimusltm.
1729 5846 1781 5892 et
1797 5845 1870 5890 Er.
1889 5839 1966 5893 1e-

1719 373 1922 433 LIBER
1957 371 2230 434 PRIMUS.

3511 371 3618 441 ϐω

2039 506 2157 562 qua:
2200 507 2305 548 non
2346 500 2458 560 est,
2489 474 2625 549 sicut
2651 489 2925 549 Manichtei
2963 489 3258 565 desipiunt,
3287 495 3473 552 alicam
3516 454 3641 553 ιιιοῖ

2041 593 2173 638 turze
2211 585 2667 652 additamentum,
2709 585 2802 641 sed
2831 595 3029 642 nostrae
3068 587 3252 642 vitium
3289 603 3318 642 a
3358 603 3466 659 quo
3504 567 3641 646 non‘

2041 684 2256 731 sanatur
2295 678 2396 734 nisi
2439 678 2608 750 gratia
2635 676 2940 734 Salvatoris.
2987 680 3140 748 Quod
3167 683 3210 737 si
3240 682 3514 752 quisquam
3543 661 3644 737 (ιίἰ

2041 767 2146 835 cit,
2175 770 2332 825 etiam
2374 771 2541 842 ipsam
2570 771 2908 842 cupiditatem
2956 773 3084 827 nihil
3129 773 3272 829 aliud
3311 788 3428 830 esse
3455 757 3644 845 quam‘

2041 859 2386 925 voluntatem,
2409 863 2506 918 sed
2526 863 2766 918 vitiosam
2795 873 3115 935 peccatoque
3136 865 3484 933 servientem;
3515 881 3623 924 non

2042 953 2398 1008 resistendum
2430 964 2542 1020 est,
2577 971 2674 1010 nec
2719 956 2784 1011 de
2826 957 3036 1024 verbis,
3084 973 3203 1012 cum
3251 973 3337 1014 res
3381 963 3644 1025 constet,

2043 1046 2404 1100 controversia
2437 1046 2692 1101 facienda.
2723 1047 2892 1101 Etiam
2923 1049 3000 1102 sic
3024 1049 3163 1103 enim
3191 1050 3489 1106 ostenditur
3507 1052 3624 1106 sine

2042 1133 2312 1190 voluntate
2337 1135 2537 1190 nullum
2567 1151 2684 1192 esse
2710 1145 2981 1206 peccatum
3011 1139 3123 1194 sive
3152 1140 3204 1194 in
3229 1156 3409 1210 opere,
3433 1145 3544 1198 sive
3567 1143 3624 1198 in

2045 1227 2267 1296 origine.
2340 1253 2357 1268 -

2117 1319 2169 1373 5.
2197 1319 2401 1374 Rursus
2425 1321 2476 1374 in
2509 1337 2574 1376 eo
2599 1323 2740 1392 quod
2782 1322 2920 1391 dixi,
2947 1322 3071 1378 Iam
3099 1342 3319 1397 quaerere
3353 1345 3621 1399 creperum,

2043 1418 2213 1463 utrum
2236 1410 2367 1464 illud
2390 1411 2577 1465 malum
2606 1431 2760 1483 genus
2781 1416 3084 1484 animarum,
3110 1428 3375 1489 antequam
3395 1419 3521 1474 bono
3542 1420 3629 1474 mi-

2045 1511 2282 1569 sceretur,
2303 1501 2550 1558 habuisset
2572 1505 2790 1574 aliquam
2818 1507 3137 1563 voluntatem.
3167 1509 3227 1565 Si
3247 1512 3378 1564 enim
3406 1529 3506 1566 non
3536 1513 3630 1567 Ita-

2047 1591 2189 1646 bebat
2210 1635 2226 1662 ,
2256 1594 2362 1647 sine
2390 1604 2590 1666 peccato
2619 1606 2767 1667 atque
2792 1598 3032 1653 innocens
3067 1609 3173 1654 erat
3196 1642 3210 1667 ,
3247 1611 3295 1655 et
3335 1603 3444 1657 ideo
3487 1604 3629 1659 nulla

2045 1682 2195 1736 modo
2219 1684 2407 1738 malum
2434 1683 2454 1758 (
2483 1683 2610 1758 Cap.
2641 1686 2725 1748 16,
2756 1704 2808 1742 n.
2848 1689 2956 1760 17).
2999 1688 3106 1744 Cur
3143 1691 3332 1762 igitur,
3363 1693 3628 1763 inquiunt,

2047 1771 2327 1846 peccatum
2380 1777 2556 1832 dicitis
2607 1780 2975 1849 parvulorum,
3028 1797 3257 1851 quorum
3304 1785 3630 1840 voluntatem

2047 1883 2154 1922 non
2184 1870 2374 1925 tenetis
2408 1872 2594 1926 ream?
2626 1871 3016 1942 Respondetur,
3045 1889 3148 1928 non
3187 1890 3282 1930 eos
3309 1877 3631 1946 proprietate

2046 1961 2351 2026 voluntatis,
2382 1963 2476 2018 sed
2505 1964 2709 2034 origine
2733 1981 2852 2019 reos
2879 1965 3063 2020 teneri.
3095 1965 3280 2020 Omnis
3299 1969 3439 2022 enim
3470 1969 3632 2024 homo

2049 2060 2294 2108 terrenus
2322 2054 2447 2124 quid
2485 2064 2566 2110 est
2605 2057 2828 2126 origine,
2879 2058 2980 2111 nisi
3025 2058 3226 2113 Adam?
3264 2058 3430 2115 Porro
3453 2067 3631 2115 autem

2047 2146 2216 2201 Ldam
2244 2146 2475 2202 habebat
2504 2149 2688 2218 utique
2716 2150 3060 2216 voluntatem,
3091 2166 3192 2220 qua
3219 2152 3488 2207 voluntate
3507 2167 3630 2208 cum

2047 2247 2341 2306 peccasset,
2370 2248 2648 2307 peccatum
2683 2255 2779 2310 per
2805 2255 2926 2296 cum
2956 2241 3166 2295 intravit
3189 2242 3239 2294 in
3270 2242 3544 2296 mundum.
3650 2270 3656 2325 ί

2121 2329 2174 2383 6.
2205 2327 2441 2399 Itemque
2464 2331 2514 2384 iu
2545 2345 2610 2386 eo
2641 2331 2778 2400 quod
2809 2330 2950 2395 dixi,
2983 2331 3184 2386 Natura
3220 2349 3324 2388 esse
3352 2335 3500 2387 mala:
3525 2335 3638 2388 ani-

2050 2434 2148 2472 ma:
2171 2420 2312 2472 nullo
2338 2420 2485 2473 modo
2506 2431 2725 2487 queunt,
2759 2423 2802 2475 si
2831 2423 3084 2489 qumritur
3119 2423 3384 2492 quomodo
3411 2425 3638 2493 accipia-

2050 2524 2172 2564 mus
2191 2509 2331 2580 quod
2357 2512 2430 2565 ait
2453 2513 2770 2579 Apostolus:
2798 2512 3010 2568 Fuimus
3031 2525 3077 2567 et
3098 2523 3370 2568 nosuatura
3397 2516 3494 2581 ﬁlii
3523 2515 3632 2584 ira,

2050 2602 2178 2656 sicut
2210 2611 2256 2655 et
2281 2605 2446 2657 ταῖιωὶ
2476 2603 2691 2674 (Ep/tes.
2729 2620 2786 2669 ll,
2816 2605 2906 2675 5);
2945 2605 3356 2676 respondemus,
3395 2614 3637 2661 naturam

2051 2694 2108 2748 in
2138 2693 2220 2748 his
2240 2694 2418 2748 verbis
2437 2697 2568 2748 meis
2599 2710 2683 2749 me
2705 2695 2923 2765 intelligi
2936 2695 3163 2751 voluisse
3194 2697 3356 2762 illam,
3385 2713 3501 2767 qum
3520 2714 3642 2767 pro-

2051 2787 2168 2855 prie
2197 2794 2382 2840 natura
2400 2785 2610 2849 dicitur,
2629 2786 2684 2841 in
2703 2802 2805 2856 qua
2831 2787 2945 2842 sine
2960 2788 3086 2841 vitio
3105 2789 3265 2842 creati
3283 2802 3483 2842 sumus.
3508 2787 3641 2843 Nam

2052 2877 2150 2932 ista
2173 2888 2388 2949 propter
2405 2878 2662 2949 originem
2690 2888 2874 2934 natura
2896 2879 3221 2948 appellatur:
3241 2896 3357 2950 quae
3377 2881 3525 2950 origo
3546 2880 3644 2936 uti-

2052 2985 2156 3038 que
2187 2968 2346 3024 habet
2364 2970 2548 3024 vitium
2573 3012 2588 3037 ,
2617 2969 2759 3040 quod
2788 2979 2870 3026 est
2911 2979 3094 3026 contra
3138 2982 3398 3026 naturam.
3447 2973 3512 3027 Et
3542 2973 3642 3029 ite-

2052 3075 2172 3113 rum
2199 3061 2249 3114 in
2277 3076 2342 3114 eo
2368 3061 2509 3131 quod
2534 3061 2732 3116 dictum
2760 3070 2862 3128 est,
2893 3060 3098 3116 Peccati
3124 3080 3263 3117 reum
3293 3066 3448 3119 teneri
3471 3083 3646 3137 quent-

2053 3169 2224 3222 quam,
2255 3153 2374 3220 quia
2419 3170 2516 3206 non
2545 3154 2659 3224 fecit
2696 3153 2830 3224 quod
2871 3156 3037 3224 facere
3069 3171 3170 3209 non
3215 3158 3392 3226 potuit,
3433 3173 3646 3214 summa

2053 3245 2330 3315 iniquitatis
2354 3254 2400 3298 et
2441 3245 2653 3300 insania:
2689 3255 2782 3312 est,
2815 3243 2922 3300 Cur
2945 3261 3093 3317 ergo,
3130 3247 3410 3318 inquiunt,
3441 3250 3646 3320 parvuli

2055 3344 2299 3392 tenentur
2328 3338 2440 3393 rei?
2470 3338 2847 3407 Respondetur
2875 3380 2888 3404 ,
2919 3341 3039 3410 quia
3071 3355 3136 3396 ex
3177 3342 3292 3408 ejus
3327 3343 3530 3413 origine
3563 3351 3645 3399 te-

2056 3440 2264 3497 nentur,
2299 3431 2388 3501 qui
2413 3447 2518 3485 non
2549 3431 2671 3486 fecit
2700 3432 2839 3501 quod
2870 3432 3041 3488 facere
3071 3434 3258 3502 potuit,
3281 3435 3517 3490 divinum
3539 3436 3645 3492 sci-

2055 3521 2180 3576 licet
2207 3537 2425 3576 servare
2451 3522 2780 3576 mandatum.
2813 3522 2964 3588 Quod
3001 3533 3176 3578 autem
3204 3524 3348 3590 dixi,
3386 3525 3505 3580 Illa:
3528 3527 3643 3580 ani-

2055 3627 2152 3666 ma:
2199 3611 2442 3682 quidquid
2468 3613 2692 3683 faciunt,
2725 3613 2769 3666 si
2794 3621 2976 3666 natura
3013 3631 3114 3668 non
3152 3615 3403 3670 voluntate
3429 3609 3668 3685 faciunt,‘

2055 3704 2111 3759 id
2135 3713 2206 3759 est
2228 3747 2242 3772 ,
2269 3706 2314 3758 si
2342 3705 2495 3759 libero
2540 3714 2587 3759 et
2627 3704 2694 3758 ad
2736 3705 3020 3776 faciendum
3063 3715 3108 3759 et
3135 3706 3202 3760 ad
3230 3723 3329 3761 non
3358 3708 3648 3777 faciendum

2058 3806 2196 3850 motu
2224 3797 2379 3850 animi
2411 3806 2618 3863 carent,
2662 3797 2706 3851 si
2733 3797 2944 3868 denique
2977 3797 3054 3852 Itis
3086 3798 3366 3853 abstinendi
3397 3801 3458 3854 ab
3498 3817 3650 3872 opere

2057 3903 2151 3942 suo
2173 3895 2392 3958 potestas
2415 3887 2558 3941 nulla
2585 3887 2899 3955 conceditur,
2925 3898 3183 3960 peccatum
3219 3907 3391 3945 earum
3436 3901 3599 3946 tenere
3623 3893 3642 3926 ⁸

2058 3995 2159 4033 non
2180 3996 2445 4050 possumus
2466 3979 2618 4050 (Cap.
2643 3979 2730 4048 12,
2762 3996 2814 4034 n.
2845 3979 2933 4050 17)
2957 3997 2968 4033 :
2995 3990 3273 4051 propterea
3302 3997 3406 4036 non
3435 3993 3650 4053 pertur-

2059 4071 2148 4126 bat
2167 4071 2233 4125 de
2263 4071 2494 4127 parvulis
2524 4071 2765 4142 quaestio,
2795 4072 2918 4141 quia
2956 4087 3021 4126 ex
3057 4073 3199 4134 illius
3225 4074 3429 4143 origine
3463 4075 3538 4129 rei
3565 4082 3647 4132 te-

2061 4171 2272 4225 nentur,
2295 4163 2386 4232 qui
2404 4162 2676 4218 voluntate
2706 4162 2996 4233 peccavit,
3023 4162 3235 4233 quando
3279 4163 3447 4218 libero
3489 4172 3543 4219 et
3579 4165 3650 4222 ad

2029 4255 2033 4258 ’
2062 4251 2362 4307 faciendum
2391 4260 2445 4307 et
2469 4251 2534 4306 ad
2562 4267 2668 4306 non
2695 4253 2994 4307 faciendum
3025 4261 3168 4306 motu
3186 4253 3347 4307 animi
3371 4269 3472 4308 non
3499 4269 3651 4311 care-

2061 4342 2170 4410 bat,
2201 4343 2356 4412 eique
2385 4342 2452 4396 ab
2477 4357 2640 4411 Opere
2678 4343 2818 4398 malo
2848 4342 3147 4398 abstinendi
3181 4359 3386 4398 summa
3415 4354 3650 4415 potestas

2062 4440 2196 4487 erat.
2213 4432 2364 4499 Quod
2382 4433 2661 4487 Manichmi
2687 4433 2754 4488 de
2776 4433 3114 4488 tenebrarum
3138 4444 3292 4505 gente
3310 4451 3414 4490 nou
3442 4436 3648 4506 dicunt,
3665 4439 3670 4444 ’

2063 4539 2221 4592 quam
2248 4522 2644 4579 fabulosissime
2674 4523 2949 4589 inducunt,
2982 4539 3208 4596 eamque
3234 4535 3473 4583 naturam
3504 4544 3646 4585 sem-

2064 4630 2159 4684 per
2181 4615 2396 4680 malam,
2428 4630 2696 4685 nunquam
2729 4616 2920 4670 bonam
2951 4616 3112 4671 fuisse
3131 4618 3481 4673 contendunt.
3661 4621 3670 4695 l

2137 4707 2189 4759 7.
2238 4704 2368 4759 Illud
2413 4714 2591 4760 autem
2639 4706 2803 4776 qumri
2851 4715 3027 4776 potest
3077 4708 3341 4777 quomodo
3384 4710 3672 4778 dixerim,‘

2065 4796 2234 4850 Etiam
2254 4797 2297 4850 si
2322 4807 2435 4850 sunt
2457 4797 2658 4864 animm,
2682 4798 2817 4869 quod
2840 4797 3038 4852 interim
3073 4803 3316 4854 incertum
3342 4809 3434 4868 est,
3463 4818 3650 4872 corpo-

2066 4888 2165 4943 reis
2204 4888 2396 4958 oﬁiciis,
2418 4905 2519 4942 non
2563 4897 2785 4960 peccato,
2833 4889 2922 4943 sed
2967 4899 3148 4944 natura
3189 4892 3388 4957 deditae,
3438 4909 3646 4962 nosque,

2065 4996 2352 5050 quanquam
2375 4981 2472 5034 sint
2496 4981 2786 5052 inferiores,
2823 4981 2991 5050 aliqua
3025 4990 3188 5036 tanien
3215 4983 3448 5038 interiore
3470 4984 3648 5042 vicini:-

2068 5080 2168 5126 tate
2193 5073 2521 5143 contingunt;
2553 5089 2654 5127 non
2694 5071 2811 5127 illas
2844 5073 2956 5128 ideo
2985 5075 3144 5128 malas
3187 5075 3359 5128 haberi
3395 5085 3648 5145 oportere,

2066 5158 2185 5226 quia
2211 5173 2300 5211 nos
2323 5173 2436 5211 cum
2464 5173 2549 5210 cas
2577 5158 2830 5228 sequimur
2855 5167 2901 5211 et
2925 5174 3165 5229 corporea
3199 5158 3455 5230 diligimus
3478 5200 3493 5224 ,
3523 5159 3650 5215 mali

2067 5265 2272 5316 sumus;
2297 5249 2724 5319 quandoquidem
2745 5248 2813 5304 dc
2841 5249 2944 5304 illis
2969 5249 3068 5305 hoc
3095 5249 3228 5318 dixi,
3246 5249 3312 5306 de
3335 5251 3526 5322 quibus
3549 5267 3648 5307 su-

2067 5405 2296 5464 ctionem,
2311 5417 2458 5474 quam
2470 5411 2670 5474 tuentur
2699 5409 3036 5474 Mss._excepto
3050 5417 3147 5474 uno
3171 5404 3276 5456 fere
3293 5415 3467 5474 Germ._
3483 5410 3532 5458 in
3551 5420 3652 5474 quo

2068 5465 2344 5532 perperam
2360 5465 2560 5532 legitur,
2581 5471 2678 5532 tam
2706 5465 3053 5532 cupiditas_';_et
3074 5467 3230 5518 altero
3262 5469 3434 5519 Pratel.
3453 5470 3503 5518 in
3522 5465 3620 5532 quo

2069 5504 2533 5595 meminerant;
2545 5504 3507 5595 ὶᾶἳέὲἱεἲὸἴα“’ἑὶι“””νίὶιέἱξιεῗ“ἴιὲὄι›ἔᾶἱιῖἇέἰίἱ
3522 5504 3654 5593 ἲὲἕᾶ

2069 5588 2246 5639 melius
2263 5598 2317 5640 ut
2343 5591 2388 5655 in
2404 5588 2597 5655 caneris
2611 5598 2767 5639 amoto
2789 5588 3132 5655 comparativo,
3144 5593 3270 5655 quod
3288 5588 3510 5655 reticere,
3523 5588 3653 5655 amat

2068 5659 2113 5700 S.
2159 5659 2289 5718 Aug._
2322 5653 2394 5718 sic
2430 5651 2460 5700 2
2491 5651 2909 5718 Retractqcapuﬁ'
2929 5667 2940 5702 :
2966 5651 3134 5718 mute
3161 5651 3279 5703 inihi
3313 5657 3451 5718 quasi
3487 5652 3651 5705 decla-

2078 5730 2100 5760 ¢
2114 5713 2260 5762 matio
2278 5713 2417 5774 levis,
2438 5727 2581 5777 quam
2600 5715 2759 5776 gravis
2770 5713 3007 5766 cunt'essio
3029 5717 3234 5766 videtur.
3249 5733 3272 5761 ι

2134 5777 2150 5843 ξ
2177 5784 2302 5835 Am.,
2321 5781 2394 5843 Er.
2422 5774 2479 5843 ei
2497 5774 2748 5843 Becco-usis
2780 5779 2932 5827 codex
2948 5815 2961 5837 ,
2980 5787 3174 5843 peccato
3189 5789 3355 5830 eorum
3379 5774 3546 5830 leucri.
3576 5774 3656 5830 ste

2072 5838 2219 5889 etiam
2236 5844 2345 5889 Lov.
2363 5837 2413 5887 in
2433 5837 2556 5888 libro
2572 5837 2636 5888 de
2653 5843 2843 5890 Duabus
2859 5837 3125 5890 Auiu'iabus.

3242 5966 3278 5980 ,4-
