4116 6366
498 313 598 371 611

490 431 670 505 perius
692 428 833 500 loqui
865 440 1130 499 coeperam
1165 423 1348 480 dicens
1378 439 1389 477 :
1422 421 1719 499 Quanquam
1752 420 1945 475 etiamsi
1970 420 2069 473 eis-

494 523 606 577 dem
634 522 937 575 coucedatur
974 519 1211 589 inferiore
1232 517 1332 570 alio
1355 530 1531 586 genere
1552 514 1839 567 animarum
1864 529 1952 566 nos
1971 511 2074 566 illi—

490 617 535 670 ci
567 616 631 668 ad
684 616 849 685 turpia
872 630 1005 677 ,‘non
1031 612 1147 665 inde
1163 611 1432 679 conﬁciunt
1455 617 1539 661 aut
1568 607 1683 661 illas
1710 615 1891 659 natura
1914 605 2073 658 malas

490 724 614 772 esse,
639 719 722 759 aut
745 708 866 759 istas
892 720 1141 765 summum
1171 703 1352 755 bonum
1382 700 1530 771 (Cap.
1562 700 1647 763 15,
1677 697 1866 768 11.20).
1894 698 1968 752 De
1990 697 2071 751 his

489 800 1061 869 enimdisputationem
1103 812 1270 866 usque
1315 793 1381 848 ad
1415 794 1555 848 hunc
1593 793 1765 847 locum
1811 791 2067 862 perduxi,

484 892 571 951 ubi
602 891 705 946 dixi
734 909 744 943 :
776 888 989 941 Etiamsi
1021 897 1132 941 sunt
1174 887 1355 939 anima:
1375 928 1387 949 ,
1419 885 1553 953 quod
1591 884 1787 936 interim
1826 883 2068 937 incertum

484 992 575 1048 est,
601 981 855 1051 corporeis
872 980 1061 1051 ofﬁciis,
1086 995 1182 1029 non
1205 985 1423 1045 peccato,
1443 975 1528 1028 sed
1548 984 1727 1027 natura
1746 973 1944 1041 deditte,
1959 985 2062 1030 etc.

481 1074 656 1141 Quaari
688 1088 811 1141 ergo
833 1079 1022 1141 potest,
1049 1086 1163 1133 cur,
1193 1068 1415 1122 dixerim
1446 1068 1577 1137 quod
1602 1068 1799 1119 interim
1824 1068 2066 1121 incertum

482 1148 572 1230 est,
604 1180 722 1217 cum
758 1178 970 1232 prorsus
1016 1161 1258 1214 dubitare
1311 1176 1412 1213 non
1457 1158 1755 1223 debuerim,
1802 1175 1906 1212 non
1946 1175 2064 1214 esse

484 1258 616 1309 tales
646 1256 867 1308 animas.
916 1254 1015 1308 Sed
1047 1254 1144 1306 hoc
1182 1252 1299 1306 ideo
1325 1251 1471 1319 dixi,
1504 1252 1621 1321 quia
1667 1262 1917 1319 expertus
1947 1266 2061 1305 sum

481 1350 569 1420 qui
598 1348 833 1402 dicerent
867 1345 1129 1399 diabolum
1160 1354 1211 1397 et
1253 1343 1469 1414 angelos
1511 1344 1625 1412 ejus
1667 1344 1837 1397 bonos
1866 1358 1983 1399 esse
2012 1344 2069 1407 in,

478 1457 675 1512 genere
703 1454 819 1505 suo,
849 1450 902 1493 et
930 1439 980 1491 in
1011 1453 1073 1491 ea
1117 1446 1305 1490 natura
1348 1437 1398 1489 in
1430 1451 1530 1506 qua
1560 1451 1652 1490 eos
1682 1438 1881 1491 creavit
1924 1438 2061 1491 Deus

477 1533 663 1587 ordine
698 1531 910 1600 proprio
941 1529 1069 1584 tales
1100 1528 1283 1599 quales
1327 1538 1449 1582 sunt
1482 1546 1493 1580 :
1528 1528 1619 1582 sed
1667 1528 1821 1581 nobis
1862 1529 2059 1583 malum

477 1640 614 1693 esse,
646 1623 694 1678 si
730 1625 1013 1678 illiciamur
1035 1633 1085 1677 et
1114 1622 1425 1677 seducamur
1451 1622 1517 1676 ab
1548 1623 1659 1687 eis;
1692 1622 1733 1675 si
1767 1631 1940 1675 autem
1969 1638 2058 1676 ca-

470 1732 689 1772 veamus
714 1732 807 1772 eos
834 1726 991 1787 atque
1034 1715 1306 1769 vincamus
1333 1756 1344 1778 ,
1378 1715 1629 1775 decorum
1676 1724 1834 1784 atque
1860 1715 2058 1785 glori!)-

470 1824 611 1866 sum.
645 1808 712 1863 Et
735 1808 835 1865 hoc
864 1807 953 1878 qui
984 1807 1200 1873 dicunt,
1232 1807 1473 1861 videntur
1505 1806 1603 1860 sibi
1632 1815 1688 1859 ut
1731 1806 1781 1860 id
1813 1808 2055 1876 probent,

470 1900 538 1955 de
566 1899 854 1970 Scripturis
901 1898 1152 1954 adbibere
1200 1898 1387 1952 idonea
1435 1898 1769 1963 testimonia;
1816 1898 1896 1952 vel
1931 1897 2059 1953 illud

470 1995 613 2066 quod
640 1996 894 2063 scriptum
918 2003 1000 2048 est
1050 1993 1100 2046 in
1140 1992 1273 2047 libro
1312 1991 1411 2046 Job
1444 1991 1586 2064 (XL,
1623 1992 1689 2044 Μ
1719 1989 1762 2061 ),
1794 2006 1915 2046 cum
1942 1991 2056 2046 dia-

469 2088 625 2145 bolus
653 2088 1040 2143 deseriberetur
1059 2128 1073 2152 ,
1108 2084 1219 2138 Hoc
1245 2094 1318 2139 est
1347 2085 1547 2138 initium
1578 2085 1805 2155 ﬁgmenti
1836 2084 2057 2139 Domini

470 2183 603 2250 quod
632 2182 744 2251 fecit
765 2181 831 2234 ad
871 2178 1181 2233 illutlendum
1228 2178 1287 2230 ab
1337 2178 1539 2249 Angelis
1585 2178 1733 2244 suis;
1766 2178 1850 2233 vel
1906 2178 2052 2246 illud,

468 2269 639 2326 Draco
706 2272 786 2325 hic
834 2287 980 2339 quem
1043 2269 1232 2338 ﬁnxisti
1277 2268 1343 2321 ad
1382 2267 1697 2321 illudendunt
1762 2285 1807 2322 et
1858 2268 2054 2340 (Psal.

470 2382 581 2433 cm,
629 2366 698 2420 26
732 2365 775 2437 ).
820 2366 987 2431 Quam
1041 2364 1421 2433 quaestionem,
1476 2377 1593 2431 qua:
1642 2378 1746 2416 non
1803 2358 2057 2418 adversus

467 2460 786 2516 Manichaeos
857 2460 945 2530 qui
1000 2458 1102 2513 hoc
1167 2473 1276 2513 non
1338 2457 1606 2523 sentiunt,
1654 2457 1748 2511 sed
1805 2458 2057 2513 adversus

466 2554 599 2609 alios
659 2553 748 2623 qui
828 2551 932 2607 hoc
987 2551 1223 2605 sentiunt
1305 2549 1640 2618 suscipienda
1695 2559 1839 2605 esset
1898 2557 2059 2620 atque

465 2644 744 2709 solvenda,
800 2652 1127 2713 pertractare
1186 2651 1345 2711 atque
1403 2641 1638 2696 enodare
1702 2652 1826 2696 tunc
1887 2643 2052 2711 nolui,

467 2753 540 2795 ne
574 2738 766 2793 librum
804 2737 969 2791 multo
1013 2751 1171 2806 quam
1217 2735 1408 2790 vellem
1453 2734 1678 2789 facerem
1721 2736 2051 2806 longiorem:

468 2845 587 2885 cum
619 2828 855 2884 viderem
886 2828 1045 2882 etiam
1083 2828 1127 2881 si
1168 2826 1269 2883 hoc
1300 2826 1678 2882 concederetur
1698 2869 1711 2895 ,
1742 2839 1916 2883 tamen
1958 2829 2053 2884 de-

466 2919 595 2977 bere
622 2919 943 2975 lllanicbmos
969 2920 1154 2988 acjam
1178 2934 1337 2988 posse
1365 2920 1626 2984 convinci,
1658 2918 2054 2977 introducentcs

466 3011 811 3068 insanissime
837 3027 1021 3067 errore
1042 3056 1055 3077 ,
1085 3019 1330 3066 naturam
1370 3011 1491 3064 mali
1523 3020 1723 3066 aeterno
1756 3012 1895 3067 bono
1920 3027 2056 3067 eoa:-

466 3110 691 3162 ternam.
724 3102 848 3158 ideo
872 3118 1001 3172 ergo
1029 3102 1157 3169 dixi,
1188 3102 1321 3173 quod
1342 3103 1539 3156 interim
1560 3103 1804 3157 incertum
1827 3114 1918 3170 est,
1948 3119 2052 3159 non

468 3194 609 3265 quod
632 3210 729 3264 ego
753 3193 874 3249 inde
900 3192 1197 3247 dubitarem
1221 3234 1236 3260 ,
1259 3193 1350 3249 sed
1380 3194 1521 3263 quod
1550 3194 1691 3248 inter
1720 3210 1802 3248 me
1833 3205 1885 3249 ct
1914 3196 2047 3262 illos,

466 3301 600 3355 quos
632 3286 701 3339 ita
723 3300 909 3356 sapere
935 3285 1260 3353 inveneram,
1282 3285 1514 3339 nondum
1543 3296 1683 3339 esset
1711 3288 1809 3341 ἰδία
1833 3289 2053 3357 quastio

466 3377 765 3444 dissoluta;
814 3393 970 3447 quam
1010 3386 1185 3432 tamen
1221 3379 1271 3429 in
1317 3378 1433 3431 aliis
1473 3377 1628 3446 longe
1672 3381 2059 3449 posterioribus

468 3469 621 3526 libris
647 3471 779 3525 meis
804 3469 870 3525 de
900 3468 1095 3525 Genesi
1122 3469 1187 3523 ad
1217 3470 1463 3537 litteram,
1497 3472 1787 3525 secundum
1820 3472 2053 3542 Scriptu-

463 3576 553 3619 ras
577 3572 788 3617 sanctas
817 3571 1010 3631 quanta
1039 3561 1183 3630 potui
1223 3561 1647 3618 manifestatione
1672 3564 1909 3617 dissolvi.

538 3656 591 3711 8.
619 3657 735 3710 Alio
766 3656 902 3721 loco,
936 3654 1237 3725 Propterea,
1269 3656 1492 3725 inquam,
1521 3673 1762 3725 corporea
1796 3657 2050 3728 diligendo

463 3764 727 3820 peccamus
750 3789 763 3812 ,
792 3747 909 3817 quia
933 3746 1219 3817 spiritualia
1250 3747 1457 3817 diligere
1496 3758 1539 3799 et
1570 3749 1773 3818 justititt
1792 3749 2047 3818 jubcmur,

461 3850 509 3896 et
550 3851 730 3896 natura
758 3856 1050 3911 possumus,
1082 3850 1128 3894 et
1159 3849 1277 3893 tunc
1312 3841 1365 3893 in
1404 3848 1572 3894 nostro
1602 3857 1777 3911 genere
1803 3841 1976 3911 Optimi
2006 3850 2052 3895 et

462 3930 733 3989 beatissimi
768 3948 940 3985 sumus
971 3930 1118 4001 (Cap.
1154 3932 1254 3996 15,
1305 3949 1355 3983 n.
1403 3932 1516 4002 20).
1550 3930 1649 3986 Ubi
1682 3932 1845 4002 qureri
1877 3941 2052 4001 potest

462 4039 579 4091 cur,
613 4034 815 4091 natura,
846 4033 901 4078 et
930 4039 1057 4089 non,
1084 4023 1264 4078 Gratia
1294 4038 1575 4094 possumus
1605 4026 1642 4090 ί,
1674 4024 1916 4079 dixerim.
1946 4026 2049 4081 Sed

463 4125 648 4183 contra
688 4115 1008 4170 Manicbtcos
1037 4114 1104 4169 de
1129 4124 1315 4169 natura
1354 4117 1577 4185 quaestio
1611 4117 1938 4171 versabatur.
1985 4119 2051 4173 Et

462 4208 647 4277 utique
683 4206 732 4260 id
771 4209 879 4277 agit
910 4211 1106 4277 gratia,
1156 4218 1210 4261 ut
1252 4218 1433 4262 sanata
1476 4218 1661 4263 natura
1703 4211 1841 4279 quod
1870 4211 2047 4266 vitiata

465 4314 571 4356 non
596 4307 801 4368 potest,
832 4300 997 4369 possit
1029 4316 1125 4371 per
1150 4317 1268 4354 eum
1311 4302 1396 4370 qui
1428 4303 1571 4356 venit
1600 4319 1839 4373 qumrcre
1864 4313 1916 4358 et
1941 4306 2048 4358 sal-

461 4404 585 4445 vum
612 4388 789 4464 facere
815 4389 955 4459 quod
981 4391 1227 4459 perierat.
1259 4394 1426 4458 Quam
1447 4402 1620 4447 tamen
1642 4390 1862 4464 gratiam
1891 4397 2047 4451 etiam

460 4491 594 4538 tunc
622 4484 863 4545 recolens
889 4485 1037 4538 oravi
1071 4500 1163 4553 pro
1193 4484 1612 4544 familiarissimis
1638 4492 1772 4545 meis
1793 4491 1880 4561 qui
1904 4508 2046 4545 mor-

459 4575 617 4630 tifero
660 4576 754 4632 illo
795 4576 972 4631 adhuc
1020 4578 1335 4632 tenebantur
1378 4596 1557 4635 errore
1583 4624 1597 4647 ,
1630 4592 1684 4637 et
1730 4583 1879 4638 dixi:
1916 4584 2048 4639 Dens

458 4684 657 4742 magne,
688 4667 825 4726 Deus
851 4670 1182 4739 omnipotens,
1223 4669 1360 4723 Deus
1384 4688 1593 4727 summa:
1621 4674 1871 4741 bonitatis,
1902 4694 2047 4747 quem

457 4759 794 4816 inviolabilem
840 4771 884 4815 et
927 4762 1355 4833 incorruptibilem
1398 4765 1417 4794 ²
1466 4765 1601 4818 credi
1649 4774 1794 4836 atque
1834 4768 2049 4839 intelligi

457 4853 537 4924 fas
563 4861 663 4919 est,
698 4850 858 4907 Trina
904 4852 1120 4920 Unitas,
1150 4871 1299 4923 quam
1344 4856 1588 4909 catholica
1635 4856 1863 4912 Ecclesia
1907 4862 2043 4925 colit,

454 4945 672 5016 supplex
697 4962 786 5000 oro
809 4956 1083 5016 ,eazpertus
1124 4946 1177 5000 in
1224 4963 1302 5001 me
1347 4947 1739 5002 misericordiam
1781 4960 1956 5016 tuam,
1988 4971 2048 5008 ne

456 5035 683 5099 homines
729 5055 843 5093 cum
871 5039 1046 5107 quibus
1072 5039 1194 5093 mihi
1223 5055 1254 5092 a
1280 5040 1493 5108 pueritia
1530 5040 1580 5092 in
1609 5042 1743 5095 omni
1772 5045 1996 5097 convictu
2027 5046 2047 5076 ³

454 5132 551 5203 fuit
580 5150 776 5187 summa
802 5135 1062 5189 consensio
1082 5176 1094 5199 ,
1127 5135 1179 5187 in
1205 5143 1288 5187 tuo
1315 5135 1449 5187 cultu
1478 5152 1508 5187 α
1540 5152 1617 5189 me
1641 5136 1901 5191 dissentire
1928 5156 2044 5209 per-

458 5224 630 5279 mittas
656 5223 806 5297 (Cap.
837 5226 925 5291 15,
949 5243 1001 5279 n.
1031 5226 1146 5296 24).
1179 5225 1269 5281 Sic
1294 5227 1474 5297 utique
1499 5242 1675 5295 orans,
1703 5229 1812 5299 jam
1841 5230 1944 5287 lide
1964 5248 2048 5288 re-

461 5304 741 5386 tinebam,
771 5333 876 5373 non
908 5321 1078 5374 solum
1110 5336 1395 5375 conversos
1419 5321 1483 5376 ad
1518 5322 1680 5376 Deum
1726 5326 1888 5395 gratia
1931 5327 2045 5397 ejus

461 5409 725 5480 adjuvari,
755 5420 813 5466 ut
840 5414 1120 5481 proﬁciant
1144 5429 1207 5470 ac
1236 5414 1598 5484 perﬁciantur,
1622 5416 1710 5471 ubi
1740 5418 1914 5475 adhuc
1943 5420 2044 5475 dici

458 5511 654 5575 potest,
690 5519 788 5572 pro
831 5506 1022 5560 merito
1065 5508 1428 5562 conversionis
1475 5508 1681 5563 illorum
1730 5510 1883 5565 istam
1930 5512 2043 5567 dari

517 5598 537 5673 ξ
558 5596 691 5673 apud
706 5606 809 5673 Am.
832 5606 884 5649 et
900 5598 1081 5673 aliquot
1105 5613 1134 5649 e
1154 5608 1282 5673 διεδ,
1296 5601 1462 5673 gratia
1478 5601 1639 5673 potius.
1659 5602 1891 5656 dixerim.

514 5660 537 5692 ⁸
558 5666 662 5731 Mss.
683 5666 887 5731 quatuor
905 5660 1101 5725 addunt,
1127 5660 1277 5729 atque
1287 5660 1732 5718 ὕιεοηωὶιιιαὺὶιεηι.
1759 5674 1858 5717 Am.
1880 5675 1933 5719 et
1945 5674 2042 5731 Er.,

494 5722 969 5800 [tiu-eluuntatqbiient.
1082 5722 1135 5800 ξς
1189 5722 1217 5800 ’Β
1251 5787 1279 5800 ﬂ
1536 5788 1547 5799 .
1709 5789 1720 5800 .
1863 5790 1874 5800 .

557 5784 695 5849 Editi,
712 5782 761 5837 in
787 5785 1027 5839 taninum
1048 5786 1168 5840 rictu
1188 5787 1297 5851 fuit.
1312 5795 1365 5841 At
1380 5796 1508 5855 Mss,
1527 5788 1580 5844 in
1592 5789 1722 5845 onmi
1739 5790 1969 5846 convictu.

1504 262 1505 265 γ
1565 303 2194 381 RETRACTATIONUM
2233 306 2290 364 s.
2331 306 2696 377 AUGUSTINI

3673 319 3732 378 61
3741 320 3778 385 2

2180 421 2434 492 gratiam;
2465 439 2648 493 verum
2681 425 2838 478 etiam
2878 430 2940 479 ut
2974 431 3353 482 convertantur
3376 428 3444 485 ad
3480 429 3685 503 Deum,
3707 435 3773 492 ad

2179 513 2347 582 ipsam
2378 514 2471 570 Dei
2499 515 2723 585 gratiam
2756 516 3031 585 pertinere
3060 536 3072 572 :
3114 520 3541 591 quandoquidem
3570 540 3666 594 pro
3694 528 3771 582 eis

2178 606 2328 660 oravi
2358 607 2447 677 qui
2478 618 2629 662 erant
2660 608 2725 662 ab
2749 608 2837 661 illo
2866 608 3023 664 nimis
3053 611 3245 679 aversi,
3273 622 3429 684 atque
3456 623 3511 670 ut
3535 615 3600 671 ad
3628 618 3767 675 illatr

2175 709 2612 757 converterentur
2659 703 2823 756 oravi.
2878 702 2976 758 Hic
3006 704 3141 760 liber
3187 705 3264 761 sic
3300 706 3483 779 incipit
3524 727 3537 764 :
3583 709 3741 782 Opim

2154 791 2311 847 ‘lante
2340 793 2434 847 Dei
2460 794 2823 848 misericordia.

2809 908 3036 965 CAPUT
3076 909 3215 966 XVI.

2244 997 2368 1051 Acta
2396 1006 2571 1052 contra
2592 997 2933 1055 Fortunatam
2958 1000 3320 1073 Manio/neum,
3350 1006 3474 1061 liber
3500 1026 3648 1065 unus.

2231 1100 2295 1165 1.
2329 1112 2526 1168 Eodem
2562 1123 2799 1185 tempore
2827 1116 3143 1188 presbyterii
3184 1121 3327 1189 mei,
3354 1132 3540 1178 contra
3570 1125 3762 1182 Fortu-

2169 1211 2349 1257 natum
2378 1206 2659 1273 quemdam
2703 1207 3115 1264 Manichaeorum
3162 1214 3530 1284 presbyterum
3579 1218 3762 1291 dispu-

2169 1294 2291 1359 tavi,
2317 1295 2409 1364 qui
2438 1296 2722 1365 plurimum
2755 1301 3016 1371 temporis
3045 1302 3181 1370 apud
3213 1303 3510 1374 Hipponem
3536 1309 3760 1380 vixerat,

2167 1386 2565 1459 seduxeratque
2608 1399 2716 1445 tam
2758 1381 2994 1459 multos,’
3029 1402 3087 1448 ut
3126 1406 3344 1467 propter
3370 1397 3491 1453 illos
3531 1401 3601 1456 ibi
3639 1418 3761 1459 eum

2167 1477 2455 1534 delectaret
2500 1481 2759 1537 habitare.
2807 1484 2937 1551 Qute
2962 1485 3247 1555 disputatio
3271 1490 3431 1546 nobis
3454 1493 3759 1550 altercanti-

2166 1572 2265 1627 bus
2292 1582 2512 1643 escepta
2536 1584 2621 1629 est
2642 1592 2673 1629 a
2704 1577 2945 1644 notariis,
2969 1580 3132 1633 veluti
3154 1579 3314 1637 Gesta
3328 1584 3756 1654 coafwerentur;

2164 1678 2287 1718 nam
2316 1672 2372 1719 et
2396 1664 2536 1720 diem
2569 1666 2747 1733 habet,
2780 1678 2831 1723 et
2858 1671 3154 1726 consulem.
3183 1672 3330 1728 Hanc
3355 1675 3408 1728 in
3434 1675 3629 1737 librum
3649 1693 3760 1734 me»

2163 1757 2350 1813 moria:
2384 1760 2737 1815 mandandum
2768 1762 3011 1818 conferre
3037 1766 3359 1821 curavimus.
3392 1766 3651 1824 Versatur
3681 1771 3753 1826 ibi

2163 1852 2389 1920 QUtDSliO
2410 1853 2550 1908 unde
2576 1854 2651 1908 sit
2670 1856 2862 1909 malum
2888 1873 2899 1908 :
2921 1872 3004 1911 me
3027 1868 3302 1914 asserente
3328 1872 3571 1916 exortum
3593 1862 3771 1921 fuisse.

2168 1939 2404 1997 hominis
2431 1945 2632 1999 malum
2662 1962 2729 2001 ex
2758 1947 2927 2002 libero
2953 1950 3243 2007 voluntatis
3271 1953 3525 2022 arbitrio;
3556 1956 3645 2011 illo
3662 1971 3758 2012 au-

2164 2041 2269 2089 tem
2302 2044 2541 2090 naturam
2586 2038 2710 2091 mali
2756 2040 2864 2094 Deo
2905 2050 3223 2097 coacternam
3268 2046 3593 2114 persuadere
3634 2063 3753 2105 mo-

2162 2125 2344 2182 liente.
2387 2129 2491 2185 Sed
2534 2134 2880 2202 consequenti
2934 2135 3022 2190 die
3073 2137 3284 2192 tandem
3329 2139 3609 2196 confessus
3652 2152 3755 2212 est,

2162 2220 2291 2274 nihil
2319 2238 2377 2276 se
2400 2223 2652 2279 adversus
2686 2242 2782 2281 nos
2803 2228 3043 2285 invenire
3072 2232 3211 2301 quod
3241 2232 3462 2289 diceret.
3492 2234 3602 2291 Nec
3628 2252 3759 2294 sane

2161 2314 2455 2368 catholicus
2484 2317 2650 2371 lactus
2671 2327 2772 2385 est,
2804 2321 2897 2373 sed
2929 2329 3106 2376 tamen
3127 2324 3193 2377 ab
3216 2324 3459 2393 Hippone
3484 2326 3751 2382 discessit.

2231 2406 2284 2459 2.
2314 2406 2367 2460 In
2403 2408 2503 2462 hoc
2534 2411 2668 2464 libro
2697 2411 2827 2467 illud
2873 2416 3013 2484 quod
3059 2416 3187 2481 dixi,
3218 2418 3453 2474 Animam
3495 2421 3610 2475 dico
3650 2438 3757 2477 esse

2162 2504 2349 2569 factam
2375 2518 2404 2553 tt
2426 2501 2536 2556 Deo
2557 2544 2571 2569 ,
2602 2514 2654 2556 ut
2677 2515 2857 2559 ccetera
2884 2509 3056 2560 omnia
3098 2525 3209 2579 qua:
3237 2526 3267 2563 a
3293 2509 3402 2565 Deo
3434 2513 3570 2581 facta
3602 2522 3755 2580 sunt;

2161 2602 2209 2646 et
2236 2594 2363 2647 inter
2388 2596 2479 2648 illa
2508 2613 2619 2667 qua:
2648 2598 2783 2651 Deus
2813 2601 3126 2670 omnipotens
3146 2602 3283 2671 fecit,
3315 2605 3649 2673 principalem
3675 2606 3755 2659 lo-

2161 2702 2272 2739 cum
2301 2688 2472 2741 datum
2498 2705 2605 2743 esse
2623 2692 2806 2745 anima:
2833 2692 3063 2764 (Disput.
3092 2696 3141 2759 1,
3168 2711 3220 2748 n.
3252 2694 3341 2766 13)
3365 2738 3379 2762 ,
3412 2696 3482 2750 ita
3524 2696 3664 2762 dixi,
3699 2707 3769 2753 ut.

2162 2778 2263 2833 hoc
2290 2783 2614 2850 generaliter
2655 2784 2721 2837 de
2751 2786 2995 2840 universa
3034 2796 3280 2842 creatura
3310 2790 3553 2843 rationali
3589 2791 3754 2861 accipi

2159 2872 2373 2940 vellem,
2404 2877 2642 2943 quamvis
2676 2876 2726 2929 in
2772 2877 3057 2947 Scripturis
3098 2880 3295 2934 sanctis
3337 2881 3545 2936 animas
3585 2882 3757 2937 dictas

2159 2978 2279 3017 esse
2306 2966 2650 3034 Angelorum,
2691 2978 2779 3022 aut
2808 2985 2910 3023 non
2941 2970 3180 3034 omnino,
3210 2980 3300 3025 aut
3337 2988 3441 3027 non
3484 2973 3650 3042 possit
3674 2973 3756 3027 fa-

2159 3055 2259 3110 cile
2280 3058 2526 3125 reperiri,
2563 3060 2698 3114 sicut
2726 3078 2881 3131 supra
2901 3063 3009 3132 jam
3036 3064 3284 3119 diximus.
3319 3065 3448 3121 ltcm
3470 3067 3576 3120 alio
3597 3068 3753 3124 loco:

2162 3145 2273 3218 Ego
2300 3150 2432 3214 dico,
2467 3151 2709 3221 inquam,
2745 3164 3002 3223 peccatum
3044 3172 3145 3209 non
3183 3174 3310 3225 esse,
3332 3158 3375 3211 si
3410 3173 3506 3210 non
3546 3158 3755 3227 propria

2160 3240 2411 3292 voluntate
2440 3251 2665 3310 peccetur
2716 3243 2942 3313 (Disput.
2992 3245 3025 3297 2
3057 3287 3071 3312 ,
3101 3264 3151 3298 n.
3181 3246 3295 3317 21).
3349 3247 3447 3302 Ubi
3477 3256 3757 3317 peccatum

2160 3328 2289 3383 illud
2319 3331 2537 3400 intelligi
2568 3333 2727 3398 volui,
2754 3334 2892 3403 quod
2919 3350 3023 3388 non
3049 3337 3306 3391 estetiam
3333 3352 3489 3407 poena
3517 3341 3752 3407 peccati:

2158 3439 2278 3476 nam
2313 3423 2377 3476 de
2422 3425 2510 3477 tali
2540 3440 2695 3493 plena
2726 3425 2831 3479 dixi
2879 3427 3029 3498 alibi‘
3058 3429 3110 3481 in
3150 3428 3337 3484 eadem
3368 3430 3748 3502 disputatione,

2156 3515 2615 3583 quml'tlicendum
2646 3516 2743 3571 fuit
2777 3517 3001 3588 (Disput.
3036 3520 3086 3585 1,
3118 3536 3170 3572 n.
3204 3518 3315 3591 15).
3345 3522 3583 3592 Itemque
3610 3523 3749 3578 dixi:

2161 3605 2225 3660 Ut
2251 3618 2417 3676 postea
2444 3610 2620 3663 endam
2648 3612 2757 3680 ipsa
2787 3628 2925 3678 caro,
2954 3630 3067 3681 quae
3092 3631 3183 3668 nos
3208 3615 3365 3684 pontis
3385 3617 3528 3669 torsit
3554 3617 3609 3670 in
3634 3634 3751 3687 pec-

2156 3700 2285 3751 catis
2324 3712 2597 3767 manentes,
2647 3702 2946 3773 subjiciatur
2992 3706 3133 3759 nobis
3171 3707 3225 3759 in
3280 3710 3660 3774 resurrectione,
3705 3720 3754 3764 et

2156 3792 2297 3843 nulla
2328 3792 2623 3847 adversitate
2650 3812 2740 3848 nos
2774 3796 2985 3865 quatiat,
3017 3799 3279 3867 quominus
3310 3798 3467 3870 legem
3489 3810 3535 3855 et
3560 3818 3749 3871 prteee-

2158 3891 2243 3951 pta
2272 3884 2441 3936 divina
2472 3903 2721 3942 servemus
2750 3886 2978 3957 (Disput.
3022 3889 3076 3956 2,
3110 3906 3161 3943 n.
3345 3891 3497 3957 Quod
3534 3907 3640 3946 non
3679 3893 3749 3949 ita

2156 3977 2627 4044 estaccipiendnm
2657 4020 2669 4045 ,
2700 3990 2947 4051 tanquam
2992 3982 3120 4037 etin
3166 3982 3258 4036 illo
3291 3983 3382 4037 Dei
3430 3999 3614 4055 regno,
3662 3987 3749 4041 ubi

2155 4069 2557 4140 incorrUptibile
2582 4082 2742 4142 atque
2772 4075 3069 4130 immortale
3094 4090 3291 4145 corpus
3321 4076 3654 4145 habebimus,
3681 4079 3748 4135 de

2156 4163 2449 4233 Scripturis
2476 4163 2668 4218 divinis
2694 4167 2774 4219 lex
2814 4174 2869 4222 et
2894 4178 3154 4238 prteeepta
3184 4169 3441 4225 sumenda
3484 4171 3624 4225 sint:
3654 4171 3747 4225 sed

2154 4258 2272 4325 quia
2303 4255 2689 4324 perfectissime
2731 4257 2804 4311 ibi
2849 4259 2931 4312 lex
2964 4268 3159 4315 a‘terna
3205 4262 3532 4327 servabitur,
3574 4271 3627 4317 et
3655 4262 3744 4317 illa

2154 4345 2260 4400 duo
2302 4354 2564 4416 praecepta
2592 4347 2659 4401 de
2689 4346 2955 4417 diligendo
2996 4350 3103 4405 Deo
3145 4361 3198 4405 et
3242 4352 3485 4420 proximo
3508 4392 3522 4418 ,
3553 4366 3657 4405 non
3688 4351 3743 4406 in

2156 4438 2406 4504 lectione,
2433 4438 2524 4493 sed
2557 4439 2607 4493 in
2641 4440 2750 4510 ipsa
2780 4440 3007 4508 perfecta
3036 4449 3089 4497 et
3111 4442 3432 4512 sempiterna
3458 4442 3741 4499 dilectione

2154 4530 2469 4584 tenebimus.
2529 4530 2638 4585 Hoc
2690 4546 2824 4600 opus
2873 4533 2952 4587 sic
2997 4534 3222 4603 incipit:
3278 4533 3460 4599 Quinto
3502 4533 3744 4589 calendas

2153 4622 2462 4690 septcntbris,
2494 4620 2713 4677 Arcadio
2732 4622 2959 4694 Augusto
2985 4624 3058 4678 bis
3084 4635 3128 4679 et
3156 4626 3344 4697 Ruﬁno
3368 4626 3486 4681 uiris
3513 4624 3741 4679 clarissi-

2153 4712 2246 4765 mis
2265 4714 2568 4767 consulibus.

2788 4827 3014 4885 CAPUT
3052 4828 3211 4885 XVII.

2496 4922 2569 4977 De
2597 4920 2726 4976 Fide
2751 4930 2795 4977 et
2823 4922 3086 4994 Symbolo,
3115 4922 3396 4982 libamus.

2223 5039 2326 5094 Per
2348 5038 2486 5094 idem
2516 5045 2725 5109 tempus
2767 5054 2949 5096 coram
2974 5038 3237 5109 episcopis
3265 5038 3368 5096 hoc
3391 5038 3516 5094 mihi
3539 5038 3730 5115 juben-

2153 5132 2312 5197 tibus,
2341 5131 2428 5201 qui
2459 5131 2753 5200 plenarium
2780 5132 2938 5186 totius
2962 5131 3153 5187 Africa:
3170 5132 3450 5188 concilium
3466 5131 3734 5202 Hippone-

2152 5224 2297 5294 regio
2324 5222 2592 5279 habebant
2616 5222 2681 5278 de
2715 5222 2928 5285 Fideet
2960 5222 3214 5295 Symbolo
3253 5225 3529 5297 presbyter
3553 5223 3728 5296 dispu-

2151 5319 2276 5371 tari.
2311 5316 2480 5384 Quam
2502 5315 2911 5386 disputationem
2932 5359 2949 5382 ,
2980 5318 3249 5375 nonnullis
3276 5333 3460 5376 eorum
3502 5319 3593 5390 qui
3635 5332 3745 5379 nos.

2150 5410 2461 5466 familiarius
2509 5412 2800 5484 diligebant
2849 5412 3240 5471 studiosissime
3286 5414 3621 5481 instantibus,
3677 5415 3730 5470 in

2151 5504 2344 5561 librum
2375 5506 2605 5571 contuli;
2631 5506 2689 5562 in
2714 5522 2819 5578 quo
2842 5506 2910 5562 de
2947 5516 3111 5564 rebus
3146 5510 3274 5580 ipsis
3316 5509 3389 5565 ita
3428 5506 3727 5579 disseritur,

2150 5606 2202 5652 ut
2236 5608 2411 5654 tamen
2454 5616 2561 5655 non
2593 5600 2684 5655 ﬁat
2708 5600 2989 5656 verborum
3032 5602 3118 5656 illa
3164 5602 3454 5670 contextio,
3486 5617 3603 5673 qua:
3650 5611 3731 5658 te-

2146 5693 2321 5750 nenda
2362 5695 2669 5751 memoriter
2692 5696 3116 5766 competentibus
3152 5697 3393 5751 traditur.
3440 5697 3493 5751 ln
3528 5696 3630 5752 hoc
3667 5695 3732 5751 li-

2146 5786 2242 5845 bro
2270 5804 2397 5847 cum
2418 5787 2485 5847 de
2510 5788 2898 5855 resurrectione
2933 5789 3110 5857 carnis
3142 5798 3387 5863 ageretur
3421 5808 3431 5843 :
3464 5788 3729 5861 Resurgd,
