4116 6366
353 322 462 389 MS

351 448 579 516 inquam,
609 451 792 509 corpus
817 430 1092 491 secundum
1129 428 1456 488 christianum
1495 425 1675 498 ﬁdem,
1706 443 1818 498 quw
1848 426 1949 496 fal-

355 537 458 591 lere
493 532 510 564 ί
536 547 639 586 non
688 535 865 600 potest.
908 523 1058 590 Quod
1089 524 1171 576 cui
1197 522 1393 578 videtur
1430 518 1754 582 incredibile,
1785 516 1948 588 qualis

350 628 419 683 sit
446 639 580 680 nunc
609 638 726 676 caro
747 618 978 685 attendit,
999 616 1161 688 qualis
1184 625 1352 669 autem
1369 614 1540 683 futura
1563 614 1625 667 sit
1655 629 1753 666 non
1779 612 1947 665 consi-

349 718 497 772 derat
517 712 672 786 :quia
699 711 789 767 illo
810 719 1029 780 tempore
1053 704 1412 760 immutationis
1437 704 1693 775 angelicw,
1717 719 1816 756 non
1835 703 1948 774 jam

350 824 472 863 curo
499 806 591 860 erit
613 813 660 859 et
689 787 916 874 sanguis,
943 799 1032 855 sed
1053 808 1247 852 tantum
1271 813 1452 865 corpus
1480 795 1630 867 (Cap.
1648 795 1733 862 10,
1762 796 1942 866 η.25);

351 911 406 955 et
433 906 624 954 caetera
654 911 773 966 quae
800 894 870 950 ibi
895 893 963 948 de
983 905 1265 961 corporum
1290 890 1618 945 terrestrium
1644 889 1694 944 in
1723 905 1945 958 corpora

277 1051 279 1053 ,
351 990 592 1047 ccelestia
618 987 908 1044 mutatione
930 985 1178 1051 disserui,
1206 984 1454 1054 quoniam
1481 983 1610 1038 dixit
1637 983 1942 1053 Apostolus,

351 1099 472 1140 cum
504 1081 628 1138 inde
654 1081 980 1150 loqueretur,
1010 1077 1139 1131 Caro
1164 1084 1208 1131 et
1248 1075 1451 1146 sanguis
1480 1091 1688 1146 regnum
1725 1074 1821 1128 Dei
1847 1092 1945 1129 non

353 1172 698 1246 possidebunt.
729 1170 833 1226 Sed
860 1168 1097 1240 quisquis
1125 1184 1185 1222 ea
1227 1167 1303 1222 sic
1330 1167 1552 1236 accipit,
1582 1177 1640 1221 ut
1679 1167 1946 1222 existimet

352 1266 425 1321 ita
447 1279 642 1334 corpus
661 1272 954 1327 terrenum,
983 1260 1139 1331 quale
1171 1274 1311 1313 nunc
1337 1259 1594 1313 habemus
1616 1302 1630 1324 ,
1661 1260 1711 1313 in
1753 1273 1945 1329 corpus

352 1360 574 1416 cceleste
603 1356 996 1412 resurrectione
1041 1354 1232 1408 mutari
1256 1395 1270 1417 ,
1304 1362 1360 1410 ιιι
1406 1368 1504 1408 nec
1540 1354 1777 1408 membra
1820 1354 1940 1420 ista,

352 1467 450 1508 nec
471 1451 648 1506 carnis
675 1450 744 1504 sit
784 1447 956 1502 futura
999 1447 1319 1509 substantia;
1353 1445 1535 1514 procul
1583 1445 1743 1500 dubio
1779 1445 1944 1499 corri-

351 1544 557 1616 gendus
585 1553 686 1610 est,
716 1541 1072 1598 commonitus
1101 1540 1167 1594 de
1197 1554 1420 1609 corpore
1453 1538 1682 1605 Domini,
1707 1538 1793 1608 qui
1824 1546 1945 1608 post

356 1636 799 1693 resurrectionem
846 1635 897 1688 in
945 1633 1147 1688 eisdem
1196 1632 1451 1687 membris
1478 1647 1584 1686 non
1617 1633 1785 1686 solum
1817 1647 1946 1685 cou-

351 1728 660 1799 spiciendus
689 1727 890 1792 oculis,
929 1740 1110 1780 verum
1142 1723 1302 1778 etiam
1351 1724 1596 1778 manibus
1639 1723 1942 1778 tractandus

351 1819 619 1889 apparuit,
650 1831 970 1887 carnemque
1000 1830 1058 1870 se
1089 1813 1287 1868 habere
1311 1815 1470 1868 etiam
1497 1829 1743 1870 sermone
1767 1813 1945 1868 firma-

349 1912 448 1977 vit,
479 1910 662 1965 dicens
694 1928 704 1964 :
740 1907 956 1979 Palpate
981 1917 1028 1960 et
1062 1907 1238 1971 videte,
1271 1907 1390 1978 quia
1428 1907 1635 1976 spiritus
1669 1923 1869 1960 carnem
1899 1916 1944 1960 et

351 2020 468 2057 ossa
497 2019 595 2056 non
624 2000 789 2068 habet,
818 2001 945 2056 sicut
973 2017 1048 2054 me
1072 1999 1247 2053 ridetis
1273 1999 1451 2055 [tubere
1483 1999 1628 2072 (Luc.
1647 2015 1802 2066 xxxv,
1827 1997 1940 2071 59).

353 2095 509 2152 Unde
538 2102 746 2150 constat
773 2093 1084 2162 Apostolum
1121 2108 1225 2146 non
1258 2093 1432 2146 carnis
1463 2092 1811 2146 substantiam
1853 2108 1945 2148 ne-

352 2201 508 2258 gasse
538 2187 589 2240 in
620 2199 783 2256 regno
804 2184 899 2238 Dei
941 2184 1201 2247 futuram;
1231 2184 1324 2238 sed
1350 2194 1436 2238 aut
1466 2183 1712 2247 homines
1738 2185 1824 2254 qui
1855 2201 1942 2239 sc-

353 2278 587 2334 cundum
615 2293 827 2333 carnem
858 2279 1072 2344 vivunt,
1114 2277 1290 2332 carnis
1322 2285 1374 2332 et
1414 2279 1689 2349 sanguinis
1728 2279 1945 2334 nomine

353 2385 726 2440 nunwpasse,
774 2379 863 2423 aut
908 2368 1077 2439 ipsam
1123 2369 1300 2423 carnis
1343 2371 1772 2440 corruptionem,
1826 2386 1943 2440 quae

358 2471 482 2516 tunc
510 2462 690 2531 utique
714 2461 856 2515 nulla
882 2461 1003 2516 erit.
1036 2460 1165 2514 Nam
1195 2476 1313 2515 cum
1339 2460 1580 2528 dixisset,
1609 2461 1738 2516 Caro
1758 2470 1803 2516 et
1827 2479 1945 2517 san-

355 2553 466 2625 guis
491 2569 700 2623 regnum
745 2551 843 2605 Dei
891 2570 988 2606 non
1038 2553 1392 2622 possidebunt;
1441 2553 1573 2609 bene
1614 2554 1941 2624 intelligitur,

358 2653 606 2714 tanquam
629 2644 942 2713 exponendo
963 2645 1084 2715 quid
1106 2645 1317 2712 dixerit,
1342 2648 1596 2702 continuo
1612 2647 1941 2704 subdidisse:

357 2738 538 2808 Neque
578 2740 832 2810 corruptio
867 2740 1290 2810 incorruptionem
1329 2741 1595 2810 possidebit
1623 2742 1663 2814 (1
1694 2740 1812 2798 Cor.
1846 2759 1940 2812 xv,

356 2828 469 2900 50).
503 2832 575 2884 De
605 2847 706 2901 qua
735 2848 793 2885 re
831 2831 897 2885 ad
936 2831 1357 2902 persuadendum
1388 2833 1692 2890 infidelibus
1721 2835 1942 2904 difﬁcili,

355 2924 637 2996 diligenter
691 2937 947 2995 quantum
998 2926 1141 2996 potui
1197 2942 1281 2981 me
1326 2926 1645 2982 disseruisse
1692 2930 1941 2998 reperiet,

355 3016 595 3087 quisquis
615 3019 680 3071 de
702 3015 924 3073 Civitate
942 3017 1033 3072 Dei
1059 3018 1252 3072 librum
1274 3018 1460 3088 legerit
1477 3020 1821 3075 novissimum
1845 3019 1942 3092 (a).

355 3110 452 3167 Hic
479 3112 616 3168 liber
643 3112 721 3167 sic
748 3111 930 3182 incipit
960 3131 971 3166 :
1006 3111 1254 3180 Quoniam
1279 3114 1520 3183 scriptum
1544 3123 1634 3168 est.

982 3202 1208 3260 CAPUT
1246 3203 1430 3258 XVIII.

489 3295 570 3350 De
597 3295 778 3350 Genesi
807 3296 874 3349 ad
899 3297 1114 3350 litteram
1143 3297 1487 3369 imperfectus,
1518 3298 1640 3352 liber
1662 3315 1810 3356 unus.

426 3389 565 3446 Cum
591 3391 655 3446 de
682 3390 877 3445 Genesi
906 3391 1039 3446 duos
1064 3390 1228 3446 libros
1248 3401 1432 3446 contra
1462 3391 1782 3447 Manichaeos
1804 3407 1939 3449 con-

356 3483 648 3550 didisscm;
695 3484 949 3554 quoniam
993 3483 1284 3539 secundum
1312 3485 1649 3556 allegoricam
1679 3486 1946 3556 signiﬁca-

354 3578 559 3632 tionem
587 3575 874 3645 Scripturce
897 3575 1057 3631 verba
1085 3583 1452 3644 tractaverant,
1475 3592 1579 3632 non
1601 3591 1760 3632 ausus
1785 3587 1942 3633 uatu-

355 3669 546 3725 ralium
567 3684 749 3723 rerum
770 3677 913 3724 tanta
941 3677 1143 3724 secreta
1169 3669 1235 3724 ad
1262 3669 1489 3726 litteram
1512 3685 1778 3740 exponere
1798 3714 1813 3740 ,
1842 3671 1945 3728 hoc

355 3769 436 3815 est
461 3759 906 3830 quemadmodum
938 3769 1154 3830 possent
1180 3760 1469 3818 secundum
1494 3761 1797 3817 bistoricam
1822 3779 1945 3832 pro-

355 3852 635 3922 prietatem
665 3867 784 3922 quae
808 3851 879 3907 ibi
909 3851 1044 3906 dicta
1079 3861 1200 3906 sunt
1227 3851 1394 3921 accipi
1419 3870 1430 3905 :
1455 3852 1599 3907 volui
1629 3854 1861 3924 experiri
1889 3855 1943 3909 in

355 3941 460 3999 hoc
498 3960 710 4015 quoque
735 3944 1160 4014 negotiosissimo
1197 3960 1260 3999 ac
1288 3944 1602 4001 difficillimo
1627 3961 1791 4016 opere
1817 3947 1944 4018 quid

358 4038 621 4104 valerem;
677 4038 772 4094 sed
819 4038 871 4092 in
923 4037 1210 4107 Scripturis
1261 4038 1588 4108 exponendis
1641 4039 1942 4095 tirocinium

358 4145 536 4184 meum
563 4131 661 4186 sub
689 4140 830 4184 tanta
858 4131 1079 4184 sarcinae
1105 4130 1246 4184 mole
1276 4131 1569 4186 succubuit.
1604 4131 1669 4186 Et
1707 4132 1944 4188 nondum

357 4222 592 4293 perfecto
618 4238 724 4277 uno
749 4223 904 4288 libro,
939 4222 1003 4278 ab
1023 4238 1086 4278 eo
1106 4237 1262 4292 quem
1285 4221 1548 4277 sustinere
1574 4237 1680 4277 non
1703 4233 1944 4292 poteram

359 4314 544 4369 labore
578 4315 875 4385 cunquievi.
915 4313 1019 4369 Sed
1057 4315 1107 4368 in
1153 4313 1256 4368 hoc
1294 4329 1458 4384 Opere
1493 4330 1614 4370 cum
1655 4331 1772 4370 mea
1809 4331 1942 4386 opu-

358 4409 506 4462 scula
535 4417 874 4465 retractarent
895 4450 908 4474 ,
943 4409 1042 4464 iste
1071 4408 1183 4478 ipse
1209 4417 1267 4462 ut
1293 4416 1408 4464 erat
1434 4409 1773 4480 imperfectus
1802 4410 1946 4464 venit

359 4501 414 4557 in
440 4518 666 4571 manus;
693 4517 850 4573 quem
872 4517 1044 4573 neque
1069 4501 1338 4557 edideram
1358 4543 1373 4570 ,
1410 4511 1465 4558 et
1500 4503 1714 4559 abolere
1761 4501 1945 4559 decre-

359 4611 540 4651 veram
565 4639 578 4661 ,
611 4597 861 4666 quoniam
889 4596 1078 4665 scripsi
1108 4603 1288 4665 postea
1314 4594 1596 4650 duodecim
1625 4596 1788 4651 libros
1814 4611 1945 4666 quo-

359 4702 476 4743 rum
526 4688 707 4743 titulus
748 4697 848 4756 est,
893 4687 970 4743 De
1008 4686 1202 4743 Genesi
1240 4687 1307 4743 ad
1359 4688 1608 4743 litteram.
1659 4687 1715 4743 lu
1757 4688 1946 4758 quibus

360 4781 602 4849 quamvis
633 4780 798 4836 multa
840 4779 1060 4850 quaesita
1087 4780 1261 4850 potius
1287 4796 1448 4851 quam
1476 4781 1687 4837 iuventa
1729 4780 1949 4837 videan-

359 4881 445 4926 tur
469 4914 484 4940 ,
511 4880 690 4934 tamen
713 4872 790 4926 eis
815 4871 913 4927 istc
939 4872 1085 4926 nullo
1114 4871 1271 4928 modo
1296 4882 1378 4928 est
1401 4872 1808 4943 comparandus.
1843 4873 1947 4930 Ve-

356 4979 477 5019 rum
507 4974 563 5020 et
589 4965 727 5020 hunc
756 4974 1096 5035 posteaquam
1124 4967 1432 5032 retractavi,
1474 4983 1694 5024 manere
1718 4968 1859 5024 volui
1892 4978 1949 5024 ut

357 5065 503 5112 esset
527 5055 707 5123 index,
736 5065 994 5126 quantum
1020 5056 1290 5124 existimo,
1318 5074 1423 5113 non
1449 5057 1646 5113 inutilis
1672 5059 1944 5115 rudimen-

358 5156 535 5204 torum
578 5165 818 5204 meorum
848 5150 902 5204 in
931 5150 1271 5206 enucleandis
1296 5162 1454 5221 atque
1483 5154 1780 5210 scrutandis
1808 5154 1946 5210 divi-

360 5240 446 5297 nis
474 5241 728 5312 eloquiis,
761 5241 982 5312 ejusque
1005 5241 1213 5298 titulum
1234 5256 1352 5297 esse
1379 5243 1539 5311 volui,
1563 5244 1631 5300 de
1659 5245 1855 5302 Genesi
1880 5247 1948 5302 ad

362 5332 592 5390 litteram
614 5331 975 5404 imperfectus.
1001 5333 1177 5389 Inveni
1199 5335 1394 5404 quippe
1414 5351 1533 5390 eum
1558 5352 1727 5408 usque
1745 5338 1814 5393 ad
1834 5338 1950 5394 haec

358 5427 524 5482 verba
556 5425 810 5492 dictatum
840 5442 858 5480 :
889 5425 1041 5481 Pater
1068 5437 1262 5482 tantum
1303 5427 1458 5483 Pater
1496 5439 1604 5494 est,
1651 5447 1738 5485 nec
1782 5431 1948 5488 Filius

361 5519 506 5574 aliud
529 5527 603 5575 est
639 5536 790 5590 quam
821 5519 1024 5589 Filius;
1054 5522 1175 5591 quia
1218 5531 1263 5577 et
1303 5539 1416 5578 cum
1449 5523 1633 5579 dicitur
1673 5526 1948 5583 similitudo

430 5699 452 5736 ι
473 5699 693 5752 Nonnulli
707 5699 820 5751 add.
840 5671 1042 5752 habent.
1056 5699 1178 5766 falli.

355 5773 370 5875 ξ
421 5808 1411 5878 (a)vn.uh.23decrvn.oei,oc.5,ai,

1732 308 1937 368 LIBER
1973 305 2249 381 PRIMUS.

2059 427 2233 492 Patris
2251 474 2264 498 ,
2294 447 2579 506 quanquam
2605 426 3048 502 ostendat-nullam
3067 434 3360 514 intervenire

2058 525 2300 594 tudinem,
2332 544 2432 582 non
2462 538 2625 586 tamen
2653 533 2793 589 solus
2815 544 2885 590 est
2918 535 3098 606 Pater,
3139 539 3348 598 siltabet
3368 543 3386 574 ¹
3408 544 3641 612 similiter.

2056 617 2223 674 dinem
2250 619 2399 693 (Cap.
2430 622 2517 692 16,
2547 642 2601 681 n.
2630 625 2742 698 60).
2763 627 2892 684 Post
2923 629 3037 686 haec
3069 634 3288 703 repetivi
3317 636 3474 693 verba
3498 637 3640 698 Seria

2055 721 2224 781 pturrc
2257 730 2442 770 rursus
2479 717 2864 774 consideranda
2894 731 3050 792 atque
3079 725 3349 782 tractanda
3369 769 3382 793 ,
3417 727 3482 782 Et
3510 730 3642 794 dixit,

2054 801 2230 860 Deus:
2264 805 2538 864 Faciamus
2565 811 2815 866 hominem
2845 814 2913 868 ad
2949 816 3218 889 imaginem
3262 830 3306 874 et
3346 821 3638 878 similitudi-

2053 913 2168 951 nem
2189 910 2413 954 nostram
2438 901 2589 974 (Gen.
2621 922 2658 970 ι,
2684 905 2797 975 26).
2825 907 2938 964 Huc
2964 925 3130 980 usque
3165 911 3419 969 dictatum
3444 915 3640 973 librum

2052 989 2419 1059 imperfectum
2469 995 2810 1066 reliqueram.
2859 1000 3009 1066 Quod
3053 1012 3232 1058 autem
3275 1004 3345 1059 ibi
3371 1007 3634 1076 sequitur,

2052 1080 2350 1137 addendum
2383 1087 2560 1154 putavi
2590 1103 2708 1143 cum
2741 1106 2860 1144 eum
2902 1100 3242 1149 retractarcm
3277 1114 3289 1150 :
3325 1112 3424 1153 nec
3451 1099 3526 1154 sic
3555 1108 3638 1156 ta-

2051 1188 2173 1227 men
2207 1175 2423 1244 perfeci,
2471 1179 2562 1234 sed
2596 1180 2696 1236 hoc
2726 1199 2936 1254 quoque
2957 1185 3135 1242 addito
3164 1188 3527 1259 imperfectum
3556 1208 3636 1248 re-

2051 1265 2198 1336 liqui.
2229 1266 2283 1322 Si
2310 1269 2449 1324 enim
2478 1272 2818 1341 perfecissem
2841 1317 2854 1341 ,
2884 1278 3074 1334 saltem
3103 1279 3168 1334 de
3197 1282 3442 1338 omnibus
3464 1285 3636 1354 operi-

2050 1354 2150 1410 bus
2175 1367 2227 1412 ct
2255 1361 2430 1416 verbis
2473 1363 2600 1433 Dei,
2631 1381 2747 1436 quae
2791 1367 2857 1422 ad
2900 1378 3105 1424 sextum
3144 1371 3285 1426 diem
3335 1376 3635 1446 pertinent,

2051 1449 2423 1520 disputasscm.
2458 1454 2516 1510 In
2543 1455 2642 1512 hoc
2671 1458 2806 1513 libro
2837 1475 2898 1515 ca
2924 1472 3109 1524 notare
3147 1480 3264 1534 quae
3295 1465 3422 1519 mihi
3447 1467 3635 1537 displi-

2050 1555 2193 1612 cent,
2223 1546 2306 1600 vel
2334 1546 2618 1605 defendere
2639 1567 2756 1619 quae
2783 1553 2901 1607 aliis
2930 1570 3033 1607 non
3063 1555 3197 1612 bene
3227 1557 3493 1614 intellecta
3521 1558 3631 1616 dis-

2049 1638 2251 1707 plicere
2294 1652 2551 1710 possunt,
2612 1645 2937 1714 superfluum
2968 1648 3098 1714 mihi
3126 1649 3296 1705 visum
3325 1659 3424 1707 est.
3456 1652 3638 1708 Brevi-

2049 1737 2132 1786 ter
2155 1733 2297 1787 enim
2329 1734 2505 1804 potius
2530 1735 2792 1794 admoneo
2822 1750 2880 1794 ut
2906 1741 2982 1796 illi
3008 1742 3288 1798 duodecim
3310 1745 3430 1801 libri
3451 1747 3636 1818 legan-

2051 1833 2165 1892 tur-,
2193 1841 2325 1895 quos
2358 1828 2510 1899 longe
2540 1838 2721 1900 postea
2755 1832 3036 1903 cpiscopus
3066 1835 3162 1890 feci
3189 1878 3203 1902 ,
3242 1844 3294 1891 et
3317 1852 3384 1892 ex
3413 1838 3544 1908 ipsis
3571 1839 3637 1896 de

2049 1916 2457 1987 istujudicclur.
2493 1920 2588 1975 llic
2617 1937 2742 1994 ergo
2770 1923 2846 1978 sic
2874 1923 3058 1994 incipit
3087 1943 3100 1979 :
3126 1924 3205 1980 De
3231 1927 3452 1982 obscuris
3488 1939 3636 1984 natu-

2048 2012 2234 2066 ralium
2261 2030 2464 2080 rerum,
2493 2031 2605 2084 qua:
2635 2017 2972 2087 omnipotente
3002 2018 3106 2084 Deo
3135 2020 3332 2090 artiﬁce
3355 2023 3492 2091 facta
3518 2040 3636 2077 sen-

2051 2104 2200 2158 timus
2220 2148 2234 2174 ,
2269 2122 2369 2160 non
2390 2106 2687 2177 afﬁrmando
2713 2151 2726 2175 ,
2774 2109 2864 2164 sed
2889 2110 3156 2180 qurere)de
3183 2113 3504 2172 tractandum
3545 2121 3638 2169 est.

2687 2203 2912 2259 CAPUT
2952 2205 3093 2260 XIX.

2263 2290 2341 2348 De
2372 2292 2615 2350 Sermone
2641 2294 2846 2351 Domini
2871 2297 2924 2351 in
2950 2307 3144 2364 monte,
3175 2297 3288 2354 libri
3311 2300 3430 2354 duo.

2126 2382 2178 2436 1.
2212 2381 2315 2438 Per
2340 2384 2480 2438 idem
2509 2394 2718 2458 tempus
2747 2387 2814 2443 de
2841 2388 3099 2445 Sermone
3115 2391 3320 2446 Domini
3347 2392 3400 2444 in
3432 2399 3631 2460 monte,

2050 2475 2342 2532 secundum
2369 2477 2673 2534 Mattbarum
2699 2521 2712 2546 ,
2746 2481 2850 2536 duo
2881 2483 3146 2538 volumina
3173 2484 3380 2555 scripsi.
3409 2485 3466 2540 lu
3497 2500 3632 2556 quo-

2049 2584 2167 2626 rum
2192 2571 2364 2641 primo
2391 2582 2612 2642 propter
2639 2573 2693 2629 id
2715 2576 2856 2644 quod
2884 2578 3135 2646 scriptum
3161 2588 3260 2646 est,
3288 2598 3306 2631 ι
3333 2579 3475 2636 Beati
3497 2582 3638 2652 paci-

2050 2660 2155 2730 ﬁci,
2187 2662 2421 2730 quoniam
2451 2663 2549 2732 ipsi
2579 2664 2675 2733 ﬁlii
2702 2665 2798 2719 Dei
2839 2669 3144 2724 vocabuntur
3171 2689 3190 2723 ›
3221 2669 3428 2743 (Matth.
3459 2688 3514 2739 v,
3538 2671 3593 2742 9)
3621 2689 3638 2740 ;

2052 2751 2338 2821 Sapientia,
2372 2755 2599 2823 inquam,
2622 2759 2852 2827 congruit
2870 2760 3114 2829 paciﬁcis,
3138 2762 3192 2823 in
3218 2761 3392 2833 quibus
3409 2764 3523 2834 jam
3553 2780 3640 2818 or-

2052 2843 2226 2896 dinuta
2251 2853 2366 2898 sunt
2391 2847 2590 2912 omnia,
2619 2848 2888 2922 nullusque
2927 2861 3094 2906 motas
3122 2852 3358 2910 adversus
3395 2855 3642 2909 rationem

2050 2933 2250 2989 rebellis
2291 2945 2382 3002 est,
2411 2937 2500 2990 sed
2526 2947 2704 2992 cuncta
2752 2942 3094 3012 obtemperant
3138 2944 3344 3014 spiritui
3383 2945 3636 3014 hominis,

2050 3044 2164 3082 cum
2208 3039 2256 3082 et
2307 3030 2414 3101 ipse
2443 3031 2738 3103 obtemperet
2777 3033 2884 3087 Deo
2930 3033 3065 3106 (Lib.
3116 3037 3167 3102 1,
3219 3055 3263 3092 c.
3307 3039 3361 3106 Δ,
3412 3056 3464 3094 η.
3518 3038 3636 3111 11).

2049 3120 2203 3190 Quod
2234 3124 2423 3178 merito
2449 3134 2626 3179 movet
2654 3126 2922 3194 quomodo
2949 3127 3192 3184 dixerim.
3219 3130 3336 3186 Non
3365 3133 3506 3188 enim
3533 3133 3643 3192 cui-

2050 3231 2206 3287 quam
2234 3217 2516 3287 provenire
2553 3217 2605 3271 in
2637 3217 2737 3273 hac
2761 3220 2870 3274 vita
2896 3229 3103 3290 potest,
3139 3233 3194 3278 ut
3215 3223 3300 3279 lex
3336 3241 3639 3298 repugnans

2051 3306 2153 3378 legi
2179 3308 2372 3370 mentis
2397 3309 2618 3365 omnino
2647 3325 2754 3366 non
2780 3312 2850 3368 sit
2880 3313 2931 3366 in
2974 3315 3247 3370 membris.
3280 3316 3502 3384 Quando
3525 3321 3642 3390 qui-

2049 3398 2170 3455 dem
2201 3400 2359 3456 etiam
2387 3401 2430 3454 si
2455 3400 2504 3456 ei
2535 3401 2613 3457 sic
2654 3403 2930 3460 resisteret
2957 3405 3177 3474 spiritus
3206 3407 3466 3474 hominis,
3498 3418 3555 3464 ut
3582 3411 3636 3465 in

2047 3491 2252 3550 nullum
2274 3492 2389 3561 ejus
2419 3493 2687 3550 laberetur
2713 3509 3020 3564 assensum;
3049 3512 3154 3552 non
3184 3497 3304 3554 ideo
3339 3508 3517 3556 tamen
3545 3501 3635 3557 illa

2048 3601 2156 3640 non
2182 3593 2522 3657 repugnaret.
2553 3586 2666 3643 [loc
2694 3603 2820 3658 ergo
2847 3589 2988 3658 quod
3027 3589 3228 3646 dictum
3255 3600 3370 3660 est,
3418 3591 3635 3649 Nullum

2048 3694 2154 3736 esse
2183 3688 2373 3732 motum
2410 3678 2654 3734 adversus
2689 3681 2937 3736 rationem
2969 3682 3232 3750 rebellem,
3287 3693 3433 3741 recte
3469 3686 3637 3756 accipi

2049 3783 2224 3844 petest
2249 3772 2298 3826 id
2323 3788 2465 3828 nunc
2499 3774 2778 3843 agentibus
2801 3775 3034 3845 paciﬁcis
3050 3820 3063 3844 ,
3092 3777 3358 3835 domando
3383 3781 3637 3850 concupi-

2049 3866 2279 3938 scentias
2301 3865 2497 3931 carnis,
2525 3875 2582 3921 ut
2599 3867 2665 3922 ad
2692 3867 2846 3922 istam
2875 3884 3060 3939 pacem
3085 3871 3446 3942 plenissimam
3469 3889 3636 3944 quan-

2048 3957 2224 4028 doque
2248 3958 2508 4012 veniatur.
3297 4029 3308 4035 ί

2118 4053 2174 4106 2.
2203 4052 2432 4107 Proinde
2460 4051 2602 4123 quod
2628 4054 2731 4108 alio
2773 4053 2922 4123 loco,
2973 4071 3110 4124 cum,
3141 4058 3383 4114 eamdem
3422 4068 3639 4117 senten-

2049 4155 2174 4201 tiam
2197 4143 2558 4215 evangelicum
2592 4156 2842 4215 repetens
2886 4147 3138 4205 dixissem
3161 4191 3174 4214 ,
3210 4149 3356 4205 Beati
3398 4152 3598 4222 paciﬁci
3617 4193 3632 4221 ,

2048 4241 2282 4313 quoniam
2324 4240 2423 4311 ipsi
2453 4239 2552 4309 ﬁlii
2593 4239 2690 4294 Dei
2722 4241 3027 4296 vocabuntur
3070 4241 3277 4314 (Matth.
3319 4259 3374 4310 ν,
3410 4242 3504 4315 9);
3545 4243 3642 4298 ad-

2045 4333 2194 4404 junxi
2225 4336 2407 4393 dicens
2427 4379 2440 4404 ,
2483 4336 2550 4390 Et
2584 4337 2682 4390 ista
2708 4335 2906 4406 quidem
2931 4336 2982 4389 in
3012 4336 3106 4390 hac
3130 4336 3230 4390 vita
3258 4336 3496 4409 compleri
3523 4355 3641 4409 pos-

2049 4437 2164 4481 sunt
2183 4469 2198 4494 ,
2230 4430 2356 4481 sicut
2377 4427 2626 4497 completa
2654 4444 2759 4481 esse
2785 4427 2837 4481 in
2857 4428 3112 4497 Apostolis
3141 4429 3390 4485 credimus
3415 4428 3550 4505 (Lib.
3581 4432 3635 4500 1,

2052 4534 2098 4572 c.
2130 4520 2163 4574 4
2186 4560 2200 4582 ,
2235 4536 2286 4572 n.
2319 4519 2406 4590 12)
2431 4537 2442 4573 :
2472 4520 2550 4574 sic
2573 4518 2943 4589 accipiendum
2968 4529 3082 4587 est,
3112 4535 3218 4576 non
3244 4522 3380 4577 utin
3405 4523 3637 4593 Aposto-

2053 4611 2118 4666 lis
2158 4611 2242 4666 hic
2272 4613 2572 4668 viventibus
2619 4612 2820 4667 nullum
2860 4613 3038 4667 carnis
3072 4623 3274 4669 motum
3318 4615 3641 4672 arbitremur

2053 4705 2258 4776 spiritui
2287 4721 2639 4776 repuggnasse;
2672 4705 2767 4761 sed
2794 4705 3050 4762 hactenus
3074 4705 3160 4762 hic
3185 4707 3282 4762 ista
3313 4723 3468 4778 posse
3492 4723 3640 4764 com-

2053 4799 2216 4870 pleri,
2244 4808 2508 4869 quatenus
2534 4799 2586 4853 in
2618 4798 2888 4868 Apostolis
2913 4800 3178 4854 credimus
3202 4815 3323 4857 esse
3350 4801 3636 4871 completa,

2053 4905 2114 4945 ea
2158 4905 2406 4944 mensura
2437 4891 2642 4946 scilicet
2675 4890 3014 4960 perfectionis
3044 4891 3321 4958 humanm,
3361 4901 3560 4962 quanta
3587 4895 3638 4949 in

2053 4981 2154 5038 hac
2176 4985 2283 5038 vita
2311 4992 2482 5054 potest
2510 4999 2630 5039 esse
2667 4983 2943 5054 perfectio.
2971 4984 3084 5039 Non
3116 4985 3257 5040 enim
3287 4985 3486 5039 dictum
3525 4993 3637 5053 est,

2052 5074 2154 5131 Ista
2186 5077 2237 5131 in
2265 5075 2365 5131 hac
2389 5076 2492 5131 vita
2518 5077 2772 5145 compleri
2796 5084 3048 5146 possunt,
3081 5090 3200 5130 nam
3231 5075 3494 5145 completa
3521 5091 3641 5131 esse
3726 5083 3738 5092 ’

2053 5168 2106 5222 in
2152 5170 2420 5239 Apostolis
2459 5168 2758 5234 credimus;
2804 5169 2896 5223 sed
2936 5168 3137 5223 dictum
3175 5175 3287 5235 est,
3333 5168 3464 5222 sicut
3503 5185 3638 5222 com-

2055 5265 2187 5333 pleta
2211 5279 2316 5318 esse
2341 5265 2394 5318 in
2422 5263 2676 5334 Apostolis
2702 5261 2970 5330 credimus,
2997 5270 3057 5317 ut
3079 5262 3150 5317 ita
3176 5262 3544 5332 compleantur
3562 5263 3640 5319 si-

2058 5366 2148 5412 cut
2176 5357 2228 5411 in
2254 5357 2354 5411 illis
2379 5356 2643 5426 completa
2672 5363 2815 5422 sunt,
2838 5355 2888 5410 id
2913 5363 2997 5411 est
3019 5355 3245 5426 quadam
3277 5356 3602 5427 perfectione
3621 5398 3637 5425 ,

2053 5450 2204 5520 cujus
2233 5464 2402 5520 capax
2441 5457 2524 5505 est
2563 5449 2660 5502 ista
2693 5449 2825 5514 vita,
2857 5463 2964 5504 nou
2990 5449 3126 5506 sicut
3165 5449 3479 5520 complenda
3516 5457 3641 5506 sum

2057 5543 2147 5598 illa
2177 5557 2333 5612 quam
2362 5555 2639 5610 speramus
2661 5556 2790 5612 pace
2816 5541 3142 5612 plenissima,
3166 5541 3378 5613 quando
3402 5542 3637 5600 dicetur:

2062 5637 2161 5695 Ubi
2180 5647 2270 5706 est,
2295 5653 2451 5704 mors,
2479 5637 2730 5692 contentio
2760 5637 2884 5692 tua?
2908 5635 2968 5710 (l
2999 5635 3116 5694 Cor.
3163 5652 3258 5706 xv,
3289 5634 3406 5708 55.)

2057 5750 2346 5868 ὥεᾱά.
2373 5758 2496 5815 Αω.,
2527 5755 2602 5802 Er.
2621 5763 2680 5804 ac
2707 5752 2987 5816 Benignian.
3019 5757 3123 5816 ωε..
3141 5752 3227 5806 sed
3259 5745 3640 5814 meum
