4116 6366
527 353 636 426 616

536 478 545 486 “
595 477 653 536 '5.
688 475 810 533 Alio
851 475 969 533 loco
996 475 1130 548 (Lib.
1153 475 1180 531 1
1206 516 1221 543 ,
1248 491 1294 531 c.
1334 474 1398 543 6,
1426 493 1478 530 n.
1512 475 1600 547 17)
1645 475 1786 547 quod
1815 476 2109 547 interposui

525 571 919 639 testimonium,
966 570 1087 625 Non
1126 571 1259 625 enim
1285 571 1353 623 ad
1386 585 1673 624 mensuram
1712 570 1797 623 dat
1835 569 1973 624 Deus
1997 571 2105 639 spi-

525 665 680 719 ritum
708 664 883 736 (Joan.
909 679 987 731 ιιι,
1015 662 1127 733 54),
1158 662 1389 717 nondum
1416 662 1780 717 intellexeram
1802 661 1867 715 de
1895 661 2105 717 Christo

526 757 739 827 proprie
769 757 942 812 verius
985 755 1170 826 accipi.
1199 754 1330 809 Aliis
1358 755 1549 824 quippe
1579 753 1876 808 hominibus
1904 754 2005 807 nisi
2034 752 2101 809 ad

523 864 828 905 mensuram
856 848 1069 904 daretur
1099 847 1347 917 spiritus,
1378 861 1483 902 non
1515 846 1729 915 duplum
1760 853 1962 916 peteret
1993 845 2102 899 Eli-

524 953 664 995 sazus
690 954 843 1010 quam
874 940 969 993 fuit
1000 940 1049 992 in
1078 939 1208 992 Elia.
1241 938 1365 991 item
1398 936 1535 1006 quod
1563 936 1816 1005 scriptum
1846 944 1927 990 est
1948 979 1960 1002 ,
1986 936 2103 989 Iota

523 1050 713 1098 unum,
746 1042 834 1086 aut
862 1049 989 1086 unus
1016 1048 1146 1101 apem
1172 1048 1269 1085 non
1297 1030 1502 1082 transiet
1540 1046 1569 1081 (ι
1606 1028 1712 1099 lege
1752 1028 1906 1081 donec
1934 1029 2102 1082 omnia

521 1125 687 1194 ﬁant(
715 1125 899 1179 Matth.
926 1140 980 1190 v,
1012 1123 1122 1193 18),
1146 1138 1263 1177 cum
1286 1136 1636 1189 exponerem,
1663 1119 1793 1173 nihil
1814 1119 1921 1173 dixi
1946 1134 2101 1189 posse

520 1214 664 1270 aliud
689 1216 904 1285 intelligi
930 1256 945 1282 ,
985 1215 1083 1269 nisi
1128 1213 1494 1268 vehementem
1522 1213 1858 1282 perfectionis
1882 1228 2101 1281 expres-

521 1307 725 1362 sionem
767 1305 900 1377 (Lib.
936 1290 987 1372 1,
1032 1322 1079 1359 c.
1108 1306 1162 1370 8,
1195 1322 1246 1357 n.
1274 1304 1387 1375 20).
1440 1303 1541 1359 Ubi
1586 1306 1775 1359 merito
1820 1305 2095 1374 qureritur,

520 1407 697 1453 utrum
727 1398 822 1451 ista
850 1396 1103 1465 perfectio
1134 1396 1209 1449 sic
1235 1395 1397 1465 possit
1428 1395 1682 1465 intelligi,
1711 1404 1771 1450 ut
1800 1404 1973 1450 tamen
2002 1411 2096 1451 ve-

517 1505 634 1543 rum
664 1490 752 1553 sit,
774 1489 1038 1543 neminem
1061 1487 1169 1557 jam
1201 1495 1435 1541 utentem
1464 1487 1747 1541 voluntatis
1766 1486 1984 1542 arbitrio
2012 1487 2097 1542 hic

520 1581 693 1635 vivere
719 1581 834 1635 sine
859 1589 1095 1650 peccato.
1128 1580 1173 1634 A
1214 1594 1319 1649 quo
1358 1578 1500 1633 enim
1528 1593 1693 1648 usque
1721 1578 1786 1632 ad
1809 1595 1967 1633 unum
1995 1580 2096 1648 api-

518 1686 633 1726 cem
664 1672 749 1726 lex
795 1671 975 1741 perﬁci
1009 1678 1216 1741 potest,
1266 1670 1367 1725 nisi
1396 1685 1423 1724 a
1454 1685 1558 1740 quo
1585 1670 1713 1725 ﬁunt
1741 1671 1984 1727 universa
2025 1672 2096 1726 di-

516 1762 638 1817 vina
682 1762 968 1816 mandata?
1009 1761 1113 1816 Sed
1153 1761 1204 1815 in
1258 1760 1457 1815 eisdem
1508 1760 1769 1814 mandatis
1816 1770 1898 1815 est
1936 1761 2093 1815 etiam

514 1854 654 1924 quod
676 1854 923 1924 jubemur
947 1854 1143 1915 dicere,
1177 1852 1381 1906 Dimitte
1401 1853 1541 1907 nobis
1573 1853 1737 1907 debita
1759 1863 1947 1919 nostra,
1968 1855 2095 1907 sicut

517 1956 563 1999 et
602 1962 691 1999 nos
730 1946 1024 1999 dimittimus
1062 1944 1361 1998 debitoribus
1394 1945 1578 1999 nostris
1611 1944 1820 2015 (Matth.
1853 1960 1903 1998 Vl
1925 1986 1937 2008 ,
1962 1944 2049 2015 12)
2076 1962 2090 1999 :

516 2050 674 2107 quam
700 2037 988 2092 orationem
1017 2052 1182 2106 usque
1210 2036 1260 2090 in
1304 2036 1463 2090 ﬁnem
1492 2036 1670 2090 saeculi
1699 2044 1805 2091 tota
1835 2036 1964 2092 dicit
2002 2037 2095 2092 Ec-

516 2129 699 2183 clesia.
724 2128 908 2184 Omnia
938 2144 1064 2199 ergo
1089 2128 1333 2182 mandata
1356 2128 1491 2183 facta
1508 2127 1855 2198 deputantur,
1882 2129 2093 2199 quando

516 2219 770 2289 quidquid
806 2234 909 2274 non
937 2219 995 2272 ﬁt
1018 2220 1324 2288 ignoscitur.

515 2358 527 2371 ,
586 2311 640 2363 4.
671 2309 809 2363 Sane
829 2308 968 2378 quod
995 2309 1068 2362 ait
1092 2308 1363 2371 Dominus,
1400 2307 1705 2379 Quicumque
1723 2308 1923 2363 solverit
1938 2325 2092 2363 unum

515 2400 578 2455 de
606 2400 857 2453 mandatis
886 2400 993 2453 istis
1018 2400 1235 2452 minimis
1260 2437 1273 2459 ,
1304 2407 1348 2453 et
1388 2401 1611 2453 docuerit
1636 2401 1736 2467 sic,
1778 2409 1831 2454 et
1864 2410 2088 2466 caetera,

511 2504 681 2560 usque
702 2489 766 2544 ad
803 2505 923 2543 eum
950 2490 1120 2543 locum
1149 2489 1236 2544 ubi
1268 2491 1361 2557 ait,
1397 2490 1515 2544 Nisi
1540 2491 1865 2544 abundaverit
1885 2492 2092 2561 justitia

509 2589 671 2635 vestra
706 2580 819 2651 plus
847 2597 996 2651 quant
1036 2582 1327 2636 Scribarum
1368 2590 1413 2636 et
1441 2581 1817 2637 Pharisaeorum
1838 2624 1854 2651 ,
1886 2600 1985 2639 non
2005 2585 2088 2638 in-

511 2674 703 2729 trabitis
729 2676 784 2729 in
810 2692 1020 2747 regnum
1045 2675 1283 2730 castorum
1306 2674 1414 2748 (Id.
1445 2691 1500 2740 v,
1534 2676 1715 2749 18-20)
1745 2694 1759 2743 ;
1788 2678 1952 2733 multo
1976 2692 2089 2734 me-

510 2765 613 2820 lius
649 2775 702 2821 et
741 2767 1148 2821 eonvenientius
1193 2767 1412 2836 exposui
1456 2767 1507 2820 in
1548 2767 1664 2821 aliis
1709 2770 2088 2837 posterioribus

509 2857 843 2911 sermonibus
871 2857 1039 2924 meis,
1088 2856 1230 2927 quod
1272 2857 1428 2912 etiam
1470 2856 1556 2912 hic
1598 2866 1836 2912 retexere
1871 2859 2086 2929 longum

509 2955 611 3003 est.
640 2948 721 3002 Ad
748 2947 847 3003 hoc
870 2956 1045 3002 autem
1073 2948 1172 3003 iste
1204 2949 1270 3003 ibi
1302 2949 1604 3018 perducitur
1627 2963 1817 3004 sensus
1858 2950 1991 3021 (Lib.
2020 2951 2046 3005 1
2070 2992 2085 3017 ,

509 3054 557 3093 c.
588 3038 641 3104 9,
669 3055 721 3092 η.
748 3038 876 3109 21),
906 3047 964 3092 ut
989 3053 1173 3093 eorum
1205 3039 1273 3092 sit
1296 3039 1495 3107 justitia
1529 3039 1726 3108 major,
1759 3055 1915 3109 quam
1941 3041 2086 3095 Seri-

508 3129 696 3186 barum
728 3138 782 3185 et
825 3130 1239 3197 Pharisreorum,
1264 3130 1353 3199 qui
1399 3130 1581 3185 dicunt
1616 3140 1669 3186 et
1709 3131 1907 3187 faciunt
1949 3134 1986 3187 ¹.
2014 3134 2088 3189 De

512 3221 712 3277 Scribis
750 3220 945 3291 quippe
972 3229 1028 3275 et
1056 3220 1337 3274 Pharis-mis
1374 3221 1480 3274 alio
1515 3220 1635 3277 loco
1680 3222 1794 3292 ipse
1834 3223 2087 3280 Dominus

508 3312 583 3366 ait
612 3330 625 3366 :
652 3311 837 3365 Dicunt
875 3313 1034 3379 enim,
1064 3320 1110 3365 et
1139 3328 1240 3365 non
1264 3312 1454 3382 faciunt
1484 3311 1692 3383 (Matth.
1719 3330 1875 3382 χχιιι,
1914 3313 1991 3387 5).
2025 3314 2089 3369 ll-

508 3400 597 3455 lud
634 3402 791 3456 etiam
831 3402 1023 3457 melius
1066 3401 1424 3456 intelleximus
1453 3411 1636 3471 postea
1663 3404 1803 3473 quod
1832 3404 2086 3474 scriptum

510 3504 622 3550 est:
652 3495 750 3560 Qui
778 3496 1010 3549 irascitur
1037 3494 1184 3563 fratri
1208 3511 1297 3548 suo
1331 3494 1440 3565 (Id.
1470 3510 1525 3563 ν,
1552 3495 1667 3566 22).
1697 3496 1921 3551 Codices
1944 3497 2088 3553 enim

508 3588 665 3657 graeci
691 3602 793 3642 non
819 3586 1034 3653 habent,
1061 3588 1167 3639 sine
1190 3602 1341 3639 causa
1365 3587 1385 3617 ³
1406 3627 1422 3653 ,
1454 3586 1591 3640 sicut
1614 3586 1699 3641 hic
1724 3587 1950 3656 positum
1972 3595 2084 3655 est;

510 3680 749 3749 quamvis
780 3679 917 3733 idem
949 3681 1061 3748 ipse
1087 3676 1156 3731 sit
1184 3692 1396 3732 sensus.
1428 3677 1556 3732 Illud
1583 3679 1722 3733 enim
1752 3679 1980 3734 diximus
2008 3682 2089 3735 in-

511 3772 761 3826 tuendum
782 3812 798 3837 ,
825 3771 949 3841 quid
977 3770 1046 3825 sit
1075 3770 1225 3824 irasci
1254 3769 1400 3824 fratri
1428 3786 1552 3835 suo;
1580 3772 1826 3841 quoniam
1851 3787 1957 3826 non
1983 3772 2088 3827 fra-

505 3862 573 3916 tri
605 3861 848 3916 irascitur
870 3901 886 3927 ,
935 3861 1024 3931 qui
1054 3870 1273 3929 peccato
1298 3860 1475 3915 fratris
1512 3861 1774 3917 irascitur.
1819 3863 1916 3928 Qui
1960 3879 2087 3935 ergo

508 3953 689 4021 fratri,
718 3969 823 4007 non
857 3960 1077 4023 peccato
1101 3953 1378 4017 irascitur,
1410 3953 1525 4007 sine
1566 3968 1723 4009 causa
1750 3954 2010 4010 irascitur.

576 4045 630 4099 5.
664 4046 791 4100 Item
818 4045 956 4115 quod
982 4045 1087 4118 dixi
1105 4086 1120 4109 ,
1153 4043 1263 4098 Hoc
1289 4054 1333 4099 et
1359 4045 1422 4099 de
1450 4055 1592 4116 patre
1610 4055 1657 4100 et
1682 4047 1744 4101 de
1766 4058 1924 4103 matre
1950 4058 1995 4104 et
2024 4050 2086 4103 de

507 4138 700 4192 cwteris
735 4137 948 4191 vinculis
972 4138 1231 4207 sanguinis
1258 4138 1638 4209 intelligendum
1682 4150 1787 4207 est,
1831 4152 1884 4195 ut
1927 4143 1979 4196 in
2014 4144 2086 4199 eis

507 4228 760 4282 oderimus
789 4229 920 4299 quod
946 4244 1100 4299 genus
1140 4229 1417 4283 humanum
1454 4232 1702 4285 nascendo
1740 4242 1786 4287 et
1826 4234 2085 4289 moriendo

506 4319 737 4373 sortitum
762 4329 832 4373 est
860 4319 993 4389 (Lib.
1026 4321 1075 4386 1,
1100 4336 1145 4373 c.
1172 4320 1259 4387 15,
1283 4337 1336 4372 n.
1363 4320 1478 4390 41),
1507 4321 1577 4375 ita
1600 4333 1782 4389 sonat,
1807 4326 1955 4395 quasi
1976 4342 2082 4382 non

505 4416 687 4462 essent
726 4408 913 4462 futurae
955 4409 1069 4464 ista:
1116 4410 1567 4480 necessitudines,
1610 4413 1657 4469 si
1696 4414 1843 4469 nullo
1883 4426 2083 4474 natura:

504 4500 749 4556 bumanze
777 4503 1110 4571 praecedente
1138 4514 1353 4573 peccato
1381 4521 1538 4560 nemo
1567 4516 1896 4575 moreretur;
1926 4525 2080 4579 quem

506 4606 719 4648 sensum
745 4593 854 4663 jam
885 4596 1130 4665 superius
1173 4597 1485 4667 improbavi.
1536 4598 1731 4654 Essent
1774 4601 1915 4655 enim
1959 4617 2083 4670 pro-

504 4683 640 4739 iecto
667 4687 1009 4757 cognationes
1032 4696 1084 4741 et
1108 4687 1417 4756 afﬁnitates,
1449 4689 1655 4745 etiamsi
1675 4690 1915 4760 originali
1939 4693 2080 4748 nullo

502 4775 764 4832 existente
790 4786 1028 4847 peccato,
1055 4779 1169 4834 sine
1194 4788 1364 4834 morte
1392 4790 1659 4859 cresceret
1681 4789 1734 4836 et
1757 4782 2078 4852 multiplica-

501 4874 651 4921 retur
676 4883 840 4938 genus
870 4869 1178 4925 humanum.
1202 4870 1280 4925 Ac
1308 4885 1402 4940 per
1422 4870 1523 4926 hoc
1547 4872 1700 4926 aliter
1718 4872 1969 4927 solvenda
1996 4883 2079 4930 est

501 4961 744 5029 quaestio,
775 4976 871 5017 cur
891 4963 1145 5017 Dominus
1174 4969 1489 5033 praeceperit
1512 4964 1808 5034 diligendos
1833 4966 2077 5025 inimicos

503 5049 714 5121 (Matth.
742 5067 798 5119 v,
828 5052 918 5122 44)
942 5096 957 5119 ,
986 5069 1106 5108 eum
1146 5056 1251 5111 alio
1277 5057 1391 5110 loco
1422 5056 1689 5125 praecipiat
1716 5057 1838 5112 odio
1876 5058 2077 5116 haben-

498 5141 595 5196 dos
624 5150 677 5196 et
704 5152 950 5211 parentes
976 5154 1030 5200 et
1057 5146 1194 5201 ﬁlios
1223 5146 1371 5219 (Luc.
1396 5162 1509 5213 xlv,
1541 5145 1658 5219 26),
1691 5162 1796 5203 non
1826 5149 1963 5206 sicut
1989 5150 2076 5209 hic

497 5232 670 5287 soluta
721 5241 803 5287 est
828 5276 843 5302 ,
890 5235 985 5290 sed
1050 5238 1189 5293 sicut
1263 5253 1380 5293 eam
1432 5241 1694 5308 posterius
1742 5254 1885 5312 saepe
1914 5244 2073 5300 solvi-

498 5337 617 5377 mus
641 5342 655 5378 :
679 5324 731 5378 id
755 5336 866 5392 est,
909 5335 967 5382 ut
1003 5328 1282 5399 diligamus
1311 5330 1554 5386 inimicos
1585 5331 1866 5391 lucrandos
1908 5349 2074 5406 regno

558 5454 575 5485 ί
597 5459 646 5525 tu
663 5454 797 5516 prius
826 5458 1021 5508 excusis
1048 5456 1363 5525 legitur,_qui
1391 5460 1556 5513 dicunt
1574 5470 1619 5515 et
1637 5478 1729 5517 non
1751 5467 1947 5525 faciunt.
1984 5474 2074 5521 Ex-

493 5516 1042 5595 ἓὲἒέίφυὲξιθείξξιέβω
1074 5516 1367 5595 ρξςιίοιὶιάων
1402 5538 1510 5587 quae
1539 5538 1566 5575 τί
1584 5516 1692 5595 Mss}
1717 5516 1874 5595 abest;
1890 5516 1946 5581 iii
1964 5516 2073 5595 μῑό-

493 5588 688 5656 nomen,
707 5579 806 5656 qui,
834 5579 1172 5656 r'elativuninsit
1187 5584 1243 5632 ad
1264 5579 1564 5656 eos'quorum
1576 5591 1759 5651 justitia
1778 5579 1943 5656 major;

559 5640 732 5718 nunc
751 5648 912 5718 tamen}
942 5644 1021 5712 vix
1045 5642 1194 5692 ullum
1216 5640 1435 5718 reperias
1466 5640 1677 5712 grauium
1702 5640 1953 5718 codicem,
1988 5656 2070 5718 qui

492 5709 598 5779 ΞΕ
609 5700 787 5779 iteite?!
948 5702 1049 5779 δὶιξε
1065 5718 1209 5779 eam
1226 5721 1244 5769 ς
1261 5700 1393 5779 (ἰυοά
1409 5700 1559 5779 inin
1580 5700 2071 5779 ’ίιῦὀίιίιέ

492 5760 843 5841 translege-bat.
865 5760 1198 5841 Id'_radendum
1219 5760 1330 5819 esse
1352 5773 1417 5821 ait
1432 5760 2071 5841 metoxfyihﬁg,'i"u§a§£ﬁi&s

483 5830 614 5897 vero
628 5823 707 5875 hic
721 5826 779 5877 ad
802 5825 1071 5891 legitimum
1088 5844 1281 5884 sensum
1304 5823 1513 5887 revocat.

1589 354 2213 421 RETRACTATIONUM
2250 358 2307 419 Β.
2346 361 2714 421 AUGUSTINI

3687 368 3795 439 616

2217 475 2311 530 Dei
2349 518 2365 543 ,
2407 485 2461 533 et
2487 478 2757 535 oderimus
2784 479 2836 535 in
2866 481 3209 553 propinquis,
3248 484 3293 540 si
3322 484 3621 557 impediunt
3649 506 3681 547 a
3704 508 3793 552 re-

2212 582 2315 639 gno
2336 570 2451 625 Dei.

2283 661 2335 716 6.
2382 661 2511 717 item
2542 663 2607 720 de
2637 675 2900 737 prreeepto
2926 684 3029 739 quo
3056 671 3363 741 prohibetur
3389 692 3524 732 uxor
3566 679 3788 751 dimitti,

2212 751 2311 806 nisi
2326 764 2538 823 prepter
2560 754 2983 826 fornicationem,
3000 760 3087 816 hic
3104 763 3317 831 quidem
3334 770 3791 838 scrupulosissime

2210 842 2473 913 disputavi
2508 846 2641 918 (Lib.
2668 850 2718 913 1,
2748 866 2793 903 c.
2818 850 2932 919 91).
2962 852 3065 907 Sed
3093 870 3249 924 quam
3274 858 3400 913 velit
3428 860 3685 917 Dominus
3709 865 3792 918 in-

2211 935 2369 1005 telligi
2412 936 2846 1005 fornicationem,
2880 952 3096 1013 propter
3140 962 3294 1016 quam
3338 950 3494 1005 liceat
3524 953 3789 1013 dimittere

2207 1041 2461 1093 uxorem;
2496 1040 2669 1085 utrum
2699 1048 2815 1087 eam
2844 1051 2959 1103 qua:
2983 1036 3263 1093 damnatur
3287 1042 3339 1095 in
3369 1044 3598 1113 stupris,
3630 1062 3695 1101 an
3722 1049 3788 1103 il-

2206 1107 2310 1173 lam
2350 1121 2418 1176 de
2455 1138 2558 1191 qua
2585 1124 2808 1193 dicitur,
2846 1127 3120 1183 Perdidisti
3158 1150 3352 1188 omnem
3397 1107 3481 1207 qui
3512 1141 3790 1208 fornicatur

2205 1210 2292 1264 abs
2310 1211 2537 1281 tc(Psal.
2562 1231 2721 1282 exe",
2745 1217 2856 1289 27),
2884 1220 2933 1272 in
2962 1237 3063 1290 qua
3090 1224 3269 1293 utique
3290 1236 3343 1280 et
3364 1228 3463 1281 ista
3486 1239 3567 1283 est
3592 1231 3789 1303 (neque

2204 1306 2346 1359 enim
2392 1321 2495 1360 non
2522 1306 2813 1364 fornicatur
2842 1327 2869 1364 a
2904 1312 3154 1380 Domino,
3189 1318 3275 1386 qui
3315 1319 3509 1375 tollens
3550 1324 3787 1381 membra

2202 1397 2429 1467 Christi,
2476 1400 2598 1455 facit
2635 1417 2697 1457 ea
2746 1405 2983 1459 membra
3025 1410 3577 1482 meretricis);etiam
3627 1424 3786 1487 atque

2201 1491 2359 1546 etiam
2391 1494 2726 1563 cogitandum
2752 1505 2833 1551 est
2871 1506 3028 1567 atque
3074 1501 3470 1570 requirendum.
3513 1506 3622 1561 Nec
3663 1509 3787 1564 volo

2201 1582 2255 1638 in
2285 1600 2343 1639 re
2383 1593 2522 1639 tanta
2554 1595 2767 1658 tamque
2809 1589 2873 1643 ad
2904 1591 3320 1660 dignoscendum
3351 1597 3556 1654 difﬁcili
3599 1610 3785 1671 putare

2202 1674 2456 1730 lectorem
2480 1717 2494 1741 ,
2545 1677 2698 1731 istam
2727 1680 2828 1734 sibi
2856 1691 3089 1737 nostram
3130 1684 3539 1755 disputationem
3589 1692 3784 1750 debere

2199 1764 2483 1821 sufﬁcere:
2517 1770 2607 1823 sed
2639 1770 2775 1840 legat
2802 1781 2857 1827 et
2899 1774 2999 1827 alia
3023 1816 3036 1839 ,
3068 1776 3178 1832 sive
3218 1790 3400 1834 nostra
3443 1800 3561 1853 qnze
3599 1796 3783 1856 postea

2197 1857 2393 1928 scripta
2423 1868 2574 1925 sunt,
2604 1862 2715 1916 sive
2752 1863 2976 1919 aliorum
3019 1868 3209 1922 melius
3253 1872 3582 1928 considerata
3621 1885 3781 1947 atque

2199 1956 2450 2017 tractata;
2480 1952 2564 2007 vel
2588 1954 2698 2023 ipse
2723 1955 2765 2008 si
2798 1965 3001 2024 potest,
3024 1973 3087 2013 ea
3107 1975 3225 2030 quae
3246 1962 3330 2018 hic
3357 1966 3548 2021 merito
3566 1984 3782 2025 movere

2198 2051 2450 2109 possunt,
2478 2043 2812 2113 vigilantiore
2855 2056 3009 2118 atque
3037 2051 3446 2123 intelligentiore
3472 2068 3651 2116 mente
3674 2060 3782 2116 dis-

2196 2132 2376 2185 cutiat.
2423 2132 2538 2187 Non
2586 2137 2709 2205 quia
2747 2153 2903 2193 omne
2933 2152 3205 2209 peceatum
3240 2145 3517 2204 fornicatio
3546 2161 3655 2219 est;
3683 2169 3782 2209 ne-

2195 2234 2298 2288 que
2324 2223 2463 2276 enim
2506 2241 2717 2280 onmem
2748 2240 3058 2297 peccantem
3090 2234 3226 2289 Deus
3255 2239 3460 2307 perdit,
3491 2244 3578 2311 qui
3609 2245 3780 2313 quoti-

2194 2309 2281 2365 die
2308 2324 2519 2368 sanctos
2540 2330 2664 2371 suos
2685 2319 2918 2387 exaudit,
2939 2321 3196 2390 dicentes,
3218 2326 3429 2383 Dimitte
3454 2309 3593 2387 nobis
3616 2309 3781 2391 debita

2196 2414 2365 2457 nostra
2380 2405 2669 2476 (Matt/va,
2688 2410 2778 2481 12)
2797 2427 2940 2466 :cum
2958 2415 3140 2482 perdat
3155 2433 3367 2475 omnem
3382 2424 3469 2491 qui
3492 2423 3781 2485 fornicatur

2193 2495 2260 2551 ab
2276 2512 2358 2550 eo.
2374 2498 2476 2553 Sed
2493 2510 2749 2569 quatenus
2767 2504 3103 2576 intelligenda
3117 2517 3275 2579 atque
3294 2511 3563 2568 limitanda
3582 2517 3650 2571 sit
3668 2518 3779 2573 [nec

2193 2588 2490 2658 fornicatio,
2504 2601 2558 2647 et
2575 2602 2746 2649 utrum
2765 2597 2922 2650 etiam
2945 2610 3161 2669 propter
3178 2601 3314 2657 hanc
3333 2604 3488 2659 liceat
3510 2607 3778 2665 dimittere

2193 2697 2444 2751 uxorem,
2487 2683 2905 2741 latebrosissima
2946 2693 3169 2759 quiestio
3217 2704 3317 2749 est.
3370 2696 3556 2752 Licere
3600 2708 3775 2756 tamen

2192 2784 2408 2845 propter
2436 2776 2587 2830 istam
2619 2793 2735 2847 quze
2766 2779 2817 2833 in
2843 2783 3041 2850 stupris
3071 2787 3439 2855 committitur,
3470 2790 3610 2843 nulla
3642 2807 3762 2861 quce

2190 2865 2294 2919 Stio
2316 2875 2414 2920 est.
2434 2866 2500 2920 Et
2525 2867 2612 2922 ubi
2628 2868 2736 2923 dixi
2758 2869 2859 2926 hoc
2876 2874 3194 2941 permissum
3221 2892 3358 2942 esse,
3387 2894 3489 2933 non
3515 2880 3722 2949 jussum
3740 2918 3778 2949 ,.

2190 2970 2298 3011 non
2343 2958 2542 3011 attendi
2587 2959 2745 3013 aliam
2795 2960 3121 3031 Scripturam
3167 2965 3429 3022 dicentem
3463 2988 3476 3024 :
3508 2970 3605 3035 Qui
3651 2980 3777 3027 tenet

2190 3045 2504 3114 adulteram,
2531 3049 2710 3103 stultus
2737 3059 2783 3103 et
2812 3050 2995 3121 impius
3022 3063 3094 3107 est
3124 3053 3302 3126 (Prov.
3339 3074 3490 3124 xvtu,
3522 3060 3634 3131 22).
3665 3062 3773 3117 Nec

2191 3150 2320 3191 sane
2348 3136 2637 3192 adulteram
2669 3140 2890 3195 dixerim
2917 3142 3081 3199 fuisse
3111 3144 3467 3215 deputandum
3494 3151 3631 3205 illam
3659 3168 3776 3207 mu-

2191 3227 2392 3296 lierem,
2422 3231 2579 3285 etiam
2608 3242 2947 3304 posteaquam
2985 3238 3182 3291 audivit
3206 3254 3236 3292 a
3267 3240 3510 3309 Domino,
3550 3242 3660 3297 Nec
3683 3260 3776 3315 ego

2192 3326 2239 3372 te
2282 3320 2563 3387 damnabo;
2608 3323 2760 3389 vade,
2807 3326 3037 3398 deinceps
3054 3330 3167 3399 jam
3212 3332 3317 3386 noli
3360 3350 3563 3403 peccare
3596 3334 3771 3407 (Joaa.

2193 3425 2308 3477 vnt,
2337 3411 2450 3483 11),
2476 3413 2520 3468 si
2546 3414 2647 3470 hoc
2673 3416 2984 3474 obedienter
3003 3421 3220 3479 audivit.

2260 3504 2312 3558 7.
2354 3504 2495 3562 Loco
2529 3507 2632 3561 alio
2658 3519 2927 3578 peccatum
2957 3512 3134 3567 fratris
3158 3516 3224 3570 ad
3255 3527 3478 3574 mortem
3504 3562 3519 3588 ,
3567 3522 3633 3576 de
3667 3539 3771 3593 quo

2190 3592 2318 3648 dicit
2344 3594 2576 3651 Joannes
2596 3600 2885 3667 apostolus,
2914 3601 3033 3656 Non
3056 3621 3145 3672 pro
3169 3606 3258 3660 illo
3282 3609 3395 3661 dico
3421 3620 3473 3663 ut
3499 3621 3634 3681 roget
3660 3592 3773 3682 guis

2191 3682 2237 3754 (Ι
2271 3683 2427 3741 Joan.
2473 3702 2528 3756 v,
2575 3688 2700 3760 16),
2750 3691 2817 3745 ita
2862 3692 3073 3748 deﬁnivi
3105 3705 3162 3749 ut
3201 3697 3471 3755 dicerem:
3500 3699 3773 3758 Peccatum

2189 3775 2363 3846 fratris
2387 3781 2456 3832 ad
2479 3790 2685 3835 mortem
2714 3792 2831 3853 puto
2853 3800 2956 3839 esse
2975 3803 3085 3840 cum
3111 3798 3220 3858 post
3244 3792 3548 3860 agnitionem
3567 3793 3663 3848 Dei
3682 3813 3772 3867 per

2187 3868 2403 3938 gratiam
2446 3869 2652 3924 Domini
2694 3876 2849 3927 nostri
2888 3874 3011 3930 Jesu
3052 3878 3235 3934 Christi
3276 3882 3484 3955 quisque
3515 3897 3771 3957 Oppugnat

2188 3960 2571 4030 fraternitatem,
2605 3972 2652 4017 et
2676 3964 2913 4020 adversus
2934 3970 3095 4038 ipsam
3119 3972 3331 4040 gratiam
3353 3992 3453 4043 qua
3478 3979 3770 4033 reconcilia-

2189 4058 2268 4103 tus
2294 4060 2364 4105 est
2395 4053 2524 4118 Deo,
2564 4055 2849 4112 invidentia:
2887 4060 3079 4130 facibus
3107 4064 3324 4133 agitatur
3351 4064 3483 4139 (Lib.
3516 4070 3566 4137 1,
3598 4086 3645 4124 c.
3674 4071 3764 4139 22,

2188 4157 2240 4195 n.
2270 4144 2381 4214 75).
2414 4144 2563 4211 Quod
2602 4147 2815 4217 quidem
2844 4167 2949 4205 non
2980 4153 3283 4209 conﬁrmavi
3310 4198 3324 4223 ,
3371 4160 3619 4227 quoniam
3663 4162 3766 4217 hoc

2188 4244 2377 4302 putare
2401 4250 2488 4291 me
2516 4236 2622 4291 dixi
2650 4254 2663 4293 :
2690 4239 2781 4294 sed
2812 4249 2989 4297 tamen
3015 4244 3312 4300 addendum
3346 4248 3462 4316 fuit,
3501 4250 3544 4304 si
3580 4252 3633 4305 in
3663 4251 3765 4308 hac

2186 4331 2293 4378 tam
2313 4326 2570 4383 scelerata
2600 4331 2793 4387 mentis
2824 4335 3167 4401 perversitate
3194 4336 3387 4393 ﬁnierit
3414 4342 3545 4395 hanc
3567 4342 3759 4410 vitam;

2184 4419 2433 4487 quoniam
2458 4420 2522 4475 de
2544 4436 2875 4493 quocumque
2903 4428 3131 4495 pessimo
3156 4429 3203 4482 in
3233 4429 3330 4485 hac
3349 4432 3452 4485 vita
3473 4434 3763 4491 constituto

2183 4525 2289 4565 non
2312 4519 2392 4567 est
2418 4514 2599 4583 utique
2624 4515 3029 4585 desperandum,
3055 4536 3152 4576 nec
3176 4537 3269 4592 pro
3292 4523 3378 4577 illo
3398 4524 3760 4594 imprudenter

2183 4613 2382 4669 oratur,
2412 4605 2480 4661 de
2505 4621 2609 4677 quo
2632 4622 2736 4662 non
2769 4609 3097 4680 desperatur.

2252 4695 2304 4750 8.
2346 4695 2400 4750 in
2441 4698 2673 4753 secundo
2714 4700 2837 4755 item
2887 4702 3062 4758 libro:
3093 4703 3275 4773 Nulli,
3323 4707 3556 4778 inquam,
3596 4709 3761 4766 licebit

2182 4786 2413 4857 ignorare
2450 4787 2543 4842 Dei
2575 4806 2813 4861 regnum,
2855 4810 2967 4847 cum
2996 4796 3104 4864 ejus
3137 4796 3433 4869 Unigenitus
3470 4819 3569 4856 non
3594 4804 3758 4857 solum

2179 4878 2572 4949 intelligibilitcr,
2599 4882 2687 4936 sed
2712 4883 2856 4937 etiam
2886 4886 3140 4942 visibiliter
3174 4889 3225 4942 in
3266 4891 3465 4946 homine
3494 4893 3756 4949 Dominieo

2180 4969 2242 5025 de
2280 4970 2404 5026 caelo
2443 4974 2656 5039 venerit,
2693 4974 3017 5044 judicaturus
3042 4980 3175 5034 vivos
3213 4991 3256 5035 et
3287 4993 3507 5039 mortuos
3537 4984 3669 5058 (Lib.
3695 4986 3751 5055 2,

2181 5077 2226 5114 c.
2259 5061 2312 5128 6,
2342 5078 2393 5115 n.
2424 5060 2538 5133 20).
2569 5063 2671 5118 Sed
2701 5081 2804 5120 non
2830 5068 2985 5122 video
3006 5079 3178 5126 utrum
3203 5083 3346 5129 recte
3364 5075 3571 5133 dicatur
3594 5078 3755 5134 homo

2179 5151 2485 5211 Dominicus
2513 5158 2601 5227 qui
2630 5168 2712 5213 est
2742 5161 3002 5217 mediator
3026 5164 3118 5220 Dei
3163 5174 3212 5221 et
3256 5166 3560 5238 hominum,
3593 5170 3754 5226 homo

2177 5241 2419 5302 Christus
2448 5246 2606 5304 Jesus
2626 5290 2640 5317 ,
2669 5266 2789 5305 cum
2816 5252 2886 5308 sit
2912 5255 3090 5324 utique
3131 5257 3384 5315 Dominus
3411 5279 3422 5315 :
3455 5260 3753 5318 dominicus

2176 5345 2351 5392 autem
2391 5338 2550 5396 homo
2592 5343 2711 5413 quis
2742 5345 2797 5400 in
2844 5347 2959 5417 ejus
2992 5358 3176 5405 sancta
3205 5350 3403 5410 familia
3433 5371 3537 5409 non
3580 5366 3754 5426 potest

2176 5425 2323 5482 dici?
2352 5429 2419 5484 Et
2449 5431 2549 5487 hoc
2576 5435 2788 5507 quidem
2818 5447 2875 5492 ut
2904 5439 3157 5507 dicerem,
3197 5446 3334 5515 apud
3363 5425 3619 5517 quosdam
3648 5448 3750 5518 legi

2175 5525 2490 5577 traetatores
2517 5524 2808 5583 catholicos
2835 5529 3132 5587 divinorum
3160 5536 3488 5607 eloquiorum
3519 5538 3611 5611 (a).
3644 5538 3750 5593 Sed

2176 5611 2492 5686 ubicumque
2513 5616 2613 5673 hoc
2627 5617 2757 5686 dixi,
2787 5620 2983 5679 dixisse
3000 5641 3085 5679 me
3110 5627 3326 5683 nollem.
3348 5630 3532 5685 Postea
3557 5630 3751 5701 quippe

2235 5785 2307 5867 (et)
2328 5791 2710 5867 fortasseuapud
2743 5793 3065 5867 Athanasium,
3090 5800 3140 5853 in
3157 5803 3464 5864 Expositione
3497 5802 3663 5867 Fidei;
3696 5808 3752 5856 α

2326 5850 2650 5917 Epiphaniam,
2670 5856 2716 5905 in
2747 5865 2992 5909 Ancorato.
