4116 6366
412 399 515 456 017

413 513 516 569 vidi
541 525 649 566 non
676 522 794 563 esse
818 505 1101 561 dicendum
1119 544 1134 569 ,
1165 501 1402 573 quamvis
1428 489 1678 556 nonnulla
1701 502 1867 571 possit
1892 517 1979 555 ra-

413 606 556 661 tione
585 598 816 656 defendi.
849 597 978 650 ltem
1005 594 1146 665 quod
1169 594 1276 648 dixi
1299 634 1314 657 ,
1347 591 1556 646 Nullius
1579 593 1706 645 enim
1735 595 1838 662 fere
1863 607 1981 645 con-

410 695 614 750 scientia
627 691 792 745 Deum
811 697 970 760 potest
989 687 1150 742 odisse
1165 684 1299 757 (Lib.
1320 685 1379 751 2,
1401 701 1447 738 c.
1471 685 1558 751 M,
1575 701 1627 737 n.
1643 683 1879 752 b8),non
1898 683 1979 735 vi-

405 787 506 844 deo
546 783 710 839 fuisse
765 779 1065 836 dicendum.
1117 778 1264 832 Multi
1309 777 1449 832 enim
1500 786 1621 831 sunt
1675 775 1742 830 de
1791 775 1980 845 quibus

405 876 663 945 scriptum
701 880 786 929 est
823 889 836 925 :
877 869 1130 942 Superbia
1171 884 1341 922 eorum
1382 867 1467 938 qui
1495 867 1706 921 oderunt
1735 875 1782 920 te
1809 864 1976 939 (Psal.

405 983 598 1034 ιιιιιι,
626 965 741 1032 25).

473 1059 528 1114 9.
567 1058 688 1111 Alio
716 1056 834 1110 loco
861 1054 915 1108 in
941 1067 1006 1108 eo
1026 1050 1167 1122 quod
1196 1049 1331 1115 dixi,
1361 1049 1438 1104 0b
1465 1049 1559 1103 hoc
1588 1048 1772 1102 dixisse
1799 1046 1979 1101 Domi-

403 1168 527 1206 num
546 1191 560 1215 ,
594 1167 614 1201 ι
626 1148 819 1220 διιπίεἱι
839 1146 938 1200 diei
959 1145 1150 1200 malitia
1167 1161 1260 1198 sua
1278 1163 1298 1196 ι
1321 1141 1529 1213 (Matth.
1549 1157 1627 1208 γι,
1643 1139 1755 1211 54),
1774 1140 1891 1211 quia
1905 1139 1979 1192 ci-

405 1243 491 1297 bos
515 1255 712 1295 sumere
730 1237 922 1309 urgebit
949 1237 1062 1306 ipsa
1087 1235 1372 1300 necessitas,
1397 1249 1548 1303 quam
1581 1240 1842 1300 propterea
1866 1246 1978 1283 ma-

404 1334 569 1386 litiam
598 1331 907 1384 nominatam
925 1325 1140 1380 arbitror
1163 1326 1281 1396 quia
1303 1324 1512 1394 poenalis
1537 1322 1676 1376 nobis
1697 1330 1798 1387 est;
1824 1321 1978 1389 perti-

401 1433 484 1476 net
512 1422 645 1475 enim
663 1419 730 1474 ad
752 1423 880 1472 hanc
900 1418 1221 1488 fragilitatem
1248 1431 1401 1487 quam
1426 1412 1677 1483 peccando
1705 1411 1980 1465 meruimus

402 1493 541 1582 (Lib.
573 1513 628 1578 9.,
661 1528 705 1565 c.
740 1512 827 1578 ιτ,
867 1527 919 1563 n.
963 1509 1079 1578 se),
1110 1523 1214 1561 non
1250 1505 1450 1561 attendi
1479 1505 1635 1559 etiam
1669 1503 1850 1573 primis
1880 1501 1979 1555 ho-

402 1604 632 1659 minibus
671 1602 791 1656 data
829 1599 991 1654 fuisse
1035 1600 1086 1652 in
1131 1596 1380 1668 paradiso
1420 1595 1662 1664 corporis
1707 1593 1976 1660 alimenta,

402 1703 687 1762 antequam
708 1692 859 1746 istam
891 1689 1077 1743 mortis
1104 1703 1313 1757 pinnam
1342 1684 1608 1755 peccando
1638 1683 1977 1738 meruissent.

402 1784 494 1839 Sic
518 1784 660 1838 enim
696 1789 846 1835 erant
875 1777 1201 1832 immortales
1226 1777 1279 1830 in
1307 1790 1529 1844 corpore
1553 1774 1792 1829 nondum
1818 1772 1979 1842 spiri-

405 1875 554 1940 tuali,
578 1873 673 1928 sed
688 1871 924 1936 animali,
949 1879 1003 1924 ut
1025 1877 1202 1924 tamen
1225 1869 1277 1922 in
1302 1865 1564 1936 ejusmodi
1587 1864 1980 1919 inmortalitate

413 1964 774 2034 corporalibus
800 1963 1062 2016 alimentis
1087 1969 1376 2014 uterentur.
1402 1958 1533 2012 item
1554 1956 1694 2026 quod
1711 1956 1818 2010 dixi
1842 1954 1976 2024 (ld.,

407 2074 456 2111 c.
479 2057 572 2123 19,
592 2074 646 2110 n.
673 2055 786 2127 66),
832 2054 993 2119 Quam
1013 2054 1104 2106 sibi
1126 2051 1266 2106 Deus
1294 2052 1440 2121 elegit
1464 2069 1484 2102 s
1509 2051 1778 2120 gloriosam
1807 2049 1982 2102 Eccle-

408 2149 539 2202 siam
557 2189 572 2212 ,
605 2164 706 2200 non
731 2145 991 2200 habentem
1022 2143 1274 2197 maculam
1307 2157 1464 2216 neque
1499 2157 1679 2211 rugam
1708 2159 1728 2191 ι
1754 2136 1977 2209 (Ephes.

411 2255 471 2305 v,
497 2237 614 2310 27),
646 2254 751 2292 non
781 2237 900 2292 ideo
924 2235 1062 2302 dixi,
1090 2235 1212 2304 quia
1249 2247 1387 2287 nunc
1418 2247 1485 2287 ex
1522 2231 1665 2284 omni
1697 2238 1850 2301 parte
1869 2228 1982 2298 jam

411 2332 533 2386 talis
557 2341 675 2396 est;
707 2331 946 2400 quamvis
969 2329 1035 2384 ad
1064 2329 1164 2383 hoc
1199 2329 1362 2382 electa
1387 2341 1490 2381 non
1516 2325 1844 2380 dubitaretur
1863 2364 1879 2391 ,
1924 2331 1985 2376 ut

408 2425 528 2479 talis
564 2424 634 2478 sit
677 2422 889 2493 quando
928 2419 1170 2476 Christus
1213 2418 1519 2488 apparuerit
1546 2417 1651 2470 vita
1679 2416 1829 2493 ejus:
1858 2424 1984 2468 tunc

409 2514 550 2569 enim
585 2523 639 2567 et
664 2514 774 2582 ipsa
810 2526 930 2566 cum
980 2510 1074 2564 illo
1114 2508 1390 2579 apparebit
1431 2507 1482 2560 in
1521 2505 1724 2575 gloria;
1769 2513 1984 2574 propter

412 2619 571 2675 quam
605 2603 825 2672 gloriam
865 2601 1002 2656 dicta
1028 2609 1112 2656 est
1140 2598 1381 2654 Ecclesia
1409 2597 1656 2667 gloriosa.
1686 2594 1814 2648 ltem
1842 2592 1984 2663 quod

410 2695 668 2751 Dominus
693 2695 765 2748 ait
791 2735 805 2759 ,
838 2692 1018 2758 Petite,
1051 2701 1099 2746 et
1119 2691 1378 2761 accipietis
1401 2706 1420 2756 ;
1447 2689 1672 2758 ᾳιιωτὶεε,
1703 2695 1746 2740 et
1767 2687 1985 2740 inuenie-

411 2795 506 2855 tis;
536 2790 757 2860 pulsate,
799 2796 847 2842 et
886 2790 1136 2857 aperietur
1170 2786 1340 2853 uobis,
1387 2798 1607 2854 operose
1644 2781 1855 2851 quidem
1888 2779 1985 2833 tria

410 2883 511 2937 ista
526 2881 652 2951 quid
680 2880 819 2935 inter
838 2895 897 2934 se
920 2878 1166 2934 differant
1183 2876 1551 2946 exponendum
1569 2873 1742 2944 putavi
1773 2871 1906 2944 (Lib.
1927 2870 1983 2933 2,

411 2989 458 3026 c.
485 2971 575 3042 21)
595 2987 610 3037 ;
642 2971 735 3026 sed
757 2971 911 3039 longe
931 2969 1122 3023 melius
1135 2966 1202 3022 ad
1225 2965 1657 3021 instantissimam
1677 2962 1986 3033 petitionem

412 3061 590 3116 omnia
618 3060 939 3116 referuntur.
974 3059 1087 3114 Hoc
1127 3058 1324 3128 quippe
1365 3055 1624 3118 ostendit,
1671 3053 1758 3107 ubi
1799 3051 1988 3106 eodem

411 3151 580 3206 verbo
623 3159 810 3205 cuncta
851 3149 1141 3215 conclusit,
1174 3147 1391 3202 dicens:
1435 3145 1630 3208 Quanto
1649 3143 1807 3214 magis
1839 3141 1990 3197 Pater

412 3252 572 3297 vester
601 3243 686 3312 qui
709 3243 759 3295 in
785 3242 920 3295 etatis
945 3250 1035 3305 est,
1065 3241 1201 3293 dabit
1233 3239 1359 3292 bona
1381 3235 1652 3307 petentibus
1688 3251 1741 3289 se
1767 3232 1986 3306 (Matth.

412 3352 507 3402 vn,
536 3338 588 3402 7,
614 3335 738 3406 ll)?
768 3351 872 3389 non
898 3335 1038 3390 enim
1061 3334 1226 3399 dixit,
1259 3331 1555 3402 petentibus
1574 3370 1587 3395 ,
1625 3337 1678 3383 et
1702 3327 1989 3398 quaerenti-

414 3427 546 3491 bus,
577 3435 630 3482 et
658 3425 1003 3496 pulsantibus.
1035 3423 1146 3479 Hoc
1177 3438 1308 3493 opus
1333 3423 1410 3478 sic
1439 3421 1656 3491 incipit:
1691 3419 1990 3475 Sermonem

420 3532 568 3586 quem
593 3517 785 3571 locutus
811 3525 882 3570 est
903 3514 1170 3568 Dominus.
1706 3502 1710 3505 ”

1045 3603 1268 3661 CAPUT
1306 3603 1424 3658 XX.

765 3695 1004 3750 Psalmus
1030 3703 1203 3749 contra
1231 3703 1423 3766 partem
1449 3692 1652 3746 Donati.

488 3788 687 3843 Valens
722 3789 880 3842 etiam
919 3801 1142 3842 causam
1178 3785 1566 3840 Donatistarum
1595 3782 1662 3837 ad
1689 3782 1856 3852 ipsius
1890 3785 1990 3836 hu-

419 3881 627 3938 millimi
652 3881 794 3950 vulgi
812 3889 866 3936 et
890 3879 1106 3933 omnino
1134 3877 1494 3946 imperitorum
1519 3885 1678 3944 atque
1712 3873 1991 3928 idiotarum

421 3975 662 4029 notitiam
681 3972 976 4042 pervenire,
1003 3979 1056 4025 et
1081 3984 1265 4025 eorum
1286 3976 1536 4038 quantum
1559 3966 1674 4021 ﬁeri
1695 3973 1875 4035 posset
1897 3979 1993 4035 per

421 4080 520 4120 nos
551 4064 813 4119 inhaerere
833 4063 1125 4128 memoria,
1157 4061 1424 4115 Psalmum
1452 4059 1537 4128 qui
1564 4059 1640 4112 eis
1669 4067 1988 4124 cantaretur,

420 4171 517 4226 per
543 4155 734 4211 latinas
758 4154 959 4209 litteras
984 4153 1081 4208 feci
1108 4172 1122 4207 :
1151 4152 1242 4206 sed
1270 4165 1436 4220 usque
1461 4151 1526 4204 ad
1555 4149 1598 4206 γ
1626 4150 1872 4205 litteram.
1901 4150 1994 4204 Ta-

421 4249 504 4304 les
540 4259 717 4304 autem
760 4249 1100 4304 abeoedarios
1140 4246 1421 4316 appellant.
1451 4245 1580 4300 Tres
1617 4259 1742 4298 vero
1778 4245 1992 4299 ultimas

326 4361 332 4365 '
423 4341 610 4406 omisi;
632 4340 728 4397 sed
749 4356 843 4410 pro
861 4341 937 4394 eis
958 4339 1300 4393 novissimum
1315 4337 1463 4406 quasi
1479 4337 1738 4406 epilogum
1757 4334 1989 4405 adjunxi,

421 4438 670 4500 tanquam
689 4445 778 4485 eos
800 4439 966 4484 mater
989 4429 1345 4497 alloqueretur
1366 4427 1615 4482 Ecclesia.
1640 4426 1990 4497 Hypopsalma

422 4522 583 4576 etiam
608 4522 746 4590 quod
771 4521 1196 4590 responderetur,
1224 4529 1277 4574 et
1304 4518 1612 4588 prooemium
1634 4533 1826 4584 causae,
1853 4519 1992 4587 quod

423 4611 763 4665 nihilominus
779 4620 1098 4677 cantaretur,
1121 4626 1224 4663 non
1249 4619 1368 4663 sunt
1394 4610 1445 4662 in
1462 4609 1647 4663 ordine
1666 4609 1956 4663 litterarum
1976 4627 1992 4664 :

421 4717 606 4758 earum
638 4704 829 4772 quippe
855 4704 984 4757 ordo
1020 4703 1203 4772 incipit
1227 4712 1349 4774 post
1387 4702 1719 4772 prommium.
1749 4700 1880 4756 ldeo
1897 4716 1992 4756 au-

424 4801 533 4848 tem
566 4809 668 4848 non
691 4795 867 4864 aliquo
893 4795 1142 4848 carminis
1165 4809 1359 4863 genere
1387 4794 1437 4848 id
1465 4793 1576 4847 ﬁeri
1603 4794 1772 4860 volui,
1811 4809 1879 4848 ne
1908 4807 1994 4847 me

425 4885 714 4940 necessitas
748 4885 964 4939 metrica
1004 4884 1069 4938 ad
1105 4884 1279 4952 aliqua
1307 4885 1467 4938 verba
1496 4900 1613 4955 qua:
1639 4884 1792 4953 vulgo
1821 4885 1995 4938 minus

425 4985 551 5029 sunt
597 4977 786 5029 usitata
830 4975 1189 5044 compelleret.
1236 4975 1339 5029 lste
1384 4975 1622 5029 Psalmus
1656 4977 1732 5030 sic
1773 4975 1991 5044 incipit:

429 5067 615 5121 Omnes
638 5069 720 5137 qui
743 5068 966 5137 gaudetis
989 5066 1050 5119 de
1070 5082 1208 5135 pace,
1234 5066 1383 5120 modo
1401 5067 1834 5137 uerumjudicate;
1853 5066 1994 5136 quod

423 5157 539 5227 ejus
570 5157 909 5229 hypopsalma
938 5166 1039 5212 est.

1054 5247 1276 5304 CAPUT
1312 5246 1455 5302 XXI.

499 5337 684 5394 Contra
720 5339 1004 5410 Epistolam
1041 5339 1225 5394 Donati
1263 5341 1506 5406 heretici,
1537 5341 1658 5394 liber
1686 5357 1831 5396 unus.
1854 5372 1925 5382 —

1024 5433 1167 5505 [Non
1197 5433 1416 5506 exstat]

503 5525 553 5577 1.
593 5522 992 5578 Librum'etiam
1021 5534 1203 5580 contra
1220 5524 1518 5593 Epistulam
1542 5525 1744 5590 Donati,
1768 5525 1855 5594 qui
1872 5537 1992 5594 par-

431 5611 500 5666 tis
526 5611 718 5668 Donati
763 5614 1026 5670 secundus
1056 5625 1174 5684 post
1212 5615 1523 5684 Majorinum
1556 5616 1830 5686 episcopus
1858 5616 1992 5684 apud

429 5702 802 5776 Carthaginem
852 5707 975 5772 fuit,
1022 5707 1208 5761 eodem
1260 5707 1566 5778 presbyterii
1611 5708 1713 5762 mei
1759 5717 1994 5776 tempore

430 5795 660 5867 scripsi;
705 5796 758 5850 in
788 5812 886 5865 qua
913 5797 1135 5866 epistola
1165 5798 1250 5851 ille
1279 5797 1404 5867 agit,
1438 5808 1492 5852 ut
1518 5812 1619 5853 non
1648 5799 1749 5853 nisi
1791 5799 1840 5853 in
1881 5802 1994 5869 ejus

742 5875 965 5949 Eumer.
985 5891 1266 5967 .Aucusr.
1302 5889 1352 5948 ι.

1760 391 1958 446 LIBER
1997 389 2266 446 PRIMUS.

3543 386 3646 444 διε

2084 497 2458 555 communione
2484 497 2741 568 baptisma
2769 495 2962 552 Christi
2989 511 3108 552 esse
3137 504 3417 555 credatur:
3440 499 3525 556 cui
3549 518 3647 557 nos

2083 590 2494 646 contradicimus
2519 590 2573 644 in
2599 590 2701 645 hoc
2730 589 2864 644 libro
2891 590 2930 642 ⁸.
2963 589 3078 644 Dixi
3107 590 3159 644 in
3185 591 3411 660 quodam
3443 591 3558 647 loco
3585 594 3654 649 de

2084 681 2324 750 apostolo
2349 681 2525 747 Petro,
2551 680 2689 752 quod
2715 681 2766 734 in
2794 680 2883 734 illo
2912 689 3157 750 tanquam
3184 683 3237 736 in
3264 692 3412 752 petra
3436 683 3652 742 fundata

2085 771 2153 824 sit
2183 771 2442 833 Ecclesia;
2471 769 2557 839 qui
2584 784 2770 824 sensus
2799 769 2955 825 etiam
2983 781 3223 826 cantatur
3251 787 3343 828 ore
3368 775 3650 828 multorum

2093 862 2150 917 in
2179 862 2418 917 versibus
2441 861 2732 916 beatissimi
2752 863 3036 930 Ambrosii,
3063 863 3152 918 ubi
3175 863 3241 919 de
3271 866 3407 934 gallo
3433 867 3636 936 gallina-

2083 967 2179 1007 ceo
2207 954 2281 1006 ait
2307 970 2320 1005 :
2356 951 2468 1006 Hoc
2501 953 2614 1022 ipsa
2646 961 2787 1022 petra
2814 952 3054 1007 Ecclesiae
3079 965 3311 1022 canente,
3339 957 3542 1026 culpam
3570 959 3654 1011 di-

2085 1043 2209 1098 luit.
2240 1043 2345 1100 Sed
2383 1045 2495 1100 scio
2534 1060 2619 1100 me
2660 1055 2839 1116 postea
2880 1048 3171 1115 saepissime
3220 1049 3297 1104 sic
3346 1051 3655 1120 exposuisse

2083 1135 2221 1205 quod
2244 1150 2271 1188 a
2291 1136 2515 1190 Domino
2531 1136 2726 1190 dictum
2745 1146 2846 1203 est,
2886 1135 2964 1190 Tu
2985 1155 3034 1191 es
3062 1138 3262 1206 Petrus,
3289 1148 3334 1194 et
3354 1157 3505 1212 super
3524 1144 3654 1197 hanc

2084 1235 2275 1294 petram
2304 1225 2562 1294 wdiﬁcabo
2590 1225 2869 1280 Ecclesiam
2891 1244 3050 1282 meam
3071 1246 3088 1294 ;
3130 1242 3185 1283 ut
3211 1245 3368 1301 super
3402 1232 3542 1288 hunc
3569 1234 3654 1288 in-

2083 1314 2408 1386 telligeretur
2433 1333 2588 1386 quem
2614 1317 2886 1374 confessus
2919 1328 3001 1375 est
3035 1320 3224 1377 Petrus
3247 1322 3448 1391 dicens,
3500 1325 3578 1380 Tu
3599 1342 3653 1381 ss

2084 1405 2310 1461 Christus
2349 1409 2486 1477 ﬁlius
2524 1407 2624 1462 Dei
2658 1409 2755 1462 vivi
2801 1408 3009 1481 (Matth.
3049 1427 3168 1480 xvn,
3201 1414 3301 1483 18,
3335 1415 3424 1488 16)
3449 1434 3461 1470 :
3491 1432 3553 1472 ac
3577 1419 3654 1473 sic

2084 1495 2273 1552 Petrus
2296 1499 2363 1552 ab
2385 1498 2485 1552 hac
2515 1507 2662 1568 petra
2683 1501 2976 1568 appellatus
2995 1517 3276 1570 personam
3302 1507 3552 1562 Ecclesiae
3587 1509 3651 1562 ll-
3741 1521 3751 1580 l‘

2081 1597 2315 1657 guraret,
2343 1603 2461 1667 quae
2489 1604 2647 1658 super
2669 1591 2803 1646 hanc
2827 1601 3028 1659 petram
3048 1595 3354 1661 aediﬁcatur,
3377 1607 3430 1652 et
3451 1601 3655 1668 accepit

2083 1677 2259 1732 claves
2291 1681 2439 1746 regni
2471 1679 2746 1735 oculorum.
2779 1681 2897 1736 Non
2925 1683 3065 1737 enim
3095 1684 3290 1740 dictum
3318 1697 3399 1742 est
3428 1688 3524 1756 illi,
3570 1689 3652 1745 Tu
3747 1738 3754 1746 .

2082 1781 2143 1822 es
2181 1777 2360 1836 petra;
2392 1769 2516 1835 sal,
2547 1769 2623 1824 Tu
2649 1788 2701 1825 es
2731 1771 2931 1827 Petrus.
2968 1773 3122 1828 Petra
3157 1786 3330 1831 autem
3358 1787 3470 1832 erat
3497 1778 3652 1834 Chri-

2082 1867 2231 1925 stus;
2256 1876 2415 1930 quem
2443 1861 2721 1917 confessus
2748 1864 2953 1931 Simon,
2983 1866 3254 1922 sicuteum
3285 1878 3392 1925 tota
3420 1873 3655 1928 Ecclesia

2083 1952 2363 2006 conﬁtetur
2382 1993 2400 2019 ,
2444 1953 2618 2009 dictus
2652 1963 2734 2009 est
2763 1955 2975 2010 Petrus.
3008 1956 3206 2012 Harum
3234 1970 3408 2015 autem
3435 1962 3657 2020 duarum

2083 2041 2465 2096 sententiarum
2492 2058 2612 2112 quae
2641 2046 2708 2097 sit
2729 2045 3066 2112 probabilior,
3099 2048 3254 2118 eligat
3277 2049 3463 2105 lector.

2154 2131 2206 2184 2.
2247 2131 2364 2185 Alio
2404 2133 2521 2187 loco
2565 2134 2708 2199 dixi,
2776 2132 2982 2189 Nullius
3023 2147 3231 2191 mortem
3279 2139 3415 2194 Deus
3452 2143 3660 2210 quierit;

2083 2222 2224 2292 quod
2250 2223 2327 2277 sic
2346 2224 2727 2293 accipiendum,
2758 2227 2878 2294 quia
2902 2226 3060 2282 homo
3082 2229 3181 2283 sibi
3210 2231 3488 2300 acquisivit
3513 2247 3660 2288 mor-

2084 2320 2192 2366 teni
2221 2311 2482 2376 deserens,
2505 2312 2692 2379 Deum,
2729 2323 2782 2368 et
2807 2317 3032 2385 acquirit
3071 2319 3157 2386 qui
3195 2335 3300 2373 non
3337 2323 3560 2377 recurrit
3593 2324 3661 2378 ad

2085 2400 2274 2465 Deum,
2293 2401 2581 2456 secundum
2605 2403 2744 2471 quod
2763 2398 3019 2474 scriptum
3039 2415 3120 2461 est
3143 2425 3154 2458 :
3183 2405 3316 2462 Deus
3331 2420 3540 2464 mortem
3558 2428 3661 2466 non

2086 2482 2203 2553 fecit
2241 2483 2394 2554 (Sap.
2425 2500 2473 2552 ι,
2508 2483 2617 2554 15).
2648 2485 2752 2540 Sed
2779 2488 2936 2540 etiam
2969 2488 3095 2542 illud
3127 2506 3229 2543 non
3259 2493 3432 2548 minus
3467 2510 3656 2550 verum

2086 2584 2202 2628 est:
2243 2574 2356 2628 Vita
2387 2583 2436 2629 et
2473 2592 2608 2629 mors
2646 2593 2677 2628 a
2716 2575 2932 2630 Domino
2960 2576 3070 2631 Deo
3103 2590 3172 2634 est
3217 2580 3398 2653 (Eccli.
3426 2599 3501 2650 ιι,
3535 2583 3658 2659 lii):

2086 2666 2193 2720 vita
2219 2666 2422 2721 scilicet
2443 2681 2473 2720 a
2500 2667 2752 2735 donante,
2784 2682 2928 2722 mors
2956 2684 2987 2723 a
3012 2670 3326 2727 vindicante.

2157 2759 2211 2812 5.
2254 2757 2382 2812 item
2406 2758 2545 2828 quod
2572 2758 2681 2813 dixi
2708 2759 2967 2814 Donatum
2985 2801 3000 2828 ,
3027 2761 3178 2831 cujus
3204 2764 3480 2836 epistolam
3502 2767 3660 2825 refel-

2090 2846 2261 2904 lebam
2281 2890 2296 2916 ,
2338 2863 2555 2920 rogasse
2579 2858 2638 2905 ut
2669 2849 2957 2922 Imperator
2992 2852 3130 2907 inter
3154 2854 3323 2922 ipsum
3350 2865 3402 2910 et
3425 2857 3665 2914 Caecilia-

2092 2956 2217 2995 num
2236 2943 2614 2997 transmarinos
2630 2944 2906 3014 episcopos
2925 2945 3126 3014 iudices
3147 2948 3324 3016 daret;
3346 2964 3450 3006 non
3469 2950 3664 3024 ipsum,
3750 2945 3757 2954 ’

2093 3035 2185 3089 sed
2213 3035 2370 3090 alium
2399 3037 2658 3090 Donatum
2681 3078 2694 3102 ,
2742 3037 2979 3107 ejusdem
3008 3048 3180 3095 tamen
3215 3043 3534 3112 schismatis,
3567 3045 3668 3103 hoc

2093 3123 2282 3180 fecisse
2309 3126 2628 3194 probabilius
2650 3127 2933 3182 invenitur.
2958 3129 3050 3184 llle
3075 3139 3250 3186 autem
3277 3149 3384 3188 non
3408 3147 3523 3191 erat
3539 3135 3669 3193 Car-

2093 3218 2418 3288 tliaginensis
2447 3219 2832 3274 Donatistarum
2858 3220 3137 3292 episcopus
3155 3265 3169 3288 ,
3219 3225 3311 3280 sed
3341 3241 3372 3280 a
3409 3227 3670 3285 Casiis-Ii-

2091 3311 2220 3379 gris,
2249 3311 2338 3378 qui
2370 3319 2546 3364 tamen
2576 3311 2774 3379 primus
2800 3312 2936 3380 apud
2965 3311 3334 3384 Carthaginem
3368 3319 3541 3388 ipsum
3570 3336 3669 3376 Ie-

2091 3399 2283 3454 farium
2313 3400 2540 3455 schisma
2566 3401 2830 3455 commisit
2863 3402 2958 3474 (a).
2985 3402 3092 3457 Nec
3120 3419 3248 3460 sane
3277 3407 3512 3464 Donatus
3537 3411 3668 3466 Car-

2095 3489 2420 3560 thaginensis
2474 3497 2534 3544 ut
2582 3490 2863 3544 Christiani
2909 3493 3358 3563 rebaptizarentur
3399 3498 3666 3570 instituit;
3708 3543 3712 3547 .

2093 3580 2233 3651 quod
2278 3596 2376 3651 ego
2416 3595 2537 3636 eum
2583 3582 2872 3637 instituisse
2915 3584 3271 3651 credideram,
3317 3592 3525 3659 quando
3551 3594 3668 3664 ejus

2094 3674 2332 3744 epistola:
2348 3673 2753 3744 respondebam.
2773 3674 2881 3729 Nec
2896 3675 2962 3731 de
2979 3676 3112 3732 libro
3131 3679 3485 3738 Ecclesiastici
3512 3687 3531 3716 ’
3552 3687 3666 3756 ipse

2093 3765 2313 3820 abstulit
2338 3764 2407 3820 de
2434 3764 2607 3820 media
2640 3766 2899 3820 sententia
2928 3768 3087 3822 verba
3117 3768 3185 3824 ad
3211 3787 3321 3825 rem
3347 3776 3663 3844 necessaria,

2095 3855 2183 3910 ubi
2207 3871 2326 3910 cum
2358 3857 2612 3924 scriptum
2637 3856 2704 3910 sit
2733 3897 2745 3921 ,
2780 3856 2880 3920 Qui
2899 3855 3180 3927 baptizatur
3205 3878 3237 3914 a
3263 3874 3478 3930 mortuo,
3505 3876 3551 3919 et
3575 3868 3668 3921 ite-

2094 3962 2207 3999 rum
2236 3946 2394 4016 tangit
2416 3945 2581 4010 illum,
2608 3947 2728 4015 quid
2758 3947 2953 4017 proﬁcit
2977 3949 3159 4002 lauatio
3184 3952 3293 4020 ejus
3327 3951 3434 4026 (Id.
3473 3972 3662 4025 xxnv,

2097 4037 2225 4111 50)?
2255 4039 2351 4093 iste
2381 4039 2459 4093 sic
2488 4040 2662 4108 posuit
2687 4047 2931 4108 tanquam
2959 4041 3210 4108 scriptum
3240 4053 3417 4110 esset,
3455 4047 3553 4112 Qui
3576 4049 3667 4102 ba-

2096 4131 2314 4201 ptizatur
2354 4147 2386 4182 a
2428 4139 2655 4196 mortuo,
2687 4128 2809 4198 quid
2840 4130 3034 4198 pro/icit
3064 4131 3246 4186 lavatio
3271 4135 3416 4204 ejus?
3443 4137 3548 4191 Nos
3575 4155 3668 4193 au-

2097 4232 2202 4277 tem
2232 4230 2286 4276 et
2309 4230 2590 4290 antequam
2615 4231 2757 4275 esset
2781 4236 2904 4289 pars
2933 4221 3151 4287 Donati,
3196 4225 3272 4277 sic
3310 4225 3552 4282 habuisse
3580 4245 3668 4284 co-

2096 4316 2241 4369 dices
2282 4313 2569 4383 plurimos,
2621 4321 2982 4366 verumtamen
3012 4312 3153 4367 afros
3175 4354 3189 4380 ,
3222 4323 3280 4368 ut
3307 4332 3409 4370 non
3446 4330 3586 4372 esset
3613 4320 3666 4374 in

2097 4403 2294 4468 medio,
2321 4412 2367 4455 et
2393 4404 2571 4456 iterum
2595 4403 2752 4472 tangit
2785 4403 2951 4468 illum,
2985 4411 3166 4471 postea
3191 4405 3488 4461 didicimus.
3514 4411 3666 4474 Quod
3705 4389 3708 4393 I

2099 4496 2142 4547 si
2175 4503 2299 4548 tunc
2327 4493 2575 4557 scissem,
2620 4508 2727 4546 non
2769 4495 2818 4546 in
2852 4493 3008 4547 istum
3039 4504 3284 4564 tanquam
3313 4497 3368 4553 in
3394 4498 3565 4554 furem
3590 4503 3666 4556 di-

2099 4587 2208 4640 vini
2238 4585 2454 4653 eloquii,
2481 4585 2565 4639 vel
2595 4585 2900 4638 violatorem
2941 4591 3079 4660 tanta
3109 4587 3376 4643 dixissem.
3409 4591 3502 4646 Hic
3533 4592 3668 4649 liber

2101 4677 2178 4731 sic
2207 4675 2424 4744 incipit:
2458 4675 2557 4728 Abs
2585 4685 2631 4728 te
2651 4675 2760 4745 ipso
2786 4685 3025 4744 prasente
3048 4679 3326 4734 audieram.

2663 4814 2886 4870 CAPUT
2926 4816 3089 4873 XXII.

2102 4900 2118 4911 .
2138 4929 2325 4985 Contra
2342 4927 2666 4982 Adimantum
2691 4927 2959 4984 Hanicluei
2981 4931 3282 5000 discipulum
3298 4975 3313 5000 ,
3336 4935 3456 4988 liber
3475 4953 3623 4993 unus.

2173 5043 2226 5097 1.
2241 5040 2440 5096 Eodem
2460 5049 2696 5109 tempore
2710 5048 2965 5094 venerunt
2995 5041 3046 5093 in
3059 5056 3243 5096 manus
3261 5058 3403 5095 meas
3424 5045 3662 5112 quaedam

2103 5133 2482 5204 disputationes
2507 5129 2793 5196 Adimanti,
2822 5130 2906 5199 qui
2938 5128 3107 5185 fuerat
3135 5131 3404 5187 Manichmi
3434 5135 3663 5205 discipu-

2163 5297 2182 5329 ι
2206 5303 2294 5346 ειη
2322 5306 2406 5344 nos
2440 5290 2809 5354 mntradicirnus
2842 5288 2892 5340 in
2923 5288 3010 5354 hoc
3044 5289 3164 5340 libro
3192 5302 3210 5339 :
3235 5291 3414 5354 inquo
3431 5291 3554 5346 dixi.
3594 5298 3664 5349 sic

2104 5357 2369 5450 legendum
2391 5369 2501 5404 cum
2514 5362 2620 5403 Mss.
2641 5352 2819 5415 Anglic.
2842 5359 2896 5421 et
2915 5350 3143 5423 aliquote
3157 5350 3348 5422 nostris:

2207 5427 2312 5467 Mss.
2336 5430 2445 5465 cum
2466 5426 2565 5464 Am.
2589 5423 2640 5464 et
2661 5421 2755 5467 Er.,
2781 5414 2842 5463 de
2861 5412 2984 5462 libro
3002 5420 3265 5467 sapientem.

2300 5455 2312 5466 .
2336 5430 2445 5465 cum
2466 5426 2565 5464 Am.
2589 5423 2640 5464 et
2661 5421 2755 5472 En,
2781 5420 2842 5463 de
2861 5420 2984 5462 noro
3002 5420 3265 5476 sapientia}.

2161 5499 2233 5562 (a)
2260 5517 2282 5545 α
2307 5500 2386 5547 Hic
2417 5497 2601 5547 scilicet
2633 5496 2698 5562 de
2729 5495 3191 5562 Numidiaveniens,
3215 5512 3243 5562 ῃ
3272 5496 3425 5562 inquit
3447 5501 3664 5562 Augusti-

2099 5556 2225 5618 nu‘s,’
2241 5581 2264 5607 ιι
2283 5567 2335 5609 et
2370 5556 2846 5622 contraCa‘cilianum
2865 5557 3172 5622 christianam
3199 5556 3418 5608 dividens
3449 5556 3662 5622 plebem,

2108 5640 2130 5668 ι
2146 5622 2378 5685 adjunctis
2398 5621 2488 5668 sibi
2508 5619 2723 5685 ejusdem
2741 5618 2952 5685 lectionis
2970 5620 3202 5685 episcOpis
3215 5654 3228 5676 ,
3253 5618 3522 5685 atajorinum
3539 5618 3661 5685 apud

2108 5680 2476 5744 «Carthaginem
2508 5680 2741 5744 ordinavit
2774 5681 3062 5742 episcopum.
3097 5683 3177 5744 Cui
3212 5680 3428 5744 Atajo'rino
3460 5680 3661 5744 Donatus

2107 5762 2130 5791 ς
2145 5744 2267 5794 alius
2280 5743 2525 5806 successit,
2544 5749 2627 5806 qui
2647 5743 2919 5806 eloquentia
2934 5755 3019 5806 sua
3036 5743 3326 5806 conﬁrmavit
3358 5744 3479 5793 hanc
3510 5743 3663 5796 hiare-

2300 5811 2364 5855 Ex
2383 5805 2466 5854 lib.
2491 5804 2754 5854 de'ttmresi
2776 5806 2832 5853 ad
2850 5804 3242 5864 Quodvultdeum,
3262 5819 3360 5867 cap.
3383 5806 3459 5858 69.

3002 5888 3294 5966 {Vingt./
