4116 6366
446 475 544 531 6'21

442 590 645 647 minata
676 608 781 649 non
818 595 1025 664 liberat,
1056 599 1156 653 nisi
1183 604 1349 670 gratia
1397 602 1487 658 Dei
1526 590 1827 673 per'lesum
1872 598 2029 663 Chri-

451 682 593 739 stum
644 684 923 741 Dominum
975 703 1235 755 nostrum,
1268 694 1408 749 dono
1456 685 1682 767 Spiritus
1713 702 1902 767 sancti,
1937 719 2027 770 per

442 792 603 846 quem
626 774 811 832 di‘li‘u'sa
839 780 1068 834 cbaritas
1096 783 1151 836 in
1171 781 1421 840 cordibus
1444 791 1639 843 nostris
1664 792 1824 845 vincit
1850 792 2025 848 carnis

440 866 919 937 concupis'Centias,
953 882 1018 925 ne
1040 882 1433 931 censentiamus
1460 878 1537 961 eis
1564 881 1628 961 ad
1656 876 1791 937 male
1821 882 2022 940 facien—

436 950 605 1023 dum:
635 956 726 1015 sed
756 960 934 1031 potius
972 962 1117 1019 bena‘
1160 970 1431 1024 faciamus.
1466 952 1616 1027 Unde
1658 974 1869 1043 quidem
1915 976 2021 1046 jam

438 1050 695 1109 evertitur
747 1054 965 1112 limreSis
1004 1058 1304 1130 Pelagiana,
1338 1056 1455 1134 qure
1483 1056 1616 1134 vult,
1665 1060 1773 1123 non
1804 1084 1867 1124 ex
1913 1070 2023 1125 Deo

437 1144 613 1211 nobis,
645 1145 738 1199 sed
768 1148 832 1201 ex
882 1148 1033 1203 nobis
1060 1144 1179 1207 esse
1208 1154 1521 1210 charitatem
1548 1173 1650 1227 qua
1678 1160 1819 1215 bene
1848 1176 1909 1214 ac
1936 1163 2020 1231 pic

432 1235 679 1290 vivimus.
711 1237 816 1291 Sed
845 1228 899 1293 iii
920 1240 1023 1295 illis
1045 1242 1189 1297 libris
1211 1261 1343 1315 quos
1359 1240 1613 1304 adversus
1628 1268 1717 1305 eos
1736 1246 2014 1318 cdidi‘nius,

432 1326 593 1379 etiam
624 1328 912 1396 spiritualis
940 1331 1170 1389 hominis
1195 1338 1408 1408 jamque
1436 1343 1533 1396 sub
1554 1344 1719 1412 gratia
1748 1348 2015 1401 constituti

430 1416 621 1471 melius
654 1419 866 1490 intelligi
897 1425 1056 1479 verba
1090 1426 1187 1480 ista
1215 1434 1644 1499 monstravimus,
1666 1447 1882 1505 propter
1909 1434 2018 1491 itar-

429 1508 512 1562 nis
528 1524 742 1578 corpus,
778 1515 916 1583 quod
942 1518 1214 1585 Spirituale
1236 1516 1468 1578 nonduin
1496 1537 1593 1593 est,
1628 1531 1727 1584 erit
1756 1524 1938 1585 autem
1962 1522 2011 1587 in

432 1606 829 1661 res‘urrectio‘n'e
860 1598 1221 1680 mortuorum;
1274 1624 1331 1670 et‘
1372 1626 1587 1689 promer
1625 1624 1790 1692 ipsam
1838 1629 2011 1682 carnis

426 1692 956 1771 cuneupiscentia‘m',
983 1697 1105 1760 cuni
1144 1724 1245 1778 qua
1271 1710 1339 1764 ita
1367 1716 1656 1785 conﬂigunt.
1682 1722 1846 1773 sancti
1865 1764 1877 1785 ,
1906 1716 2010 1777 n‘on

425 1786 474 1839 ei
521 1786 915 1848 Consentieutes
961 1792 1030 1850 ad
1057 1801 1276 1868 malum,
1306 1814 1363 1858 ut
1397 1816 1566 1863 tanien
1618 1812 1729 1880 ejus
1759 1814 2005 1882 motibus,

422 1877 614 1945 quibus
648 1878 1062 1952 repugnahtibus
1106 1894 1379 1963 resistunt,
1427 1890 1528 1952 non
1568 1918 1784 1957 careant
1817 1906 1864 1958 in
1911 1906 2008 1962 hac

419 1968 527 2021 vita
564 1984 576 2022 ε
606 1987 708 2025 non
735 1976 826 2029 eos
852 1980 1035 2032 autem
1060 1980 1327 2040 habebunt
1352 1988 1400 2041 in
1432 1990 1540 2051 illa,
1583 1994 1668 2046 ubi
1703 1992 2007 2051 absorbebi-

422 2070 511 2114 tur
530 2078 674 2119 mors
704 2066 756 2120 in
782 2069 1077 2126 victoriam.
1109 2070 1331 2147 Piopter
1374 2080 1508 2135 hanc
1542 2085 1721 2154 itaque
1752 2091 2007 2159 conicupi—

420 2156 676 2209 scentiam
707 2167 986 2232 motusque
1016 2164 1178 2234 ipsos,
1203 2171 1396 2239 quibus
1428 2176 1497 2227 ita
1528 2178 1810 2244 resistitur,
1846 2191 1900 2235 ut
1925 2193 2003 2237 ta-

416 2260 539 2300 men
587 2248 691 2303 sint
725 2252 775 2305 in
818 2256 990 2322 nobis,
1035 2270 1207 2327 potest
1238 2248 1461 2334 quisque
1511 2282 1727 2324 sanctus
1762 2272 1871 2341 jam
1904 2275 2003 2329 sub

416 2342 582 2407 gratia
618 2345 822 2411 positus
850 2348 1030 2407 dicere
1077 2353 1173 2407 ista
1203 2357 1376 2411 omnia
1400 2374 1417 2422 ς
1445 2374 1569 2429 qua:
1614 2363 1701 2417 hic
1728 2378 1845 2420 esse
1892 2368 2000 2422 dixi

414 2434 575 2487 verba
599 2433 827 2490 hominis
850 2441 1081 2494 nondum
1111 2446 1208 2498 sub
1228 2450 1393 2516 gratia
1416 2453 1590 2519 positi,
1610 2455 1700 2525 sed
1720 2456 1817 2508 sub
1839 2457 1996 2527 Lege.

414 2524 570 2589 Quod
598 2527 681 2581 bic
711 2516 995 2588 oslcndere
1043 2532 1257 2607 longum
1284 2552 1383 2609 est,
1431 2526 1483 2600 ct
1509 2546 1609 2603 hoc
1641 2551 1726 2605 ubi
1754 2556 1998 2608 ostende-

409 2617 511 2671 rim
536 2619 732 2674 dictum
756 2626 836 2676 est
867 2623 1013 2717 (Cap.
1044 2627 1133 2702 6).
1413 2718 1419 2726 _
1486 2702 1493 2727 ί

481 2709 535 2763 2.
565 2709 695 2766 Item
728 2708 1003 2787 disputans
1033 2712 1157 2791 quid
1206 2718 1424 2799 elegerit
1474 2708 1611 2789 Deus
1662 2737 1715 2791 in
1758 2741 1993 2797 nondum

408 2800 555 2871 nato,
590 2807 673 2859 cui
722 2806 852 2863 dixit
884 2798 1199 2870 serviturum
1247 2836 1365 2877 esse
1392 2826 1679 2896 majorem;
1711 2842 1763 2886 ct
1787 2834 1911 2901 quid
1942 2836 1994 2889 in

404 2897 595 2952 eodem
619 2896 819 2971 majore
838 2906 1080 2963 similiter
1109 2915 1343 2969 nondum
1366 2929 1488 2973 nato
1511 2926 1896 2996 reprobaxerit,
1926 2931 1991 2985 de

404 2984 598 3058 quibus
644 2982 863 3065 propter
906 3001 1004 3055 hoc
1049 3020 1515 3077 commemoratur,
1568 3022 1807 3085 quamvis
1838 3023 1990 3095 longe

1506 3066 1515 3077 ,
1572 3066 1806 3085 ,,--.-....υ
1838 3066 1979 3095 ,μοι

403 3066 586 3149 pOStea
614 3087 875 3169 prolatum
902 3086 1271 3162 propheticum
1299 3106 1678 3171 testimonium,
1710 3113 1867 3165 .Iacob
1899 3117 1979 3169 di-

403 3164 523 3239 leai,
573 3166 713 3231 Esau
754 3164 918 3236 autem
957 3178 1071 3239 odio
1107 3190 1261 3245 habui
1296 3194 1312 3263 (
1332 3196 1479 3249 Rom.
1514 3215 1587 3267 ιχ,
1620 3202 1714 3274 15)
1753 3223 1765 3258 :
1794 3207 1858 3259 ad
1887 3207 1989 3263 hoc

1302 3254 1310 3263 \
1574 3254 1587 3267 1
1660 3254 1671 3257 ’
1698 3254 1710 3274 Ι
1754 3254 1765 3258 ’
1796 3254 1858 3259 ῆν.
1887 3254 1986 3263 --νυ

400 3254 621 3339 perduxi
651 3260 1127 3350 ratiocinationem,
1157 3296 1210 3338 ut
1239 3286 1469 3343 dicerem
1505 3309 1515 3343 :
1550 3293 1669 3349 Non
1696 3315 1811 3369 ergo
1840 3303 1986 3372 elegit

410 3353 445 3372 τ,
827 3369 835 3372 .

1747 3353 1771 3369 υ

396 3353 537 3413 Deus
576 3378 729 3430 opera
752 3369 1048 3439 cujusquam
1074 3376 1126 3429 in
1176 3381 1492 3447 prwscientia
1513 3427 1526 3451 ,
1552 3404 1661 3456 qua:
1686 3390 1793 3460 ipse
1829 3393 1980 3446 datu-

395 3460 482 3500 rus
502 3460 572 3503 est
594 3469 609 3515 ;
641 3455 730 3507 sed
747 3458 898 3524 [idem
925 3463 1070 3534 elegit
1096 3468 1145 3519 in
1167 3473 1496 3541 pra’scicntia,
1522 3488 1572 3529 ut
1598 3497 1741 3551 quem
1761 3483 1852 3536 sibi
1872 3502 1980 3540 cre-

393 3535 619 3593 diturum
657 3561 763 3599 esse
815 3553 1093 3623 prwscirit,
1142 3559 1307 3627 ipsum
1353 3568 1556 3635 elegerit
1603 3572 1684 3623 cui
1734 3574 1981 3643 Spiritum

390 3626 621 3687 sanetum
647 3637 789 3693 daret
815 3683 831 3706 ,
870 3654 923 3696 ut
945 3645 1073 3701 bona
1103 3656 1357 3719 operando
1389 3660 1540 3713 etiam
1564 3664 1712 3717 vitam
1743 3680 1978 3723 a’ttrnam

389 3742 771 3799 consiti/ueretur
798 3732 815 3807 (
839 3732 995 3807 Prop.
1027 3739 1151 3810 60).
1175 3738 1415 3801 Nondum
1448 3750 1751 3822 diligentius
1784 3762 1978 3826 quaesi-

388 3836 593 3892 veram,
623 3816 723 3881 nec
771 3831 943 3885 adhuc
983 3834 1286 3892 inveneram
1325 3844 1494 3910 qualis
1541 3847 1606 3900 sit
1643 3850 1829 3903 electio
1860 3871 1977 3921 gra-

386 3913 475 3967 lize
496 3931 510 3976 ;
534 3917 609 3972 .de
636 3908 737 3986 qua
756 3922 893 3977 idem
918 3924 1045 3979 dicit
1071 3929 1375 3997 Apostolus,
1398 3936 1643 4008 Reliquae
1663 3934 1750 4011 per
1779 3945 1975 4000 electio-

386 4022 505 4059 nem
532 4004 715 4079 gratia:
738 4015 892 4070 salvto
930 4020 1079 4087 [actm
1101 4033 1215 4076 sunt
1241 4025 1430 4096 (Rom.
1475 4048 1546 4098 λι,
1575 4035 1635 4105 5)
1674 4053 1685 4088 ;
1723 4054 1841 4107 qua:
1869 4042 1970 4095 uti-

388 4114 495 4167 que
519 4117 622 4156 non
667 4115 747 4158 est
772 4109 939 4176 gratia
968 4112 1010 4164 si
1038 4129 1154 4167 eam
1197 4119 1379 4195 iuerita
1411 4121 1514 4174 ulla
1552 4128 1873 4197 praecedant,
1905 4148 1971 4187 ne

382 4192 493 4267 jam
530 4199 668 4264 quod
697 4200 868 4267 datur,
914 4220 1017 4258 non
1048 4210 1338 4265 secundum
1368 4217 1610 4283 gratiam,
1642 4220 1737 4274 sed
1777 4237 1969 4279 secun-

382 4284 508 4338 dum
541 4288 775 4344 debitum
811 4294 1063 4350 reddatur
1090 4302 1264 4369 potius
1292 4305 1492 4360 meritis
1517 4324 1674 4375 quam
1714 4310 1964 4387 donetur.

379 4377 610 4435 Proinde
639 4384 777 4451 quod
806 4389 1056 4443 continuo
1078 4392 1206 4459 dixi,
1236 4394 1369 4447 Dicit
1387 4399 1515 4451 enim
1533 4401 1663 4455 idem
1684 4409 1965 4479 apostolus,

382 4487 403 4519 ι
438 4470 570 4523 idem
599 4471 738 4527 Deus
768 4478 853 4545 qui
882 4492 1120 4548 operatur
1153 4487 1321 4537 omnia
1350 4488 1397 4540 in
1426 4493 1659 4545 omnibus
1694 4514 1712 4547 ι
1796 4498 1811 4549 Ι
1843 4498 1961 4554 Cor.

379 4576 478 4623 xu,
518 4564 549 4615 6
574 4562 589 4633 )
617 4580 893 4634 ;ιιιιδ(μιιιηι
913 4583 1075 4624 autent
1094 4573 1280 4628 dictum
1302 4578 1539 4645 cst,Dcus
1556 4588 1707 4638 credit
1734 4591 1965 4646 omniain

375 4655 609 4709 omnibus
642 4674 659 4710 :
686 4660 953 4715 acdcindc
976 4667 1241 4734 sulijunxi,
1273 4670 1421 4734 Quod
1438 4692 1553 4744 ergo
1570 4680 1834 4748 credimus,
1868 4702 1961 4740 no-

375 4756 537 4799 strum
562 4760 673 4813 cst;
707 4756 841 4827 quod
876 4767 1039 4810 autem
1070 4760 1253 4815 bonum
1298 4782 1583 4836 Opermnur,
1619 4773 1753 4828 illius
1786 4787 1853 4829 cst
1878 4782 1961 4850 qui

370 4839 689 4896 credentibus
728 4830 812 4898 dat
842 4847 1092 4917 Spiritum
1123 4866 1348 4931 sanctum
1379 4860 1395 4930 (
1420 4857 1581 4931 Prop.
1617 4866 1676 4918 (il
1699 4864 1752 4937 );
1786 4872 1960 4937 prole-

368 4938 458 4983 cto
489 4948 595 4986 non
649 4935 903 5005 dicerem,
950 4944 994 4998 si
1020 4944 1129 5013 jam
1160 4949 1351 5005 scirem
1393 4954 1551 5007 etiam
1589 4957 1753 5026 ipsam
1800 4963 1956 5020 tidem

367 5024 510 5079 inter
538 5028 631 5084 Dei
658 5024 877 5090 munera
910 5041 1127 5107 reperiri
1150 5059 1160 5105 ;
1192 5060 1309 5112 qua:
1327 5046 1519 5101 dantur
1546 5050 1597 5104 iu
1630 5050 1818 5111 eodem
1842 5059 1959 5129 Spi—

365 5121 493 5177 ritu.
532 5126 827 5201 Utrumque
875 5152 1001 5207 ergo
1046 5151 1282 5198 nostrum
1309 5157 1391 5203 est
1438 5161 1652 5221 propter
1680 5157 1956 5211 arbitrium

366 5214 695 5287 voluntatis,
729 5233 783 5276 et
810 5235 1091 5299 utrumque
1120 5242 1293 5289 tamen
1334 5237 1514 5294 datum
1545 5252 1626 5297 est
1668 5262 1762 5315 per
1796 5247 1957 5318 Spiri-

365 5314 481 5362 tum
514 5310 635 5366 lidei
663 5324 716 5369 et
743 5317 1035 5377 cbaritatis.
1064 5324 1247 5395 Neque
1272 5330 1414 5384 enim
1442 5334 1553 5387 sola
1580 5337 1833 5404 Charitas,
1857 5342 1951 5397 sed

364 5398 508 5453 sicut
554 5405 807 5475 scriptum
832 5422 931 5475 est,
968 5413 1199 5470 Charitas
1224 5436 1337 5472 cuin
1376 5423 1530 5490 ﬁdea
1567 5426 1671 5481 Deo
1720 5428 1877 5486 Patre
1901 5444 1950 5488 et

363 5490 590 5551 Domino
614 5512 785 5556 nostra
805 5505 927 5560 Iesu
958 5506 1158 5564 Christo
1183 5513 1198 5582 (
1220 5512 1407 5583 Ephes.
1442 5533 1512 5584 γι,
1544 5519 1667 5591 25).

439 5585 490 5637 5.
520 5588 586 5641 Et
614 5593 752 5659 quod
795 5597 949 5663 paulo
981 5611 1095 5666 post
1124 5603 1252 5668 dixi,
1290 5603 1536 5661 Nostrum
1563 5621 1632 5665 est
1677 5616 1806 5667 enim
1837 5634 1947 5671 cre-

362 5668 482 5721 dere
510 5680 551 5722 ct
582 5675 723 5739 velle,
753 5678 889 5732 illius
920 5692 1085 5735 autem
1116 5685 1238 5740 dare
1263 5693 1571 5745 credentibus
1597 5706 1637 5748 rt
1679 5701 1949 5756 volentibus

367 5761 658 5818 racultatcm
698 5766 816 5821 bene
858 5775 1100 5841 opcrandi
1148 5795 1235 5847 per
1285 5781 1531 5850 Spiritum
1579 5800 1826 5861 sanciunt,
1863 5814 1949 5863 per

359 5870 511 5922 quint
533 5861 754 5914 charitas
772 5864 1076 5931 di/Iunditur
1094 5873 1144 5924 in
1171 5878 1399 5931 cordibus
1421 5885 1603 5936 nostris
1620 5886 1801 5957 (Prop.
1829 5891 1941 5959 61),

361 5960 553 6003 verum
582 5956 927 6028 estquidem,
952 5960 1045 6018 sed
1089 5964 1274 6023 eadem
1316 5972 1525 6042 regula,
1575 5986 1628 6034 et
1670 5989 1947 6051 utrumque

1840 492 2044 548 LiL‘LR
2081 493 2357 554 PRIMUS.

3623 530 3724 588 6‘22

2140 612 2304 681 ipsius
2332 604 2429 681 est,
2470 608 2590 687 quia
2623 621 2735 690 ipse
2762 638 3022 697 praeparat
3051 622 3407 705 voluntatem;
3432 654 3479 695 et
3522 653 3724 703 utrum-

2141 694 2241 771 que
2296 710 2554 774 nostrum,
2588 704 2709 781 quia'
2736 704 2851 796 noxi
2888 720 2942 772 lit
2979 723 3079 777 nisi
3108 727 3406 785 volentibus
3434 736 3603 794 nobis.
3648 742 3722 796 Ac

2137 811 2231 864 per
2253 799 2354 853 hoc
2380 802 2519 869 quod
2550 796 2707 858 etiam
2736 788 2913 875 pOslca
2938 813 3066 881 dixi,
3104 814 3234 881 Quia
3263 808 3419 894 neque
3446 827 3569 881 velle
3598 848 3719 898 pos-

2134 908 2305 947 sumus
2324 894 2421 947 nisi
2441 913 2699 963 vocemur;
2727 911 2773 953 et
2796 920 2909 957 cum
2935 919 3046 978 post
3073 913 3379 968 vocationem
3396 918 3716 989 voluerinms,

2134 1001 2234 1037 non
2260 988 2435 1057 sufficit
2457 991 2688 1046 voluntas
2720 1006 2889 1049 nostra
2935 1012 2979 1053 et
3007 1000 3185 1057 cursus
3222 996 3419 1083 noster,
3453 1012 3550 1065 nisi
3577 1012 3716 1070 Deus

2130 1085 2179 1128 et
2200 1077 2325 1130 vires
2355 1070 2667 1136 currentibus
2698 1072 2931 1153 prtcbeat,
2961 1101 3005 1143 et
3026 1094 3270 1163 perducat
3307 1080 3403 1167 quo
3433 1115 3617 1171 vocat;
3655 1121 3745 1162 ac.

2129 1164 2320 1221 deinde
2342 1170 2609 1241 subjunxi,
2639 1173 2970 1246 Manifestum
3009 1194 3239 1255 estergo,
3273 1206 3373 1242 non
3396 1193 3603 1247 volentis
3623 1182 3684 1249 ne

2127 1256 2225 1327 gue
2257 1262 2523 1329 currentis,
2571 1258 2662 1318 sed
2700 1269 2978 1327 miserentis
3013 1273 3109 1329 Dei
3153 1270 3257 1333 esse
3296 1277 3469 1354 (Rom.
3502 1288 3710 1361 Ix,16),

2124 1351 2261 1418 quod
2282 1352 2400 1405 bene
2431 1356 2737 1421 operantur:
2764 1356 2979 1418 Omnino
3002 1370 3337 1428 verissimum
3371 1386 3470 1432 est.
3487 1377 3591 1434 Sed
3618 1399 3713 1451 pa-

3503 1432 3513 1434 -
3538 1432 3547 1433 ,
3570 1432 3589 1433 η
3618 1432 3680 1451 Γ

2124 1456 2241 1494 rum
2291 1444 2355 1496 de
2402 1432 2510 1513 ipsa
2556 1452 2831 1508 vocatione
2872 1455 3115 1526 disserui,
3153 1480 3272 1534 qua:
3318 1467 3375 1521 lit
3422 1474 3712 1529 secundum

2123 1530 2569 1609 pmpositunrDei
2599 1558 2612 1593 :
2646 1538 2749 1596 non
2787 1548 2927 1602 enim
2962 1554 3197 1609 omnium
3230 1560 3316 1627 qui
3343 1548 3599 1619 vocantur
3630 1578 3709 1621 ta-

2120 1624 2184 1677 lis
2215 1636 2315 1691 est,
2349 1630 2440 1683 sed
2472 1622 2679 1688 tantum
2709 1626 3021 1697 electorum.
3054 1646 3232 1717 Itaque
3252 1654 3391 1721 quod
3420 1659 3574 1724 paulo
3592 1670 3714 1729 post

2118 1716 2245 1781 dixi,
2274 1718 2421 1774 Sicut
2442 1725 2570 1777 enim
2610 1728 2661 1779 in
2700 1730 2762 1782 iis
2786 1746 2909 1801 quos
2931 1736 3065 1806 eligit
3100 1738 3253 1804 Deus,
3297 1762 3395 1799 non
3426 1734 3581 1818 epeia.
3619 1754 3710 1807 sed

2116 1806 2243 1874 ﬁdes
2272 1809 2472 1866 inchoat
2503 1818 2753 1885 meritam,
2789 1831 2845 1874 ut
2867 1841 2956 1894 per
2997 1814 3176 1883 munus
3205 1830 3300 1885 Dei
3336 1835 3457 1890 bene
3492 1857 3705 1910 aperen-

2117 1907 2229 1967 tur;
2256 1903 2326 1955 sic
2347 1904 2397 1958 in
2419 1896 2482 1961 iis
2502 1926 2624 1977 quos
2641 1900 2867 1981 damnat,
2892 1918 3168 1988 inﬁdelitas
3194 1935 3239 1977 et
3264 1930 3493 1997 impietas
3506 1934 3704 1989 inchoat

2116 2007 2277 2059 poena’
2304 2000 2553 2065 meritum,
2598 2012 2651 2055 ut
2678 2022 2765 2074 per
2809 2009 2974 2077 ipsum
3014 2031 3216 2083 pwnam
3254 2021 3402 2073 etiam
3431 2024 3562 2078 male
3587 2045 3704 2096 ope-

2112 2096 2317 2153 rentur;
2373 2088 2647 2153 verissime
2703 2100 2811 2156 dixi
2860 2122 2871 2156 :
2914 2102 3007 2161 Sed
3056 2110 3177 2167 fidei
3228 2118 3476 2173 meritum
3537 2110 3699 2179 etiam

2112 2176 2282 2245 ipsum
2310 2198 2428 2238 esse
2456 2185 2653 2243 donum
2680 2184 2791 2260 Dei,
2837 2212 2934 2251 nec
2959 2202 3137 2267 putavi
3164 2188 3511 2275 QULUI‘GDJUIII
3553 2229 3695 2283 esse,

2110 2283 2209 2323 nec
2232 2271 2359 2328 dixi.

2183 2364 2235 2415 4.
2270 2365 2329 2417 Et
2362 2369 2464 2423 alio
2492 2360 2608 2427 loco
2634 2392 2643 2426 :
2678 2375 2835 2447 Cujus
2851 2368 2983 2436 enim
3011 2388 3289 2459 miseretur,
3313 2394 3545 2465 inquam,
3573 2404 3694 2471 facit

2744 2440 2760 2447 γ
3112 2440 3117 2441 ,
3573 2440 3693 2471 ,...,..

2108 2470 2219 2507 cum
2245 2456 2365 2511 bene
2392 2468 2626 2532 operari;
2656 2478 2859 2537 ett/nem
2877 2476 3088 2531 obdurat
3115 2480 3299 2554 (Ibid,
3332 2488 3438 2556 18),
3461 2492 3696 2563 relinquit

2106 2559 2217 2597 eum
2262 2559 2315 2601 ut
2355 2553 2486 2605 male
2511 2569 2763 2625 operetur.
2796 2563 2901 2617 Sed
2926 2579 2970 2619 et
3011 2558 3100 2622 illa
3128 2574 3470 2631 misericordia
3500 2600 3692 2652 prlece-

3282 2626 3313 2629 ν-
3332 2626 3367 2629 _.
3500 2626 3663 2652 ,,....-..

2105 2626 2242 2689 denti
2269 2644 2454 2723 merito,
2470 2646 2589 2709 fidei
2621 2646 2893 2717 tribuitur;
2916 2668 2962 2709 et
2985 2650 3079 2712 ista
3108 2665 3374 2721 obduratio
3393 2675 3694 2740 praecedenti

2101 2725 2349 2797 impietati
2401 2734 2584 2809 (Prop.
2630 2742 2739 2813 (52).
2774 2747 2923 2813 Quod
2970 2753 3179 2819 quidem
3212 2773 3392 2814 verum
3437 2776 3551 2831 est;
3595 2770 3691 2823 sed

2100 2820 2271 2876 adhuc
2316 2824 2657 2894 (pia-retnlum
2706 2848 2820 2892 erat
2873 2851 3048 2897 utrum
3076 2855 3128 2900 et
3170 2853 3417 2909 meritum
3469 2858 3591 2913 ﬁdei
3622 2862 3689 2916 de

2098 2914 2461 2971 misericordia
2498 2922 2587 2976 Dei
2628 2929 2862 2994 veniat‘,
2907 2932 2959 2985 id
3000 2947 3097 3000 est,
3133 2949 3308 2995 utrum
3348 2945 3446 3000 ista
3477 2950 3687 3007 miseri-

2096 3004 2273 3057 cordia
2327 3008 2445 3062 ideo
2475 3020 2836 3072 tantummodo
2866 3020 2957 3076 liat
3000 3026 3049 3079 in
3096 3028 3327 3098 bomine,
3362 3038 3481 3107 quia
3516 3042 3686 3099 tidelis

2099 3105 2198 3153 est,
2244 3116 2310 3151 an
2356 3102 2513 3155 etiam
2568 3105 2695 3161 facta
2742 3110 2976 3167 fueritut
3019 3116 3189 3174 ﬁdelis
3224 3136 3385 3179 esset.
3435 3131 3683 3201 Legimus

2094 3187 2265 3254 enim,
2324 3190 2533 3247 dicente
2588 3200 2877 3270 Apostolo,
2936 3204 3339 3268 Misericordia":
3391 3236 3683 3283 consecutus

2090 3282 2223 3343 sum,
2258 3291 2311 3333 ut
2340 3282 2506 3349 ﬁdelis
2523 3304 2675 3341 essem
2698 3292 2750 3359 (l
2774 3294 2889 3347 Cor.
2917 3313 3012 3363 v11,
3045 3299 3135 3374 25)
3174 3322 3184 3356 :
3219 3324 3325 3361 non
3351 3314 3441 3377 ait,
3467 3317 3593 3379 Quia
3614 3319 3682 3372 Γι-

2091 3367 2222 3423 delis
2260 3388 2424 3427 cram.
2476 3374 2640 3432 Fideli
2682 3398 2807 3453 ergo
2848 3382 3002 3442 datur
3028 3393 3260 3462 quidem,
3291 3401 3385 3454 sed
3428 3404 3547 3458 data
3596 3422 3678 3463 est

2087 3462 2245 3516 etiam
2278 3450 2333 3518 ut
2377 3478 2517 3521 esset
2567 3471 2756 3547 litlelis.
2806 3477 3121 3539 RectiSsime
3152 3487 3327 3558 itaque
3350 3494 3453 3547 alio
3481 3497 3593 3553 loco
3621 3503 3673 3555 in

2087 3554 2271 3608 eodem
2302 3557 2436 3611 libro
2461 3556 2587 3625 dixi,
2634 3566 2887 3629 Quoniam
2914 3574 2957 3625 si
2985 3592 3083 3629 non
3113 3596 3173 3631 ea:
3199 3584 3449 3653 aperibus,
3479 3590 3567 3642 sed
3579 3594 3672 3644 mi-

2085 3647 2356 3702 sericordia
2383 3650 2478 3706 Dei
2505 3664 2550 3707 et
2578 3673 2816 3715 vocamur
2854 3674 2909 3717 ut
2951 3669 3233 3738 credamus,
3266 3686 3311 3728 et
3355 3681 3670 3741 credentibus

2085 3750 2355 3807 prtL’slalur
2385 3755 2438 3797 ut
2468 3746 2588 3801 bene
2614 3768 2890 3820 operemur,
2929 3776 3027 3813 non
3060 3773 3131 3815 est
3156 3768 3383 3834 gentibus
3414 3774 3508 3826 ista
3537 3779 3668 3831 invi-

2082 3830 2245 3884 denda
2269 3836 2608 3892 misericordia
2634 3840 2821 3914 (Prop.
2842 3848 2949 3917 64)
2984 3867 2994 3902 :
3024 3857 3263 3921 quamvis
3294 3861 3467 3917 minus
3492 3865 3561 3918 ibi
3590 3868 3669 3920 di-

2080 3914 2303 3990 ligenter
2330 3926 2393 3978 de
2417 3928 2523 3993 illa,
2554 3948 2670 4000 qua:
2693 3949 2785 4003 per
2818 3936 2907 3993 Dei
2938 3947 3264 4012 propositqu
3288 3951 3363 4013 lit,
3390 3958 3668 4015 vocatione

2080 4018 2435 4071 tractaverim.
2466 4021 2560 4075 llic
2604 4024 2734 4080 liber
2774 4030 2851 4084 sic
2890 4032 3075 4105 incipit
3115 4040 3350 4099 :Sensus
3389 4046 3443 4100 hi
3475 4053 3668 4107 suntin

2077 4099 2311 4175 Epistola
2338 4109 2494 4167 Pauli
2523 4118 2589 4168 ad
2608 4115 2883 4175 Romanos.
2999 4099 3014 4105 -
3042 4198 3043 4203 η

2710 4212 2935 4270 CAPUT
2976 4218 3161 4276 XXIV.

2267 4294 2530 4365 Erposillo
2558 4298 2796 4372 Epistula?
2822 4306 2888 4359 ad
2912 4308 3139 4381 (.‘alatas,
3171 4317 3294 4372 liber
3322 4338 3473 4380 unus.

2150 4384 2196 4436 1.
2230 4384 2354 4439 Post
2388 4389 2525 4444 hunc
2554 4393 2747 4447 librum
2778 4404 2995 4466 exposui
3020 4404 3497 4481 cjusdemapostoli
3528 4417 3657 4489 Epi-

3047 4466 3065 4472 ν
3309 4466 3323 4481 ι
3390 4466 3422 4468 η
3446 4466 3497 4471 ν--
3528 4466 3627 4489 -τ-

2071 4466 2259 4530 stolam
2290 4479 2355 4531 ad
2383 4480 2612 4549 Galatas,
2640 4502 2744 4539 non
2777 4494 3019 4558 carptim,
3054 4497 3102 4549 id
3132 4509 3212 4553 est
3236 4503 3407 4573 aliqua
3437 4519 3635 4576 praeter

2069 4565 2304 4629 mittens,
2327 4571 2418 4622 sed
2441 4573 2813 4631 continuantur
2839 4588 2891 4633 et
2924 4590 3106 4639 totam.
3132 4588 3277 4645 lianc
3298 4605 3472 4650 autem
3490 4614 3655 4669 expo-

2070 4655 2315 4711 Sitionem
2355 4677 2458 4714 uno
2502 4664 2768 4722 Volumine
2808 4677 3205 4743 coinprebendi.
3264 4684 3318 4737 In
3380 4704 3483 4755 quo
3528 4691 3656 4745 illud

2069 4750 2209 4817 quod
2232 4751 2431 4807 dictum
2460 4768 2558 4824 est,
2592 4758 2794 4817 Priores
2822 4781 2938 4837 ergo
2960 4774 3174 4839 apostoli
3200 4790 3411 4844 veraces,
3443 4783 3529 4849 qui
3551 4800 3652 4837 non

2068 4842 2128 4892 ab
2160 4841 2460 4911 hominibus,
2500 4849 2588 4901 sed
2618 4868 2647 4903 a
2690 4852 2797 4907 Deo
2828 4876 2915 4923 per
2944 4862 3193 4917 hominem
3233 4869 3371 4921 missi
3394 4882 3529 4937 sunt,
3563 4891 3653 4942 per

2065 4931 2239 4987 JeSum
2270 4934 2522 4992 Christum
2563 4930 2745 4999 scilicet
2773 4950 2942 5003 adhuc
2973 4957 3250 5010 mortalem.
3304 4958 3465 5014 Verax
3499 4952 3646 5022 etiam

2064 5027 2357 5083 novissimus
2386 5034 2660 5100 apostolus,
2681 5039 2764 5105 qui
2782 5048 2869 5108 per
2889 5040 3065 5096 Jesum
3091 5046 3339 5101 Christum
3362 5062 3519 5106 totum
3530 5055 3645 5127 jam

2063 5114 2227 5169 Deum
2265 5131 2375 5188 post
2406 5129 2814 5182 resurrectionem
2842 5134 2949 5202 ejus
2975 5136 3153 5190 missus
3183 5150 3273 5205 est,
3304 5146 3520 5213 propter
3548 5149 3648 5204 im-

2062 5211 2433 5266 mortalitatem
2458 5215 2654 5291 dictmp
2679 5231 2777 5285 cst,
2810 5233 2962 5277 totum
2980 5228 3093 5295 jam
3130 5230 3309 5300 Deum,
3340 5252 3497 5306 quam
3525 5254 3646 5311 post

2059 5305 2506 5362 resurrectionem
2556 5309 2749 5366 habere
2792 5318 2979 5384 coepit;
3010 5334 3107 5373 non
3150 5333 3366 5394 propter
3394 5305 3643 5390 divinita-

2060 5390 2165 5449 tern
2188 5410 2397 5466 semper
2424 5402 2797 5473 immortalem,
2821 5424 2850 5460 a
2876 5414 2976 5478 qua
3007 5428 3272 5483 nunquam
3304 5426 3542 5492 reccs’sit,
3586 5429 3640 5483 in

2058 5504 2159 5558 qua
2192 5498 2328 5545 totus
2380 5494 2517 5548 Deus
2556 5507 2687 5564 erat,
2727 5506 2777 5553 et
2816 5516 2933 5556 cum
2981 5506 3268 5565 moriturus
3296 5513 3467 5572 adhuc
3502 5518 3634 5575 erat.

2058 5579 2211 5633 Hunc
2232 5591 2407 5636 autem
2438 5601 2649 5640 sensum
2695 5595 2968 5659 sequentia
3020 5599 3388 5672 manifestam;
3418 5608 3637 5678 adjunxi

2057 5674 2195 5725 enim
2226 5675 2407 5729 dicens
2445 5696 2455 5728 :
2488 5678 2692 5734 Priores
2731 5696 2844 5738 sunt
2875 5691 3037 5741 ueteri
3088 5692 3317 5763 Apostoli
3352 5718 3439 5767 per
3462 5702 3640 5758 Iesum

2055 5763 2307 5819 Christum
2338 5769 2502 5823 adhuc
2542 5788 2603 5825 ex
2635 5786 2773 5840 parte
2820 5778 3089 5849 hominem,
3130 5786 3181 5837 id
3227 5798 3297 5840 est
3327 5795 3585 5847 mortalem
3621 5809 3641 5847 .'

2121 5879 2134 5908 ί
2173 5880 2300 5947 Apud
2328 5890 2423 5929 Am.
2467 5884 2643 5959 legitur
2680 5902 2689 5935 :
2724 5890 2942 5959 i-feritum
2976 5894 3091 5957 ﬁdei
3125 5899 3505 5955 misericordium
3554 5912 3637 5959 mi

2054 5952 2193 6009 prae.
2216 5941 2263 5985 ni
2282 5950 2331 6011 ,ιἰ
2356 5946 2480 6004 Apud
2519 5941 2589 6015 iir.
2630 5959 2679 5998 et
2702 5959 2801 6000 Mss.
2829 5941 3035 6017 aliqutit:
3065 5959 3279 6012 acritum
3317 5966 3432 6026 [idei
3453 5968 3638 6022 miscri-

2053 6008 2220 6053 cordtu
2248 6024 2261 6052 ι
2276 6008 2331 6054 ei
2344 6008 2616 6068 pru't'eniat.
