4116 6366
476 352 582 409 625

473 471 770 526 novissimus
814 477 885 523 est
933 465 1187 538 apostolus
1221 462 1418 518 Paulus
1466 478 1553 533 per
1585 460 1762 515 Jesum
1797 459 2052 514 Christum

463 566 577 635 jam
619 572 776 617 totum
812 560 1003 628 Deum,
1052 559 1106 612 id
1149 568 1218 612 est
1260 573 1321 611 ea:
1363 555 1497 609 omni
1540 561 1678 624 parte
1719 551 2052 605 immortalem

477 655 663 726 (Num.
685 654 766 726 2).
794 654 906 709 Hoc
933 653 1078 708 enim
1097 651 1227 717 dixi,
1269 661 1541 718 exponens
1559 644 1698 715 quod
1729 644 1802 696 ait
1826 643 2054 711 Aposto-

475 749 577 816 lus,
604 747 722 802 Non
751 747 813 801 ab
835 745 1140 808 hominibus,
1160 759 1313 810 neque
1338 756 1425 806 per
1447 737 1718 802 hominem,
1736 735 1822 789 sed
1851 751 1938 803 per
1958 732 2053 787 Je—

473 858 585 895 sum
603 840 853 894 Christum
879 847 920 892 et
941 837 1102 891 Deum
1121 833 1344 888 Patrem:
1357 830 1506 902 quasi
1523 830 1630 898 jam
1644 828 1796 882 Jesus
1813 828 2053 881 Christus

476 950 582 986 non
621 933 688 986 sit
726 931 907 984 homo.
939 927 1185 996 Sequitur
1213 925 1373 987 enim,
1427 921 1526 986 Qui
1569 919 1822 974 suscitavit
1856 917 1998 971 illum
2023 933 2055 968 a

483 1024 694 1078 mortuis
728 1021 921 1093 (Colat.
953 1035 988 1086 ι,
1022 1018 1072 1091 l)
1106 1037 1119 1072 :
1151 1027 1207 1071 ut
1250 1016 1372 1069 hinc
1397 1021 1675 1083 appareret
1716 1027 1812 1066 cur
1836 1009 2048 1076 dixerit,

407 1113 420 1126 ’
478 1116 656 1187 Neque
687 1132 773 1184 per
801 1114 1068 1168 hominem.
1094 1110 1340 1174 Proinde,
1367 1115 1579 1178 propter
1605 1105 2052 1160 immortalitatem

470 1208 580 1277 jam
605 1222 746 1261 nunc
768 1221 873 1260 non
902 1204 1063 1259 homo
1097 1201 1336 1255 Christus
1371 1201 1538 1253 Deus:
1570 1205 1786 1268 promer
1806 1196 2054 1250 substan-

477 1302 604 1356 tiam
633 1315 757 1353 vero
779 1306 980 1352 natura:
1001 1295 1263 1358 humanm,
1289 1292 1339 1345 iu
1371 1307 1472 1361 qua
1504 1289 1807 1344 ascenditiu
1837 1289 2051 1353 coelum,

476 1390 634 1444 etiam
676 1404 812 1443 nunc
839 1385 1098 1440 mediator
1130 1384 1222 1437 Dei
1243 1392 1295 1437 et
1321 1381 1591 1438 hominum
1619 1379 1780 1435 homo
1813 1378 2055 1433 Christus

473 1481 628 1535 Jesus
659 1480 700 1552 (ι
727 1478 860 1534 Tim.
893 1494 949 1542 ιι,
975 1475 1309 1548 5),quoniam
1341 1474 1416 1527 sic
1431 1472 1612 1527 veniet
1639 1469 1905 1540 quomodo
1930 1483 2054 1522 eum

473 1573 718 1628 Viderunt
745 1571 831 1640 qui
865 1568 1108 1623 viderunt
1146 1573 1359 1620 euntem
1389 1564 1440 1617 in
1467 1562 1661 1616 cmlum
1703 1559 1835 1632 (Act.
1866 1576 1904 1625 ι,
1943 1557 2051 1629 ll).

541 1665 595 1719 2.
619 1663 746 1720 Item
769 1661 909 1734 quod
931 1661 1061 1726 dixi,
1106 1658 1282 1712 Gratia
1303 1656 1398 1710 Dei
1429 1664 1498 1710 est
1521 1672 1619 1725 qua
1645 1653 1784 1706 nobis
1805 1652 2059 1704 donantur

472 1767 692 1829 peccata,
727 1765 780 1810 ut
800 1753 1180 1809 reconciliemur
1199 1751 1335 1806 Deo:
1367 1766 1468 1820 pas:
1487 1756 1653 1800 autem
1697 1763 1794 1816 qua
1835 1743 2058 1798 reconci-

476 1848 660 1902 liamur
685 1847 792 1901 Deo
818 1845 1002 1918 (Num.
1047 1841 1126 1914 '5),
1149 1843 1225 1897 sic
1254 1838 1617 1911 accipiendum
1647 1846 1747 1902 est,
1792 1845 1848 1890 ut
1873 1845 2056 1888 tamen

473 1942 703 1998 sciamus
735 1940 894 1996 etiam
931 1946 1213 2006 utrumque
1247 1934 1314 1988 ad
1351 1931 1652 2008 gener‘alem
1695 1929 1787 1983 Dei
1833 1928 2072 1996 gratiam,

476 2037 743 2106 pertinere
775 2051 788 2087 :
819 2029 1084 2102 quomodo
1128 2030 1182 2082 in
1216 2027 1412 2098 populo
1460 2023 1551 2078 Dei
1590 2021 1732 2076 aliud
1757 2020 2058 2090 specialiter

476 2123 658 2191 lsrael,
690 2122 834 2178 aliud
862 2121 1058 2184 ludas;
1106 2128 1159 2173 et
1201 2127 1377 2184 tamen
1413 2125 1694 2183 utrumque
1739 2110 2058 2180 generaliter

475 2215 656 2272 Israel.
690 2213 818 2268 Item
847 2227 967 2266 cum
1001 2223 1347 2279 exponerem,
1411 2203 1543 2271 Quid
1571 2202 1851 2274 ergo?ch
1888 2212 2055 2255 trans-

473 2307 740 2379 gressionis
766 2304 928 2376 gratia
949 2301 1206 2373 preposita
1234 2309 1304 2353 est
1331 2299 1346 2328 ¹
1377 2295 1568 2367 (Galat.
1596 2312 1668 2360 ιιι,
1705 2294 1815 2365 19),
1848 2294 1918 2347 ita
1945 2293 2057 2346 dis-

476 2397 816 2470 tinguendum
846 2394 1040 2465 putavi,
1066 2401 1124 2446 ut
1163 2389 1505 2459 interrogatio
1535 2396 1695 2452 esset,
1737 2385 1872 2449 Quid
1903 2385 2060 2454 ergo?

478 2507 542 2547 ac
565 2491 757 2546 deinde
786 2487 1083 2557 I‘CSpOllSlO,
1111 2483 1217 2537 Lex
1259 2480 1667 2552 transgressionis
1683 2479 1846 2549 gratia
1875 2493 2063 2549 propo-

476 2585 574 2639 sita
602 2594 670 2638 cst
688 2582 898 2655 ’(Νιεηι.
921 2578 1035 2648 24).
1055 2577 1208 2643 Quod
1231 2575 1440 2644 quidem
1455 2587 1559 2626 non
1575 2571 1829 2625 abhorret
1847 2585 1875 2622 a
1897 2584 2058 2634 vero;

479 2679 571 2733 sed
603 2678 790 2732 melior
819 2673 950 2728 mihi
978 2671 1184 2726 videtur
1232 2669 1330 2722 ista
1370 2665 1656 2729 distinctio,
1688 2674 1745 2716 ut
1771 2663 2062 2731 interroga-

480 2773 552 2825 tio
583 2770 668 2833 sit,
701 2768 838 2832 Quid
865 2783 980 2835 ergo
1014 2763 1131 2818 lem?
1171 2770 1223 2816 et
1253 2759 1508 2814 inferatur
1541 2757 1837 2827 responsio,
1867 2754 2062 2809 Trans-

482 2860 749 2932 gressionis
776 2859 938 2928 gratia
966 2854 1221 2925 preposita
1261 2861 1352 2906 est.
1381 2850 1530 2918 Quod
1571 2859 1744 2903 autem
1776 2849 1884 2902 dixi
1912 2865 1924 2900 :
1961 2846 2064 2901 0r-

484 2951 792 3006 dinatissime
815 2949 980 3016 itaque
996 2945 1276 3014 subjunxit,
1316 2961 1332 2993 ι
1370 2941 1518 3007 Quod
1537 2942 1580 2994 si
1596 2941 1774 3010 spiritu
1800 2938 2060 3006 ducimini,

485 3063 583 3099 non
614 3044 782 3098 adhuc
811 3041 926 3095 estis
943 3037 1030 3094 sub
1056 3036 1186 3108 Lege
1208 3057 1224 3089 ι
1261 3045 1351 3090 :ut
1378 3033 1716 3104 intelligamus
1743 3049 1824 3086 eos
1850 3048 1952 3085 esse
1975 3030 2063 3084 sub

490 3138 643 3208 Lege,
672 3150 885 3206 quorum
913 3131 1120 3200 spiritus
1153 3129 1225 3181 ita
1247 3126 1550 3196 concupiscit
1576 3122 1815 3177 adversus
1841 3139 2063 3188 carnem,

486 3239 539 3280 ut
566 3243 664 3280 non
694 3242 751 3278 ea
770 3240 881 3295 qua:
906 3222 1074 3276 volunt
1104 3219 1314 3288 faciant;
1350 3215 1403 3268 id
1433 3224 1523 3277 est,
1555 3230 1654 3267 non
1679 3231 1730 3267 se
1757 3221 1954 3266 teneant
1982 3212 2065 3266 in-

486 3319 639 3373 uictos
666 3319 719 3371 in
744 3317 986 3370 charitatc
998 3312 1231 3385 justitiaz,
1259 3308 1345 3362 sed
1371 3307 1789 3376 aconcupisceute
1805 3303 2068 3358 adversum

485 3429 536 3465 se
553 3426 702 3465 carne
729 3409 990 3462 uincantur
1021 3403 1205 3478 (Num.
1237 3402 1360 3472 47);
1391 3400 1492 3455 hoc
1534 3415 1599 3453 ex
1632 3400 1721 3452 illo
1765 3413 1926 3452 sensu
1963 3405 2065 3464 est,

487 3520 590 3573 quo
617 3485 1003 3556 sentiebam‘id
1049 3495 1190 3568 quod
1218 3495 1416 3548 dictum
1446 3500 1525 3546 est
1545 3533 1559 3557 ,
1592 3488 1723 3545 Caro
1765 3488 2069 3558 concupiscit

485 3597 722 3650 adversus
759 3593 1012 3664 spiritum,
1060 3599 1105 3643 et
1152 3587 1360 3658 spiritus
1401 3585 1640 3638 adversus
1675 3599 1876 3636 carnem
1917 3582 2069 3636 :Inec

485 3689 618 3742 enim
641 3687 735 3742 sibi
755 3687 967 3740 invicem
1004 3683 1366 3745 adversantur;
1393 3689 1447 3732 ut
1467 3695 1569 3732 non
1597 3695 1656 3732 ea
1680 3693 1792 3748 quae
1814 3677 1961 3730 vultis
1991 3681 2069 3747 fa-

485 3783 627 3837 ciatis
657 3779 848 3854 (Galat.
868 3793 922 3844 ν,
955 3777 1042 3843 17,
1072 3774 1265 3846 l8),ad
1293 3788 1385 3828 eos
1408 3771 1675 3842 pertinere
1695 3772 1782 3840 qui
1805 3772 1903 3824 sub
1929 3768 2070 3840 Lege

495 3883 637 3937 sunt,
667 3871 901 3926 nondum
931 3867 1028 3923 sub
1061 3867 1245 3936 gratia.
1283 3863 1465 3918 Adhuc
1494 3865 1633 3916 enim
1663 3877 1768 3916 non
1800 3861 2071 3914 intellexe-

489 3984 602 4021 ram
635 3967 748 4020 haec
789 3962 948 4018 verba
979 3971 1032 4017 et
1054 3959 1158 4014 illis
1200 3959 1292 4028 qui
1345 3955 1442 4010 sub
1465 3955 1632 4025 gratia
1662 3963 1804 4019 sunt,
1837 3968 1941 4007 non
1971 3952 2071 4008 sub

489 4059 650 4127 Lege,
669 4065 949 4126 prOpterea
975 4049 1280 4114 convenire,
1313 4048 1434 4117 quia
1473 4055 1526 4100 et
1557 4046 1658 4116 ipsi
1691 4045 2073 4114 concupiscen-

493 4149 592 4205 tias
612 4147 807 4214 carnis,
839 4152 1022 4201 contra
1037 4156 1167 4212 quas
1189 4139 1378 4208 spiritu
1402 4138 1801 4206 concupiscunt,
1826 4136 2071 4207 quamvis

494 4243 572 4296 eis
613 4256 719 4296 non
748 4237 1102 4301 consentiant,
1155 4232 1357 4287 nollent
1407 4240 1582 4286 tamen
1637 4231 1770 4286 ullas
1811 4230 2007 4284 habere
2025 4229 2073 4284 si

496 4340 732 4402 possent.
762 4330 829 4384 Et
849 4329 967 4383 ideo
992 4342 1095 4381 non
1119 4339 1463 4395 qurecumquc
1485 4322 1670 4377 volunt
1696 4321 1923 4385 faciunt,
1951 4321 2073 4390 quia

496 4425 679 4477 volunt
732 4421 810 4476 eis
844 4433 1044 4483 carere,
1074 4431 1177 4471 nec
1218 4423 1457 4486 possunt.
1487 4414 1635 4468 Tunc
1672 4413 1812 4468 enim
1852 4428 1943 4467 eas
1966 4429 2072 4468 non

499 4515 794 4579 habebunt,
825 4511 1036 4580 quando
1064 4524 1161 4562 nec
1187 4505 1590 4576 corruptibilem
1619 4520 1854 4559 carnem.
1886 4505 1983 4559 llic
2012 4489 2073 4558 li-

497 4608 594 4663 ber
637 4605 716 4662 sic
743 4603 965 4673 incipit:
1008 4600 1173 4659 Causa
1213 4607 1414 4688 prOpter
1450 4614 1601 4668 quam
1641 4598 1811 4651 scribit
1853 4597 2076 4669 'Aposto-

494 4697 594 4754 tu"
1068 4761 1293 4818 CAPUT
1336 4759 1503 4815 xxv.

535 4883 782 4957 Epistola:
807 4880 875 4935 ad
895 4878 1152 4933 Romanos
1180 4875 1414 4928 inchoata
1432 4870 1716 4941 Expositio,
1745 4872 1868 4925 liber
1888 4888 2036 4927 unus.

570 4999 821 5070 Epistolas
837 5009 1047 5066 quoque
1072 4992 1136 5046 ad
1161 4991 1452 5054 Romanos,
1482 4988 1619 5042 sicut
1641 4988 1705 5043 ad
1724 4988 1953 5053 Galatas,
1985 5005 2077 5044 ex-

497 5093 814 5165 positionem
841 5100 1198 5157 susceperam.
1236 5081 1341 5137 Sed
1371 5081 1529 5150 hujus
1562 5082 1756 5149 operis,
1788 5082 1831 5134 si
1862 5083 2079 5151 perlice-

495 5195 663 5251 retur,
693 5183 873 5252 plures
894 5179 1012 5234 libri
1040 5184 1191 5232 erant
1220 5174 1413 5238 futuri;
1445 5188 1668 5243 quorum
1699 5189 1858 5226 unum
1882 5174 1934 5227 in
1966 5175 2078 5228 sola

501 5276 856 5348 disputatione
876 5273 1042 5343 ipsius
1067 5267 1396 5326 salutationis
1419 5266 1644 5332 absolvi,
1671 5266 1738 5328 ab
1763 5267 1912 5322 initio
1937 5268 2081 5322 scili-

500 5380 587 5427 cet
617 5385 783 5439 usque
811 5367 878 5423 ad
907 5365 1055 5430 illud,
1087 5362 1176 5418 ubi
1206 5362 1279 5415 ait
1310 5380 1322 5416 :
1352 5359 1527 5414 Gratia
1552 5360 1689 5413 vobis
1705 5369 1752 5413 et
1781 5377 1882 5430 pas:
1910 5377 1941 5413 a
1969 5359 2078 5415 Deo

504 5464 664 5519 Patre
700 5470 902 5517 nostro,
941 5466 986 5512 et
1037 5455 1252 5509 Domino
1295 5451 1420 5507 Iesu
1461 5449 1681 5507 Christo.
1725 5452 1942 5506 Factum
1998 5461 2080 5506 est

499 5557 696 5628 quippe
710 5562 769 5608 ut
782 5554 1188 5607 immoraremur
1212 5562 1330 5601 cum
1352 5545 1608 5599 vellemus
1620 5545 1824 5600 solvere
1840 5544 2047 5600 inciden

562 5695 578 5724 ι
601 5698 669 5741 Ita
699 5695 810 5755 slss.
841 5685 1067 5755 plerique
1085 5684 1222 5755 juxta
1247 5694 1390 5755 graec.
1417 5678 1696 5751 prosctéthe,
1711 5693 1807 5755 nec
1827 5694 1921 5729 non
1941 5685 2082 5755 Leva-

497 5756 699 5804 nienses
712 5751 766 5800 in
791 5743 999 5805 ecf-loco,
1028 5743 1108 5808 qui
1137 5749 1442 5802 retractatur,
1464 5743 1682 5803 quamvis
1711 5743 1786 5790 hie
1819 5749 2082 5804 sequantur

497 5815 686 5878 Vulgut.
709 5809 862 5877 posita
885 5815 968 5859 est.

1544 349 1635 398 ιώ
1651 353 1669 398 ι
1687 339 2179 398 ιιΑυΤΑιιυαυΜ
2215 339 2272 395 S.
2313 341 2354 395 A
2366 339 2682 398 UGUSTINI

3634 340 3737 397 ϐυ

2160 465 2266 512 tem
2298 457 2528 512 sermoni
2550 465 2735 512 nostro
2759 455 3124 510 difficillimam
3161 454 3505 526 quaestionem
3531 455 3599 512 de
3620 473 3719 528 pec

2159 561 2275 604 cato
2303 551 2354 604 in
2383 549 2634 619 Spiritum
2661 557 2922 613 sanctum,
2953 547 3094 618 quod
3119 563 3224 602 non
3244 548 3546 603 remittatur
3566 564 3740 622 neque

2158 641 2211 696 in
2234 642 2336 697 hoc
2371 641 2566 696 saeculo
2583 655 2755 711 neque
2784 641 2834 693 in
2884 640 3077 694 futuro.
3108 639 3212 695 Sed
3243 639 3438 696 deinde
3464 641 3568 696 alia
3593 642 3718 697 volu

2159 736 2302 790 mina
2327 735 2528 790 cessavi
2559 734 2847 804 adjungere
2873 731 3189 802 exponendo
3213 732 3505 802 Epistolam
3549 742 3736 799 totam,

2161 829 2327 899 ipsius
2358 828 2534 898 operis
2565 827 2924 897 magnitudine
2949 841 3010 880 ac
3038 825 3218 880 labore
3256 825 3560 890 deterritus,
3591 835 3646 880 et
3683 826 3735 881 in

2160 922 2258 974 alia
2291 919 2528 974 faciliora
2548 918 2785 974 deﬂexus
2825 934 2962 973 sum.
2992 917 3068 972 Ita
3094 916 3290 972 factum
3334 926 3416 972 est
3455 923 3513 971 ut
3546 917 3739 973 librum

2160 1030 2316 1084 quem
2346 1015 2571 1068 feceram
2597 1014 2841 1082 primum,
2869 1011 3224 1082 relinquerem
3237 1011 3428 1076 solum,
3448 1010 3599 1080 cujus
3624 1025 3748 1065 esse.

2162 1106 2366 1159 titulum
2393 1105 2533 1159 volui
2564 1123 2575 1157 :
2603 1105 2853 1174 Epistula:
2878 1105 2944 1158 ad
2993 1103 3260 1158 Romanos
3287 1103 3529 1156 inchoata
3559 1104 3739 1174 Expo-

2159 1199 2300 1253 sitio.
2334 1197 2432 1252 Ubi
2455 1197 2594 1267 quod
2613 1197 2741 1260 dixi,
2781 1198 2997 1268 gratiam
3031 1212 3140 1250 esse
3175 1196 3228 1249 in
3253 1194 3540 1250 dimissione
3563 1212 3738 1266 pecca—

2161 1299 2341 1354 torum,
2365 1305 2537 1358 pacem
2580 1305 2692 1342 vero
2735 1289 2786 1341 in
2832 1288 3236 1342 reconciliatione
3277 1288 3392 1354 Dei,
3423 1289 3736 1360 ubicumque

2161 1383 2262 1437 hoc
2284 1381 2413 1447 dixi,
2446 1395 2549 1434 non
2572 1381 2650 1436 sic
2673 1379 3037 1449 accipiendum
3062 1388 3144 1434 est
3159 1394 3222 1434 ac
3246 1380 3290 1432 si
3323 1395 3422 1450 pax
3450 1380 3562 1449 ipsa
3582 1388 3636 1434 et
3653 1395 3737 1436 re-

2159 1474 2457 1529 conciliatio
2484 1489 2587 1528 uon
2617 1474 2875 1543 pertineat
2921 1473 2988 1525 ad
3025 1473 3248 1542 gratiam
3289 1472 3614 1541 generalem,
3641 1473 3735 1529 sed

2158 1566 2300 1637 quod
2327 1565 2628 1636 specialiter
2669 1566 2884 1620 nomine
2926 1565 3110 1635 gratia:
3139 1563 3510 1619 remissionem
3535 1565 3734 1633 signiﬁ-
3797 1541 3801 1544 ⁵

2159 1659 2356 1715 caverit
2385 1667 2740 1728 peccatorum.
2779 1658 2924 1712 Sicut
2967 1657 3164 1726 Legem
3189 1662 3246 1712 et
3277 1656 3578 1726 specialiter
3604 1655 3736 1710 dici-

2161 1769 2297 1815 mus,
2323 1754 2610 1808 sccundum
2655 1750 2796 1821 quod
2839 1749 3037 1804 dictum
3089 1755 3190 1812 est,
3235 1746 3343 1801 Lea:
3381 1757 3427 1801 et
3475 1747 3739 1817 Propheta

2162 1845 2373 1918 (Matth.
2403 1862 2539 1908 xm,
2560 1843 2681 1916 40);
2713 1851 2765 1897 et
2789 1842 3128 1912 generaliter,
3149 1849 3203 1893 ut
3231 1840 3282 1893 in
3305 1854 3365 1894 ea
3393 1838 3499 1893 sint
3527 1848 3580 1892 et
3610 1839 3738 1892 Pro-

2162 1937 2354 2008 phetm.
2386 1937 2630 1990 lliclihcr
2654 1936 2728 1989 sic
2757 1934 2938 2002 incipit
2970 1951 2983 1985 :
3011 1931 3079 1985 In
3111 1930 3339 2001 Epistola
3363 1946 3514 2000 quam
3542 1928 3736 1983 Paulus

2164 2029 2420 2101 apostolus
2445 2027 2644 2099 scripsit
2667 2026 2736 2080 ad
2755 2026 3035 2080 Romanos.

2720 2187 2948 2244 CAPUT
2985 2185 3176 2242 XXVI.

2204 2329 2278 2382 De
2303 2327 2525 2382 Diversis
2541 2325 2908 2400 Qwstionibm
2929 2327 3182 2397 octoginta
3212 2326 3386 2391 tribus,
3404 2325 3528 2380 liber
3553 2342 3702 2380 unus.

2235 2471 2332 2525 Est
2349 2471 2508 2525 etiam
2551 2471 2689 2524 inter
2715 2470 2802 2523 illa
2825 2483 2939 2538 qua:
2982 2467 3290 2537 scripsimus
3314 2466 3578 2536 qdoddam
3616 2482 3740 2537 pro-

2168 2566 2328 2619 lixum
2353 2579 2508 2635 Opus,
2530 2564 2618 2634 qui
2651 2573 2825 2617 tamen
2855 2576 2989 2615 unus
3009 2561 3292 2630 deputatur
3320 2560 3454 2614 liber
3486 2560 3635 2629 cujus
3662 2569 3745 2614 est

2171 2658 2350 2711 titulus
2391 2674 2404 2710 :
2441 2655 2508 2710 de
2539 2655 2768 2709 Diversis
2805 2644 3198 2720 Quaestionibus
3242 2653 3511 2722 octoginta
3555 2650 3742 2705 tribus.

2168 2750 2298 2804 Cum
2323 2758 2498 2802 autem
2536 2746 2789 2816 dispersa:
2829 2745 3053 2800 fuissent
3092 2759 3188 2814 per
3230 2743 3498 2799 chartulas
3532 2743 3744 2810 multas,

2169 2842 2417 2912 quoniam
2461 2839 2530 2893 ab
2569 2839 2684 2908 ipso
2726 2838 2896 2907 primo
2922 2846 3160 2906 tempore
3203 2835 3565 2890 conversionis
3591 2849 3744 2900 mea;

2172 2940 2510 3000 posteaquam
2539 2929 2590 2982 in
2624 2927 2855 2982 Africam
2879 2928 3142 2992 venimus,
3171 2927 3308 2980 sicut
3337 2925 3697 2994 interrogabar
3719 2939 3747 2978 a

2170 3024 2438 3088 fratribus,
2466 3022 2678 3091 quando
2707 3037 2792 3075 me
2820 3028 3091 3074 vacantem
3113 3019 3383 3084 videbant,
3415 3018 3558 3072 nulla
3597 3032 3627 3070 a
3666 3031 3751 3091 me

2173 3124 2378 3171 servata
2400 3113 2732 3168 ordinatione
2753 3112 2961 3166 dictata:
2979 3120 3135 3175 sunt;
3160 3109 3295 3179 jussi
3317 3109 3525 3178 easjam
3547 3087 3751 3176 episco-

2177 3223 2273 3278 pus
2298 3206 2495 3276 colligi,
2529 3215 2582 3260 et
2611 3220 2775 3258 unum
2803 3220 2867 3258 ex
2893 3203 2970 3257 eis
2997 3202 3186 3256 librum
3217 3201 3352 3264 fieri,
3379 3198 3624 3254 adhibitis
3649 3214 3750 3252 nu-

2172 3300 2352 3363 meris,
2385 3307 2442 3352 ut
2471 3297 2610 3367 quod
2656 3296 2879 3366 quisque
2922 3295 3098 3364 legere
3138 3293 3382 3356 voluerit,
3425 3291 3578 3346 facile
3608 3289 3753 3344 inve-

2173 3392 2302 3444 niat.
2320 3391 2516 3444 llarum
2541 3389 2892 3458 quaestionum
2916 3396 2996 3440 est
3014 3387 3202 3455 prima,
3225 3384 3588 3438 utrumanima
3616 3398 3644 3436 a
3671 3398 3755 3436 se-

2173 3484 2285 3553 ipsa
2333 3483 2418 3536 sit.
2453 3479 2714 3543 Secunda,
2751 3479 2818 3533 de
2847 3479 3014 3533 libero
3070 3477 3311 3531 arbitrio.
3342 3477 3538 3541 Tertia,
3576 3485 3753 3532 utrum

2174 3577 2283 3631 Deo
2307 3583 2524 3630 auctore
2551 3574 2620 3628 sit
2646 3574 2804 3626 homo
2831 3571 3082 3626 deterior.
3109 3570 3328 3636 Quarta,
3353 3586 3470 3639 quae
3506 3568 3574 3622 sit
3596 3582 3753 3622 causa

2173 3677 2232 3721 ut
2259 3667 2327 3721 sit
2360 3667 2516 3720 homo
2553 3664 2804 3719 deterior.
2845 3662 3059 3730 Quinta,
3110 3670 3286 3715 utrum
3320 3660 3512 3714 animal
3541 3658 3751 3712 irratio-

2173 3760 2293 3814 nale
2331 3759 2541 3813 beatum
2581 3770 2700 3811 esse
2735 3755 2921 3823 possit.
2971 3755 3153 3819 Sexta,
3191 3751 3259 3807 de
3299 3752 3458 3806 malo.
3493 3748 3748 3818 Septima,

2173 3869 2291 3923 quae
2341 3851 2553 3933 proprie
2595 3851 2649 3903 in
2695 3849 2964 3902 animante
3016 3847 3193 3900 anima
3248 3847 3473 3901 dicatur.
3526 3845 3743 3907 Octava,

2174 3952 2350 3998 utrum
2397 3957 2493 4011 per
2550 3955 2608 3995 se
2659 3939 2835 3994 anima
2874 3948 3168 3992 moveatur.
3209 3937 3589 4012 Nona,ulrum
3638 3950 3757 3989 cor-

2175 4034 2351 4105 poreis
2396 4031 2640 4088 sensibus
2681 4031 2880 4100 percipi
2929 4031 3122 4084 veritas
3171 4029 3358 4098 possit.
3411 4028 3468 4082 In
3497 4042 3598 4097 qua
3630 4025 3756 4081 illud

2174 4125 2315 4198 quod
2341 4125 2470 4192 dixi,
2505 4122 2665 4177 Omne
2711 4122 2844 4193 quod
2885 4137 3154 4192 corporeus
3178 4137 3354 4174 sensus
3380 4120 3600 4191 attingit,
3623 4117 3757 4188 quod

2177 4231 2223 4275 et
2277 4217 2509 4276 sensibile
2555 4217 2756 4282 dicitur,
2805 4215 2912 4269 sine
2951 4215 3057 4268 ulla
3107 4213 3471 4267 intermissione
3521 4209 3757 4280 temporis

2175 4322 2532 4379 commutatur,
2565 4312 2680 4366 sine
2700 4309 2859 4364 dubio
2895 4323 3079 4363 verum
3107 4305 3320 4376 quidem
3346 4320 3451 4359 non
3469 4313 3550 4359 est
3569 4303 3623 4357 in
3641 4317 3758 4356 cor-

2179 4407 2395 4477 poribus
2422 4402 2826 4460 resurrectionis
2855 4398 3372 4468 incorruptihilibus;
3407 4394 3502 4451 sed
3526 4409 3667 4448 nunc
3693 4407 3757 4447 ea

2180 4500 2359 4554 nullus
2387 4499 2556 4553 nostri
2578 4495 2819 4566 corporis
2845 4508 3033 4548 sensus
3059 4491 3292 4560 attingit,
3320 4488 3420 4542 nisi
3461 4486 3595 4540 forte
3621 4484 3758 4538 divi-

2179 4592 2321 4645 nitus
2346 4589 2454 4643 tale
2486 4586 2681 4657 aliquid
2705 4585 2990 4640 reveletur.
3023 4581 3260 4645 Decima,
3297 4588 3469 4633 utrum
3497 4589 3692 4644 corpus
3729 4588 3759 4627 a

2180 4683 2290 4738 Deo
2316 4682 2405 4736 sit.
2427 4679 2737 4742 Undecima,
2757 4691 2918 4746 quare
2929 4675 3169 4730 Christus
3188 4671 3256 4726 de
3283 4669 3476 4726 femina
3493 4673 3650 4720 natus
3670 4665 3759 4718 sit.

2182 4772 2502 4828 Duodecima
2521 4812 2536 4838 ,
2568 4770 2690 4824 loco
2728 4768 2817 4822 ubi
2842 4765 3028 4821 titulus
3055 4772 3157 4832 est,
3186 4761 3457 4818 Sententia
3481 4755 3760 4828 cujusdam

2180 4863 2468 4934 sapientis;
2495 4877 2600 4915 non
2621 4869 2702 4914 est
2725 4873 2842 4913 mea
2867 4873 2879 4910 :
2903 4856 2997 4913 sed
3027 4857 3148 4926 quia
3175 4870 3271 4925 per
3289 4855 3376 4909 me
3400 4850 3628 4906 innotuit
3648 4847 3762 4917 qui-

2181 4957 2401 5013 busdam
2452 4953 2730 5018 fratribus,
2761 4951 2849 5020 qui
2886 4957 3011 5004 tunc
3036 4964 3066 5002 a
3091 4962 3178 5003 me
3217 4948 3317 5001 ista
3361 4940 3762 5014 diligentissime

2181 5047 2519 5118 colligebant,
2548 5053 2602 5098 et
2630 5042 2826 5111 placuit
2863 5041 2941 5094 eis
2960 5081 2974 5102 ,
3002 5039 3140 5092 inter
3177 5045 3359 5091 nostra
3384 5050 3502 5090 eam
3527 5031 3762 5087 scribere

2183 5139 2482 5194 voluerunt.
2517 5135 2612 5188 Est
2649 5142 2826 5186 autem
2863 5130 3136 5200 cujusdam
3163 5127 3350 5183 Fontei
3375 5123 3761 5193 Carthaginen-

2185 5233 2259 5287 sis
2287 5233 2326 5296 ί,
2357 5230 2426 5284 de
2454 5236 2633 5282 mente
2661 5223 2961 5280 mundanda
2987 5221 3053 5276 ad
3081 5220 3365 5276 videndum
3398 5219 3560 5272 Deum
3583 5257 3599 5282 ,
3622 5211 3763 5284 quod

2184 5340 2420 5395 paganus
2463 5320 2676 5392 quidem
2705 5317 2950 5387 scripsit,
2981 5314 3075 5370 sed
3113 5313 3435 5368 christianus
3470 5311 3763 5379 baptizatus

2185 5424 2268 5470 est
2295 5420 2557 5468 mortuus.
2587 5409 2800 5464 Decima
2837 5406 2993 5460 tertia
3017 5413 3098 5458 est
3117 5444 3130 5469 ,
3160 5419 3266 5474 quo
3295 5403 3612 5457 documento
3637 5412 3766 5451 con-

2185 5515 2288 5562 stet
2333 5503 2578 5559 homines
2613 5499 2797 5555 bestiis
2835 5496 3116 5553 excellere.
3147 5494 3362 5549 Decima
3413 5499 3626 5562 quarta,
3657 5499 3762 5540 non

2185 5603 2350 5658 fuisse
2387 5615 2580 5671 corpus
2605 5596 2814 5652 Domini
2843 5593 3011 5649 nostri
3039 5591 3164 5647 Jesu
3189 5588 3386 5647 Christi
3429 5587 3760 5657 phantasma.

2250 5740 2265 5770 ί
2290 5736 2483 5785 Additur
2501 5731 2622 5794 apud
2648 5739 2778 5778 l.0v.:
2800 5725 2887 5787 (mi
2911 5725 2972 5794 de
2991 5721 3508 5794 uitauerachrnanarmn
3517 5714 3763 5794 aliquanta

2191 5796 2467 5861 conscripsit
2494 5789 2652 5856 ,‘quod
2680 5803 2873 5853 prorsus
2897 5791 3035 5838 abest
3052 5789 3113 5835 ah
3134 5794 3253 5845 Am.,
3278 5791 3350 5832 Er.
3381 5790 3432 5830 et
3444 5789 3549 5829 Mss.
