4116 6366
470 301 641 359 625.

480 417 691 473 Decima
717 417 931 486 quinta,
959 417 1026 473 de
1054 417 1341 473 intellectu.
1371 417 1584 474 Decima
1613 427 1792 484 sexta,
1822 418 1888 474 de
1914 419 2047 474 Filio

478 511 594 565 Dei.
618 509 830 564 Decima
855 510 1077 577 septima
1099 552 1112 572 ,
1136 510 1200 566 de
1224 511 1440 566 scientia
1467 510 1582 566 Dei.
1611 513 1822 568 Decima
1846 521 2049 578 octava,

478 599 543 653 de
583 599 838 652 Trinitate
869 600 907 650 ί.
933 599 1145 653 Decima
1175 616 1314 655 nona
1334 644 1348 668 ,
1375 601 1439 655 de
1461 601 1570 656 Deo
1599 613 1652 656 et
1671 611 1932 657 creatura.
1964 601 2050 656 Vi-

476 691 696 762 gesima,
727 690 793 745 de
822 691 940 746 loco
965 691 1082 746 Dei.
1133 691 1397 761 Vigesima
1443 695 1607 764 prima
1632 736 1646 760 ,
1692 704 1866 749 utrum
1915 695 2053 750 Deus

474 791 662 837 auctor
680 783 802 836 mali
834 797 936 836 non
968 783 1054 836 sit.
1086 782 1182 837 Ubi
1212 784 1493 839 videndum
1515 793 1612 849 est,
1640 800 1706 840 ne
1729 786 1866 840 male
1898 786 2054 841 intel-

477 873 665 942 ligatur
694 873 834 941 quod
861 873 1009 939 dixi,
1047 873 1176 927 Mali
1204 885 1377 930 auctor
1410 894 1508 930 non
1538 888 1608 932 est
1627 920 1641 945 ,
1681 879 1796 947 quia
1833 879 2054 932 omnium

477 978 590 1032 qua
631 973 747 1016 sunt
783 973 958 1016 auctor
982 973 1089 1030 est;
1119 967 1235 1031 quia
1262 967 1315 1020 in
1340 977 1581 1038 quantum
1617 979 1730 1023 sunt
1749 1012 1762 1036 ,
1785 971 1836 1022 in
1863 979 2054 1024 tantum

477 1053 606 1105 bona
635 1064 749 1107 sunt
773 1069 790 1107 :
811 1063 864 1108 et
885 1070 951 1108 ne
972 1055 1094 1110 hinc
1121 1067 1334 1125 putetur
1358 1074 1461 1112 non
1491 1060 1558 1113 ab
1585 1061 1676 1115 illo
1699 1077 1816 1116 esse
1842 1077 2051 1132 poenam

478 1145 771 1212 malorum,
814 1163 930 1216 quae
974 1149 1156 1218 utique
1199 1151 1397 1204 malum
1424 1161 1504 1206 est
1531 1153 1592 1207 iis
1629 1153 1718 1222 qui
1743 1155 2049 1224 puniuntur.

480 1236 582 1290 Sed
611 1237 709 1292 hoc
731 1239 799 1291 ita
826 1237 932 1292 dixi
955 1241 1396 1309 quemadmodum
1423 1243 1617 1298 dictum
1645 1254 1744 1308 est,
1766 1243 1900 1298 Deus
1919 1261 2053 1300 mor-

479 1335 575 1378 tem
618 1343 716 1380 non
761 1329 876 1397 fecit
911 1330 1064 1398 (Sap.
1094 1347 1138 1397 ι,
1175 1331 1299 1402 15);
1329 1349 1446 1388 cum
1502 1335 1624 1389 alibi
1664 1337 1916 1406 scriptum
1939 1336 2046 1392 sit:

480 1418 622 1472 Mors
652 1430 698 1474 et
735 1423 832 1474 vita
858 1439 889 1474 a
922 1422 1136 1477 Domino
1169 1425 1274 1478 Deo
1300 1437 1372 1480 est
1400 1426 1584 1499 (Eccli.
1623 1445 1713 1496 χι,
1744 1429 1854 1499 Η).
1891 1430 2052 1485 Malo-

477 1527 592 1565 rum
620 1528 746 1582 ergo
778 1529 950 1582 poena,
977 1532 1094 1583 qua:
1120 1531 1148 1569 a
1177 1517 1284 1571 Deo
1321 1526 1432 1582 est,
1479 1519 1676 1572 malum
1715 1527 1797 1574 est
1839 1520 2049 1589 quidem

476 1605 664 1677 mglis;
693 1605 784 1659 sed
813 1606 862 1658 in
895 1606 1046 1660 bouis
1070 1607 1162 1661 Dei
1189 1609 1437 1676 operibus
1457 1619 1564 1676 est,
1589 1610 1832 1678 quoniam
1850 1610 2049 1679 justum

475 1704 558 1748 est
581 1704 634 1747 ut
662 1697 781 1749 mali
802 1699 1104 1765 puniantur,
1131 1708 1180 1752 et
1203 1701 1380 1769 utique
1402 1701 1596 1756 bonum
1625 1711 1705 1756 est
1731 1718 1888 1757 omne
1909 1703 2048 1773 quod

471 1786 673 1855 justum
706 1799 805 1840 est.
838 1787 1098 1856 Vigesima
1127 1791 1376 1856 secunda,
1409 1791 1570 1844 Deum
1598 1808 1700 1846 non
1731 1794 1836 1862 pati
1866 1808 2050 1848 neces-

476 1877 705 1930 sitatem.
745 1879 1000 1948 Vigesima
1039 1882 1218 1946 tertia,
1253 1881 1316 1936 de
1347 1882 1500 1936 Patre
1540 1893 1591 1936 et
1629 1884 1781 1939 Filio.
1814 1884 1912 1940 Ubi
1941 1885 2046 1940 dixi

473 1970 613 2039 quod
643 1986 758 2023 eam
791 1972 901 2040 ipse
922 1974 1195 2041 genuerit,
1224 1989 1324 2043 qua
1363 1975 1571 2044 sapiens
1597 1976 1809 2043 dicitur,
1840 1977 2048 2047 sapien-

475 2061 598 2114 tiam
626 2081 636 2114 :
662 2064 753 2118 sed
777 2064 962 2119 melius
991 2065 1144 2120 istam
1170 2069 1516 2136 quaestionem
1541 2069 1592 2122 in
1619 2069 1753 2126 libro
1782 2079 1961 2140 postea
1981 2071 2047 2126 de

474 2156 729 2211 Trinitate
750 2160 1108 2214 tractavimus.
1133 2160 1397 2230 Vigesima
1423 2171 1626 2230 quarta,
1653 2172 1828 2217 utrum
1858 2172 1913 2218 et
1932 2178 2048 2232 pec-

472 2255 644 2298 catum
667 2256 718 2300 et
743 2256 884 2300 recte
912 2247 1103 2302 factum
1126 2249 1177 2302 in
1205 2249 1371 2303 libero
1397 2250 1464 2303 sit
1489 2251 1773 2306 voluntatis
1799 2254 2042 2308 arbitrio.

471 2335 622 2402 Quod
650 2337 720 2391 ita
747 2353 865 2392 esse
891 2340 1106 2394 omnino
1128 2342 1457 2395 verissimum
1479 2352 1560 2398 est
1580 2362 1592 2397 :
1616 2345 1706 2399 sed
1736 2355 1792 2398 ut
1815 2346 1879 2398 ad
1902 2355 2046 2402 recte

470 2428 766 2484 faciendum
797 2432 1015 2486 liberum
1038 2434 1138 2499 sit,
1170 2435 1258 2488 Dei
1283 2436 1448 2504 gratia
1477 2436 1745 2490 liberatur.
1783 2437 2044 2508 Vigesima

471 2521 683 2593 quinta,
712 2522 779 2576 de
824 2539 982 2578 cruce
1019 2524 1232 2578 Christi.
1263 2525 1524 2595 Vigesima
1569 2538 1752 2594 sexta,
1783 2529 1848 2584 de
1891 2529 2042 2586 diﬂ‘e-

468 2617 638 2671 rentia
668 2625 1023 2685 peccatorum.
1049 2617 1308 2688 Vigesima
1336 2620 1581 2688 septima,
1601 2620 1669 2675 de
1690 2622 2040 2690 providentia.

469 2709 731 2779 Vigesima
749 2719 952 2777 octava,
974 2727 1135 2780 quare
1158 2711 1296 2766 Deus
1319 2712 1570 2766 mundum
1601 2711 1773 2768 facere
1800 2715 2040 2769 voluerit.

466 2799 732 2870 Vigesima
755 2817 912 2866 noua,
936 2810 1111 2858 utrum
1133 2804 1326 2873 aliquid
1353 2806 1421 2859 sit
1440 2819 1646 2859 sursum
1677 2813 1767 2860 aut
1794 2806 2039 2860 deorsum

466 2891 519 2944 in
553 2892 823 2947 universo.
853 2892 1177 2962 Trigesima,
1220 2903 1394 2949 utrum
1440 2897 1614 2950 omnia
1665 2897 1716 2950 in
1765 2897 2040 2951 utilitatem

465 2981 696 3036 hominis
723 2994 895 3038 creata
924 2985 1048 3039 sint.
1081 2985 1373 3054 Trigesima
1401 2987 1568 3055 prima
1605 2989 1647 3052 ³,
1669 3003 1766 3042 nec
1785 2988 1895 3057 ipsa
1924 3002 2039 3041 mea

462 3081 574 3138 est,
605 3073 697 3126 sed
727 3074 992 3128 Ciceronis
1020 3074 1267 3145 (Tullius,
1300 3075 1378 3129 De
1409 3075 1575 3146 0ﬂic.,
1607 3077 1694 3130 lib.
1731 3077 1782 3146 l)
1815 3095 1827 3130 :
1855 3092 2038 3132 verum

460 3165 583 3233 quia
611 3175 662 3217 ct
689 3164 802 3218 [1320
827 3181 921 3234 per
950 3182 1034 3220 me
1062 3167 1288 3220 innotuit
1316 3165 1592 3230 fratribus,
1637 3167 1774 3222 inter
1799 3167 1895 3221 ista
1921 3184 2038 3236 quae

461 3255 777 3324 colligebant
806 3258 1131 3325 scripserunt
1157 3271 1274 3311 eam
1292 3299 1305 3322 ,
1338 3257 1576 3312 volentes
1606 3271 1762 3310 nosse
1787 3257 2040 3326 quemad-

460 3347 678 3400 modum
706 3349 923 3401 virtutcs
948 3350 1107 3402 animi
1133 3350 1196 3402 ab
1222 3349 1312 3402 illo
1340 3349 1523 3403 divisa:
1559 3364 1622 3403 ac
1659 3349 1888 3404 deﬁnitae
1909 3351 2032 3405 sint.

461 3437 754 3508 Trigesima
777 3441 1029 3502 secunda,
1057 3450 1230 3494 utrum
1256 3456 1370 3495 rem
1399 3441 1539 3495 illam
1570 3441 1704 3496 alius
1730 3444 1834 3498 alio
1873 3445 2037 3514 magis

462 3531 740 3601 intelligat,
770 3540 926 3602 atque
953 3535 1022 3587 ita
1049 3534 1284 3602 ejusdem
1319 3537 1396 3589 rei
1429 3551 1524 3605 per
1549 3537 1814 3592 inﬁnitum
1841 3547 1925 3592 cat
1954 3541 2035 3593 in-

459 3622 764 3692 telligentia.
812 3624 1100 3694 Trigesima
1149 3627 1341 3692 tertia,
1393 3627 1460 3681 de
1525 3637 1687 3682 metu.
1747 3630 2033 3698 Trigcsima

456 3724 640 3782 quarta
664 3757 677 3778 ,
707 3726 880 3770 utrum
921 3733 1026 3770 non
1066 3717 1208 3771 aliud
1256 3719 1537 3773 amandum
1585 3721 1651 3773 sit
1689 3737 1844 3788 quam
1893 3731 2034 3775 metu

455 3819 666 3858 carere.
696 3805 988 3874 Trigesima
1014 3807 1191 3877 quinta
1212 3849 1228 3873 ,
1266 3809 1389 3877 quid
1414 3809 1694 3863 amandum
1723 3812 1807 3864 sit.
1843 3811 1900 3864 In
1932 3828 2032 3881 qua

457 3895 587 3948 illud
614 3898 752 3966 quod
783 3898 887 3951 dixi
912 3941 924 3962 ,
957 3899 1010 3951 id
1035 3916 1140 3952 esse
1163 3901 1458 3966 amandum,
1486 3902 1620 3973 quod
1646 3904 1770 3956 nihil
1793 3913 1861 3956 est
1893 3905 2034 3958 aliud

457 3987 670 4053 habere,
694 4005 843 4056 quam
871 4007 1046 4058 nosse,
1088 4007 1190 4046 non
1223 3992 1350 4045 satis
1375 3993 1627 4061 approbo.
1668 3994 1847 4064 Neque
1890 3997 2028 4050 enim

464 4077 627 4130 Deum
656 4095 758 4132 non
793 4079 1074 4146 habebant,
1101 4082 1292 4148 quibus
1321 4082 1515 4136 dictum
1545 4091 1643 4145 est,
1673 4083 1886 4140 Nescitis
1912 4087 2030 4157 quia

463 4169 701 4235 templum
729 4168 823 4221 Dei
845 4171 958 4222 estis
988 4187 1105 4237 vos,
1134 4182 1179 4225 et
1219 4170 1441 4242 Spiritus
1480 4172 1572 4226 Dei
1605 4174 1791 4228 habitat
1821 4178 1871 4228 in
1897 4177 2029 4230 vobis

459 4258 478 4330 (
509 4259 527 4311 I
558 4257 674 4313 Cor.
704 4276 760 4314 Ill
785 4303 798 4325 ,
835 4263 938 4334 16)
979 4278 1074 4317 nec
1101 4273 1274 4317 tamen
1313 4280 1436 4318 eum
1474 4275 1756 4331 noverant,
1788 4269 1872 4322 vel
1923 4285 2026 4324 non

452 4352 591 4405 sicut
620 4354 917 4408 noscendus
940 4364 1019 4409 est
1055 4366 1329 4410 noverant.
1364 4357 1491 4411 Item
1517 4358 1656 4427 quod
1692 4358 1828 4426 dixi,
1865 4361 2027 4415 Nemo

451 4443 607 4512 igitur
650 4444 841 4498 beatam
886 4447 1035 4498 vitam
1063 4447 1225 4508 novit,
1266 4457 1310 4500 ct
1349 4448 1498 4501 miser
1531 4457 1628 4510 est,
1660 4449 1843 4514 Novit,
1881 4451 2024 4518 dixi,

451 4534 719 4600 quomodo
742 4537 1003 4590 noscenda
1035 4547 1133 4591 est.
1168 4538 1295 4591 Nam
1318 4539 1434 4607 quis
1457 4553 1577 4594 eam
1603 4542 1808 4609 penitus
1836 4544 2045 4621 nescit,-

450 4639 635 4679 eorum
667 4627 923 4682 duntaxat
949 4631 1034 4698 qui
1054 4631 1160 4698 jam
1193 4632 1397 4685 ratione
1425 4640 1672 4699 utuntur;
1702 4637 2028 4704 quandoqui-

447 4714 572 4768 dem
602 4717 783 4772 bcatos
809 4734 867 4772 se
897 4735 1014 4774 esse
1041 4721 1174 4775 velle
1201 4723 1497 4777 noverunt?
1523 4724 1809 4794 Trigesima
1844 4711 1987 4781 sexta
2004 4768 2019 4792 ,

448 4804 517 4857 de
541 4807 818 4861 nutrienda
850 4809 1121 4864 charitate.
1158 4809 1257 4866 Ubi
1283 4812 1427 4865 dixi:
1460 4813 1595 4868 Deus
1638 4815 1791 4885 igitur
1827 4825 1873 4870 et
1909 4818 2022 4870 ani-

448 4910 562 4947 mus
599 4912 695 4965 quo
729 4908 952 4966 amatur,
975 4901 1193 4955 charitas
1223 4904 1420 4973 praprie
1455 4904 1635 4958 dicitur
1672 4908 2023 4976 purgatissima

451 4993 498 5037 et
527 4999 869 5042 consummata
887 5032 901 5056 ,
943 4992 988 5044 si
1025 4993 1151 5044 nihil
1179 4994 1318 5047 aliud
1347 5005 1562 5048 amatur.
1591 4996 1739 5062 Quod
1767 4999 1810 5052 si
1839 5015 2020 5054 verum

450 5084 532 5128 est
548 5118 562 5142 ,
589 5081 853 5145 quomodo
877 5097 1004 5151 ergo
1029 5084 1314 5151 Apostolus
1339 5087 1446 5139 ait:
1478 5086 1640 5140 Nemo
1666 5106 1884 5158 unquam
1905 5107 2016 5143 car-

450 5182 562 5219 nem
583 5185 725 5220 suam
737 5170 850 5223 odio
872 5173 1042 5226 habuit
1063 5173 1336 5244 (Ephes.v,
1355 5176 1468 5248 29).
1485 5179 1548 5232 Et
1571 5195 1632 5233 ex
1657 5180 1755 5234 hoc
1774 5182 2022 5240 admonet

446 5267 506 5311 ut
527 5260 807 5329 diligantur
832 5280 1046 5321 uxores.
1080 5267 1184 5322 Sed
1212 5269 1329 5324 ideo
1352 5270 1548 5326 dictum
1576 5281 1684 5339 est,
1718 5277 1917 5345 praprie
1943 5277 2020 5330 di-

512 5459 529 5529 f
553 5465 679 5529 Ain.)
695 5465 769 5510 Er.
793 5467 959 5529 etuss.
977 5464 1366 5529 nondeteriores
1377 5467 1574 5529 habent,
1588 5469 1648 5519 de
1673 5470 2014 5524 Trinaanitate.

512 5521 636 5591 "Hic
647 5524 968 5591 bovanienses
983 5525 1172 5575 titulum
1203 5530 1460 5591 sententia:
1490 5521 1654 5591 primae
1671 5543 1700 5579 e
1718 5531 1800 5581 lib.
1828 5534 1879 5582 21
1905 5521 2019 5584 seu;

448 5586 570 5653 tent.
591 5581 661 5653 sic
677 5583 988 5647 interponunt
1011 5600 1023 5635 :
1048 5601 1193 5647 uxr,
1218 5597 1335 5653 Eum
1358 5589 1440 5652 qui
1471 5581 1524 5641 ut
1547 5581 1644 5642 vult
1673 5591 1796 5653 vivit,
1833 5581 2017 5647 beatum

444 5652 564 5711 esse.
584 5651 674 5711 nec
693 5657 797 5706 ipsa
827 5661 932 5711 mea
953 5653 1039 5698 est.
1063 5649 1481 5711 mterpolationem
1509 5649 1792 5705 deterrimus
1805 5657 2018 5709 subsidio

446 5709 571 5764 Am.,
595 5709 668 5753 Er.
691 5713 744 5756 et
755 5709 996 5758 veriorum
1009 5716 1114 5760 llas.

1813 308 2009 365 LIBER
2049 308 2318 368 PRIMUS.

3627 341 3727 396 626

2160 424 2303 477 lectio
2333 425 2533 494 dicitur,
2563 433 2810 499 quoniam
2839 449 2962 492 caro
2993 435 3224 510 diligitur
3254 445 3484 514 quidem,
3515 464 3612 505 nec
3650 464 3726 507 ta—

2157 530 2279 569 men
2322 519 2569 588 proprie,
2612 523 2703 576 sed
2747 537 2960 594 propter
3003 530 3227 585 animam
3266 537 3348 588 cui
3384 539 3617 607 subjacet
3658 548 3726 600 ad

2159 621 2332 661 usum.
2366 608 2496 663 Nam
2523 612 2622 666 etsi
2659 624 2873 683 propter
2907 619 3133 688 seipsam
3167 621 3374 678 videtur
3398 627 3574 698 diligi,
3604 648 3723 689 cum

2158 711 2274 750 eam
2304 699 2546 754 nolumus
2567 716 2684 757 esse
2714 703 3024 773 deformem,
3048 709 3112 763 ad
3134 711 3273 767 aliud
3297 713 3624 775 referendum
3647 736 3728 779 est

2157 786 2318 841 decus
2341 788 2475 858 ejus,
2505 791 2568 845 ad
2600 791 2727 846 illud
2757 795 2956 850 scilicet
2981 813 3009 851 a
3030 815 3134 868 quo
3161 801 3348 857 decora
3382 819 3504 861 sunt
3525 813 3722 866 omnia.

2157 875 2446 947 Trigesima
2473 883 2794 950 septima,de
2810 903 3018 956 semper
3044 900 3188 946 nato.
3205 893 3493 964 Trigesima
3521 910 3722 970 octava,

2156 967 2222 1022 de
2235 970 2648 1028 conformatione
2664 975 2872 1031 animae.
2888 978 3177 1050 Trigesima
3191 1000 3346 1052 nona,
3367 987 3432 1040 de
3443 967 3719 1047 alimentis.

2155 1058 2582 1131 Quadragesima,
2601 1080 2718 1120 cum
2740 1069 3030 1124 animarum
3053 1081 3236 1128 natura
3253 1092 3353 1130 una
3371 1080 3456 1143 sit,
3473 1082 3609 1137 unde
3631 1086 3723 1140 ho-

2155 1151 2355 1205 minum
2379 1152 2599 1208 diversa}
2625 1157 2935 1214 voluntates.
2953 1161 3358 1234 Quadragesima
3382 1171 3571 1238 prima,
3600 1189 3719 1230 cum

2153 1243 2329 1297 omnia
2344 1243 2483 1298 Deus
2497 1245 2696 1310 fecerit,
2714 1265 2872 1316 quare
2887 1267 2990 1305 non
3009 1256 3278 1324 aequaliter
3293 1258 3726 1330 fecerit.Quadra-

2152 1334 2349 1403 gesitua
2372 1337 2619 1400 secunda.
2635 1341 3074 1408 quemadmodum
3091 1348 3180 1401 Dei
3200 1350 3462 1418 Sapientia
3476 1355 3724 1414 Dominus

2153 1425 2306 1480 Jesus
2320 1426 2560 1481 Christus
2576 1440 2623 1484 et
2651 1432 2701 1484 in
2720 1443 2869 1488 utero
2894 1439 3072 1493 matris
3089 1439 3242 1496 fuerit
3263 1443 3383 1498 etin
3401 1448 3570 1503 caelis.
3588 1452 3724 1518 Qua-

2153 1515 2446 1583 dragesima
2464 1521 2632 1586 tertia,
2654 1537 2816 1591 quare
2831 1525 2867 1576 F
2873 1526 2989 1579 ilius
3006 1528 3096 1582 Dei
3112 1529 3162 1583 in
3179 1532 3387 1589 homine
3399 1515 3657 1609 apparuit,
3671 1552 3724 1598 et

2153 1606 2377 1675 Spiritus
2410 1620 2617 1664 sanctus
2636 1613 2686 1664 in
2707 1615 2947 1669 columba
2966 1617 3169 1687 (Matth.
3191 1639 3266 1688 ιιι,
3290 1625 3399 1695 lli).
3424 1606 3722 1700 Quadrage-

2152 1699 2281 1754 sima
2301 1711 2506 1771 quarta,
2519 1719 2680 1772 quare
2696 1714 2840 1760 tanto
2857 1717 2974 1776 post
2992 1713 3131 1765 venit
3149 1714 3564 1775 Domiuus‘Jesus
3579 1699 3724 1779 Chri-

2151 1797 2283 1844 stus.
2318 1790 2412 1846 Ubi
2432 1807 2552 1847 cum
2579 1797 2787 1864 generis
2809 1797 3020 1852 humani
3051 1809 3291 1872 tauquam
3314 1809 3465 1862 unius
3495 1811 3722 1871 hominis

2150 1890 2331 1933 aetates
2343 1898 2828 1951 commemorarem,
2849 1887 2955 1942 dixi
2977 1908 2987 1941 :
3011 1889 3119 1944 Nec
3138 1899 3354 1962 opm-mit
3374 1901 3530 1954 venire
3545 1904 3723 1957 divini—-

2151 1980 2229 2026 tus
2254 1976 2564 2045 magistrum,
2583 1980 2728 2048 cujus
2748 1981 3020 2036 imitatione
3041 1984 3093 2036 in
3116 2002 3273 2039 mores
3297 1991 3509 2057 optimos
3533 1998 3721 2063 forma-

2149 2070 2304 2127 retur,
2339 2066 2434 2118 nisi
2462 2076 2679 2137 tempore
2689 2071 2983 2140 juventutis.
3004 2074 3293 2145 Etadjunxi
3325 2081 3390 2133 ad
3417 2080 3518 2138 hoc
3543 2086 3718 2142 valere

2149 2156 2287 2225 quod
2311 2159 2590 2227 Apostolus
2621 2162 2782 2228 dicit,
2811 2166 2907 2218 sub
2935 2166 3079 2236 Lege
3120 2177 3365 2240 tanquam
3411 2175 3509 2230 sub
3547 2179 3722 2246 paeda-

2147 2262 2282 2317 gogo
2322 2252 2564 2318 parvulos
2605 2255 2892 2310 custoditos
2922 2256 3112 2328 (Galat.
3140 2276 3228 2325 ut,
3259 2262 3373 2332 ‘25).
3399 2264 3502 2319 Sed
3534 2278 3714 2337 potest

2149 2356 2359 2395 movere
2378 2358 2472 2396 cur
2491 2343 2612 2396 alibi
2631 2345 2933 2412 dixerimus,
2954 2350 3218 2406 Christum
3238 2353 3288 2406 in
3305 2359 3510 2423 generis
3531 2358 3719 2413 huma-

2148 2432 2201 2484 ni
2227 2443 2374 2487 sexta
2404 2443 2558 2489 actate
2579 2444 2822 2505 tanquam
2852 2440 2900 2492 in
2924 2449 3193 2496 senectute
3219 2445 3422 2502 venisse
3441 2447 3572 2519 (Lib.
3604 2452 3626 2504 l
3659 2453 3720 2505 de

2149 2520 2273 2576 Gen.
2317 2533 2489 2577 contra
2527 2524 2776 2592 Manich.,
2809 2545 2852 2580 c.
2874 2529 2962 2596 2'5,
2990 2548 3040 2582 η.
3063 2532 3173 2604 40).
3198 2533 3306 2588 Hoc
3333 2551 3458 2606 ergo
3485 2540 3623 2608 quod
3653 2542 3718 2596 de

2144 2612 2420 2681 juventute
2446 2615 2644 2669 dictum
2675 2625 2755 2671 est
2774 2659 2788 2683 ,
2818 2619 2881 2671 ad
2910 2621 3138 2689 vigorem
3187 2624 3551 2698 tervoremque
3596 2631 3715 2686 ﬁdei

2148 2703 2390 2769 refertur,
2419 2722 2538 2774 qua:
2569 2723 2662 2774 per
2688 2707 3025 2764 dilectionem
3052 2727 3329 2781 operatur;
3367 2719 3491 2773 illud
3535 2731 3710 2777 autem

2146 2793 2212 2846 de
2239 2804 2524 2859 senectute,
2547 2797 2611 2850 ad
2631 2807 2923 2866 temporum
2946 2811 3243 2856 numean
3260 2805 3437 2862 Potest
3461 2811 3602 2864 enim
3633 2813 3714 2866 in-

2148 2883 2306 2954 telligi
2340 2894 2618 2955 utrumque
2643 2889 2694 2941 in
2729 2889 3068 2944 universitate
3111 2893 3414 2965 hominum,
3440 2902 3580 2969 quod
3614 2919 3717 2960 non

2148 2983 2318 3042 potest
2362 2975 2414 3028 in
2454 2978 2694 3032 aetatibus
2732 2981 3059 3049 singulorum
3085 3001 3095 3036 :
3121 2985 3254 3040 sicut
3285 2988 3335 3042 in
3365 3004 3583 3060 corpore
3613 3011 3715 3051 non

2146 3073 2318 3132 potest
2341 3081 2458 3119 esse
2486 3068 2641 3121 simul
2681 3079 2733 3123 et
2769 3070 3020 3139 juventus
3046 3083 3098 3128 et
3125 3088 3402 3146 senectus,
3443 3081 3495 3134 in
3541 3086 3716 3140 animo

2142 3165 2314 3209 autem
2361 3166 2567 3226 potest;
2607 3159 2694 3212 illa
2740 3171 2957 3230 propter
2981 3164 3344 3235 alacritatem,
3372 3169 3470 3223 ista
3503 3183 3717 3244 propter

2141 3247 2474 3315 gravitatem.
2516 3248 2922 3319 Quadragesima
2965 3255 3176 3323 quinta,
3207 3257 3460 3314 adversus
3506 3265 3713 3320 mathe-

2142 3338 2381 3391 maticos.
2415 3338 2822 3409 Quadragesima
2853 3352 3018 3406 sexta,
3043 3344 3109 3399 de
3133 3346 3282 3400 ideis.
3303 3349 3712 3422 Quadragesima

2141 3429 2359 3498 septima
2383 3470 2396 3496 ,
2424 3441 2600 3486 utrum
2629 3433 2908 3501 aliquando
2928 3437 3270 3504 cogitationes
3304 3450 3510 3497 nostras
3536 3444 3714 3500 videre

2141 3519 2422 3588 possimus.
2455 3521 2549 3576 Ubi
2578 3523 2716 3592 quod
2743 3524 2878 3588 dixi,
2909 3527 3133 3596 angelica
3160 3545 3390 3599 corpora,
3418 3534 3590 3602 qualia
3622 3554 3710 3592 nos

2139 3628 2397 3680 speramus
2426 3613 2693 3678 habituros,
2727 3617 3036 3670 lucidissima
3065 3629 3214 3689 atque
3236 3624 3448 3677 tet/terea
3474 3643 3577 3680 esse
3599 3645 3708 3682 cre-

2140 3703 2354 3755 dendum
2380 3714 2448 3756 est
2467 3721 2486 3768 ;
2511 3707 2554 3759 si
2581 3707 2678 3759 hoc
2704 3709 2818 3761 sine
2845 3711 3094 3764 membris
3123 3728 3239 3781 quae
3266 3731 3404 3771 nunc
3431 3717 3704 3783 habemus.

2137 3803 2191 3848 et
2228 3797 2340 3849 sine
2385 3798 2708 3863 substantia,
2757 3803 2996 3868 quamvis
3046 3803 3494 3874 incorruptibilis,
3538 3819 3709 3868 tamen

2137 3886 2309 3939 carnis
2356 3888 2676 3956 accipiatur,
2727 3899 2952 3945 erratur.
3001 3891 3162 3946 Multo
3212 3904 3384 3948 autem
3426 3899 3616 3954 melius
3654 3901 3708 3955 in

2136 3991 2296 4046 Opere
2339 3978 2401 4029 de
2438 3978 2661 4033 Civitate
2689 3979 2812 4045 Dei,
2846 3984 3068 4050 quaestio
3105 3985 3201 4038 ista
3234 3995 3449 4043 tractata
3488 4000 3602 4058 est,
3642 3993 3708 4048 de

2134 4067 2374 4120 videndis
2399 4069 2799 4136 mgitationibus
2826 4075 3017 4127 nostris
3048 4073 3184 4144 (Lib.
3219 4076 3307 4140 92,
3332 4094 3377 4130 c.
3408 4077 3531 4149 29).
3562 4081 3704 4147 Qua-

2133 4157 2428 4227 dragesima
2445 4170 2646 4226 octava,
2664 4163 2731 4218 de
2746 4165 3101 4220 credibilibus.
3123 4168 3528 4240 Quadragesima
3545 4187 3706 4242 nona,

2133 4264 2296 4318 quare
2320 4250 2406 4302 ﬁlii
2437 4250 2593 4305 Israel
2614 4253 2979 4309 sacriﬁcabant
2999 4257 3272 4312 visibiliter
3291 4274 3536 4328 pecorum
3555 4264 3706 4319 victi-

2132 4356 2265 4395 mas.
2283 4343 2743 4414 Quinquagesima,
2773 4347 2839 4400 de
2859 4350 3157 4418 aequalitate
3170 4345 3304 4405 Filii.
3329 4351 3708 4425 Quinquagesi-

2132 4447 2216 4486 ma
2235 4433 2420 4502 prima,
2451 4435 2514 4488 de
2539 4435 2749 4490 homine
2776 4436 2912 4491 facto
2939 4439 3003 4492 ad
3034 4441 3313 4510 imaginem
3334 4451 3388 4496 et
3407 4445 3703 4501 similitudi~

2132 4538 2252 4576 nem
2273 4524 2383 4576 Dei.
2408 4524 2505 4578 Ubi
2537 4527 2658 4595 quid
2683 4535 2781 4592 est,
2807 4530 2945 4596 quod
2972 4529 3108 4595 dixi,
3136 4530 3305 4586 Homo
3336 4535 3442 4587 sine
3477 4535 3576 4588 vita
3601 4553 3701 4591 non

2130 4623 2259 4667 recte
2271 4616 2575 4693 appellatur;
2591 4630 2708 4670 cum
2722 4617 2924 4673 dicatur
2943 4619 3101 4674 homo
3115 4622 3271 4676 etiam
3285 4623 3510 4678 cadaver
3529 4624 3702 4681 homi-

2130 4707 2392 4777 nisiErgo
2409 4709 2593 4761 saltem
2615 4709 2792 4765 dicere
2805 4711 2981 4779 debui,
3001 4712 3113 4767 Non
3146 4716 3354 4784 proprie
3367 4715 3559 4771 dicitur
3577 4734 3590 4782 ;
3609 4719 3699 4773 ubi

2129 4797 2270 4866 dixi,
2301 4815 2400 4852 non
2430 4810 2559 4854 recte
2590 4801 2790 4854 dicitur.
2814 4802 2941 4856 Item
2963 4803 3068 4858 dixi
3095 4823 3108 4857 :
3135 4803 3312 4874 Neque
3330 4807 3503 4860 inscite
3522 4808 3700 4864 distim-

2127 4891 2312 4958 guitur,
2335 4891 2470 4962 quod
2499 4892 2639 4944 aliud
2663 4893 2723 4944 sit
2748 4892 2912 4964 imago
2933 4902 2982 4946 et
3006 4895 3276 4949 similitudo
3306 4896 3428 4962 Dei,
3451 4897 3593 4950 aliud
3629 4901 3699 4952 ad

2129 4981 2392 5051 imaginem
2421 4991 2463 5034 et
2492 4983 2865 5037 similitudinem
2899 4984 3021 5050 Dei,
3061 4987 3186 5040 sicut
3224 4987 3472 5041 hominem
3507 4989 3695 5058 factum

2127 5065 2416 5139 accipimus.
2437 5073 2587 5140 Quod
2609 5090 2710 5127 non
2734 5076 2798 5128 ita
2827 5075 3216 5144 intelligendum
3237 5086 3314 5131 est
3331 5119 3344 5143 ,
3365 5081 3513 5148 quasi
3536 5081 3694 5137 homo

2129 5177 2230 5216 non
2279 5162 2484 5216 dicatur
2530 5164 2701 5232 imago
2743 5164 2871 5228 Dei,
2903 5180 3022 5218 cum
3062 5167 3201 5220 dicat
3236 5167 3554 5238 Apostolus,
3603 5172 3694 5226 Vir

2125 5252 2323 5320 quidem
2352 5270 2450 5307 non
2477 5253 2616 5306 debet
2645 5254 2807 5307 velare
2831 5265 3009 5323 caput,
3036 5272 3147 5308 cum
3175 5258 3238 5310 sit
3264 5259 3428 5329 imago
3458 5272 3502 5314 et
3529 5261 3693 5330 gloria

2132 5343 2221 5398 Dei
2251 5344 2270 5414 (
2297 5345 2316 5397 l
2344 5343 2461 5399 Cor.
2499 5361 2578 5408 ιιι,
2614 5346 2684 5418 7)
2715 5346 2845 5400 :scd
2887 5346 3079 5400 dicitur
3105 5348 3264 5402 etiam
3305 5349 3372 5403 ad
3410 5351 3690 5421 imaginem

2128 5435 2242 5500 Dei,
2270 5435 2410 5504 quod
2437 5434 2748 5504 Unigenitus
2791 5450 2897 5489 non
2939 5436 3148 5503 dicitur,
3194 5440 3279 5508 qui
3329 5441 3688 5500 tantummodo

2127 5529 2297 5596 imago
2322 5535 2422 5593 est,
2442 5543 2547 5581 non
2573 5527 2636 5580 ad
2659 5529 2955 5598 imaginem.
2975 5530 3413 5602 Quinquagesima
3435 5538 3684 5603 sectmda,

2124 5617 2191 5672 de
2219 5633 2282 5672 eo
2311 5618 2447 5686 quod
2487 5619 2682 5671 dictum
2713 5627 2819 5683 est,
2865 5619 3077 5674 Pwnitet
3117 5639 3193 5676 me
3226 5625 3397 5694 fecisse
3435 5627 3683 5681 hominem

2129 5707 2276 5779 (Gen.
2303 5724 2377 5774 vi,
2408 5708 2460 5773 6,
2491 5709 2564 5778 7).
2584 5709 3018 5781 Quinquagesima
3056 5715 3239 5784 tertia],
3273 5715 3339 5770 de
3365 5730 3494 5772 auro
3515 5727 3569 5773 et
3595 5733 3656 5774 ar
