4116 6366
489 314 580 370 651
1521 322 2148 381 RETRACTATIONUM
2189 326 2241 381 S.
2285 325 2645 383 AUGUSTINI

487 445 540 490 tu
564 438 695 493 male
717 439 880 507 fecisti
907 440 1129 495 occidere
1153 443 1313 509 ﬁlium
1341 443 1447 512 ejus
1476 440 1562 514 (lII
1592 439 1720 512 Reg.
1754 456 1894 508 xvn,
1930 440 2044 509 20).

485 530 599 588 Hoc
625 544 758 603 Opus
783 533 860 589 sic
887 535 1100 604 incipit:
1129 533 1476 590 Gratissimam
1494 533 1661 606 plane.

1111 645 1334 702 CAPUT
1372 647 1437 700 II.

487 734 672 790 Contra
695 735 982 806 Epistolam
1000 754 1153 808 quam
1179 747 1356 792 vocant
1376 736 1733 800 Fundamenti,
1755 736 1879 791 liber
1896 752 2044 791 unus.

558 828 718 884 Liber
749 838 931 883 contra
975 829 1263 900 Epistulam
1301 828 1570 884 Manichtci
1595 869 1611 895 ,
1661 844 1815 898 quam
1864 839 2050 884 vocant

485 917 868 986 Fundamenti,
922 919 1175 990 principia
1225 920 1337 990 ejus
1373 920 1484 974 sola
1529 919 1834 989 redarguit;
1871 919 1963 974 sed
1993 919 2048 974 in

487 1011 694 1064 caeteris
732 1011 870 1066 illius
894 1012 1132 1082 partibus
1173 1012 1190 1044 ³
1231 1012 1594 1067 annotationes
1625 1013 1711 1067 ubi
1739 1012 2044 1081 videbatur,

483 1103 655 1160 affixa:
694 1113 832 1170 sunt,
862 1105 1050 1174 quibus
1073 1113 1175 1158 tota
1205 1103 1529 1159 subvertitur
1552 1145 1568 1170 ,
1599 1104 1869 1174 et'quibus
1903 1119 2048 1158 com-

483 1208 748 1259 monerer,
775 1195 819 1249 si
843 1195 1050 1265 quando
1068 1204 1249 1250 contra
1280 1203 1442 1250 totam
1473 1195 1705 1250 scribere
1730 1194 2043 1250 vacavisset.

478 1283 574 1340 IIic
602 1283 734 1339 liber
755 1285 829 1340 sic
855 1285 1040 1355 incipit
1066 1304 1079 1340 :
1114 1284 1279 1340 Unum
1303 1301 1471 1338 verum
1496 1284 1676 1338 Deum.

1103 1396 1324 1453 CAPUT
1361 1397 1448 1451 III.

793 1490 872 1544 De
893 1490 1066 1562 Agone
1090 1489 1390 1554 Christiano,
1426 1489 1549 1544 liber
1576 1505 1721 1543 unus.

543 1580 702 1636 Liber
716 1580 782 1636 de
800 1582 982 1651 Agone
1002 1581 1300 1636 Christiano
1320 1579 1568 1635 fratribus
1585 1580 1636 1633 in
1653 1579 1860 1648 eloquio
1880 1578 2044 1633 latino

473 1674 752 1731 ineruditis
765 1674 947 1730 humili
964 1689 1210 1729 sermone
1221 1674 1548 1742 conscriptus
1559 1681 1659 1737 est,
1674 1672 1789 1726 tidei
1807 1672 2041 1741 regulam

473 1769 771 1831 continens,
789 1777 843 1821 et
865 1776 1125 1838 prmcepta
1151 1766 1380 1820 vivendi.
1403 1766 1459 1820 In
1481 1781 1586 1835 quo
1607 1764 1734 1819 illud
1755 1765 1891 1834 quod
1912 1765 2043 1833 posi-

428 1913 430 1915 _
471 1867 581 1910 tum
600 1866 699 1922 est,
727 1855 836 1910 Nec
851 1873 935 1911 eos
951 1856 1233 1922 audiamus,
1248 1857 1331 1925 qui
1349 1855 1513 1909 carnis
1532 1855 1934 1908 resurrectionem
1954 1857 2039 1924 [πμ

470 1957 633 2002 turam
648 1957 851 2018 negant,
865 1958 909 2002 et
920 1956 1304 2002 commemorant
1319 1947 1450 2017 quod
1464 1948 1534 1999 ait
1549 1946 1804 2016 apostolus
1820 1942 2034 2010 Paulus,

476 2058 493 2089 ι
506 2055 622 2092 caro
643 2049 686 2093 et
707 2039 911 2109 sanguis
927 2037 1238 2109 regnumDei
1254 2054 1352 2091 non
1374 2037 1692 2106 possidebunt
1709 2053 1757 2098 ;›
1774 2051 1872 2088 non
1893 2035 2038 2087 intel-

468 2131 672 2200 ligente:
697 2131 830 2201 quod
852 2132 960 2200 ipse
983 2131 1104 2183 dicit
1130 2129 1416 2200 Apostolus,
1446 2147 1464 2179 ‹
1481 2127 1687 2197 Oportet
1717 2127 2037 2197 corruptibile

468 2224 562 2277 hoc
580 2223 787 2277 induere
805 2222 1225 2292 incorruptionem
1243 2262 1257 2285 ,
1283 2229 1329 2275 et
1355 2221 1564 2276 mortale
1590 2221 1685 2274 hoc
1711 2219 1917 2274 induere
1935 2220 2034 2273 im-

466 2315 846 2368 mortalitatenu
877 2313 1049 2386 (ICor.
1075 2329 1164 2380 xv,
1188 2314 1277 2380 50,
1301 2313 1415 2385 55);
1437 2330 1550 2366 cum
1565 2313 1698 2366 enim
1719 2312 1812 2366 hoc
1845 2316 2034 2383 factum

371 2402 374 2406 ’
463 2409 644 2477 fuerit,
675 2409 788 2477 jam
815 2425 914 2462 non
941 2409 1030 2461 erit
1055 2425 1172 2462 caro
1200 2417 1247 2462 et
1273 2408 1498 2479 sanguis,
1524 2407 1611 2461 sed
1637 2407 1829 2462 caleste
1852 2424 2032 2477 corpus

467 2497 615 2570 (Cap.
640 2498 728 2564 32,
753 2517 804 2551 η.
837 2498 926 2567 54)
952 2517 964 2553 :
993 2515 1097 2552 non
1125 2500 1200 2554 sic
1230 2498 1594 2568 accipiendum
1613 2507 1712 2562 est,
1741 2498 1890 2568 quasi
1916 2514 2032 2553 car-

459 2589 543 2642 nis
571 2603 674 2642 non
711 2589 779 2666 s_it
805 2591 973 2643 futura
1004 2591 1326 2656 substantia,
1357 2589 1448 2644 sed
1474 2590 1651 2644 carnis
1675 2597 1728 2644 et
1761 2591 2031 2660 sanguinis

461 2683 675 2736 nomine
720 2681 885 2750 ipsam
929 2686 1318 2751 corruptionem
1364 2682 1540 2736 carnis
1566 2692 1618 2736 et
1646 2682 1915 2752 sanguinis
1945 2684 2026 2736 in-

469 2773 786 2845 tclligendus
813 2784 896 2829 est
922 2776 1204 2844 Apostolus
1230 2789 1596 2843 nuncupasse;
1625 2790 1741 2844 qua:
1767 2775 1947 2844 utique
1976 2776 2028 2830 in

458 2884 624 2939 regno
641 2871 731 2924 illo
747 2884 852 2924 non
873 2871 994 2936 erit,
1018 2868 1104 2922 ubi
1128 2884 1252 2924 caro
1277 2866 1684 2936 incorruptibilis
1706 2869 1824 2922 erit.
1843 2868 2030 2934 Quam-

457 2961 540 3016 vis
567 2971 618 3016 et
642 2961 795 3016 aliter
826 2962 994 3030 possit
1019 2961 1234 3031 intelligi
1261 3002 1273 3026 ,
1317 2968 1373 3014 ut
1397 2975 1609 3026 carnem
1640 2968 1694 3014 et
1719 2960 2027 3030 sanguinem

459 3067 623 3123 opera
655 3053 828 3107 carnis
855 3062 905 3107 et
937 3053 1206 3121 sanguinis
1230 3051 1428 3106 dixisse
1451 3051 1772 3120 accipiamus
1798 3050 2024 3120 Aposto-

456 3145 590 3212 lum,
602 3154 656 3200 et
671 3161 760 3199 eos
776 3161 990 3215 regnum
1010 3145 1100 3198 Dei
1113 3161 1214 3198 non
1230 3144 1677 3214 possessuros,qui
1697 3157 2028 3211 perseveran-

454 3245 541 3294 ter
558 3238 656 3294 ista
671 3237 964 3293 dilexerint.
985 3237 1080 3292 Iiic
1094 3237 1228 3291 liber
1239 3237 1315 3291 sic
1332 3237 1515 3306 incipit
1539 3255 1551 3291 :
1577 3235 1773 3291 Corona
1786 3237 2022 3291 victoriae.

1081 3349 1306 3405 CAPUT
1345 3348 1431 3404 IV.

663 3439 741 3494 De
777 3439 1021 3495 Doctrina
1067 3440 1386 3509 Christiana,
1435 3441 1548 3496 libri
1585 3451 1817 3514 quatuor.

528 3553 579 3608 1.
619 3553 807 3608 Libros
827 3555 893 3609 de
914 3554 1158 3608 Doctrina
1187 3554 1504 3621 Christiana,
1535 3569 1653 3608 cum
1684 3555 2023 3624 imperfectos

455 3647 851 3715 comperissem,
881 3646 1136 3716 perficere
1161 3647 1316 3700 malui
1349 3661 1504 3714 quam
1533 3646 1609 3700 eis
1634 3647 1710 3702 sic
1736 3649 1932 3702 relictis
1957 3650 2022 3703 ad

456 3738 556 3792 alia
585 3739 913 3794 retractanda
941 3740 1186 3794 transire.
1215 3739 1484 3808 Complevi
1515 3754 1642 3809 ergo
1678 3741 1888 3794 tertium
1933 3743 2022 3810 qui

455 3829 685 3898 scriptus
740 3831 905 3884 fuerat
951 3845 1117 3900 usque
1167 3829 1231 3883 ad
1281 3845 1400 3884 eum
1457 3831 1628 3885 locum
1685 3829 1857 3901 (Cap.
1913 3833 2019 3900 25,

457 3937 512 3975 n.
536 3922 627 3991 56)
655 3923 741 3976 ubi
769 3931 1239 3977 commemoratum
1265 3931 1347 3976 est
1372 3939 1434 3976 ex
1463 3923 1749 3992 Evangelio
1779 3925 2020 3979 testimo-

460 4012 606 4066 nium
661 4013 727 4067 de
786 4013 1006 4068 muliere
1037 4055 1050 4077 ,
1106 4030 1223 4083 quae
1273 4012 1550 4068 abscondit
1599 4015 1912 4068 fermentum
1966 4017 2021 4070 in

454 4103 622 4159 tribus
671 4106 930 4160 mensuris
971 4104 1151 4160 farinae
1193 4105 1361 4160 donec
1403 4105 1807 4161 fermentaretur
1856 4116 2020 4163 totum

451 4194 601 4268 (Luc.
636 4212 752 4262 xm,
779 4197 892 4267 2|).
921 4198 1109 4253 Addidi
1145 4198 1304 4254 etiam
1339 4199 1682 4254 novissimum
1713 4199 1935 4269 librum,
1969 4211 2022 4257 et

452 4294 683 4354 quatuor
706 4287 852 4342 libris
881 4303 1013 4357 Opus
1041 4289 1165 4344 illud
1196 4290 1404 4359 implevi
1434 4306 1448 4354 ;
1479 4305 1700 4358 quorum
1727 4291 1882 4360 primi
1912 4301 2022 4348 tres

453 4375 704 4446 adjuvant
734 4387 787 4431 ut
827 4377 1112 4448 Scriptura:
1159 4380 1548 4450 intelligantur,
1591 4390 1808 4450 quartus
1844 4395 2019 4438 autem

453 4468 720 4538 quomodo
743 4485 860 4540 quae
889 4470 1230 4541 intelligimus
1255 4471 1565 4541 proferenda
1596 4474 1719 4527 sint.

522 4557 578 4613 2.
620 4558 676 4614 In
714 4561 946 4617 secundo
989 4578 1117 4618 sane
1159 4563 1293 4618 libro
1311 4564 1378 4619 de
1415 4573 1632 4619 auctore
1672 4564 1831 4632 libri,
1861 4579 2017 4636 quem

452 4650 632 4722 plures
680 4663 872 4709 vocant
920 4654 1241 4725 Sapientiam
1297 4655 1630 4722 Salomonis,
1676 4658 1814 4728 quod
1860 4658 2016 4714 etiam

454 4743 627 4814 ipsum
656 4744 793 4800 sicut
818 4746 1243 4802 Ecclesiasticum
1274 4747 1427 4802 Jesus
1451 4747 1636 4803 Sirach
1662 4749 1682 4779 ²
1713 4749 2016 4816 scripserit,

447 4849 554 4889 non
622 4835 693 4890 ita
722 4845 966 4892 constare
1015 4839 1150 4892 sicut
1194 4854 1221 4892 a
1265 4854 1350 4893 me
1393 4838 1590 4894 dictum
1639 4848 1722 4894 est
1770 4838 1917 4909 (Cap.
1960 4842 2014 4908 8,

443 4941 499 4978 n.
534 4925 648 4997 15),
688 4937 865 4997 postea
893 4927 1084 4995 didici,
1112 4935 1169 4984 et
1195 4929 1412 4984 omnino
1435 4930 1756 4999 probabilius
1784 4931 2018 5001 comperi

447 5031 554 5071 non
581 5031 700 5075 esse
725 5018 868 5075 hunc
893 5020 1009 5089 ejus
1035 5021 1154 5076 libri
1180 5031 1468 5077 auctorem.
1511 5022 1611 5078 Ubi
1648 5032 1825 5078 autem
1869 5024 2013 5091 dixi,

448 5106 546 5162 His
588 5111 920 5182 quadraginta
957 5122 1171 5182 quatuor
1198 5113 1336 5169 libris
1367 5113 1669 5168 Testamenti
1701 5114 1887 5169 Veteris
1915 5125 2016 5170 ter-

446 5199 669 5254 minatur
695 5205 1004 5270 auctoritas;
1033 5221 1097 5260 ex
1127 5207 1509 5262 consuetudine
1529 5223 1628 5278 qua
1647 5208 1755 5277 jam
1785 5208 2018 5277 loquitur

445 5289 702 5360 Ecclesia,
725 5294 885 5352 Vetus
895 5297 1313 5364 Testamentum,
1332 5301 1619 5370 appellavi:
1637 5301 1919 5370 Apostolus
1932 5318 2018 5356 au-

467 5427 814 5502 ,ιξξῑξξὲβῑεῖω
832 5437 938 5481 Mss.
961 5435 1029 5483 sic
1043 5435 1148 5502 fere
1162 5435 1344 5502 legitur
1365 5450 1376 5485 :
1398 5435 1488 5487 sed
1505 5434 1556 5502 in
1573 5433 1752 5502 ultimis
1761 5435 1892 5502 illius
1909 5451 2018 5502 par-

440 5483 828 5561 ειπῖἧᾳερπιξ
848 5503 1023 5561 omnes,
1042 5483 2016 5561 tangitangsepaaseriis;as.

440 5551 644 5622 ecateida.
667 5556 722 5622 At
744 5551 792 5599 in
808 5551 1278 5622 Parcensijegebant
1293 5551 1611 5622 Lovanie'nses
1630 5574 1642 5609 :
1659 5561 1749 5622 sed
1769 5559 1818 5610 in
1837 5560 2018 5622 ultimis

574 5611 789 5688 partibus
815 5627 924 5664 cum
959 5611 1203 5680 anfractus
1234 5633 1408 5680 anates,
1441 5620 1804 5688 ubi‘videbatur,
1831 5611 2018 5688 αριοεί

439 5668 548 5729 seu,
572 5668 906 5726 armotationes.

505 5733 527 5764 ⁸
547 5740 652 5785 Alli.
669 5741 783 5801 urg.
808 5746 946 5798 Veil.,
965 5747 1102 5793 Iesus
1117 5742 1250 5808 ﬁlius
1267 5742 1447 5794 Sirach.
1466 5751 1518 5791 Μ.

3630 341 3735 398 652

2166 451 2270 496 tem
2285 456 2388 495 non
2401 442 2607 498 videtur
2617 445 2877 515 appellare
2889 445 3050 500 Vetus
3061 447 3579 519 Testamentum,nisi
3590 457 3731 524 quod

2160 534 2337 588 datum
2364 537 2500 591 estin
2529 548 2708 594 monte
2727 539 2853 595 Sina
2879 540 3068 610 (Colat.
3097 559 3170 610 tv,
3185 541 3297 613 24).
3322 546 3389 602 Et
3412 548 3464 601 in
3490 564 3554 603 eo
3575 531 3754 620 quod‘

2159 625 2286 692 dixi,
2315 627 2392 680 De
2407 637 2681 698 temporum
2697 631 2901 686 historia
2912 645 3136 690 sanctum
3148 637 3460 694 Ambrosium
3482 641 3500 672 ¹
3524 645 3728 700 solvisse

2155 721 2473 785 qutzstionem
2502 722 2648 793 (Cap.
2671 723 2760 790 28,
2783 743 2838 780 n.
2856 726 2970 796 45),
2995 736 3240 798 tanquam
3261 734 3515 788 coaetanei
3533 733 3727 790 fuerint

2155 810 2304 866 Plato
2329 822 2381 868 et
2403 813 2693 881 Jeremias;
2723 834 2806 872 me
2826 819 3010 873 fefellit
3030 824 3304 877 memoria.
3333 825 3465 879 Nam
3489 827 3615 896 quid
3636 830 3723 885 ille

2154 900 2221 956 de
2259 901 2358 956 hac
2394 920 2453 958 re
2493 907 2770 977 episcopus
2816 908 3041 975 dixerit,
3095 912 3145 965 in
3186 914 3318 968 libro
3359 915 3473 985 ejus
3512 918 3720 989 legitur,

2153 1009 2308 1062 quem
2353 995 2421 1050 de
2460 1001 2836 1067 sacramentis,
2890 1001 3001 1056 sive
3037 1003 3104 1056 de
3133 1004 3461 1076 philosophia
3488 1011 3717 1080 scripsit.

2154 1083 2264 1139 Hoc
2283 1099 2416 1155 opus
2441 1087 2517 1142 sic
2544 1089 2757 1159 incipit:
2792 1091 2923 1146 Sunt
2956 1104 3199 1165 praecepta
3226 1098 3474 1167 quaedam.

2799 1181 3024 1239 CAPUT
3065 1186 3125 1239 V.

2221 1268 2407 1325 Contra
2426 1270 2633 1328 Partem
2653 1273 2860 1342 Donati,
2891 1276 3005 1329 libri
3028 1277 3224 1333 duo.—
3240 1278 3373 1352 [Non
3394 1284 3650 1357 exstant.]

2221 1361 2354 1417 Sunt
2378 1363 2483 1418 duo
2507 1364 2622 1418 libri
2643 1367 2766 1430 mei,
2787 1382 3013 1437 quorum
3040 1371 3221 1424 titulus
3244 1381 3344 1438 est,
3369 1373 3562 1430 Contra
3589 1377 3720 1432 Par-

2151 1460 2254 1506 tem
2283 1453 2490 1508 Donati.
2520 1453 2577 1508 In
2609 1471 2835 1526 quorum
2883 1459 3058 1527 primo
3101 1460 3236 1515 libro
3273 1462 3424 1532 dixi,
3457 1480 3558 1520 non
3589 1467 3719 1522 mihi

2141 1543 2356 1613 placere
2385 1546 2539 1600 ullius
2565 1547 2834 1602 saecularis
2873 1551 3148 1618 potestatis
3185 1552 3385 1622 impetu
3425 1556 3721 1612 schismati-

2148 1650 2241 1690 cos
2274 1637 2338 1690 ad
2366 1640 2790 1695 communionem
2825 1641 3086 1696 violenter
3106 1647 3318 1700 arctari.
3349 1646 3418 1700 Et
3438 1663 3564 1704 vere
3595 1661 3718 1706 tunc

2146 1727 2274 1780 mihi
2298 1744 2399 1782 non
2428 1729 2702 1797 placebat,
2730 1734 2980 1801 quoniam
3005 1734 3237 1789 nondum
3263 1745 3511 1805 expertus
3538 1755 3682 1794 eram
3700 1784 3713 1805 ,

2145 1819 2228 1873 vel
2253 1828 2503 1888 quantum
2527 1822 2651 1875 mali
2673 1837 2856 1876 eorum
2886 1824 3104 1878 auderet
3129 1827 3432 1896 impunitas,
3457 1831 3541 1884 vel
3562 1848 3718 1901 quan-

2145 1921 2254 1962 tum
2272 1910 2349 1964 eis
2365 1911 2417 1963 in
2435 1911 2622 1966 melius
2639 1913 2901 1967 mutandis
2913 1914 3154 1970 conferre
3172 1926 3350 1986 posset
3363 1918 3625 1989 diligentia
3644 1923 3716 1975 di-

2143 1999 2396 2069 sciplinaa.
2411 2000 2521 2056 Hoc
2531 2015 2663 2072 Opus
2674 2002 2751 2058 sic
2766 2002 2868 2057 inci
2877 2006 2949 2072 pit
2965 2023 2978 2059 :
2997 2004 3246 2069 Quoniam
3261 2006 3538 2064 Donatista:
3549 2011 3708 2065 nobis.

2769 2093 2994 2149 CAPUT
3033 2095 3120 2150 VI.

2525 2183 2902 2258 Confessionum
2931 2187 3046 2241 libri
3073 2187 3325 2243 tredecim.

2209 2275 2261 2330 1.
2301 2274 2706 2332 Confessionum
2759 2293 2994 2332 mearum
3039 2279 3160 2334 libri
3202 2279 3493 2350 tredecim,
3541 2290 3595 2337 et
3640 2284 3706 2339 de

2138 2367 2290 2421 malis
2315 2377 2367 2422 et
2391 2368 2456 2422 de
2495 2369 2645 2423 bonis
2687 2370 2819 2424 meis
2859 2371 3024 2425 Deum
3062 2372 3276 2427 laudant
3309 2376 3507 2442 justum
3533 2385 3586 2431 et
3611 2377 3708 2430 bo-

2136 2474 2260 2512 num
2279 2499 2295 2525 ,
2328 2470 2483 2528 atque
2509 2461 2562 2514 in
2585 2475 2709 2515 eum
2728 2461 2959 2516 excitant
2990 2462 3277 2518 humanum
3298 2465 3624 2520 intellectum
3649 2476 3702 2521 et

2135 2549 2417 2615 allectum;
2471 2551 2680 2606 interim
2726 2554 2866 2622 quod
2915 2554 2979 2608 ad
3025 2571 3110 2609 me
3151 2557 3369 2624 attinet,
3411 2557 3592 2613 hocin
3618 2575 3705 2613 me

2134 2650 2355 2710 egerunt
2393 2659 2512 2697 cum
2555 2645 2911 2700 scriberentur
2942 2689 2956 2713 ,
3001 2658 3056 2702 et
3097 2657 3259 2718 agunt
3285 2665 3406 2704 cum
3443 2651 3704 2720 leguntur.

2133 2731 2269 2799 Quid
2298 2732 2362 2788 de
2391 2734 2499 2788 illis
2526 2735 2616 2788 alii
2643 2737 2904 2803 sentiant,
2959 2737 3056 2806 ipsi
3094 2739 3356 2805 viderint;
3408 2743 3588 2796 multis
3631 2752 3708 2798 ta-

2131 2837 2253 2876 men
2300 2822 2547 2877 fratribus
2572 2839 2666 2880 eos
2693 2827 2915 2880 multum
2953 2828 3217 2896 placuisse
3248 2839 3302 2884 et
3329 2830 3534 2899 placere
3573 2833 3704 2888 scio.

2131 2913 2176 2968 A
2218 2913 2389 2982 primo
2427 2930 2593 2984 usque
2623 2914 2689 2969 ad
2721 2915 2983 2969 decimum
3013 2917 3080 2972 de
3120 2934 3205 2973 me
3247 2920 3428 2988 scripti
3468 2932 3621 2975 sunt:
3649 2921 3705 2976 in

2132 3004 2299 3060 tribus
2322 3005 2548 3069 czeteris,
2577 3005 2644 3059 de
2670 3003 2955 3075 Scripturis
2974 3009 3187 3072 sanctis,
3219 3010 3286 3064 ab
3316 3025 3380 3065 eo
3406 3012 3547 3081 quod
3575 3014 3706 3067 scri-

2129 3102 2277 3164 ptum
2327 3102 2426 3161 est,
2461 3093 2527 3148 In
2568 3097 2816 3166 principio
2845 3099 2960 3167 fecit
3005 3097 3140 3152 Deus
3186 3101 3366 3154 cmlum
3411 3111 3458 3155 et
3499 3087 3700 3170 terram,

2130 3202 2297 3257 usque
2319 3187 2385 3241 ad
2412 3188 2614 3242 sabbati
2646 3191 2876 3259 requiem
2911 3189 3058 3262 (Gen.
3087 3207 3124 3258 ι,
3151 3194 3201 3258 I;
3225 3209 3284 3260 ιι,
3310 3194 3389 3267 2).

2199 3278 2252 3331 2.
2295 3278 2349 3332 ln
2374 3288 2560 3348 quarto
2588 3279 2721 3334 libro
2740 3321 2755 3347 ,
2783 3296 2899 3334 cum
2923 3282 2989 3336 de
3014 3284 3166 3336 amici
3198 3294 3367 3340 morte
3391 3287 3553 3341 animi
3582 3290 3688 3344 mei

2147 3370 2414 3425 miseriam
2449 3372 2762 3438 conﬁterer,
2802 3372 2987 3428 dicens
3015 3375 3154 3444 quod
3184 3375 3360 3431 anima
3391 3386 3569 3434 nostra
3599 3395 3703 3436 una

2129 3462 2517 3532 quodammodo
2544 3465 2676 3519 facta
2707 3465 2872 3520 fuerat
2896 3480 2960 3520 ex
2987 3466 3212 3534 duabus,
3236 3477 3282 3522 et
3306 3468 3443 3537 ideo,
3468 3471 3694 3541 inquam,

2130 3561 2258 3627 forte
2295 3558 2422 3611 mori
2460 3559 2738 3612 metuebam
2759 3601 2772 3625 ,
2818 3576 2879 3626 ne
2924 3568 3053 3614 totus
3089 3561 3175 3615 ille
3214 3573 3518 3630 moreretur,
3556 3581 3704 3634 quem

2127 3649 2338 3702 multum
2365 3665 2648 3703 amaveram
2677 3649 2825 3722 (Cap.
2854 3650 2941 3720 6):
2969 3668 3086 3720 qua:
3122 3653 3248 3706 mihi
3266 3656 3414 3723 quasi
3440 3655 3699 3711 declama-

2128 3738 2202 3792 tio
2232 3739 2381 3803 levis,
2411 3755 2568 3808 quam
2599 3742 2774 3809 gravis
2803 3739 3070 3796 confessio
3097 3743 3320 3810 videtur,
3353 3746 3591 3815 quamvis
3615 3756 3701 3802 ut-

2125 3843 2352 3898 cumque
2395 3839 2685 3899 temperata
2730 3832 2799 3886 sit
2838 3832 2952 3888 haec
2990 3833 3183 3902 ineptia
3211 3835 3265 3889 in
3291 3851 3355 3890 eo
3379 3837 3520 3908 quod
3549 3838 3700 3893 addi-

2125 3928 2235 3976 tum
2257 3930 2356 3985 est,
2395 3925 2541 3993 forte.
2597 3923 2668 3978 Et
2706 3923 2757 3977 in
2800 3925 2934 3979 libro
2963 3926 3117 3979 tertio
3145 3925 3352 3982 decimo
3387 3930 3525 3998 quod
3555 3930 3697 3998 dixi,

2127 4009 2527 4066 Firmamentum
2555 4012 2742 4083 factum
2769 4015 2897 4068 inter
2931 4015 3216 4084 spirituales
3244 4032 3399 4086 aquas
3423 4021 3701 4088 superiores

2125 4111 2172 4156 et
2204 4102 2498 4172 corporales
2532 4104 2796 4174 inferiores
2821 4104 2970 4174 (Cap.
3000 4104 3122 4176 52);
3168 4120 3275 4160 non
3304 4108 3432 4162 satis
3453 4111 3699 4165 conside-

2124 4200 2238 4247 rate
2286 4193 2484 4246 dictum
2526 4202 2608 4248 est
2633 4211 2645 4246 :
2669 4210 2755 4247 res
2781 4205 2955 4250 autem
2983 4197 3035 4250 in
3061 4195 3240 4252 abdito
3267 4208 3350 4253 est
3377 4199 3547 4255 valde.
3591 4201 3700 4256 Hoc

2133 4299 2263 4355 opus
2286 4284 2364 4338 sic
2391 4284 2572 4354 incipit
2598 4302 2610 4338 :
2637 4283 2856 4355 Magnus
2871 4303 2942 4352 es,
2966 4285 3196 4341 Domine.

2759 4375 2983 4432 CAPUT
3021 4377 3132 4430 VII.

2264 4463 2449 4519 Contra
2470 4463 2714 4518 Faustum
2728 4467 3075 4535 manichwum,
3091 4469 3203 4522 libri
3221 4471 3421 4541 triginta
3437 4479 3554 4528 tres.

2196 4557 2246 4611 1.
2287 4557 2486 4612 Contra
2539 4557 2788 4612 Faustum
2838 4559 3186 4615 manichaeum
3237 4561 3690 4632 blasphemantem

2127 4649 2320 4718 Legem
2345 4659 2398 4704 et
2424 4651 2716 4720 Prophetas
2736 4693 2748 4713 ,
2779 4659 3038 4706 eteorum
3069 4652 3234 4708 Deum
3257 4695 3270 4718 ,
3298 4662 3352 4708 et
3377 4655 3695 4710 incarnatio«

2124 4755 2255 4808 nem,
2273 4739 2498 4807 Christi;
2529 4741 2831 4811 Scripturas
2854 4751 3029 4797 autem
3053 4741 3185 4798 Novi
3215 4745 3559 4813 Testamenti,
3585 4747 3699 4816 qui-

2124 4832 2224 4888 bus
2243 4832 2591 4894 convincitur,
2618 4831 2831 4886 falsalas
2851 4849 2969 4890 esse
2985 4834 3266 4902 dicentem,
3291 4837 3475 4907 scripsi
3501 4838 3700 4908 grande

2121 4938 2286 4994 opus,
2339 4923 2517 4978 verbis
2563 4923 2678 4992 ejus
2725 4925 3008 4993 proposiﬁs
3054 4926 3287 4982 reddens
3328 4930 3698 4998 responsiones

2121 5031 2288 5072 meas.
2317 5016 2551 5086 Triginta
2580 5025 2633 5070 et
2661 5024 2776 5071 tres
2805 5015 3189 5085 disputationes
3209 5026 3360 5084 sunt;
3387 5035 3518 5089 quas
3537 5020 3694 5074 etiam

2125 5109 2292 5164 libros
2330 5122 2425 5163 cur
2471 5123 2573 5162 mn
2611 5108 2877 5164 dixerim?
2917 5108 3046 5163 Nam
3077 5110 3174 5164 etsi
3201 5119 3324 5164 sunt
3349 5111 3404 5164 in
3429 5111 3507 5167 eis
3533 5111 3696 5181 aliqui

2124 5202 2440 5270 perbreves,
2472 5209 2647 5254 tamen
2675 5200 2795 5254 libri
2822 5208 2962 5255 sunt.
2992 5200 3137 5256 Unus
3165 5215 3293 5257 vero
3313 5217 3515 5266 eorum,
3550 5203 3639 5257 ubi
3663 5218 3692 5256 a

2130 5292 2282 5346 nobis
2324 5290 2605 5345 adversum
2643 5291 2768 5360 ejus
2803 5291 3230 5359 criminationes,
3274 5292 3694 5348 Patriarcharum

2122 5383 2232 5436 vita
2252 5381 2551 5436 defenditur
2569 5423 2583 5447 ,
2615 5389 2774 5436 tantae
2803 5382 3118 5452 prolixitatis
3141 5391 3251 5448 est,
3285 5392 3495 5453 quantae.
3520 5384 3694 5438 nullus

2124 5473 2236 5529 fere
2257 5475 2508 5528 librorum
2536 5487 2798 5529 meorum.

2190 5565 2244 5618 2.
2284 5564 2341 5618 In
2372 5565 2506 5620 libro
2525 5580 2653 5637 ergo
2678 5565 2835 5620 tertio
2867 5579 2988 5620 cum
3018 5564 3279 5621 solverem
3304 5567 3650 5636 quaestionem
3671 5605 3689 5631 ,

2187 5670 2344 5790 ‘bEditi
2365 5694 2377 5728 :
2401 5679 2666 5731 secundm
2684 5677 2978 5730 Ambrosium
3008 5677 3195 5732 saltasse
3207 5693 3227 5743 ;
3241 5687 3292 5731 at
3310 5685 3416 5729 Mss.
3444 5693 3456 5730 :
3480 5683 3697 5730 smtctum

2187 5754 2212 5790 η
2245 5755 2437 5790 rosutm.

2127 5754 2437 5792 nmorosutm.
