4116 6366
556 327 658 385 639

555 449 672 496 rent
699 446 858 510 atque
894 436 1188 507 jactarent,
1219 433 1307 488 ubi
1334 434 1590 488 Dominus
1613 433 1723 485 ait:
1759 413 2009 501 Respicilc
2051 447 2138 484 υοο

557 533 723 589 latitia
751 532 861 587 caeli
902 540 947 585 et
972 531 1082 586 lilia
1115 531 1224 601 agri
1255 527 1480 600 (Matth.
1504 542 1558 582 γι
1581 566 1596 590 ,
1626 523 1738 596 26).
1785 523 1938 581 Unde
1984 523 2142 579 etiam

557 625 694 679 inter
714 624 876 679 laicos
906 620 1174 678 inferioris
1197 619 1484 691 propositi,
1509 617 1603 674 sed
1633 628 1808 671 tamen
1839 615 2014 670 studio
2042 617 2145 670 fer-

555 723 761 779 ventes,
790 715 1018 768 existere
1043 720 1314 784 crepet-ant
1344 710 1664 766 tumultuosa
1687 708 1999 774 certamina,
2025 709 2142 778 qui-

558 809 655 861 bus
684 807 920 862 Ecclesia
955 807 1255 860 turbaretur
1278 847 1293 871 ,
1324 805 1439 857 aliis
1463 801 1568 857 hoc
1591 844 1604 867 ,
1639 800 1755 854 aliis
1782 799 1926 854 aliud
1961 799 2146 854 defen-

557 897 824 952 dentibus.
854 897 966 951 Hue
1005 896 1290 951 accedebat
1330 893 1470 964 quod
1518 893 1695 947 criniti
1738 900 1892 947 erant
1930 891 2143 961 quidam

560 1004 742 1042 eorum
761 1031 776 1056 ,
810 991 896 1058 qui
927 988 1250 1060 operandum
1281 1002 1386 1040 non
1410 1001 1530 1040 esse
1556 984 1818 1038 dicebant.
1853 982 2000 1038 Unde
2025 997 2145 1036 con-

560 1080 854 1143 tentiones,
882 1078 1004 1132 hinc
1034 1076 1533 1147 reprehendentium
1553 1116 1568 1140 ,
1598 1073 1722 1128 inde
1741 1073 1889 1143 quasi
1918 1087 2146 1143 purgan-

560 1173 692 1224 tium
712 1172 754 1236 ί,
784 1187 880 1239 pro
905 1170 1131 1240 partium
1161 1167 1344 1222 studiis
1389 1167 1736 1235 augebantur.
1770 1165 1993 1232 Propter
2031 1163 2146 1218 haec

561 1261 878 1315 venerabilis
904 1276 1067 1316 senex
1096 1259 1340 1314 Aurelius
1361 1300 1374 1324 ,
1426 1257 1683 1312 Ecclesia!
1727 1256 1891 1325 ipsius
1920 1254 2144 1310 civitatis

560 1354 838 1422 episcopus
859 1395 872 1418 ,
906 1363 960 1406 ut
987 1352 1110 1407 hinc
1136 1350 1331 1421 aliquid
1371 1351 1660 1405 scriberem
1706 1348 1892 1416 jussit;
1926 1355 1979 1402 et
2021 1346 2139 1402 feci.

563 1444 656 1497 llic
676 1443 810 1496 liber
835 1443 912 1498 sic
937 1442 1394 1512 incipitzJussioni
1423 1452 1543 1507 tum,
1575 1448 1742 1494 sancte
1772 1441 1928 1510 frater
1951 1437 2139 1493 Aureli.

1124 1533 1350 1590 CAPUT
1388 1532 1557 1588 XXII.

909 1625 988 1679 De
1012 1626 1156 1680 Bono
1187 1625 1456 1696 Conjugali
1475 1667 1490 1691 ,
1517 1625 1637 1677 liber
1665 1640 1814 1677 unus.

638 1719 688 1772 l.
722 1717 982 1772 Joviniani
1013 1719 1228 1772 haeresis
1277 1733 1547 1771 sacrarum
1594 1716 1854 1786 virginum
1901 1715 2144 1769 meritum

560 1810 822 1880 aequando
848 1811 1112 1881 pudicitia:
1158 1811 1419 1880 conjugali
1477 1819 1680 1864 tantum
1728 1810 1891 1863 valuit
1934 1810 1984 1863 in
2015 1808 2147 1864 urbe

559 1901 727 1956 Roma
751 1944 762 1966 ,
802 1913 858 1956 ut
883 1903 1164 1958 nonnullas
1189 1904 1348 1956 etiam
1375 1901 1803 1956 sanctimoniales
1833 1901 1900 1956 de
1925 1917 2146 1971 quarutn

560 1993 811 2062 pudicitia
840 1995 1068 2062 suspicio
1095 1995 1236 2048 nulla
1266 2002 1640 2063 prtecesserat,
1685 1993 1940 2063 dejecisse
1970 1994 2026 2047 in
2045 2010 2135 2048 nu-

563 2083 698 2151 ptias
727 2083 994 2137 diceretur
1015 2126 1028 2149 ,
1063 2083 1164 2138 hoc
1194 2084 1424 2138 maxime
1454 2090 1766 2152 argumento
1793 2099 1912 2136 cum
1938 2097 2030 2137 eas
2059 2099 2136 2138 ur-

561 2184 710 2246 geret
729 2175 909 2229 dicens
929 2193 940 2228 :
965 2175 1043 2228 Tu
1066 2190 1192 2246 ergo
1208 2176 1398 2229 melior
1419 2189 1575 2243 quam
1602 2173 1752 2238 Sara,
1779 2173 1968 2227 melior
1987 2188 2140 2243 quam

563 2266 826 2333 Susanna,
856 2266 967 2320 sive
1006 2266 1189 2319 Anna?
1231 2274 1284 2319 et
1312 2275 1532 2319 exteras
1560 2265 2026 2320 commemorando
2065 2275 2145 2320 te-

560 2355 811 2410 stimonio
844 2365 1040 2411 sanctae
1083 2356 1370 2426 Scriptura:
1409 2356 1960 2411 commendatissimas
1992 2356 2142 2412 femi-

561 2464 656 2502 nas
677 2491 691 2515 ,
724 2449 916 2519 quibus
955 2465 1012 2504 se
1051 2450 1153 2504 illae
1183 2451 1430 2504 meliores
1452 2491 1464 2513 ,
1513 2451 1597 2504 vel
1626 2451 1784 2504 etiam
1819 2464 1973 2519 pares
2001 2450 2147 2520 cogi-

560 2548 671 2594 tare
691 2555 795 2594 non
827 2550 1062 2610 possent.
1085 2541 1198 2596 Hoc
1222 2542 1381 2596 modo
1399 2542 1555 2595 etiam
1581 2542 1817 2595 virorum
1841 2552 2144 2596 sanctorum

559 2642 798 2686 sanctum
829 2633 1128 2686 e'elibatum
1151 2675 1165 2699 ,
1196 2633 1702 2687 commemoratione
1729 2642 1937 2702 patrum
1963 2634 2149 2702 conju-

557 2728 798 2789 gatorum
849 2730 902 2773 et
945 2723 1359 2792 comparatione,
1384 2720 1678 2792 frangebat.
1728 2722 1858 2776 Huic
1909 2732 2147 2778 monstro

560 2822 739 2867 sancta
770 2813 1004 2868 Ecclesia
1032 2829 1150 2884 quae
1178 2814 1249 2868 ibi
1279 2825 1388 2880 est,
1439 2815 1747 2870 fidelissime
1773 2830 1835 2868 ac
1859 2814 2147 2870 fortissime

565 2905 782 2959 restitit.
805 2905 1194 2961 Remanserant
1214 2917 1388 2960 autem
1408 2907 1522 2961 ista:
1544 2906 1928 2974 disputationes
1957 2907 2071 2975 ejus
2093 2907 2144 2961 in

561 2995 910 3064 quorumdam
934 2997 1286 3052 sermunculis
1306 3013 1372 3053 ac
1395 2998 1627 3052 susurris
1645 3038 1659 3062 ,
1689 3013 1817 3068 quas
1839 2998 2015 3067 palam
2034 3014 2146 3054 sua-

561 3087 890 3142 dere‘nullus
915 3088 1158 3144 audebat.
1200 3089 1303 3144 Sed
1349 3091 1504 3144 etiam
1552 3091 1759 3145 occulte
1805 3090 2023 3145 venenis
2060 3106 2147 3146 re-

561 3179 842 3248 pentibus,
890 3179 1136 3236 facultate
1164 3197 1320 3251 quam
1363 3181 1596 3235 donabat
1641 3182 1922 3244 Dominus,
1953 3197 2140 3237 occur-

560 3269 785 3323 rendum
817 3269 950 3324 fuit:
984 3272 1212 3325 maxime
1246 3273 1494 3341 quoniam
1521 3272 1820 3340 jactabatur
1863 3272 2144 3328 .loviniano

558 3361 869 3430 responderi
898 3376 1006 3416 non
1045 3364 1282 3432 potuisse
1307 3378 1431 3418 cum
1460 3363 1614 3418 laude
1643 3366 1684 3429 ³,
1717 3365 1810 3418 sed
1837 3381 1957 3419 cum
2003 3365 2141 3420 vitu-

560 3453 833 3524 peratione
861 3455 1183 3523 nuptiarum.
1217 3455 1436 3526 Propter
1466 3455 1564 3509 hoc
1584 3456 1777 3511 librum
1802 3457 1962 3521 edidi,
1995 3459 2142 3528 cujus

560 3545 835 3614 inscriptio
855 3555 954 3610 est,
983 3545 1049 3600 de
1071 3545 1217 3600 Bono
1235 3543 1530 3616 Conjugali.
1556 3545 1656 3601 Ubi
1683 3547 1748 3601 de
1769 3550 2144 3619 pr0pagatione

561 3636 786 3693 ﬁliorum
813 3639 958 3708 prius
996 3654 1154 3709 quam
1200 3639 1442 3694 homines
1470 3647 1697 3694 mortem
1729 3641 1996 3709 peccando
2032 3657 2146 3698 me-

559 3740 830 3796 rerentur,
875 3731 1121 3802 quoniam
1158 3729 1470 3784 concubitus
1510 3731 1809 3784 mortalium
1859 3747 2141 3801 corporum

561 3837 649 3876 res
676 3821 915 3887 videtur,
942 3826 1165 3892 quaestio
1205 3837 1393 3892 magna
1422 3821 1584 3876 dilata
1630 3832 1712 3877 est
1743 3842 1754 3878 :
1782 3825 1877 3879 sed
1930 3826 1983 3879 in
2025 3827 2144 3882 aliis

563 3922 745 3981 postea
792 3913 983 3968 litteris
1021 3912 1251 3982 nostris,
1285 3914 1412 3967 satis
1450 3921 1702 3983 quantum
1749 3915 2010 3983 arbitror,
2047 3932 2142 3972 ex-

564 4003 804 4072 plicatur.

637 4091 692 4144 2.
724 4091 841 4145 Dixi
885 4091 1044 4145 etiam
1073 4091 1302 4162 quodam
1354 4093 1508 4148 loco:
1543 4093 1690 4159 Quod
1715 4096 1848 4150 enim
1891 4107 1965 4151 est
2005 4098 2144 4154 cibus

564 4184 633 4237 ad
658 4182 869 4237 salutem
899 4183 1113 4238 hominis
1131 4226 1146 4251 ,
1180 4185 1273 4238 hoc
1295 4191 1369 4239 est
1393 4187 1680 4241 concubitus
1712 4188 1780 4240 ad
1817 4190 2030 4244 salutem
2054 4207 2144 4262 ge-

566 4274 736 4338 neris;
754 4285 800 4327 et
820 4283 1086 4343 utrumque
1108 4291 1209 4329 non
1229 4285 1300 4330 est
1317 4277 1424 4330 sine
1447 4278 1774 4333 delectatione
1792 4281 2006 4346 carnali,
2032 4297 2146 4352 qua:

566 4373 731 4418 tamen
765 4365 1090 4434 modiﬁcata,
1135 4375 1179 4420 et
1221 4369 1552 4440 temperantia
1594 4371 1880 4440 refrenante
1915 4374 1969 4428 in
1997 4390 2145 4428 usum

489 4439 502 4447 ’
564 4456 845 4508 naturalem
892 4457 1127 4523 redacta,
1173 4439 1328 4513 libido
1371 4476 1477 4515 esse
1525 4478 1624 4515 non
1649 4439 1808 4533 potest
1849 4463 1998 4536 (Cap.
2053 4465 2138 4533 I6,

564 4561 618 4598 η.
650 4544 759 4617 l8).
782 4546 932 4612 Quod
955 4547 1071 4602 ideo
1093 4547 1290 4603 dictum
1314 4561 1428 4616 est,
1463 4552 1712 4621 quoniam
1749 4553 1912 4610 libido
1933 4571 2037 4610 non
2062 4564 2146 4612 est

564 4635 736 4691 bonus
757 4646 810 4692 et
836 4648 1012 4694 rectus
1045 4656 1171 4696 usus
1191 4641 1422 4696 libidinis
1453 4642 1492 4696 ⁸.
1517 4643 1662 4699 Sicut
1680 4645 1818 4699 enim
1846 4647 2040 4701 malum
2061 4657 2146 4704 est

564 4727 702 4782 male
720 4728 796 4782 uti
822 4729 993 4796 bonis,
1029 4731 1099 4784 ita
1126 4731 1321 4786 bonum
1351 4742 1432 4786 est
1454 4733 1588 4788 bene
1617 4736 1691 4788 uti
1723 4737 1907 4791 malis:
1943 4737 2008 4793 de
2038 4755 2140 4808 qua

624 4839 639 4869 ¹
663 4838 784 4909 Είιιι.
807 4839 1008 4909 habent,
1046 4843 1376 4909 pugnantium.
1403 4843 1507 4909 ’βαι
1547 4845 1724 4894 melius
1751 4844 1934 4909 aliquot
1971 4861 2002 4898 e
2029 4855 2137 4900 Mss.

899 4903 946 4951 id
962 4899 1038 4953 est
1047 4899 1457 4967 're'prehensionis
1473 4919 1664 4956 causam
1679 4919 1708 4956 a
1723 4899 1958 4960 Monachis
1972 4899 2142 4974 depeL

580 4969 778 5011 entiam.

623 5026 642 5091 ξ
666 5033 793 5091 Mss,
811 5037 905 5073 non
921 5037 1072 5091 posse.
1102 5033 1158 5076 At
1178 5028 1316 5091 ιὶᾱςι,2
1332 5039 1424 5091 non
1446 5026 1651 5091 potuisse
1667 5033 1776 5077 cum
1791 5027 1950 5081 laude.

623 5085 642 5115 ³
677 5085 929 5148 subtracta
944 5086 1054 5136 hinc
1074 5102 1211 5147 voce,
1233 5085 1461 5148 libidinis,
1489 5090 1614 5138 haud
1653 5091 1772 5140 satis
1806 5099 1911 5142 erat
1941 5098 1991 5144 in
2026 5096 2135 5146 Edd.

560 5147 863 5220 persiticuum
883 5161 980 5220 quo
995 5157 1186 5220 spectet
1208 5150 1341 5200 locus
1373 5159 1676 5220 retractatus.
1697 5159 1759 5201 Eo
1781 5166 1899 5220 vero
1917 5164 2135 5220 spectat,

558 5213 611 5254 ut
627 5221 690 5275 ne
707 5219 740 5275 a_
758 5209 933 5275 carnali
951 5209 1224 5273 complexu,
1249 5213 1467 5275 quamvis
1482 5214 1760 5275 moderatus
1774 5217 1838 5265 sit
1859 5223 1911 5265 et
1927 5209 1975 5266 in
1996 5209 2139 5270 usum

559 5268 826 5336 naturalem
843 5268 1085 5332 redacms,
1108 5268 1284 5336 abeSse
1305 5286 1514 5336 unquam
1546 5272 1693 5324 libido
1712 5278 1868 5325 onmis
1892 5268 2140 5331 existime;

559 5333 652 5374 tur.
679 5331 1094 5397 Enimveroquam
1123 5331 1487 5397 originalis‘vttii
1507 5348 1698 5385 causam
1731 5350 1841 5387 esse
1872 5339 2139 5393 identidem

557 5393 1155 5463 5...§ugustinusi1icul=.at,
1179 5393 1226 5463 «ti
1231 5410 1319 5458 pse
1336 5395 1417 5463 ille
1439 5395 1600 5463 licitas
1611 5398 1944 5463 honestusque
1964 5417 2139 5454 concu-

564 5467 583 5493 (ς
605 5452 732 5526 bitus
751 5467 846 5526 non
868 5463 1027 5526 potest
1044 5452 1155 5506 esse
1178 5452 1473 5526 sineardore
1487 5458 1714 5526 libidinis,
1733 5468 1786 5526 ut
1801 5452 1967 5526 peragi
1991 5452 2138 5526 possit

562 5515 728 5588 :quod
745 5515 952 5588 rationis
981 5526 1075 5578 est,
1099 5533 1192 5588 non
1216 5519 1425 5588 libidinis
1451 5535 1502 5569 ε»
1535 5534 1596 5570 ex
1621 5515 1712 5572 lib.
1729 5525 1752 5572 ι
1784 5515 1848 5588 de
1871 5515 2050 5588 siipt'iis
2083 5515 2138 5578 ei

553 5578 962 5650 Goucupiscentia,
982 5592 1086 5643 cap.
1106 5581 1185 5650 ἓξ.
1203 5582 1478 5650 ttitcitaque
1499 5597 1560 5632 ex
1577 5590 1681 5635 Mss.
1701 5578 2023 5650 antiquidrinn
2040 5589 2136 5641 ﬁde

553 5639 1098 5714 tramisere?!“
1131 5641 1343 5714 ιίοέάέηίέε
1363 5656 1381 5703 ς
1398 5639 1459 5714 ἕλει
1484 5639 1845 5714 suavissime
1878 5655 1985 5714 ωδε.
2021 5639 2136 5714 adii;

549 5700 967 5775 cluat-naturalis.
1002 5711 1098 5775 Nec
1129 5704 1257 5755 male
1279 5718 1293 5755 :
1316 5700 1447 5757 inest
1470 5700 1600 5758 ehim
1619 5700 1767 5760 libido
1785 5710 1848 5760 ab
1869 5712 2060 5775 origine
2075 5700 2137 5766 'et

546 5761 821 5814 conditione
835 5765 1082 5816 nascendi.

1615 316 2245 376 RETRACTATIONUM
2283 318 2342 375 S.
2383 320 2748 377 AUGUSTINI

3723 330 3822 390 640

2261 448 2320 486 re
2343 433 2494 499 alias,
2519 434 2746 489 maxime
2775 422 2957 490 contra
2994 451 3159 491 novos
3188 436 3468 495 haereticos
3494 441 3814 514 Pelagianos,

2246 525 2548 596 diligentius
2576 527 2858 598 disputavi.
2895 530 2966 584 De
2995 529 3262 586 Abraham
3284 533 3424 601 quod
3449 534 3594 602 dixi,
3627 535 3707 591 Ex
3731 539 3820 593 hac

2247 618 2522 672 obedientia
2557 623 2698 689 pater
2723 620 2811 674 ille
2834 621 3120 690 Abraham,
3152 624 3239 692 qui
3259 625 3366 677 sine
3395 642 3550 679 uxore
3574 643 3672 681 non
3693 629 3787 699 fuit
3804 672 3818 696 ,

2245 727 2351 765 esse
2379 712 2484 765 sine
2511 711 2659 765 unico
2685 713 2792 781 ﬁlio
2815 726 2860 767 et
2889 731 2918 766 a
2939 731 2991 768 se
3016 715 3176 769 oeciso
3205 727 3414 788 paratus
3442 720 3538 790 fuit
3555 718 3704 791 (Cap.
3735 723 3822 791 25,

2246 821 2298 856 n.
2324 804 2438 873 51),
2471 820 2577 857 non
2605 806 2733 858 satis
2758 806 3010 874 approbo.
3042 807 3204 876 Magis
3228 810 3370 863 enim
3399 809 3593 876 lilium,
3621 814 3662 865 si
3689 826 3827 870 esset

2248 896 2487 958 occisus,
2537 897 2939 953 resuscitatione
2969 899 3069 953 sibi
3096 915 3217 954 mox
3257 899 3418 955 fuisse
3463 903 3786 959 reddendum
3814 948 3826 972 ,

2249 987 2544 1042 credidisse
2582 990 2881 1044 credendus
2929 1000 3010 1044 est
3036 1034 3048 1054 ,
3106 993 3238 1046 sicut
3278 996 3331 1046 in
3363 993 3601 1062 Epistola-
3643 997 3832 1066 legitur

2206 1102 2208 1105 ·
2248 1095 2366 1148 qua:
2384 1090 2462 1133 est
2481 1080 2546 1132 ad
2566 1081 2815 1136 Hebraeos
2834 1081 3017 1152 (Hebr.
3037 1100 3110 1149 XI,
3130 1085 3243 1154 l9).
3265 1085 3360 1138 Hic
3376 1086 3509 1140 liber
3529 1088 3604 1140 sic
3624 1088 3829 1157 incipit:

2253 1171 2501 1236 Quoniam
2541 1177 2880 1245 unusquisque
2908 1177 3056 1229 homo
3078 1219 3091 1244 ,
3132 1179 3338 1232 humani
3365 1182 3559 1250 generis
3589 1199 3707 1252 pars
3740 1193 3831 1236 est.

2811 1269 3034 1324 CAPUT
3074 1269 3258 1324 XXIII.

2554 1357 2630 1413 De
2660 1359 2852 1415 Sancta
2891 1361 3214 1434 Virginitate,
3249 1363 3371 1418 liber
3391 1382 3539 1420 unus.

2321 1451 2672 1522 Posteaquam
2692 1455 2878 1525 scripsi
2903 1455 2967 1509 de
2989 1457 3135 1510 Bono
3153 1457 3429 1527 Conjugali
3445 1501 3460 1526 ,
3492 1462 3838 1529 exspectaba-

2252 1551 2338 1598 tur
2376 1552 2432 1598 ut
2475 1545 2761 1599 scriberent
2787 1546 2853 1602 de
2880 1547 3071 1602 Sancta
3100 1548 3438 1618 Virginitate,
3483 1567 3582 1605 nec
3606 1553 3786 1607 distuli
3823 1572 3835 1607 :

2249 1646 2407 1706 atque
2431 1637 2481 1691 id
2506 1638 2598 1692 Dei
2619 1655 2808 1693 munus
2831 1682 2842 1703 ,
2869 1650 2923 1694 et
2950 1657 3106 1710 quant
3138 1658 3408 1712 magnum,
3436 1653 3490 1700 et
3516 1655 3708 1714 quanta
3740 1648 3842 1702 hu-

2250 1731 2470 1785 militate
2492 1732 2891 1786 custodiendum
2923 1744 3098 1801 esset,
3124 1751 3231 1789 uno
3251 1777 3265 1801 ,
3298 1737 3433 1792 sicut
3470 1739 3648 1808 potui,
3678 1740 3838 1795 volu-

2250 1824 2392 1878 mine
2421 1824 2648 1878 ostendi.
2690 1825 2786 1880 Hic
2817 1827 2949 1881 liber
2989 1827 3066 1883 sic
3093 1827 3278 1898 incipit
3309 1847 3322 1882 :
3356 1828 3563 1884 Librum
3605 1831 3666 1885 de
3689 1831 3837 1888 Bono

2251 1917 2520 1988 Conjugali
2547 1934 2707 1988 nuper
2736 1919 3001 1972 edidimus.

2808 2012 3033 2068 CAPUT
3070 2013 3260 2068 XXIV.

2495 2101 2570 2156 De
2596 2102 2775 2157 Genesi
2793 2103 2861 2156 ad
2889 2105 3104 2158 litteram
3125 2148 3138 2170 ,
3170 2104 3284 2160 libri
3305 2108 3589 2162 duodecim.

2323 2194 2373 2246 1.
2397 2193 2497 2247 Per
2520 2194 2657 2248 idem
2680 2204 2886 2264 tempus
2905 2195 2970 2250 de
2991 2195 3184 2251 Genesi
3207 2197 3367 2252 libros
3392 2199 3666 2255 duodecim
3689 2205 3831 2257 scri-

2252 2284 2328 2352 psi
2357 2285 2426 2337 ab
2454 2284 2694 2352 exordio,
2726 2285 2898 2341 donec
2923 2287 2988 2342 de
3018 2288 3262 2358 paradiso
3287 2289 3535 2346 dimissus
3561 2301 3642 2347 est
3671 2295 3842 2351 Adam

2249 2385 2303 2429 et
2343 2373 2586 2430 flammea
2624 2365 2891 2447 romphaea
2925 2379 3092 2448 posita
3132 2389 3213 2434 est
3240 2382 3503 2438 custodire
3529 2385 3665 2438 viam
3700 2387 3834 2456 ligni

2251 2469 2391 2522 vitte.
2415 2468 2546 2523 Cum
2589 2481 2764 2524 autem
2791 2470 2857 2525 ad
2887 2471 2989 2527 hoc
3018 2487 3186 2542 usque
3213 2473 3457 2528 undecim
3481 2475 3597 2530 libri
3633 2481 3836 2546 peracti

2251 2570 2427 2615 essent
2443 2602 2458 2626 ,
2490 2561 2861 2617 duodecimum
2889 2563 3088 2632 addidi,
3122 2565 3174 2619 in
3195 2581 3300 2636 quo
3319 2566 3621 2637 diligentius
3645 2569 3712 2624 de
3734 2585 3837 2639 pa-

2250 2652 2427 2706 radiso
2453 2653 2774 2722 disputatum
2803 2664 2902 2708 est.
2937 2655 3140 2709 Titulus
3161 2672 3343 2711 eorum
3366 2658 3619 2713 librorum
3643 2661 3840 2716 inscri-

2251 2745 2390 2799 bitur
2412 2785 2427 2810 ,
2455 2744 2522 2799 de
2551 2745 2744 2801 Genesi
2775 2747 2840 2800 ad
2863 2748 3087 2802 litteram
3114 2767 3126 2802 :
3157 2747 3210 2803 id
3253 2758 3367 2817 est,
3399 2767 3505 2806 non
3536 2753 3834 2810 secundum

2249 2835 2557 2906 allegoricas
2574 2836 3004 2908 significationes,
3034 2839 3125 2893 sed
3154 2842 3444 2896 secundum
3465 2858 3642 2898 rerum
3657 2854 3843 2915 gesta-

2250 2943 2364 2981 rum
2406 2928 2803 2998 proprietatem.
2836 2930 2893 2984 ln
2921 2947 3026 3000 quo
3054 2946 3216 3001 opere
3241 2933 3389 3003 plura
3426 2937 3647 3004 qumsita
3673 2952 3839 3006 quam

2250 3016 2464 3072 inventa
2489 3027 2613 3073 sunt
2643 3037 2656 3074 ε
2699 3028 2752 3075 et
2789 3034 2975 3074 eorum
3012 3037 3129 3091 qua:
3155 3022 3369 3076 inventa
3395 3033 3553 3089 sunt,
3585 3027 3847 3095 pauciora

2253 3107 2493 3186 firmata;
2521 3119 2712 3166 caetera
2757 3126 2884 3165 vero
2931 3112 3002 3166 ita
3035 3118 3201 3182 posita
3222 3155 3237 3180 ,
3268 3113 3413 3170 velut
3450 3115 3622 3171 adhuc
3648 3119 3850 3187 requi-

2237 3200 2411 3253 ‘renda
2443 3201 2567 3255 sint.
2598 3201 2707 3256 Hos
2732 3217 2860 3256 sane
2887 3203 3047 3258 libros
3076 3206 3336 3274 posterius
3357 3206 3494 3277 οωρί
3514 3249 3530 3275 ,
3563 3208 3657 3263 sed
3688 3210 3849 3278 prius

2252 3291 2530 3346 terminavi
2559 3296 2716 3363 quam
2764 3294 2829 3348 de
2858 3293 3116 3350 Trinitate
3147 3313 3159 3350 :
3187 3296 3306 3352 ideo
3333 3313 3426 3352 eos
3449 3315 3588 3354 nunc
3623 3300 3848 3370 ordine,

2248 3399 2354 3452 quo
2380 3384 2518 3454 coepi
2541 3386 2760 3440 recolui.

2318 3474 2372 3528 2.
2408 3476 2462 3529 In
2489 3477 2674 3546 quinto
2719 3476 2854 3532 libro
2885 3477 3035 3550 (Cap.
3069 3478 3156 3546 19,
3201 3497 3254 3534 n.
3301 3479 3414 3551 38),
3442 3489 3496 3536 et
3519 3481 3849 3554 ubicumque

2248 3567 2300 3622 in
2331 3569 2408 3622 eis
2455 3568 2604 3623 libris
2650 3570 2840 3638 posui,
2885 3570 2962 3623 De
2994 3572 3181 3625 semine
3217 3573 3297 3625 cui
3333 3574 3688 3642 repromissum
3729 3585 3842 3648 est,

2247 3659 2381 3727 quod
2421 3658 2716 3728 dispositum
2765 3662 2827 3714 sit
2867 3678 2955 3732 per
2993 3661 3213 3732 Angelos
3257 3664 3308 3717 in
3345 3680 3500 3718 manu
3551 3665 3845 3722 mediatoris

2250 3750 2444 3819 (Galat.
2483 3767 2558 3816 ιιι,
2585 3752 2696 3821 19);
2724 3768 2826 3806 non
2850 3753 2929 3806 sic
2955 3753 3117 3808 habet
3155 3757 3469 3824 Apostolus,
3499 3757 3638 3813 sicut
3664 3761 3849 3814 verio-

2249 3855 2334 3895 res
2359 3841 2573 3898 codices
2595 3853 2722 3912 post
2765 3843 2998 3913 inSpexi,
3035 3847 3265 3901 maxime
3307 3863 3532 3917 graecos.
3580 3850 3655 3906 De
3694 3850 3844 3922 Lege

2247 3933 2391 3988 enim
2430 3933 2632 3988 dictum
2661 3943 2780 4001 est,
2810 3935 2948 4005 quod
2997 3944 3249 4006 tanquam
3295 3938 3362 3992 de
3389 3940 3594 3995 semine
3637 3941 3845 3999 dictum

2248 4025 2398 4080 multi
2428 4026 2572 4082 latini
2594 4027 2806 4084 codices
2823 4028 3021 4084 habent
3041 4045 3133 4098 per
3155 4031 3553 4101 interpretantis
3575 4050 3841 4092 errorem.

2249 4117 2306 4172 ln
2335 4127 2485 4173 sexto
2513 4119 2647 4173 libro
2673 4118 2814 4188 quod
2841 4119 2980 4186 dixi,
3017 4119 3184 4174 Adam
3211 4123 3480 4194 imaginem
3509 4123 3635 4192 Dei,
3655 4142 3838 4180 secun-

2248 4209 2372 4262 dum
2399 4226 2550 4280 quam
2600 4213 2762 4282 factus
2804 4221 2907 4277 est,
2966 4212 3241 4282 perdidisse
3290 4223 3490 4283 peccato
3536 4215 3692 4287 (Cap.
3738 4217 3834 4283 27,

2248 4298 2436 4370 πλε),
2467 4315 2572 4355 non
2601 4302 2678 4355 sic
2701 4302 3063 4372 accipiendum
3085 4314 3195 4369 est,
3225 4312 3476 4375 tanquam
3507 4308 3555 4360 in
3593 4323 3657 4360 eo
3688 4310 3835 4365 nulla

2250 4392 2605 4460 remanserit,
2636 4393 2730 4448 sed
2754 4395 2895 4464 quod
2917 4404 3022 4449 tam
3053 4395 3307 4452 deformis
3326 4439 3342 4464 ,
3371 4405 3428 4452 ut
3452 4397 3835 4457 reformatione

2249 4497 2382 4552 opus
2398 4481 2640 4538 haberet.
2664 4483 2718 4537 In
2740 4483 3056 4540 duodecimo
3076 4486 3142 4541 de
3163 4487 3344 4542 inferis
3361 4487 3504 4559 (Cap.
3534 4488 3622 4554 55,
3639 4504 3694 4542 n.
3719 4489 3836 4558 62),

2251 4574 2418 4643 magis
2446 4571 2573 4627 mihi
2600 4574 2786 4629 videor
2817 4575 3011 4631 docere
3035 4577 3314 4645 debuisse,
3354 4579 3492 4648 quod
3534 4579 3633 4632 sub
3683 4583 3840 4636 terris

2247 4664 2382 4725 sint.
2414 4679 2571 4733 quam
2601 4665 2861 4719 rationem
2890 4667 3117 4722 reddere
3142 4683 3236 4722 cur
3265 4669 3365 4723 sub
3397 4669 3550 4723 terris
3577 4684 3696 4723 esse
3721 4685 3838 4724 cre-
3881 4681 3890 4749 Α

2247 4756 2437 4809 dantur
2457 4796 2470 4820 ,
2503 4757 2614 4810 sive
2639 4755 2912 4825 dicantur,
2941 4758 3092 4827 quasi
3125 4774 3233 4813 non
3255 4759 3326 4813 ita
3349 4760 3434 4813 sit.
3466 4760 3577 4815 Hoc
3601 4775 3732 4831 opus
3759 4761 3838 4815 sic

2246 4845 2426 4916 incipit
2459 4865 2471 4900 :
2506 4832 2680 4901 Omnis
2705 4847 2874 4900 divina
2896 4847 3164 4920 Scriptura
3189 4851 3428 4920 bipartito
3446 4861 3541 4906 est.

2828 4939 3052 4997 CAPUT
3093 4942 3260 4998 XXV.

2536 5030 2720 5084 Contra
2746 5031 2963 5086 Litteras
2991 5033 3261 5102 Petiliani,
3286 5035 3404 5090 libri
3421 5046 3541 5092 tres.

2313 5121 2607 5191 Antequam
2641 5123 2845 5179 [inirem
2877 5126 3039 5181 libros
3062 5127 3128 5182 de
3161 5127 3447 5196 Trinitate,
3486 5139 3540 5184 et
3563 5129 3723 5185 libros
3758 5130 3827 5186 de

2243 5210 2438 5267 Genesi
2461 5213 2527 5266 ad
2558 5214 2787 5268 litteram
2808 5257 2823 5280 ,
2866 5217 3018 5271 irruit
3037 5233 3198 5272 causa
3230 5220 3591 5290 respondendi
3617 5221 3832 5277 Litteris

2246 5302 2486 5356 Petiliani
2503 5303 2800 5373 donatistaz,
2823 5322 2956 5377 quas
2975 5308 3229 5364 adversus
3247 5310 3574 5368 Catholicam
3597 5313 3828 5382 scripsit,

2248 5412 2407 5466 quam
2449 5398 2661 5453 differre
2695 5415 2800 5454 non
2832 5403 3000 5471 potui.
3036 5402 3106 5457 Et
3134 5405 3322 5474 scripsi
3345 5406 3396 5459 in
3429 5405 3566 5461 hanc
3591 5422 3702 5461 rem
3731 5408 3829 5461 tria

2241 5488 2531 5554 volumina,
2555 5505 2777 5560 quorum
2797 5495 2967 5563 primo
2994 5495 3177 5564 prima:
3200 5498 3332 5566 parti
3359 5499 3608 5567 Epistolas
3638 5499 3824 5569 ipsius,

2240 5595 2400 5650 quam
2431 5582 2643 5651 scripsit
2671 5583 2736 5636 ad
2770 5599 2894 5638 suos
2914 5625 2928 5650 ,
2962 5587 3083 5656 quia
3110 5603 3216 5642 non
3240 5596 3348 5642 tota
3378 5589 3432 5643 in
3469 5599 3677 5644 nostras
3715 5604 3829 5644 ma-

2241 5688 2342 5728 nus
2363 5684 2616 5742 venerat,
2647 5675 2740 5730 sed
2769 5678 2914 5746 prior
2944 5694 3105 5748 parva
3130 5696 3255 5751 pars
3279 5682 3424 5751 ejus,
3454 5692 3649 5754 quanta
3679 5681 3826 5752 potui

2237 5767 2512 5821 celeritate
2535 5775 2591 5821 et
2609 5767 2831 5824 veritate
2857 5771 3125 5840 respondi.
3156 5773 3328 5830 Etiam
3352 5774 3467 5845 ipsa
3488 5774 3723 5845 Epistola
3739 5780 3827 5828 est
