4116 6366
366 375 466 430 6M

365 488 433 543 ad
463 493 677 542 nostros
694 525 709 550 ,
735 482 830 540 sed
857 481 977 537 ideo
1009 481 1146 537 inter
1174 481 1335 538 libros
1354 481 1608 549 habetur,
1627 484 1749 552 quia
1771 485 1949 538 caeteri

368 580 475 634 duo
506 580 562 632 in
591 576 777 632 eadem
803 589 962 630 causa
995 574 1113 628 libri
1140 584 1280 627 sunt.
1313 574 1500 630 Postea
1529 573 1721 644 quippe
1748 575 1950 630 inveni-

369 685 490 725 mus
521 678 682 724 totam
704 709 718 735 ,
748 668 902 736 eique
932 675 1074 720 tanta
1111 664 1380 734 diligentia
1418 665 1664 735 respondi
1690 706 1704 730 ,
1757 675 1951 736 quanta

370 765 566 821 Fausto
592 761 924 825 maniehtco;
959 759 1118 814 verba
1149 759 1356 812 scilicet
1381 757 1496 828 ejus
1520 758 1618 813 sub
1661 758 1824 828 ipsius
1851 773 1950 814 no-

369 857 514 911 mine
543 856 688 926 prius
719 867 921 924 ponens
950 851 1310 923 particulatim
1337 893 1352 918 ,
1380 859 1432 905 et
1456 853 1553 907 sub
1579 866 1698 907 meo
1724 868 1820 923 per
1837 853 1950 909 sin-

365 956 492 1026 gula
514 954 914 1024 reSponsionem
937 968 1129 1008 meam.
1160 951 1263 1008 Sed
1288 952 1431 1022 prius
1453 951 1593 1022 quod
1613 951 1949 1020 scripseram,

365 1057 656 1118 antequam
679 1055 840 1100 totam
857 1045 1232 1115 reperiremus,
1256 1045 1499 1115 pervenit
1523 1045 1589 1098 ad
1613 1044 1949 1098 Petilianum:

366 1148 422 1195 et
447 1140 614 1194 iratus
639 1138 963 1209 respondere
989 1147 1214 1193 conatus
1237 1146 1348 1205 est,
1374 1137 1427 1192 in
1455 1153 1541 1192 me
1567 1137 1743 1208 potius
1769 1137 1953 1191 dicens

365 1231 624 1302 quidquid
645 1247 764 1287 eum
796 1231 1000 1297 libuit‘,
1026 1231 1078 1285 in
1098 1245 1257 1286 causa
1282 1245 1408 1286 vero
1427 1230 1644 1286 omnino
1665 1229 1949 1284 deﬁciens:

368 1322 511 1392 quod
539 1315 660 1377 cum
705 1330 886 1392 posset
914 1322 1119 1376 collatis
1149 1321 1424 1392 utriusque
1454 1330 1695 1376 nostrum
1738 1320 1952 1391 scriptis

372 1414 622 1469 facillime
668 1414 870 1468 adverti
895 1454 910 1480 ,
943 1421 1120 1468 tamen
1164 1421 1383 1483 propter
1409 1411 1667 1467 tardiores
1699 1411 1797 1466 hoc
1840 1411 1952 1480 ipse

315 1569 324 1579 ι
367 1504 740 1576 respondendo
754 1504 1118 1559 demonstrare
1133 1505 1316 1559 curavi
1341 1519 1355 1568 ;
1374 1503 1449 1558 sic
1463 1503 1760 1558 cstadditus
1779 1502 1949 1557 eidem

365 1608 556 1653 nostro
577 1595 728 1668 Operi
753 1597 889 1651 liber
911 1597 1113 1651 tertius.
1148 1596 1260 1650 Hoc
1284 1611 1416 1665 opus
1445 1595 1497 1649 in
1523 1595 1694 1664 primo
1721 1593 1854 1649 libro
1875 1594 1951 1648 sic

367 1691 552 1759 incipit
576 1707 590 1743 :
622 1689 771 1743 Nosti
792 1706 881 1743 nos
907 1705 1038 1760 δαέρα
1055 1687 1283 1742 voluisse.
1313 1687 1368 1742 ln
1390 1687 1623 1742 secundo
1639 1697 1816 1742 autem
1836 1687 1945 1742 sic:

367 1782 560 1838 Primis
582 1783 805 1853 partibus
830 1781 1074 1854 Ερὶειοιω
1094 1780 1352 1835 Petiliani.
1377 1781 1434 1836 ln
1453 1781 1607 1836 tertio
1627 1789 1803 1836 autem
1831 1780 1908 1836 sic
1931 1797 1945 1833 :

365 1875 520 1947 Legi,
555 1875 804 1930 Petiliane
824 1916 838 1942 ,
870 1875 1061 1928 litteras
1082 1884 1212 1928 tuas.

934 1964 1156 2022 CAPUT
1195 1963 1383 2018 XXVI.

519 2059 597 2114 Ad
621 2057 939 2114 Cresconium
967 2058 1347 2129 grammaticum
1377 2056 1537 2125 partis
1577 2053 1789 2120 Donati,

969 2151 1083 2206 libri
1116 2160 1349 2218 quatuor.

442 2246 830 2302 Grammaticus
848 2245 1007 2300 etiam
1030 2243 1241 2312 quidam
1284 2240 1545 2295 donatista
1587 2238 1902 2293 Cresconius
1926 2279 1940 2304 ,

365 2356 488 2395 cum
511 2340 798 2394 invenisset
821 2337 1098 2406 epistolam
1123 2350 1329 2399 meam,
1372 2349 1472 2402 qua
1501 2335 1698 2402 primas
1728 2337 1903 2400 partes
1925 2371 1940 2396 ,

365 2448 487 2501 qua:
526 2432 578 2484 in
624 2445 812 2484 manus
839 2437 1044 2482 nostras
1085 2436 1208 2480 tunc
1233 2433 1484 2478 venerant
1521 2421 1771 2491 Epistolm
1799 2421 1940 2475 Peti-

363 2523 491 2577 liani
524 2521 806 2592 redargui,
843 2520 1038 2589 putavit
1087 2517 1212 2572 mihi
1254 2532 1374 2571 esse
1398 2514 1820 2586 respondendum
1844 2554 1856 2575 ,
1891 2521 1943 2566 et

360 2612 468 2668 hoc
492 2615 662 2682 ipsum
706 2611 919 2682 scripsit
955 2611 1021 2666 ad
1047 2625 1150 2664 me.
1184 2607 1282 2663 Cui
1321 2607 1467 2677 operi
1498 2607 1610 2676 ejus
1639 2604 1786 2658 libris
1809 2618 1941 2673 qua-

365 2713 484 2757 tuor
505 2703 774 2773 rcSpondi,
807 2705 878 2757 ita
908 2716 1035 2756 sane
1055 2710 1110 2754 ut
1136 2699 1303 2753 tribus
1327 2712 1630 2768 peragerem
1663 2694 1804 2765 quod
1831 2693 1942 2747 uni-

361 2813 516 2852 versa
547 2797 823 2864 responsio
855 2793 1141 2864 ﬂagitabat.
1187 2791 1294 2846 Sed
1323 2807 1441 2845 cum
1473 2790 1707 2844 viderem
1732 2788 1796 2842 de
1829 2788 1940 2842 sola

362 2887 856 2942 Maximianensium
890 2901 1045 2940 causa
1066 2927 1080 2952 ,
1124 2899 1256 2954 quos
1282 2897 1406 2937 suos
1445 2881 1809 2936 sehismaticos
1843 2878 1938 2933 da-

362 2980 736 3044 tnnavcrunt’,
768 2987 820 3031 et
853 2993 1034 3032 eorum
1064 2976 1268 3043 aliquos
1303 2989 1484 3028 rursus
1530 2973 1583 3026 in
1627 2972 1737 3025 suis
1774 2971 1942 3025 bono-

359 3069 512 3122 ribus
537 3076 849 3138 receperunt
873 3109 886 3132 ,
926 3067 1354 3135 Baptismumque
1387 3063 1452 3117 ab
1481 3063 1558 3118 eis
1596 3070 1745 3117 extra
1790 3075 1938 3116 suam

358 3161 790 3214 communionem
821 3158 998 3212 datum
1041 3172 1147 3211 non
1192 3155 1589 3225 repetiverunt,
1629 3151 1939 3222 responderi

359 3265 520 3319 posse
548 3251 616 3304 ad
645 3259 832 3304 cuneta
863 3265 980 3319 quae
1010 3247 1220 3316 scripsit
1246 3264 1258 3310 ;
1285 3247 1446 3300 etiam
1476 3253 1719 3314 quartum
1745 3244 1936 3298 librum

355 3344 569 3409 addidi,
621 3343 677 3398 in
721 3358 826 3413 quo
851 3342 1101 3412 idipsum,
1149 3348 1404 3410 quantum
1443 3339 1622 3408 potui,
1660 3337 1940 3406 diligenter

356 3446 516 3506 atque
559 3436 832 3491 evidenter
869 3433 1089 3490 ostendi.
1142 3432 1250 3486 Hos
1294 3440 1469 3485 autem
1510 3437 1734 3500 quatuor
1774 3429 1938 3483 libros

367 3529 583 3600 quando
621 3528 809 3598 scripsi
829 3569 841 3592 ,
867 3528 974 3598 jam
1006 3535 1188 3581 contra
1234 3525 1530 3578 Donatistas
1557 3522 1697 3592 leges
1719 3519 1938 3575 dederat

356 3622 625 3674 llonorius
646 3621 952 3688 imperator.
984 3619 1095 3672 Hoc
1121 3631 1252 3684 opus
1275 3615 1352 3670 sic
1382 3614 1562 3682 incipit
1589 3631 1601 3666 :
1636 3611 1850 3676 Quando
1870 3609 1938 3664 ad

356 3721 421 3776 te,
451 3710 686 3765 Cresconi
714 3751 726 3775 ,
753 3726 862 3773 mea
893 3709 1078 3777 scripta
1109 3706 1362 3774 pervenire
1381 3711 1580 3774 possent
1606 3703 1862 3772 ignorans.

894 3799 1118 3854 CAPUT
1159 3797 1374 3853 XXVII.

356 3894 727 3949 Probationum
753 3905 796 3948 et
829 3892 1248 3946 Testimoniorum
1277 3899 1448 3943 contra
1477 3887 1787 3954 Donatistas,
1816 3888 1938 3941 liber

835 4003 982 4038 unus.
1001 4015 1070 4024 -—-
1091 3983 1236 4054 [Non
1264 3980 1462 4054 exstat]

429 4077 558 4130 Post
605 4076 756 4140 bare,
811 4085 868 4129 ut
913 4075 978 4129 ad
1031 4076 1325 4128 Donatistas
1375 4073 1710 4141 pervenirent
1755 4080 1934 4125 conlra

355 4186 546 4225 eorum
586 4185 820 4223 errorem
861 4177 913 4222 et
954 4183 1048 4237 pro
1086 4166 1341 4222 catholica
1381 4164 1601 4218 veritate
1640 4164 1935 4216 necessaria

358 4263 683 4316 documenta
711 4261 924 4324 curavi,
959 4261 1066 4313 sive
1094 4259 1159 4312 de
1187 4256 1584 4315 ecclesiasticis,
1613 4255 1728 4308 sive
1747 4254 1812 4308 de
1838 4269 1936 4323 pu-

358 4354 514 4408 blicis
535 4353 730 4417 Gestis,
754 4353 864 4406 sive
884 4352 950 4405 de
969 4349 1252 4419 Scripturis
1281 4348 1568 4402 canonicis.
1592 4345 1659 4398 Et
1684 4344 1851 4413 primo
1869 4344 1936 4398 ad

358 4448 481 4501 illos
505 4447 691 4500 eadem
719 4445 976 4515 promissa
1003 4443 1190 4506 direxi,
1216 4449 1274 4495 ut
1299 4441 1396 4511 ipsi
1420 4456 1504 4506 ea,
1531 4439 1575 4492 si
1602 4437 1712 4492 ﬁeri
1738 4447 1934 4506 posset,

358 4545 734 4607 eXposcerent.
763 4537 892 4603 Quae
930 4551 1049 4590 cum
1080 4534 1346 4587 venissent
1379 4531 1430 4585 in
1466 4545 1647 4585 eorum
1684 4544 1937 4598 quorum-

356 4630 480 4684 dam
512 4644 724 4694 manus,
758 4628 938 4683 nescio
966 4628 1084 4697 quis
1105 4623 1413 4693 exstititqui
1432 4638 1528 4679 suo
1549 4621 1761 4675 nomine
1781 4621 1938 4675 tacito

355 4731 545 4777 contra
573 4722 686 4775 lucc
705 4721 980 4782 scriberet,
1005 4719 1072 4772 ita
1095 4732 1153 4772 se
1175 4715 1433 4770 conﬁtens
1458 4715 1793 4779 donatistam,
1818 4723 1936 4766 tan-

354 4831 514 4884 quam
538 4814 640 4867 hnc
661 4820 959 4866 vocaretur.
979 4809 1072 4864 Cui
1091 4824 1187 4878 ego
1202 4807 1548 4876 respondens,
1569 4805 1725 4858 alium
1744 4803 1936 4858 librum

355 4905 570 4974 scripsi.
597 4905 691 4958 llla
717 4918 843 4957 vero
872 4902 1185 4956 documenta
1212 4914 1329 4968 quae
1355 4897 1701 4967 promiseram
1718 4936 1731 4959 ,
1764 4894 1935 4948 eidem

355 4995 542 5048 libello
580 5009 684 5064 quo
723 4992 910 5047 eadem
944 4990 1291 5062 promiseram
1323 4988 1501 5056 junxi,
1533 4995 1586 5040 et
1614 5001 1682 5040 ex
1716 4993 1938 5054 utroque

356 5101 524 5139 unum
566 5098 686 5138 esse
712 5083 889 5147 volui;
922 5095 1146 5150 eumque
1176 5081 1252 5134 sic
1281 5078 1418 5132 edidi
1442 5120 1454 5141 ,
1486 5086 1543 5131 ut
1572 5077 1623 5130 in
1651 5075 1938 5145 parietibus

358 5177 597 5231 basilica
634 5192 752 5246 quae
795 5175 1180 5229 Donatistarum
1222 5171 1420 5235 fuerat,
1456 5169 1600 5238 prius
1637 5165 1937 5235 propositus

353 5270 645 5340 legeretur,
673 5267 823 5336 cujus
850 5267 1026 5320 titulus
1056 5272 1137 5318 est
1160 5280 1172 5316 :
1196 5261 1566 5316 Probationnm
1596 5268 1649 5312 ct
1673 5257 1935 5311 Testimo-

423 5385 438 5414 ί
465 5382 580 5431 Edd.
600 5382 801 5440 habent,
819 5377 866 5428 ei
885 5377 1034 5428 libuit.
1069 5387 1193 5434 MSS.,
1210 5388 1318 5440 eum
1350 5371 1484 5423 libuit
1508 5368 1937 5440 :_quem_loquendi

354 5444 554 5492 modum
577 5433 838 5503 augustino
872 5447 1124 5502 receptum
1157 5433 1250 5486 non
1283 5437 1481 5503 insuper
1521 5433 1805 5503 habendum
1826 5443 1937 5503 esse

353 5505 603 5553 duximus.
626 5496 736 5551 nam
773 5515 833 5551 eo
866 5496 1022 5563 minus
1043 5506 1307 5563 perspecto
1319 5496 1505 5563 accidit,
1524 5503 1580 5544 ut
1601 5505 1763 5563 sermo
1785 5500 1828 5563 S_.
1851 5501 1939 5540 Λιι-

356 5567 538 5628 gustini
560 5566 624 5614 de
642 5571 688 5612 Β.
710 5571 841 5612 toan.
861 5555 1090 5628 Decollat.
1108 5555 1426 5628 in'breviariis
1443 5564 1666 5618 corrupte
1680 5555 1939 5628 sic'ede‘re:

357 5615 439 5676 t’nr
463 5641 473 5674 :
499 5633 645 5674 «Eum
666 5633 828 5674 tamen
851 5638 947 5672 non
977 5625 1047 5674 sic
1065 5623 1297 5682 habebat;
1313 5638 1335 5665 ν
1360 5633 1447 5683 pro
1463 5653 1477 5679 ,
1504 5636 1525 5664 at
1541 5615 1636 5666 non
1657 5619 1726 5666 sic
1756 5615 1939 5664 libebat

365 5705 392 5733 ι
411 5695 801 5812 ἳιῐ-ῗὶῗὶῗηᾶζὲάη
811 5784 840 5794 ..
863 5745 1220 5812 (innataverunt.
1241 5743 1549 5812 Reposuimus
1583 5753 1642 5812 ex
1659 5745 1764 5790 Mss.
1786 5749 1900 5802 quos
1917 5748 1936 5799 ,‘

359 5811 580 5862 κεῖθι-ιω
591 5804 729 5860 enim
747 5809 806 5862 ad
826 5809 1221 5859 maximiaucnses
1235 5813 1380 5854 antea
1396 5804 1675 5853 nominatos.

1677 371 1882 426 LIBER
1919 369 2290 428 SECUNDUS.

3525 385 3629 442 642

2061 486 2267 540 niorum
2307 495 2489 542 contra
2519 487 2834 544 Donatistas.
2867 488 2921 544 In
2948 505 3054 560 quo
3079 491 3212 548 libro
3240 493 3625 554 absolutionem
3717 537 3730 552 μ

2058 573 2248 630 Felicis
2286 576 2642 648 Aptungensis
2664 578 2680 610 ί
2707 579 3023 636 ordinatoris
3061 582 3358 653 Czeciliani,
3392 602 3494 640 non
3526 588 3627 645 hoc

2055 667 2240 722 ordine
2263 669 2534 738 posuimus
2554 687 2659 741 quo
2680 681 2861 742 postea
2892 674 3045 730 nobis
3071 675 3279 742 claruit,
3308 677 3625 737 Consulibus

2055 758 2330 831 diligenter
2377 765 2656 834 inspectis,
2698 768 2792 822 sed
2841 777 3091 840 tanquam
3131 782 3250 842 post
3285 774 3624 832 Caecilianum

2055 850 2216 908 fuerit
2235 855 2526 921 absolutus,
2545 873 2666 913 cum
2685 869 2807 916 ante
2826 862 2895 915 sit
2915 861 3128 918 factum.
3153 863 3283 920 lllud
3303 869 3461 922 etiam
3482 870 3621 939 quod

2057 954 2474 1002 commemorato
2506 947 2655 1002 .lndte
2692 952 2912 1019 apostoli
2951 956 3284 1023 testimonio,
3320 959 3406 1012 ubi
3436 959 3546 1013 ait:
3573 958 3623 1012 Ii

2055 1045 2172 1088 sunt
2199 1038 2282 1106 qui
2305 1052 2564 1111 segregant
2599 1045 2916 1114 semetipsos,
2953 1047 3223 1116 animales,
3259 1052 3490 1121 spiritum
3524 1070 3625 1108 non

2057 1127 2290 1183 habentes
2312 1129 2484 1200 (Iudae
2513 1134 2576 1188 l9
2601 1135 2640 1206 ),
2665 1136 2877 1206 adjunxi
2911 1140 3069 1193 etiam
3091 1140 3272 1195 dicens
3297 1160 3309 1196 :
3343 1143 3422 1196 De
3448 1147 3623 1214 quibus

2055 1226 2104 1272 et
2131 1217 2330 1276 Paulus
2363 1225 2616 1292 apostolus
2651 1228 2808 1283 dicit:
2839 1248 2856 1280 ι
2882 1230 3127 1285 Animalis
3153 1244 3318 1288 autem
3347 1236 3494 1290 homo
3523 1255 3624 1293 non

2063 1326 2082 1361 ‹
2109 1313 2316 1380 percipit
2336 1331 2394 1366 ea
2416 1332 2527 1384 quw
2549 1326 2662 1371 sunt
2687 1319 2890 1387 spiritus
2913 1320 3007 1374 Dei
3031 1341 3048 1373 ι
3075 1322 3255 1394 (lCor.
3280 1341 3336 1392 ll,
3364 1326 3481 1398 14);
3515 1343 3619 1382 non

2057 1413 2179 1457 sunt
2212 1404 2296 1458 isti
2334 1406 2438 1459 illis
2477 1411 2818 1478 coaequandi,
2856 1427 2986 1481 quos
3025 1415 3243 1469 omnino
3280 1417 3347 1471 ab
3390 1418 3623 1474 Ecclesia

2054 1495 2282 1550 schisma
2314 1499 2570 1566 praecidit.
2594 1500 2725 1555 Istos
2752 1504 2944 1573 quippe
2972 1505 3108 1560 idem
3135 1508 3404 1576 apostolus
3429 1510 3623 1568 Paulus

2053 1587 2298 1654 parvulos
2336 1587 2462 1642 dicit
2500 1604 2616 1644 esse
2647 1592 2696 1644 in
2725 1591 2963 1661 Christo,
3007 1612 3137 1664 quos
3178 1599 3407 1656 nondum
3447 1617 3622 1657 escam

2054 1677 2292 1733 valentes
2320 1693 2529 1748 capere,
2555 1681 2690 1736 lacte
2715 1685 2879 1738 nutrit
2907 1695 3078 1741 tamen
3102 1686 3212 1758 (Id.
3242 1705 3325 1757 ut,
3358 1692 3408 1758 l,
3435 1691 3522 1764 2):
3549 1695 3622 1748 illi

2052 1778 2228 1823 autem
2257 1787 2359 1824 non
2392 1772 2442 1824 in
2475 1771 2596 1827 ﬁliis
2619 1775 2866 1843 parvulis,
2897 1777 2988 1831 sed
3012 1779 3060 1831 in
3089 1783 3309 1836 mortuis
3329 1791 3380 1838 ct
3405 1786 3622 1853 perditis

2051 1862 2386 1929 computandi
2410 1873 2550 1930 sunt,
2575 1873 2632 1918 ut
2657 1865 2700 1919 si
2731 1867 2848 1935 quis
2872 1882 3053 1922 eorum
3079 1883 3347 1926 correctus
3368 1873 3620 1932 Ecclesia:

2051 1948 2210 2005 fuerit
2247 1954 2550 2022 copulatus,
2588 1965 2733 2010 recte
2773 1957 2840 2012 de
2884 1959 2975 2013 illo
3015 1959 3118 2014 dici
3157 1964 3355 2031 possit:
3393 1966 3621 2022 Mortuus

2049 2052 2190 2110 erat,
2219 2054 2262 2097 et
2289 2046 2494 2112 revixit;
2521 2049 2754 2118 perierat,
2785 2061 2831 2103 et
2855 2052 3080 2106 inventus
3109 2063 3181 2107 est
3213 2053 3359 2126 (Luc.
3390 2073 3478 2122 xv,
3510 2060 3618 2130 5'2).

2050 2136 2146 2224 Hic
2181 2139 2315 2194 liber
2352 2141 2429 2196 sic
2466 2141 2690 2212 incipit:
2725 2141 2823 2208 Qui
2865 2145 3046 2199 timetis
3082 2149 3356 2202 consentire
3384 2149 3623 2205 Ecclesia:

2048 2228 2323 2283 catholicis.

2571 2322 2796 2378 CAPUT
2834 2323 3069 2380 XXVIII.

2168 2408 2354 2465 Contra
2382 2409 2699 2466 Donatistam
2723 2416 2888 2469 nescio
2916 2433 3094 2486 quem,
3127 2418 3248 2473 liber
3273 2437 3420 2475 unus.
3441 2452 3480 2462 -—
3503 2450 3513 2460 -

2652 2502 2792 2576 [Non
2810 2507 3010 2580 exstat]

2115 2591 2346 2648 Alterius
2386 2593 2503 2649 libri
2543 2611 2698 2665 quem
2736 2613 2892 2667 supra
2931 2604 3372 2673 commemoravi,
3410 2605 3616 2660 titulum

2045 2698 2163 2740 esse
2183 2686 2360 2753 volui,
2383 2685 2575 2742 Contra
2598 2690 2780 2744 nescio
2801 2708 2956 2761 quem
2979 2693 3304 2750 Donatistam
3329 2716 3340 2750 :
3366 2699 3453 2752 ubi
3474 2699 3619 2753 simi-

2046 2777 2166 2832 liter
2191 2777 2258 2832 de
2286 2779 2614 2835 absolutione
2640 2782 2958 2838 ordinatoris
2985 2783 3251 2842 Creciliani
3280 2804 3433 2844 verus
3481 2790 3612 2846 ordo

2047 2868 2298 2936 temporis
2322 2884 2426 2923 non
2453 2879 2553 2924 est.
2579 2870 2709 2926 lllud
2731 2873 2888 2926 etiam
2910 2875 3049 2944 quod
3073 2875 3213 2930 dixi:
3243 2877 3322 2930 Ad
3341 2879 3618 2934 multitudi-

2045 2973 2156 3009 nem
2178 2957 2485 3013 zizaniorum
2504 3001 2518 3026 ,
2548 2961 2633 3014 ubi
2657 2962 3005 3034 intelliguntur
3043 2983 3210 3021 omnes
3245 2969 3490 3038 ἡαπ-εδει,
3522 2973 3621 3026 mi-

2044 3064 2143 3103 nus
2174 3049 2332 3106 habet
2367 3067 2526 3107 unam
2557 3056 2908 3109 necessariam
2940 3058 3363 3127 conjunctionem
3389 3081 3402 3117 :
3433 3062 3618 3120 dicen-

2043 3139 2167 3195 dum
2206 3143 2346 3196 enim
2382 3143 2474 3198 fuit
2494 3185 2508 3207 ,
2537 3144 2634 3199 Ubi
2670 3146 3033 3216 intelliguntur
3056 3161 3110 3204 et
3137 3166 3322 3208 omnes
3350 3153 3616 3222 hzereses;

2042 3243 2165 3300 ant,
2213 3234 2310 3288 Ubi
2357 3236 2720 3306 intelliguntur
2757 3240 2915 3293 etiam
2955 3256 3140 3297 omnes
3179 3244 3429 3302 hmreses.
3470 3247 3620 3304 Nunc

2043 3341 2170 3380 vero
2205 3326 2274 3379 ita
2315 3326 2512 3381 dictum
2541 3337 2643 3396 est,
2664 3331 2813 3399 quasi
2845 3342 3038 3401 prreter
3067 3334 3353 3391 Ecclesiam
3391 3347 3620 3394 tantum-

2043 3415 2203 3469 modo
2235 3415 2340 3469 sint
2358 3417 2574 3481 zizania,
2613 3433 2720 3473 non
2754 3420 2910 3474 etiam
2947 3422 3001 3475 in
3035 3423 3300 3490 Ecclesia,
3338 3441 3456 3482 cum
3493 3429 3605 3498 ipsa

2043 3503 2114 3559 sit
2159 3520 2380 3575 regnum
2423 3506 2646 3574 Christi,
2689 3507 2758 3564 de
2801 3525 2904 3580 quo
2946 3512 3216 3568 collecturi
3260 3527 3382 3570 sunt
3422 3519 3610 3589 Angeli

2042 3595 2189 3661 eius,
2231 3596 2422 3650 messis
2445 3605 2710 3667 tempore,
2745 3601 2922 3654 omnia
2951 3602 3196 3658 scandala
3231 3603 3452 3677 (Matth.
3484 3623 3609 3674 xm,

2042 3682 2264 3757 56-42).
2298 3685 2448 3741 Unde
2490 3697 2543 3741 et
2586 3688 2880 3758 Cyprianus
2916 3703 3115 3764 martyr
3152 3712 3163 3747 :
3209 3692 3323 3749 Etsi
3368 3697 3614 3766 videntur,

2041 3775 2230 3845 inquit,
2252 3777 2303 3828 in
2326 3775 2551 3831 Ecclesia
2575 3794 2681 3832 esse
2703 3780 2926 3846 zizania,
2955 3799 3054 3836 non
3081 3792 3244 3838 tamen
3267 3786 3501 3856 impediri
3523 3789 3614 3844 de-

2041 3867 2120 3920 bet
2143 3877 2232 3920 aut
2253 3869 2377 3936 ﬁdes
2397 3877 2483 3920 aut
2502 3870 2722 3924 charitas
2745 3883 2917 3926 nostra
2931 3914 2944 3936 ,
2969 3883 3024 3926 ut
3043 3877 3278 3944 quoniam
3298 3879 3492 3932 zizania
3512 3897 3616 3936 esse

2041 3959 2094 4012 in
2124 3958 2351 4013 Ecclesia
2370 3962 2634 4026 cernimus,
2658 3963 2755 4032 ipsi
2775 3965 2837 4016 de
2855 3961 3082 4018 Ecclesia
3101 3967 3388 4023 recedamus
3409 3969 3611 4041 (Cypra,

2043 4048 2206 4120 Epist.
2249 4051 2336 4114 5|,
2377 4051 2444 4102 ad
2475 4051 2756 4105 Maximum
2776 4095 2790 4119 ,
2821 4054 2974 4126 etc.).
3006 4054 3172 4122 Quem
3201 4074 3412 4112 sensum
3451 4061 3610 4114 etiam

2043 4157 2138 4196 nos
2165 4143 2318 4209 alias,
2349 4151 2404 4198 et
2430 4146 2655 4200 maxime
2679 4147 2931 4202 adversus
2955 4149 3168 4203 eosdem
3199 4163 3484 4221 praesentes
3505 4154 3612 4209 Do-

2043 4237 2264 4290 natistas
2289 4279 2302 4302 ,
2333 4237 2382 4290 in
2414 4238 2694 4294 collatione
2723 4239 3068 4296 defendimus.
3101 4243 3196 4297 llic
3226 4245 3358 4300 liber
3379 4248 3456 4302 sic
3485 4247 3615 4302 inci-

2044 4329 2158 4397 pit:
2189 4327 2517 4384 Probationes
2564 4348 2730 4384 rerum
2774 4336 3162 4389 necessariarum
3195 4339 3412 4407 quodam
3453 4339 3613 4396 brevi-

2045 4419 2158 4472 culo
2179 4419 2410 4474 collectas
2430 4423 2768 4491 promisimus.

2602 4513 2824 4568 CAPUT
2862 4491 3052 4571 XXIX.

2047 4604 2335 4659 Admonitio
2370 4603 2744 4660 Donatistarum
2772 4606 2834 4660 de
2860 4607 3279 4679 Maximianistis,
3314 4613 3436 4667 liber
3464 4631 3610 4671 unus.

2600 4726 2671 4736 —
2687 4695 2830 4769 [Non
2855 4698 3053 4772 exstat]

2112 4785 2244 4842 Cum
2292 4786 2523 4842 viderem
2575 4788 2772 4842 multos
2821 4788 3026 4858 legendi
3070 4790 3253 4848 labore
3299 4793 3539 4862 impediri
3584 4811 3616 4851 a

2049 4875 2303 4933 discendo
2341 4892 2496 4946 quam
2538 4877 2666 4934 nihil
2709 4879 2928 4934 rati0nis
2964 4889 3121 4950 atque
3159 4883 3390 4937 veritatis
3429 4883 3618 4940 habeat

2044 4983 2168 5039 pars
2208 4970 2425 5036 Donati,
2465 4969 2699 5024 libellum
2741 4971 3104 5027 brevissimum
3143 4974 3275 5042 feci,
3305 4992 3407 5045 quo
3430 4991 3522 5030 eos
3550 4976 3618 5032 de

2044 5060 2171 5114 solis
2196 5059 2593 5114 Maximisnistis
2619 5061 2978 5117 admonendos
3009 5065 3216 5132 putavi,
3245 5075 3303 5120 ut
3331 5075 3508 5135 posset
3533 5065 3618 5120 fa-

2045 5151 2244 5205 cilitate
2281 5151 2613 5206 describendi
2647 5153 2698 5206 in
2739 5167 2926 5207 manus
2961 5154 3187 5222 plurium
3230 5158 3532 5225 pervenire,
3563 5169 3620 5213 et

2048 5242 2162 5312 ipsa
2192 5244 2272 5296 sui
2303 5244 2554 5298 brevitate
2582 5243 2786 5297 facilius
2812 5245 3168 5300 commendari
3197 5251 3503 5315 memoriae;
3532 5252 3617 5306 cui

2053 5336 2257 5390 titulum
2303 5336 2528 5405 imposui
2561 5351 2574 5389 :
2615 5337 2900 5390 Admonitio
2937 5337 3318 5395 Donatistarum
3353 5343 3416 5397 de
3449 5342 3620 5398 Mattio

2050 5427 2312 5482 mianistis.
2357 5428 2454 5483 Hic
2486 5427 2617 5482 liber
2653 5428 2729 5482 sic
2765 5427 2983 5497 incipit:
3017 5430 3323 5504 Quicumque
3357 5434 3620 5494 calumniis

2048 5517 2308 5572 hominum
2335 5527 2382 5570 et
2409 5516 2835 5571 criminationibus
2861 5520 3142 5573 movemini.

2109 5674 2124 5704 ι
2163 5678 2214 5720 tn
2229 5678 2334 5720 Mss.
2355 5671 2571 5738 pluribus
2591 5670 2922 5738 etpotioribus
2940 5672 3035 5738 hic,
3053 5680 3106 5723 et
3119 5673 3253 5738 infra,
3273 5688 3375 5738 cap.
3394 5676 3473 5738 54,
3493 5678 3616 5727 scri-

2044 5733 2192 5797 bitur,
2219 5731 2521 5797 .itptug‘nensis
2538 5745 2555 5781 :
2565 5733 2743 5795 quibus
2759 5735 3000 5797 consentit
3020 5731 3118 5785 itm.
3136 5731 3545 5790 necnon'infra'Er.
3560 5746 3617 5790 At

2046 5800 2096 5845 in
2116 5795 2223 5845 aliis
2237 5795 2534 5858 quibusdam,
2560 5795 2904 5859 aptugenensis.
