  <div class='ocr_page' id='page_1' title='image "/cluster/home/n/w/nwhite01/storage/ocr_20150623/32/hvd.32044015706328/338.png"; bbox 0 0 4116 6366; ppageno 0'>
   <div class='ocr_carea' id='block_1_1' title="bbox 337 393 440 449">
    <p class='ocr_par' dir='ltr' id='par_1_1' title="bbox 337 393 440 449">
     <span class='ocr_line' id='line_1_1' title="bbox 337 393 440 449; baseline -0.019 0"><span class='ocrx_word' id='word_1_1' title='bbox 337 393 440 449; x_wconf 57' lang='grc'><strong>645</strong></span> 
     </span>
    </p>
   </div>
   <div class='ocr_carea' id='block_1_2' title="bbox 337 491 1917 576">
    <p class='ocr_par' dir='ltr' id='par_1_2' title="bbox 337 491 1917 576">
     <span class='ocr_line' id='line_1_2' title="bbox 337 491 1917 576; baseline -0.004 -16"><span class='ocrx_word' id='word_1_2' title='bbox 337 517 570 576; x_wconf 77' lang='lat' dir='ltr'><strong>expertus</strong></span> <span class='ocrx_word' id='word_1_3' title='bbox 596 504 744 575; x_wconf 86' lang='lat' dir='ltr'><strong>(Cap.</strong></span> <span class='ocrx_word' id='word_1_4' title='bbox 774 503 863 568; x_wconf 78' lang='lat' dir='ltr'><strong>l6,</strong></span> <span class='ocrx_word' id='word_1_5' title='bbox 891 520 945 557; x_wconf 83' lang='grc' dir='ltr'><strong>η.</strong></span> <span class='ocrx_word' id='word_1_6' title='bbox 969 501 1086 574; x_wconf 72' lang='grc'><strong>28),</strong></span> <span class='ocrx_word' id='word_1_7' title='bbox 1122 503 1170 556; x_wconf 94' lang='lat' dir='ltr'><strong>in</strong></span> <span class='ocrx_word' id='word_1_8' title='bbox 1199 499 1384 557; x_wconf 84' lang='lat' dir='ltr'><strong>ordine</strong></span> <span class='ocrx_word' id='word_1_9' title='bbox 1409 491 1707 568; x_wconf 81' lang='lat' dir='ltr'><strong>temporum</strong></span> <span class='ocrx_word' id='word_1_10' title='bbox 1737 493 1917 568; x_wconf 85' lang='lat' dir='ltr'><strong>postea</strong></span> 
     </span>
    </p>
   </div>
   <div class='ocr_carea' id='block_1_3' title="bbox 337 585 1918 662">
    <p class='ocr_par' dir='ltr' id='par_1_3' title="bbox 337 585 1918 662">
     <span class='ocr_line' id='line_1_3' title="bbox 337 585 1918 662; baseline -0.006 -6"><span class='ocrx_word' id='word_1_11' title='bbox 337 591 750 662; x_wconf 83' lang='lat' dir='ltr'><strong>Consideratum,</strong></span> <span class='ocrx_word' id='word_1_12' title='bbox 778 593 929 652; x_wconf 83' lang='lat' dir='ltr'><strong>aliter</strong></span> <span class='ocrx_word' id='word_1_13' title='bbox 961 585 1228 650; x_wconf 83' lang='lat' dir='ltr'><strong>inventum</strong></span> <span class='ocrx_word' id='word_1_14' title='bbox 1259 605 1358 649; x_wconf 90' lang='lat' dir='ltr'><strong>est.</strong></span> <span class='ocrx_word' id='word_1_15' title='bbox 1389 593 1518 648; x_wconf 89' lang='lat' dir='ltr'><strong>Nam</strong></span> <span class='ocrx_word' id='word_1_16' title='bbox 1546 594 1688 662; x_wconf 91' lang='lat' dir='ltr'><strong>prius</strong></span> <span class='ocrx_word' id='word_1_17' title='bbox 1717 608 1918 646; x_wconf 79' lang='lat' dir='ltr'><strong>inemo-</strong></span> 
     </span>
    </p>
   </div>
   <div class='ocr_carea' id='block_1_4' title="bbox 337 673 1914 760">
    <p class='ocr_par' dir='ltr' id='par_1_4' title="bbox 337 673 1914 760">
     <span class='ocr_line' id='line_1_4' title="bbox 337 673 1914 760; baseline -0.006 -12"><span class='ocrx_word' id='word_1_18' title='bbox 337 705 480 748; x_wconf 89' lang='lat' dir='ltr'><strong>ratus</strong></span> <span class='ocrx_word' id='word_1_19' title='bbox 508 685 798 760; x_wconf 88' lang='lat' dir='ltr'><strong>Imperator</strong></span> <span class='ocrx_word' id='word_1_20' title='bbox 829 704 1042 744; x_wconf 82' lang='lat' dir='ltr'><strong>causam</strong></span> <span class='ocrx_word' id='word_1_21' title='bbox 1071 673 1262 743; x_wconf 83' lang='lat' dir='ltr'><strong>Felicis</strong></span> <span class='ocrx_word' id='word_1_22' title='bbox 1288 679 1410 741; x_wconf 82' lang='lat' dir='ltr'><strong>feeit</strong></span> <span class='ocrx_word' id='word_1_23' title='bbox 1433 687 1599 740; x_wconf 88' lang='lat' dir='ltr'><strong>audiri</strong></span> <span class='ocrx_word' id='word_1_24' title='bbox 1628 702 1656 739; x_wconf 91' lang='lat' dir='ltr'><strong>a</strong></span> <span class='ocrx_word' id='word_1_25' title='bbox 1689 701 1914 755; x_wconf 82' lang='lat' dir='ltr'><strong>procon-</strong></span> 
     </span>
    </p>
   </div>
   <div class='ocr_carea' id='block_1_5' title="bbox 337 765 1916 850">
    <p class='ocr_par' dir='ltr' id='par_1_5' title="bbox 337 765 1916 850">
     <span class='ocr_line' id='line_1_5' title="bbox 337 765 1916 850; baseline -0.005 -12"><span class='ocrx_word' id='word_1_26' title='bbox 337 785 473 848; x_wconf 88' lang='lat' dir='ltr'><strong>sule,</strong></span> <span class='ocrx_word' id='word_1_27' title='bbox 498 775 586 836; x_wconf 90' lang='lat' dir='ltr'><strong>ubi</strong></span> <span class='ocrx_word' id='word_1_28' title='bbox 609 782 801 850; x_wconf 78' lang='lat' dir='ltr'><strong>legitur</strong></span> <span class='ocrx_word' id='word_1_29' title='bbox 823 780 1130 844; x_wconf 88' lang='lat' dir='ltr'><strong>absolutus;</strong></span> <span class='ocrx_word' id='word_1_30' title='bbox 1156 779 1209 832; x_wconf 84' lang='lat' dir='ltr'><strong>et</strong></span> <span class='ocrx_word' id='word_1_31' title='bbox 1235 777 1413 848; x_wconf 85' lang='lat' dir='ltr'><strong>postea</strong></span> <span class='ocrx_word' id='word_1_32' title='bbox 1440 771 1554 848; x_wconf 86' lang='lat' dir='ltr'><strong>ipse</strong></span> <span class='ocrx_word' id='word_1_33' title='bbox 1578 765 1916 832; x_wconf 72' lang='lat' dir='ltr'><strong>Cmeilianum</strong></span> 
     </span>
    </p>
   </div>
   <div class='ocr_carea' id='block_1_6' title="bbox 337 867 1913 941">
    <p class='ocr_par' dir='ltr' id='par_1_6' title="bbox 337 867 1913 941">
     <span class='ocr_line' id='line_1_6' title="bbox 337 867 1913 941; baseline -0.004 -13"><span class='ocrx_word' id='word_1_34' title='bbox 337 890 456 928; x_wconf 93' lang='lat' dir='ltr'><strong>cum</strong></span> <span class='ocrx_word' id='word_1_35' title='bbox 496 871 894 926; x_wconf 87' lang='lat' dir='ltr'><strong>accusatoribus</strong></span> <span class='ocrx_word' id='word_1_36' title='bbox 935 870 1049 940; x_wconf 85' lang='lat' dir='ltr'><strong>ejus</strong></span> <span class='ocrx_word' id='word_1_37' title='bbox 1084 869 1350 936; x_wconf 90' lang='lat' dir='ltr'><strong>auditum,</strong></span> <span class='ocrx_word' id='word_1_38' title='bbox 1381 867 1637 941; x_wconf 86' lang='lat' dir='ltr'><strong>comperit</strong></span> <span class='ocrx_word' id='word_1_39' title='bbox 1662 869 1913 924; x_wconf 87' lang='lat' dir='ltr'><strong>innocen-</strong></span> 
     </span>
    </p>
   </div>
   <div class='ocr_carea' id='block_1_7' title="bbox 339 955 1918 1033">
    <p class='ocr_par' dir='ltr' id='par_1_7' title="bbox 339 955 1918 1033">
     <span class='ocr_line' id='line_1_7' title="bbox 339 955 1918 1033; baseline -0.004 -13"><span class='ocrx_word' id='word_1_40' title='bbox 339 978 444 1021; x_wconf 88' lang='lat' dir='ltr'><strong>tem</strong></span> <span class='ocrx_word' id='word_1_41' title='bbox 464 1008 477 1030; x_wconf 90' lang='lat'><strong>,</strong></span> <span class='ocrx_word' id='word_1_42' title='bbox 510 965 598 1020; x_wconf 84' lang='lat' dir='ltr'><strong>tibi</strong></span> <span class='ocrx_word' id='word_1_43' title='bbox 636 955 730 1019; x_wconf 80' lang='lat' dir='ltr'><strong>eos</strong></span> <span class='ocrx_word' id='word_1_44' title='bbox 767 975 1020 1033; x_wconf 88' lang='lat' dir='ltr'><strong>expertus</strong></span> <span class='ocrx_word' id='word_1_45' title='bbox 1047 973 1127 1017; x_wconf 91' lang='lat' dir='ltr'><strong>est</strong></span> <span class='ocrx_word' id='word_1_46' title='bbox 1155 962 1207 1017; x_wconf 90' lang='lat' dir='ltr'><strong>in</strong></span> <span class='ocrx_word' id='word_1_47' title='bbox 1239 963 1351 1033; x_wconf 85' lang='lat' dir='ltr'><strong>ejus</strong></span> <span class='ocrx_word' id='word_1_48' title='bbox 1373 963 1918 1033; x_wconf 56' lang='lat' dir='ltr'><strong>criminibuscalum-</strong></span> 
     </span>
    </p>
   </div>
   <div class='ocr_carea' id='block_1_8' title="bbox 336 1031 1913 1125">
    <p class='ocr_par' dir='ltr' id='par_1_8' title="bbox 336 1031 1913 1125">
     <span class='ocr_line' id='line_1_8' title="bbox 336 1031 1913 1125; baseline -0.004 -13"><span class='ocrx_word' id='word_1_49' title='bbox 336 1051 536 1112; x_wconf 85' lang='lat' dir='ltr'><strong>niosos.</strong></span> <span class='ocrx_word' id='word_1_50' title='bbox 569 1045 671 1125; x_wconf 81' lang='lat' dir='ltr'><strong>Qui</strong></span> <span class='ocrx_word' id='word_1_51' title='bbox 697 1049 829 1112; x_wconf 89' lang='lat' dir='ltr'><strong>ordo</strong></span> <span class='ocrx_word' id='word_1_52' title='bbox 859 1061 1154 1124; x_wconf 74' lang='lat' dir='ltr'><strong>temporum</strong></span> <span class='ocrx_word' id='word_1_53' title='bbox 1187 1049 1280 1125; x_wconf 86' lang='lat' dir='ltr'><strong>per</strong></span> <span class='ocrx_word' id='word_1_54' title='bbox 1307 1031 1550 1110; x_wconf 68' lang='lat' dir='ltr'><strong>consules</strong></span> <span class='ocrx_word' id='word_1_55' title='bbox 1582 1041 1879 1108; x_wconf 72' lang='lat' dir='ltr'><strong>declaratus</strong></span> <span class='ocrx_word' id='word_1_56' title='bbox 1899 1095 1913 1118; x_wconf 92' lang='lat'><strong>,</strong></span> 
     </span>
    </p>
   </div>
   <div class='ocr_carea' id='block_1_9' title="bbox 337 1141 1918 1205">
    <p class='ocr_par' dir='ltr' id='par_1_9' title="bbox 337 1141 1918 1205">
     <span class='ocr_line' id='line_1_9' title="bbox 337 1141 1918 1205; baseline -0.005 0"><span class='ocrx_word' id='word_1_57' title='bbox 337 1143 512 1205; x_wconf 88' lang='lat' dir='ltr'><strong>multo</strong></span> <span class='ocrx_word' id='word_1_58' title='bbox 546 1148 914 1204; x_wconf 85' lang='lat' dir='ltr'><strong>vehementius</strong></span> <span class='ocrx_word' id='word_1_59' title='bbox 940 1150 991 1204; x_wconf 89' lang='lat' dir='ltr'><strong>in</strong></span> <span class='ocrx_word' id='word_1_60' title='bbox 1020 1165 1080 1204; x_wconf 91' lang='lat' dir='ltr'><strong>ea</strong></span> <span class='ocrx_word' id='word_1_61' title='bbox 1111 1141 1270 1204; x_wconf 77' lang='lat' dir='ltr'><strong>causa</strong></span> <span class='ocrx_word' id='word_1_62' title='bbox 1297 1141 1586 1201; x_wconf 84' lang='lat' dir='ltr'><strong>calumnias</strong></span> <span class='ocrx_word' id='word_1_63' title='bbox 1623 1145 1918 1199; x_wconf 82' lang='lat' dir='ltr'><strong>Donatista-</strong></span> 
     </span>
    </p>
   </div>
   <div class='ocr_carea' id='block_1_10' title="bbox 336 1221 1918 1318">
    <p class='ocr_par' dir='ltr' id='par_1_10' title="bbox 336 1221 1918 1318">
     <span class='ocr_line' id='line_1_10' title="bbox 336 1221 1918 1318; baseline -0.003 -22"><span class='ocrx_word' id='word_1_64' title='bbox 336 1258 456 1318; x_wconf 85' lang='lat' dir='ltr'><strong>rum</strong></span> <span class='ocrx_word' id='word_1_65' title='bbox 480 1241 763 1318; x_wconf 80' lang='lat' dir='ltr'><strong>cenvineit,</strong></span> <span class='ocrx_word' id='word_1_66' title='bbox 793 1243 1107 1312; x_wconf 92' lang='lat' dir='ltr'><strong>penitusque</strong></span> <span class='ocrx_word' id='word_1_67' title='bbox 1129 1241 1386 1318; x_wconf 78' lang='lat' dir='ltr'><strong>subvertit</strong></span> <span class='ocrx_word' id='word_1_68' title='bbox 1405 1239 1578 1310; x_wconf 57' lang='lat' dir='ltr'><strong>aquod</strong></span> <span class='ocrx_word' id='word_1_69' title='bbox 1597 1221 1718 1293; x_wconf 85' lang='lat' dir='ltr'><strong>alibi</strong></span> <span class='ocrx_word' id='word_1_70' title='bbox 1741 1247 1918 1292; x_wconf 90' lang='lat' dir='ltr'><strong>osten-</strong></span> 
     </span>
    </p>
   </div>
   <div class='ocr_carea' id='block_1_11' title="bbox 336 1311 1916 1408">
    <p class='ocr_par' dir='ltr' id='par_1_11' title="bbox 336 1311 1916 1408">
     <span class='ocr_line' id='line_1_11' title="bbox 336 1311 1916 1408; baseline -0.004 -20"><span class='ocrx_word' id='word_1_71' title='bbox 336 1317 531 1408; x_wconf 83' lang='lat' dir='ltr'><strong>dimus.</strong></span> <span class='ocrx_word' id='word_1_72' title='bbox 561 1331 657 1388; x_wconf 87' lang='lat' dir='ltr'><strong>Ilic</strong></span> <span class='ocrx_word' id='word_1_73' title='bbox 687 1313 821 1389; x_wconf 88' lang='lat' dir='ltr'><strong>liber</strong></span> <span class='ocrx_word' id='word_1_74' title='bbox 851 1333 930 1389; x_wconf 88' lang='lat' dir='ltr'><strong>sic</strong></span> <span class='ocrx_word' id='word_1_75' title='bbox 960 1311 1180 1405; x_wconf 69' lang='lat' dir='ltr'><strong>incipit:</strong></span> <span class='ocrx_word' id='word_1_76' title='bbox 1213 1311 1535 1403; x_wconf 57' lang='lat' dir='ltr'><strong>Respondere</strong></span> <span class='ocrx_word' id='word_1_77' title='bbox 1562 1331 1771 1386; x_wconf 82' lang='lat' dir='ltr'><strong>adversa</strong></span> <span class='ocrx_word' id='word_1_78' title='bbox 1799 1333 1916 1384; x_wconf 83' lang='lat' dir='ltr'><strong>sen-</strong></span> 
     </span>
    </p>
   </div>
   <div class='ocr_carea' id='block_1_12' title="bbox 337 1413 591 1479">
    <p class='ocr_par' dir='ltr' id='par_1_12' title="bbox 337 1413 591 1479">
     <span class='ocr_line' id='line_1_12' title="bbox 337 1413 591 1479; baseline 0 -1"><span class='ocrx_word' id='word_1_79' title='bbox 337 1413 591 1479; x_wconf 78' lang='lat' dir='ltr'><strong>tientibus.</strong></span> 
     </span>
    </p>
   </div>
   <div class='ocr_carea' id='block_1_13' title="bbox 899 1487 1379 1550">
    <p class='ocr_par' dir='ltr' id='par_1_13' title="bbox 899 1487 1379 1550">
     <span class='ocr_line' id='line_1_13' title="bbox 899 1487 1379 1550; baseline -0.008 -1"><span class='ocrx_word' id='word_1_80' title='bbox 899 1487 1126 1550; x_wconf 73' lang='lat' dir='ltr'><strong>CAPUT</strong></span> <span class='ocrx_word' id='word_1_81' title='bbox 1164 1491 1379 1548; x_wconf 78' lang='lat' dir='ltr'><strong>XXXV.</strong></span> 
     </span>
    </p>
   </div>
   <div class='ocr_carea' id='block_1_14' title="bbox 373 1593 1883 1673">
    <p class='ocr_par' dir='ltr' id='par_1_14' title="bbox 373 1593 1883 1673">
     <span class='ocr_line' id='line_1_14' title="bbox 373 1593 1883 1673; baseline -0.002 -12"><span class='ocrx_word' id='word_1_82' title='bbox 373 1603 451 1661; x_wconf 87' lang='lat' dir='ltr'><strong>De</strong></span> <span class='ocrx_word' id='word_1_83' title='bbox 487 1593 879 1662; x_wconf 71' lang='lat' dir='ltr'><strong>Haximianistis</strong></span> <span class='ocrx_word' id='word_1_84' title='bbox 917 1601 1091 1659; x_wconf 85' lang='lat' dir='ltr'><strong>contra</strong></span> <span class='ocrx_word' id='word_1_85' title='bbox 1129 1605 1442 1673; x_wconf 87' lang='lat' dir='ltr'><strong>Donatistas,</strong></span> <span class='ocrx_word' id='word_1_86' title='bbox 1485 1603 1608 1659; x_wconf 88' lang='lat' dir='ltr'><strong>liber</strong></span> <span class='ocrx_word' id='word_1_87' title='bbox 1641 1597 1788 1659; x_wconf 82' lang='lat' dir='ltr'><strong>unus.</strong></span> <span class='ocrx_word' id='word_1_88' title='bbox 1812 1634 1883 1644; x_wconf 87' lang='lat'><strong>-—</strong></span> 
     </span>
    </p>
   </div>
   <div class='ocr_carea' id='block_1_15' title="bbox 916 1697 1315 1774">
    <p class='ocr_par' dir='ltr' id='par_1_15' title="bbox 916 1697 1315 1774">
     <span class='ocr_line' id='line_1_15' title="bbox 916 1697 1315 1774; baseline -0.003 -21"><span class='ocrx_word' id='word_1_89' title='bbox 916 1697 1064 1770; x_wconf 84' lang='lat' dir='ltr'><strong>[Non</strong></span> <span class='ocrx_word' id='word_1_90' title='bbox 1093 1698 1315 1774; x_wconf 85' lang='lat' dir='ltr'><strong>exstat.]</strong></span> 
     </span>
    </p>
   </div>
   <div class='ocr_carea' id='block_1_16' title="bbox 404 1813 1914 1884">
    <p class='ocr_par' dir='ltr' id='par_1_16' title="bbox 404 1813 1914 1884">
     <span class='ocr_line' id='line_1_16' title="bbox 404 1813 1914 1884; baseline -0.003 -14"><span class='ocrx_word' id='word_1_91' title='bbox 404 1813 602 1884; x_wconf 84' lang='lat' dir='ltr'><strong>Scripsi</strong></span> <span class='ocrx_word' id='word_1_92' title='bbox 625 1814 782 1868; x_wconf 90' lang='lat' dir='ltr'><strong>etiam</strong></span> <span class='ocrx_word' id='word_1_93' title='bbox 806 1814 999 1868; x_wconf 90' lang='lat' dir='ltr'><strong>librum</strong></span> <span class='ocrx_word' id='word_1_94' title='bbox 1026 1813 1164 1869; x_wconf 87' lang='lat' dir='ltr'><strong>inter</strong></span> <span class='ocrx_word' id='word_1_95' title='bbox 1182 1823 1374 1868; x_wconf 62' lang='lat' dir='ltr'><strong>caetera</strong></span> <span class='ocrx_word' id='word_1_96' title='bbox 1394 1823 1578 1868; x_wconf 89' lang='lat' dir='ltr'><strong>contra</strong></span> <span class='ocrx_word' id='word_1_97' title='bbox 1598 1814 1914 1876; x_wconf 87' lang='lat' dir='ltr'><strong>Donatistas,</strong></span> 
     </span>
    </p>
   </div>
   <div class='ocr_carea' id='block_1_17' title="bbox 337 1905 1917 1974">
    <p class='ocr_par' dir='ltr' id='par_1_17' title="bbox 337 1905 1917 1974">
     <span class='ocr_line' id='line_1_17' title="bbox 337 1905 1917 1974; baseline -0.001 -16"><span class='ocrx_word' id='word_1_98' title='bbox 337 1921 444 1958; x_wconf 91' lang='lat' dir='ltr'><strong>non</strong></span> <span class='ocrx_word' id='word_1_99' title='bbox 484 1906 851 1960; x_wconf 89' lang='lat' dir='ltr'><strong>brevissimum</strong></span> <span class='ocrx_word' id='word_1_100' title='bbox 896 1905 1035 1960; x_wconf 84' lang='lat' dir='ltr'><strong>sicut</strong></span> <span class='ocrx_word' id='word_1_101' title='bbox 1078 1915 1268 1972; x_wconf 90' lang='lat' dir='ltr'><strong>antea,</strong></span> <span class='ocrx_word' id='word_1_102' title='bbox 1309 1905 1402 1960; x_wconf 89' lang='lat' dir='ltr'><strong>sed</strong></span> <span class='ocrx_word' id='word_1_103' title='bbox 1430 1906 1687 1974; x_wconf 81' lang='lat' dir='ltr'><strong>grandem</strong></span> <span class='ocrx_word' id='word_1_104' title='bbox 1710 1947 1724 1970; x_wconf 93' lang='lat'><strong>,</strong></span> <span class='ocrx_word' id='word_1_105' title='bbox 1753 1905 1917 1958; x_wconf 88' lang='lat' dir='ltr'><strong>multo</strong></span> 
     </span>
    </p>
   </div>
   <div class='ocr_carea' id='block_1_18' title="bbox 337 1997 1916 2068">
    <p class='ocr_par' dir='ltr' id='par_1_18' title="bbox 337 1997 1916 2068">
     <span class='ocr_line' id='line_1_18' title="bbox 337 1997 1916 2068; baseline -0.001 -17"><span class='ocrx_word' id='word_1_106' title='bbox 337 1998 671 2067; x_wconf 90' lang='lat' dir='ltr'><strong>diligentius;</strong></span> <span class='ocrx_word' id='word_1_107' title='bbox 724 1999 775 2051; x_wconf 93' lang='lat' dir='ltr'><strong>in</strong></span> <span class='ocrx_word' id='word_1_108' title='bbox 819 2014 924 2067; x_wconf 90' lang='lat' dir='ltr'><strong>quo</strong></span> <span class='ocrx_word' id='word_1_109' title='bbox 971 2007 1190 2067; x_wconf 79' lang='lat' dir='ltr'><strong>apparet</strong></span> <span class='ocrx_word' id='word_1_110' title='bbox 1238 1997 1683 2068; x_wconf 85' lang='lat' dir='ltr'><strong>quemadmodum</strong></span> <span class='ocrx_word' id='word_1_111' title='bbox 1732 2012 1916 2051; x_wconf 88' lang='lat' dir='ltr'><strong>eorum</strong></span> 
     </span>
    </p>
   </div>
   <div class='ocr_carea' id='block_1_19' title="bbox 335 2089 1918 2162">
    <p class='ocr_par' dir='ltr' id='par_1_19' title="bbox 335 2089 1918 2162">
     <span class='ocr_line' id='line_1_19' title="bbox 335 2089 1918 2162; baseline 0 -20"><span class='ocrx_word' id='word_1_112' title='bbox 335 2089 596 2143; x_wconf 89' lang='lat' dir='ltr'><strong>adversus</strong></span> <span class='ocrx_word' id='word_1_113' title='bbox 634 2089 925 2144; x_wconf 85' lang='lat' dir='ltr'><strong>Ecclesiam</strong></span> <span class='ocrx_word' id='word_1_114' title='bbox 965 2090 1278 2162; x_wconf 84' lang='lat' dir='ltr'><strong>catholicam</strong></span> <span class='ocrx_word' id='word_1_115' title='bbox 1315 2090 1530 2159; x_wconf 89' lang='lat' dir='ltr'><strong>impium</strong></span> <span class='ocrx_word' id='word_1_116' title='bbox 1559 2105 1621 2143; x_wconf 91' lang='lat' dir='ltr'><strong>ac</strong></span> <span class='ocrx_word' id='word_1_117' title='bbox 1649 2089 1918 2158; x_wconf 82' lang='lat' dir='ltr'><strong>superbis-</strong></span> 
     </span>
    </p>
   </div>
   <div class='ocr_carea' id='block_1_20' title="bbox 338 2183 1919 2237">
    <p class='ocr_par' dir='ltr' id='par_1_20' title="bbox 338 2183 1919 2237">
     <span class='ocr_line' id='line_1_20' title="bbox 338 2183 1919 2237; baseline -0.001 -1"><span class='ocrx_word' id='word_1_118' title='bbox 338 2184 532 2236; x_wconf 89' lang='lat' dir='ltr'><strong>simum</strong></span> <span class='ocrx_word' id='word_1_119' title='bbox 569 2198 804 2237; x_wconf 89' lang='lat' dir='ltr'><strong>errorem</strong></span> <span class='ocrx_word' id='word_1_120' title='bbox 832 2185 945 2237; x_wconf 90' lang='lat' dir='ltr'><strong>sola</strong></span> <span class='ocrx_word' id='word_1_121' title='bbox 974 2183 1205 2237; x_wconf 82' lang='lat' dir='ltr'><strong>funditus</strong></span> <span class='ocrx_word' id='word_1_122' title='bbox 1233 2183 1730 2237; x_wconf 75' lang='lat' dir='ltr'><strong>ltlaximianistarum</strong></span> <span class='ocrx_word' id='word_1_123' title='bbox 1762 2196 1919 2235; x_wconf 91' lang='lat' dir='ltr'><strong>causa</strong></span> 
     </span>
    </p>
   </div>
   <div class='ocr_carea' id='block_1_21' title="bbox 343 2274 1922 2344">
    <p class='ocr_par' dir='ltr' id='par_1_21' title="bbox 343 2274 1922 2344">
     <span class='ocr_line' id='line_1_21' title="bbox 343 2274 1922 2344; baseline 0.001 -16"><span class='ocrx_word' id='word_1_124' title='bbox 343 2275 651 2337; x_wconf 86' lang='lat' dir='ltr'><strong>subvertat,</strong></span> <span class='ocrx_word' id='word_1_125' title='bbox 701 2274 841 2344; x_wconf 90' lang='lat' dir='ltr'><strong>quod</strong></span> <span class='ocrx_word' id='word_1_126' title='bbox 885 2274 1113 2328; x_wconf 91' lang='lat' dir='ltr'><strong>schisma</strong></span> <span class='ocrx_word' id='word_1_127' title='bbox 1156 2274 1352 2329; x_wconf 84' lang='lat' dir='ltr'><strong>factum</strong></span> <span class='ocrx_word' id='word_1_128' title='bbox 1396 2283 1479 2330; x_wconf 88' lang='lat' dir='ltr'><strong>est</strong></span> <span class='ocrx_word' id='word_1_129' title='bbox 1516 2290 1578 2328; x_wconf 83' lang='lat' dir='ltr'><strong>ex</strong></span> <span class='ocrx_word' id='word_1_130' title='bbox 1620 2275 1731 2344; x_wconf 90' lang='lat' dir='ltr'><strong>ipsa</strong></span> <span class='ocrx_word' id='word_1_131' title='bbox 1775 2282 1922 2342; x_wconf 87' lang='lat' dir='ltr'><strong>parte</strong></span> 
     </span>
    </p>
   </div>
   <div class='ocr_carea' id='block_1_22' title="bbox 341 2363 1922 2445">
    <p class='ocr_par' dir='ltr' id='par_1_22' title="bbox 341 2363 1922 2445">
     <span class='ocr_line' id='line_1_22' title="bbox 341 2363 1922 2445; baseline 0.001 -29"><span class='ocrx_word' id='word_1_132' title='bbox 341 2363 548 2417; x_wconf 86' lang='lat' dir='ltr'><strong>Donati.</strong></span> <span class='ocrx_word' id='word_1_133' title='bbox 574 2364 669 2419; x_wconf 86' lang='lat' dir='ltr'><strong>llic</strong></span> <span class='ocrx_word' id='word_1_134' title='bbox 691 2365 826 2445; x_wconf 86' lang='lat' dir='ltr'><strong>liber</strong></span> <span class='ocrx_word' id='word_1_135' title='bbox 844 2365 921 2419; x_wconf 90' lang='lat' dir='ltr'><strong>sic</strong></span> <span class='ocrx_word' id='word_1_136' title='bbox 944 2365 1128 2434; x_wconf 90' lang='lat' dir='ltr'><strong>incipit</strong></span> <span class='ocrx_word' id='word_1_137' title='bbox 1151 2381 1164 2418; x_wconf 89' lang='lat'><strong>:</strong></span> <span class='ocrx_word' id='word_1_138' title='bbox 1190 2364 1355 2419; x_wconf 81' lang='lat' dir='ltr'><strong>Multa</strong></span> <span class='ocrx_word' id='word_1_139' title='bbox 1365 2367 1478 2436; x_wconf 90' lang='lat' dir='ltr'><strong>jam</strong></span> <span class='ocrx_word' id='word_1_140' title='bbox 1498 2365 1736 2432; x_wconf 76' lang='lat' dir='ltr'><strong>diximus,</strong></span> <span class='ocrx_word' id='word_1_141' title='bbox 1762 2367 1922 2420; x_wconf 88' lang='lat' dir='ltr'><strong>multa</strong></span> 
     </span>
    </p>
   </div>
   <div class='ocr_carea' id='block_1_23' title="bbox 335 2455 777 2524">
    <p class='ocr_par' dir='ltr' id='par_1_23' title="bbox 335 2455 777 2524">
     <span class='ocr_line' id='line_1_23' title="bbox 335 2455 777 2524; baseline 0.002 -18"><span class='ocrx_word' id='word_1_142' title='bbox 335 2455 445 2522; x_wconf 86' lang='lat' dir='ltr'><strong>jam</strong></span> <span class='ocrx_word' id='word_1_143' title='bbox 470 2455 777 2524; x_wconf 72' lang='lat' dir='ltr'><strong>scripsimus.</strong></span> 
     </span>
    </p>
   </div>
   <div class='ocr_carea' id='block_1_24' title="bbox 875 2564 1382 2621">
    <p class='ocr_par' dir='ltr' id='par_1_24' title="bbox 875 2564 1382 2621">
     <span class='ocr_line' id='line_1_24' title="bbox 875 2564 1382 2621; baseline -0.004 -1"><span class='ocrx_word' id='word_1_144' title='bbox 875 2564 1102 2620; x_wconf 82' lang='lat' dir='ltr'><strong>CAPUT</strong></span> <span class='ocrx_word' id='word_1_145' title='bbox 1141 2564 1382 2621; x_wconf 84' lang='lat' dir='ltr'><strong>XXXVI.</strong></span> 
     </span>
    </p>
   </div>
   <div class='ocr_carea' id='block_1_25' title="bbox 345 2674 1920 2744">
    <p class='ocr_par' dir='ltr' id='par_1_25' title="bbox 345 2674 1920 2744">
     <span class='ocr_line' id='line_1_25' title="bbox 345 2674 1920 2744; baseline 0 -14"><span class='ocrx_word' id='word_1_146' title='bbox 345 2674 421 2731; x_wconf 80' lang='lat' dir='ltr'><strong>De</strong></span> <span class='ocrx_word' id='word_1_147' title='bbox 453 2677 631 2731; x_wconf 85' lang='lat' dir='ltr'><strong>Gratia</strong></span> <span class='ocrx_word' id='word_1_148' title='bbox 658 2677 964 2732; x_wconf 87' lang='lat' dir='ltr'><strong>Testameuti</strong></span> <span class='ocrx_word' id='word_1_149' title='bbox 993 2677 1146 2744; x_wconf 86' lang='lat' dir='ltr'><strong>Novi,</strong></span> <span class='ocrx_word' id='word_1_150' title='bbox 1181 2679 1246 2732; x_wconf 83' lang='lat' dir='ltr'><strong>ad</strong></span> <span class='ocrx_word' id='word_1_151' title='bbox 1281 2677 1596 2732; x_wconf 78' lang='lat' dir='ltr'><strong>Honoratum</strong></span> <span class='ocrx_word' id='word_1_152' title='bbox 1623 2679 1745 2733; x_wconf 87' lang='lat' dir='ltr'><strong>liber</strong></span> <span class='ocrx_word' id='word_1_153' title='bbox 1769 2695 1920 2731; x_wconf 88' lang='lat' dir='ltr'><strong>unus.</strong></span> 
     </span>
    </p>
   </div>
   <div class='ocr_carea' id='block_1_26' title="bbox 416 2781 1925 2864">
    <p class='ocr_par' dir='ltr' id='par_1_26' title="bbox 416 2781 1925 2864">
     <span class='ocr_line' id='line_1_26' title="bbox 416 2781 1925 2864; baseline -0.001 -18"><span class='ocrx_word' id='word_1_154' title='bbox 416 2793 492 2847; x_wconf 85' lang='lat' dir='ltr'><strong>Eo</strong></span> <span class='ocrx_word' id='word_1_155' title='bbox 515 2794 630 2864; x_wconf 89' lang='lat' dir='ltr'><strong>ipso</strong></span> <span class='ocrx_word' id='word_1_156' title='bbox 655 2802 890 2863; x_wconf 90' lang='lat' dir='ltr'><strong>tempore</strong></span> <span class='ocrx_word' id='word_1_157' title='bbox 916 2810 1020 2863; x_wconf 89' lang='lat' dir='ltr'><strong>quo</strong></span> <span class='ocrx_word' id='word_1_158' title='bbox 1046 2803 1229 2847; x_wconf 88' lang='lat' dir='ltr'><strong>contra</strong></span> <span class='ocrx_word' id='word_1_159' title='bbox 1255 2793 1552 2846; x_wconf 88' lang='lat' dir='ltr'><strong>Donatistas</strong></span> <span class='ocrx_word' id='word_1_160' title='bbox 1582 2781 1925 2845; x_wconf 75' lang='lat' dir='ltr'><strong>vehementer</strong></span> 
     </span>
    </p>
   </div>
   <div class='ocr_carea' id='block_1_27' title="bbox 341 2881 1924 2953">
    <p class='ocr_par' dir='ltr' id='par_1_27' title="bbox 341 2881 1924 2953">
     <span class='ocr_line' id='line_1_27' title="bbox 341 2881 1924 2953; baseline -0.002 -13"><span class='ocrx_word' id='word_1_161' title='bbox 341 2886 756 2952; x_wconf 79' lang='lat' dir='ltr'><strong>exercebamur,</strong></span> <span class='ocrx_word' id='word_1_162' title='bbox 788 2895 844 2940; x_wconf 88' lang='lat' dir='ltr'><strong>et</strong></span> <span class='ocrx_word' id='word_1_163' title='bbox 867 2895 1050 2940; x_wconf 88' lang='lat' dir='ltr'><strong>eontra</strong></span> <span class='ocrx_word' id='word_1_164' title='bbox 1082 2881 1391 2953; x_wconf 72' lang='lat' dir='ltr'><strong>Pelagianos</strong></span> <span class='ocrx_word' id='word_1_165' title='bbox 1420 2885 1654 2938; x_wconf 88' lang='lat' dir='ltr'><strong>exerceri</strong></span> <span class='ocrx_word' id='word_1_166' title='bbox 1679 2884 1783 2953; x_wconf 88' lang='lat' dir='ltr'><strong>jam</strong></span> <span class='ocrx_word' id='word_1_167' title='bbox 1812 2899 1924 2937; x_wconf 84' lang='lat' dir='ltr'><strong>coe-</strong></span> 
     </span>
    </p>
   </div>
   <div class='ocr_carea' id='block_1_28' title="bbox 340 2965 1928 3048">
    <p class='ocr_par' dir='ltr' id='par_1_28' title="bbox 340 2965 1928 3048">
     <span class='ocr_line' id='line_1_28' title="bbox 340 2965 1928 3048; baseline -0.003 -16"><span class='ocrx_word' id='word_1_168' title='bbox 340 2967 628 3048; x_wconf 83' lang='lat' dir='ltr'><strong>peramus,</strong></span> <span class='ocrx_word' id='word_1_169' title='bbox 666 2967 865 3031; x_wconf 75' lang='lat' dir='ltr'><strong>amicus</strong></span> <span class='ocrx_word' id='word_1_170' title='bbox 894 2965 1105 3047; x_wconf 84' lang='lat' dir='ltr'><strong>quidam</strong></span> <span class='ocrx_word' id='word_1_171' title='bbox 1136 2975 1268 3031; x_wconf 87' lang='lat' dir='ltr'><strong>mihi</strong></span> <span class='ocrx_word' id='word_1_172' title='bbox 1301 2977 1442 3030; x_wconf 91' lang='lat' dir='ltr'><strong>misit</strong></span> <span class='ocrx_word' id='word_1_173' title='bbox 1472 2976 1701 3046; x_wconf 70' lang='lat' dir='ltr'><strong>Quinque</strong></span> <span class='ocrx_word' id='word_1_174' title='bbox 1735 2992 1764 3029; x_wconf 91' lang='lat' dir='ltr'><strong>a</strong></span> <span class='ocrx_word' id='word_1_175' title='bbox 1798 2973 1928 3028; x_wconf 83' lang='lat' dir='ltr'><strong>Car-</strong></span> 
     </span>
    </p>
   </div>
   <div class='ocr_carea' id='block_1_29' title="bbox 341 3066 1925 3140">
    <p class='ocr_par' dir='ltr' id='par_1_29' title="bbox 341 3066 1925 3140">
     <span class='ocr_line' id='line_1_29' title="bbox 341 3066 1925 3140; baseline -0.002 -17"><span class='ocrx_word' id='word_1_176' title='bbox 341 3069 559 3139; x_wconf 80' lang='lat' dir='ltr'><strong>thagine</strong></span> <span class='ocrx_word' id='word_1_177' title='bbox 597 3071 949 3140; x_wconf 74' lang='lat' dir='ltr'><strong>qiuestiones,</strong></span> <span class='ocrx_word' id='word_1_178' title='bbox 988 3080 1040 3123; x_wconf 91' lang='lat' dir='ltr'><strong>ct</strong></span> <span class='ocrx_word' id='word_1_179' title='bbox 1072 3069 1277 3137; x_wconf 81' lang='lat' dir='ltr'><strong>rogavit</strong></span> <span class='ocrx_word' id='word_1_180' title='bbox 1312 3077 1368 3121; x_wconf 94' lang='lat' dir='ltr'><strong>ut</strong></span> <span class='ocrx_word' id='word_1_181' title='bbox 1405 3082 1495 3120; x_wconf 90' lang='lat' dir='ltr'><strong>eas</strong></span> <span class='ocrx_word' id='word_1_182' title='bbox 1535 3067 1606 3121; x_wconf 79' lang='lat' dir='ltr'><strong>illi</strong></span> <span class='ocrx_word' id='word_1_183' title='bbox 1645 3066 1925 3120; x_wconf 83' lang='lat' dir='ltr'><strong>scribendo</strong></span> 
     </span>
    </p>
   </div>
   <div class='ocr_carea' id='block_1_30' title="bbox 344 3155 1928 3234">
    <p class='ocr_par' dir='ltr' id='par_1_30' title="bbox 344 3155 1928 3234">
     <span class='ocr_line' id='line_1_30' title="bbox 344 3155 1928 3234; baseline -0.005 -18"><span class='ocrx_word' id='word_1_184' title='bbox 344 3177 702 3230; x_wconf 87' lang='lat' dir='ltr'><strong>exponerem;</strong></span> <span class='ocrx_word' id='word_1_185' title='bbox 744 3155 860 3230; x_wconf 75' lang='lat' dir='ltr'><strong>qua:</strong></span> <span class='ocrx_word' id='word_1_186' title='bbox 897 3169 1054 3214; x_wconf 89' lang='lat' dir='ltr'><strong>sunt:</strong></span> <span class='ocrx_word' id='word_1_187' title='bbox 1088 3159 1222 3225; x_wconf 83' lang='lat' dir='ltr'><strong>Quid</strong></span> <span class='ocrx_word' id='word_1_188' title='bbox 1257 3159 1355 3213; x_wconf 83' lang='lat' dir='ltr'><strong>sibi</strong></span> <span class='ocrx_word' id='word_1_189' title='bbox 1392 3158 1519 3234; x_wconf 83' lang='lat' dir='ltr'><strong>velit</strong></span> <span class='ocrx_word' id='word_1_190' title='bbox 1559 3173 1660 3210; x_wconf 90' lang='lat' dir='ltr'><strong>vox</strong></span> <span class='ocrx_word' id='word_1_191' title='bbox 1696 3157 1783 3210; x_wconf 91' lang='lat' dir='ltr'><strong>illa</strong></span> <span class='ocrx_word' id='word_1_192' title='bbox 1825 3157 1928 3210; x_wconf 89' lang='lat' dir='ltr'><strong>Do-</strong></span> 
     </span>
    </p>
   </div>
   <div class='ocr_carea' id='block_1_31' title="bbox 341 3236 1928 3322">
    <p class='ocr_par' dir='ltr' id='par_1_31' title="bbox 341 3239 1928 3322">
     <span class='ocr_line' id='line_1_31' title="bbox 341 3239 1928 3322; baseline -0.002 -16"><span class='ocrx_word' id='word_1_193' title='bbox 341 3253 472 3307; x_wconf 87' lang='lat' dir='ltr'><strong>mini</strong></span> <span class='ocrx_word' id='word_1_194' title='bbox 499 3295 514 3320; x_wconf 97' lang='lat'><strong>,</strong></span> <span class='ocrx_word' id='word_1_195' title='bbox 547 3252 680 3306; x_wconf 85' lang='lat' dir='ltr'><strong>Deus</strong></span> <span class='ocrx_word' id='word_1_196' title='bbox 711 3271 875 3315; x_wconf 87' lang='lat' dir='ltr'><strong>meus,</strong></span> <span class='ocrx_word' id='word_1_197' title='bbox 907 3251 1038 3308; x_wconf 83' lang='lat' dir='ltr'><strong>Deus</strong></span> <span class='ocrx_word' id='word_1_198' title='bbox 1075 3271 1240 3318; x_wconf 74' lang='lat' dir='ltr'><strong>meus,</strong></span> <span class='ocrx_word' id='word_1_199' title='bbox 1274 3239 1450 3322; x_wconf 83' lang='lat' dir='ltr'><strong>utquid</strong></span> <span class='ocrx_word' id='word_1_200' title='bbox 1485 3243 1560 3304; x_wconf 78' lang='lat' dir='ltr'><strong>mc</strong></span> <span class='ocrx_word' id='word_1_201' title='bbox 1584 3250 1928 3322; x_wconf 76' lang='lat' dir='ltr'><strong>drrcliquisti?</strong></span> 
     </span>
    </p>
   </div>
   <div class='ocr_carea' id='block_1_32' title="bbox 343 3335 1927 3420">
    <p class='ocr_par' dir='ltr' id='par_1_32' title="bbox 343 3335 1927 3420">
     <span class='ocr_line' id='line_1_32' title="bbox 343 3335 1927 3420; baseline -0.003 -20"><span class='ocrx_word' id='word_1_202' title='bbox 343 3345 526 3420; x_wconf 85' lang='lat' dir='ltr'><strong>(Psal.</strong></span> <span class='ocrx_word' id='word_1_203' title='bbox 560 3364 687 3413; x_wconf 69' lang='grc' dir='ltr'><strong>χιι,</strong></span> <span class='ocrx_word' id='word_1_204' title='bbox 723 3348 786 3413; x_wconf 82' lang='grc'><strong>1;</strong></span> <span class='ocrx_word' id='word_1_205' title='bbox 828 3347 1015 3400; x_wconf 80' lang='lat' dir='ltr'><strong>Matth.</strong></span> <span class='ocrx_word' id='word_1_206' title='bbox 1061 3362 1238 3409; x_wconf 88' lang='lat' dir='ltr'><strong>xxvn,</strong></span> <span class='ocrx_word' id='word_1_207' title='bbox 1270 3343 1398 3413; x_wconf 71' lang='lat'><strong>46.)</strong></span> <span class='ocrx_word' id='word_1_208' title='bbox 1426 3343 1492 3399; x_wconf 86' lang='lat' dir='ltr'><strong>Et</strong></span> <span class='ocrx_word' id='word_1_209' title='bbox 1519 3335 1644 3413; x_wconf 85' lang='lat' dir='ltr'><strong>quid</strong></span> <span class='ocrx_word' id='word_1_210' title='bbox 1685 3345 1752 3396; x_wconf 87' lang='lat' dir='ltr'><strong>sit</strong></span> <span class='ocrx_word' id='word_1_211' title='bbox 1787 3342 1927 3411; x_wconf 85' lang='lat' dir='ltr'><strong>quod</strong></span> 
     </span>
    </p>
   </div>
   <div class='ocr_carea' id='block_1_33' title="bbox 340 3435 1924 3509">
    <p class='ocr_par' dir='ltr' id='par_1_33' title="bbox 340 3435 1924 3509">
     <span class='ocr_line' id='line_1_33' title="bbox 340 3435 1924 3509; baseline -0.004 -16"><span class='ocrx_word' id='word_1_212' title='bbox 340 3441 416 3494; x_wconf 81' lang='lat' dir='ltr'><strong>ait</strong></span> <span class='ocrx_word' id='word_1_213' title='bbox 462 3439 746 3509; x_wconf 86' lang='lat' dir='ltr'><strong>Apostolus</strong></span> <span class='ocrx_word' id='word_1_214' title='bbox 773 3481 786 3503; x_wconf 93' lang='lat'><strong>,</strong></span> <span class='ocrx_word' id='word_1_215' title='bbox 838 3438 905 3493; x_wconf 87' lang='lat' dir='ltr'><strong>Ut</strong></span> <span class='ocrx_word' id='word_1_216' title='bbox 952 3440 1003 3492; x_wconf 89' lang='lat' dir='ltr'><strong>in</strong></span> <span class='ocrx_word' id='word_1_217' title='bbox 1049 3439 1292 3492; x_wconf 87' lang='lat' dir='ltr'><strong>charitate</strong></span> <span class='ocrx_word' id='word_1_218' title='bbox 1343 3437 1556 3490; x_wconf 85' lang='lat' dir='ltr'><strong>radicati</strong></span> <span class='ocrx_word' id='word_1_219' title='bbox 1601 3445 1647 3490; x_wconf 86' lang='lat' dir='ltr'><strong>et</strong></span> <span class='ocrx_word' id='word_1_220' title='bbox 1695 3435 1924 3504; x_wconf 80' lang='lat' dir='ltr'><strong>fundati,</strong></span> 
     </span>
    </p>
   </div>
   <div class='ocr_carea' id='block_1_34' title="bbox 343 3527 1930 3600">
    <p class='ocr_par' dir='ltr' id='par_1_34' title="bbox 343 3527 1930 3600">
     <span class='ocr_line' id='line_1_34' title="bbox 343 3527 1930 3600; baseline -0.003 -16"><span class='ocrx_word' id='word_1_221' title='bbox 343 3532 666 3599; x_wconf 77' lang='lat' dir='ltr'><strong>prtcvaleatis</strong></span> <span class='ocrx_word' id='word_1_222' title='bbox 704 3527 1120 3600; x_wconf 62' lang='lat' dir='ltr'><strong>comprehendere</strong></span> <span class='ocrx_word' id='word_1_223' title='bbox 1157 3546 1268 3582; x_wconf 90' lang='lat' dir='ltr'><strong>cum</strong></span> <span class='ocrx_word' id='word_1_224' title='bbox 1311 3527 1537 3581; x_wconf 83' lang='lat' dir='ltr'><strong>omnibus</strong></span> <span class='ocrx_word' id='word_1_225' title='bbox 1578 3528 1781 3592; x_wconf 87' lang='lat' dir='ltr'><strong>sanctis,</strong></span> <span class='ocrx_word' id='word_1_226' title='bbox 1818 3541 1930 3593; x_wconf 67' lang='lat' dir='ltr'><strong>quae</strong></span> 
     </span>
    </p>
   </div>
   <div class='ocr_carea' id='block_1_35' title="bbox 341 3615 1929 3693">
    <p class='ocr_par' dir='ltr' id='par_1_35' title="bbox 341 3615 1929 3693">
     <span class='ocr_line' id='line_1_35' title="bbox 341 3615 1929 3693; baseline -0.003 -16"><span class='ocrx_word' id='word_1_227' title='bbox 341 3623 407 3678; x_wconf 83' lang='lat' dir='ltr'><strong>sit</strong></span> <span class='ocrx_word' id='word_1_228' title='bbox 456 3623 704 3691; x_wconf 88' lang='lat' dir='ltr'><strong>latitudo,</strong></span> <span class='ocrx_word' id='word_1_229' title='bbox 747 3632 791 3676; x_wconf 86' lang='lat' dir='ltr'><strong>et</strong></span> <span class='ocrx_word' id='word_1_230' title='bbox 836 3622 1133 3693; x_wconf 78' lang='lat' dir='ltr'><strong>longitudo,</strong></span> <span class='ocrx_word' id='word_1_231' title='bbox 1176 3632 1220 3674; x_wconf 84' lang='lat' dir='ltr'><strong>et</strong></span> <span class='ocrx_word' id='word_1_232' title='bbox 1258 3615 1488 3680; x_wconf 77' lang='lat' dir='ltr'><strong>altitudo,</strong></span> <span class='ocrx_word' id='word_1_233' title='bbox 1533 3617 1576 3672; x_wconf 83' lang='lat' dir='ltr'><strong>ct</strong></span> <span class='ocrx_word' id='word_1_234' title='bbox 1620 3619 1929 3690; x_wconf 74' lang='lat' dir='ltr'><strong>profundum</strong></span> 
     </span>
    </p>
   </div>
   <div class='ocr_carea' id='block_1_36' title="bbox 348 3695 1931 3790">
    <p class='ocr_par' dir='ltr' id='par_1_36' title="bbox 348 3695 1931 3790">
     <span class='ocr_line' id='line_1_36' title="bbox 348 3695 1931 3790; baseline -0.003 -20"><span class='ocrx_word' id='word_1_235' title='bbox 348 3716 581 3790; x_wconf 81' lang='lat' dir='ltr'><strong>(Ep/tes.</strong></span> <span class='ocrx_word' id='word_1_236' title='bbox 612 3711 701 3779; x_wconf 77' lang='lat' dir='ltr'><strong>iu,</strong></span> <span class='ocrx_word' id='word_1_237' title='bbox 732 3718 818 3782; x_wconf 77' lang='grc'><strong>17,</strong></span> <span class='ocrx_word' id='word_1_238' title='bbox 1009 3707 1073 3768; x_wconf 82' lang='lat' dir='ltr'><strong>Et</strong></span> <span class='ocrx_word' id='word_1_239' title='bbox 1115 3732 1232 3783; x_wconf 65' lang='lat' dir='ltr'><strong>qua:</strong></span> <span class='ocrx_word' id='word_1_240' title='bbox 1275 3714 1379 3767; x_wconf 89' lang='lat' dir='ltr'><strong>sint</strong></span> <span class='ocrx_word' id='word_1_241' title='bbox 1419 3713 1652 3782; x_wconf 87' lang='lat' dir='ltr'><strong>quinque</strong></span> <span class='ocrx_word' id='word_1_242' title='bbox 1696 3713 1931 3780; x_wconf 84' lang='lat' dir='ltr'><strong>virgines</strong></span> 
     </span>
    </p>
   </div>
   <div class='ocr_carea' id='block_1_37' title="bbox 343 3797 1929 3877">
    <p class='ocr_par' dir='ltr' id='par_1_37' title="bbox 343 3797 1929 3877">
     <span class='ocr_line' id='line_1_37' title="bbox 343 3797 1929 3877; baseline -0.004 -15"><span class='ocrx_word' id='word_1_243' title='bbox 343 3811 517 3862; x_wconf 72' lang='lat' dir='ltr'><strong>stulta:</strong></span> <span class='ocrx_word' id='word_1_244' title='bbox 538 3851 552 3873; x_wconf 97' lang='lat'><strong>,</strong></span> <span class='ocrx_word' id='word_1_245' title='bbox 583 3824 766 3877; x_wconf 70' lang='lat' dir='ltr'><strong>qumve</strong></span> <span class='ocrx_word' id='word_1_246' title='bbox 801 3807 1068 3875; x_wconf 79' lang='lat' dir='ltr'><strong>sapientes</strong></span> <span class='ocrx_word' id='word_1_247' title='bbox 1101 3803 1320 3877; x_wconf 78' lang='lat' dir='ltr'><strong>(Matth.</strong></span> <span class='ocrx_word' id='word_1_248' title='bbox 1354 3821 1479 3865; x_wconf 79' lang='lat' dir='ltr'><strong>xxv,</strong></span> <span class='ocrx_word' id='word_1_249' title='bbox 1513 3803 1690 3874; x_wconf 76' lang='lat' dir='ltr'><strong>i-l‘2).</strong></span> <span class='ocrx_word' id='word_1_250' title='bbox 1718 3797 1785 3857; x_wconf 85' lang='lat' dir='ltr'><strong>Et</strong></span> <span class='ocrx_word' id='word_1_251' title='bbox 1812 3819 1929 3872; x_wconf 73' lang='lat' dir='ltr'><strong>qua:</strong></span> 
     </span>
    </p>
   </div>
   <div class='ocr_carea' id='block_1_38' title="bbox 343 3893 1930 3976">
    <p class='ocr_par' dir='ltr' id='par_1_38' title="bbox 343 3893 1930 3976">
     <span class='ocr_line' id='line_1_38' title="bbox 343 3893 1930 3976; baseline -0.003 -24"><span class='ocrx_word' id='word_1_252' title='bbox 343 3900 451 3952; x_wconf 89' lang='lat' dir='ltr'><strong>sint</strong></span> <span class='ocrx_word' id='word_1_253' title='bbox 498 3899 730 3952; x_wconf 65' lang='lat' dir='ltr'><strong>tenebrae</strong></span> <span class='ocrx_word' id='word_1_254' title='bbox 776 3899 1064 3976; x_wconf 82' lang='lat' dir='ltr'><strong>exteriores</strong></span> <span class='ocrx_word' id='word_1_255' title='bbox 1094 3895 1202 3966; x_wconf 87' lang='lat' dir='ltr'><strong>(Id.</strong></span> <span class='ocrx_word' id='word_1_256' title='bbox 1249 3912 1392 3960; x_wconf 79' lang='lat' dir='ltr'><strong>xxii,</strong></span> <span class='ocrx_word' id='word_1_257' title='bbox 1428 3897 1535 3965; x_wconf 77' lang='grc'><strong>15).</strong></span> <span class='ocrx_word' id='word_1_258' title='bbox 1568 3895 1631 3949; x_wconf 81' lang='grc' dir='ltr'><strong>Εἰ</strong></span> <span class='ocrx_word' id='word_1_259' title='bbox 1665 3893 1930 3964; x_wconf 90' lang='lat' dir='ltr'><strong>quomodo</strong></span> 
     </span>
    </p>
   </div>
   <div class='ocr_carea' id='block_1_39' title="bbox 345 3985 1926 4060">
    <p class='ocr_par' dir='ltr' id='par_1_39' title="bbox 345 3985 1926 4060">
     <span class='ocr_line' id='line_1_39' title="bbox 345 3985 1926 4060; baseline -0.004 -15"><span class='ocrx_word' id='word_1_260' title='bbox 345 3991 750 4060; x_wconf 84' lang='lat' dir='ltr'><strong>intelligendum</strong></span> <span class='ocrx_word' id='word_1_261' title='bbox 771 3991 866 4053; x_wconf 91' lang='lat' dir='ltr'><strong>sit,</strong></span> <span class='ocrx_word' id='word_1_262' title='bbox 896 3985 1110 4042; x_wconf 78' lang='lat' dir='ltr'><strong>Verbum</strong></span> <span class='ocrx_word' id='word_1_263' title='bbox 1127 4005 1245 4040; x_wconf 89' lang='lat' dir='ltr'><strong>caro</strong></span> <span class='ocrx_word' id='word_1_264' title='bbox 1262 3992 1448 4058; x_wconf 78' lang='lat' dir='ltr'><strong>factum</strong></span> <span class='ocrx_word' id='word_1_265' title='bbox 1465 3998 1532 4040; x_wconf 81' lang='lat' dir='ltr'><strong>est</strong></span> <span class='ocrx_word' id='word_1_266' title='bbox 1553 3985 1723 4058; x_wconf 82' lang='lat' dir='ltr'><strong>(Joan.</strong></span> <span class='ocrx_word' id='word_1_267' title='bbox 1744 4002 1757 4038; x_wconf 89' lang='grc' dir='ltr'>ι</span> <span class='ocrx_word' id='word_1_268' title='bbox 1775 4028 1788 4051; x_wconf 92' lang='grc'><em>,</em></span> <span class='ocrx_word' id='word_1_269' title='bbox 1818 3986 1926 4055; x_wconf 77' lang='grc' dir='ltr'><strong>Μ).</strong></span> 
     </span>
    </p>
   </div>
   <div class='ocr_carea' id='block_1_40' title="bbox 347 4075 1933 4152">
    <p class='ocr_par' dir='ltr' id='par_1_40' title="bbox 347 4075 1933 4152">
     <span class='ocr_line' id='line_1_40' title="bbox 347 4075 1933 4152; baseline -0.006 -14"><span class='ocrx_word' id='word_1_270' title='bbox 347 4084 462 4152; x_wconf 85' lang='lat' dir='ltr'><strong>Ego</strong></span> <span class='ocrx_word' id='word_1_271' title='bbox 490 4092 667 4136; x_wconf 86' lang='lat' dir='ltr'><strong>autem</strong></span> <span class='ocrx_word' id='word_1_272' title='bbox 699 4081 911 4135; x_wconf 89' lang='lat' dir='ltr'><strong>intuens</strong></span> <span class='ocrx_word' id='word_1_273' title='bbox 939 4097 1095 4150; x_wconf 91' lang='lat' dir='ltr'><strong>supra</strong></span> <span class='ocrx_word' id='word_1_274' title='bbox 1126 4080 1318 4132; x_wconf 85' lang='lat' dir='ltr'><strong>dictam</strong></span> <span class='ocrx_word' id='word_1_275' title='bbox 1347 4075 1591 4132; x_wconf 75' lang='lat' dir='ltr'><strong>Ineresim</strong></span> <span class='ocrx_word' id='word_1_276' title='bbox 1635 4093 1823 4130; x_wconf 81' lang='lat' dir='ltr'><strong>novam</strong></span> <span class='ocrx_word' id='word_1_277' title='bbox 1854 4077 1933 4129; x_wconf 92' lang='lat' dir='ltr'><strong>in-</strong></span> 
     </span>
    </p>
   </div>
   <div class='ocr_carea' id='block_1_41' title="bbox 351 4167 1929 4243">
    <p class='ocr_par' dir='ltr' id='par_1_41' title="bbox 351 4167 1929 4243">
     <span class='ocr_line' id='line_1_41' title="bbox 351 4167 1929 4243; baseline -0.005 -15"><span class='ocrx_word' id='word_1_278' title='bbox 351 4174 568 4228; x_wconf 83' lang='lat' dir='ltr'><strong>imicam</strong></span> <span class='ocrx_word' id='word_1_279' title='bbox 592 4175 772 4243; x_wconf 70' lang='lat' dir='ltr'><strong>gratim</strong></span> <span class='ocrx_word' id='word_1_280' title='bbox 800 4173 912 4238; x_wconf 91' lang='lat' dir='ltr'><strong>Dei,</strong></span> <span class='ocrx_word' id='word_1_281' title='bbox 934 4171 1132 4225; x_wconf 63' lang='lat' dir='ltr'><strong>Scitam</strong></span> <span class='ocrx_word' id='word_1_282' title='bbox 1158 4171 1286 4224; x_wconf 92' lang='lat' dir='ltr'><strong>mihi</strong></span> <span class='ocrx_word' id='word_1_283' title='bbox 1318 4167 1562 4239; x_wconf 67' lang='lat' dir='ltr'><strong>proposui</strong></span> <span class='ocrx_word' id='word_1_284' title='bbox 1587 4169 1929 4237; x_wconf 62' lang='lat' dir='ltr'><strong>qua‘stionem</strong></span> 
     </span>
    </p>
   </div>
   <div class='ocr_carea' id='block_1_42' title="bbox 344 4257 1930 4328">
    <p class='ocr_par' dir='ltr' id='par_1_42' title="bbox 344 4257 1930 4328">
     <span class='ocr_line' id='line_1_42' title="bbox 344 4257 1930 4328; baseline -0.006 -9"><span class='ocrx_word' id='word_1_285' title='bbox 344 4264 413 4319; x_wconf 89' lang='lat' dir='ltr'><strong>de</strong></span> <span class='ocrx_word' id='word_1_286' title='bbox 443 4264 625 4319; x_wconf 86' lang='lat' dir='ltr'><strong>Gratia</strong></span> <span class='ocrx_word' id='word_1_287' title='bbox 655 4257 978 4317; x_wconf 74' lang='lat' dir='ltr'><strong>Testamenii</strong></span> <span class='ocrx_word' id='word_1_288' title='bbox 1013 4260 1163 4316; x_wconf 77' lang='lat' dir='ltr'><strong>Novi.</strong></span> <span class='ocrx_word' id='word_1_289' title='bbox 1198 4261 1271 4313; x_wconf 90' lang='lat' dir='ltr'><strong>De</strong></span> <span class='ocrx_word' id='word_1_290' title='bbox 1297 4275 1396 4328; x_wconf 89' lang='lat' dir='ltr'><strong>qua</strong></span> <span class='ocrx_word' id='word_1_291' title='bbox 1427 4259 1732 4327; x_wconf 90' lang='lat' dir='ltr'><strong>disputans,</strong></span> <span class='ocrx_word' id='word_1_292' title='bbox 1763 4258 1930 4311; x_wconf 89' lang='lat' dir='ltr'><strong>inter-</strong></span> 
     </span>
    </p>
   </div>
   <div class='ocr_carea' id='block_1_43' title="bbox 348 4351 1931 4425">
    <p class='ocr_par' dir='ltr' id='par_1_43' title="bbox 348 4351 1931 4425">
     <span class='ocr_line' id='line_1_43' title="bbox 348 4351 1931 4425; baseline -0.001 -19"><span class='ocrx_word' id='word_1_293' title='bbox 348 4356 521 4425; x_wconf 73' lang='lat' dir='ltr'><strong>posita</strong></span> <span class='ocrx_word' id='word_1_294' title='bbox 569 4355 898 4423; x_wconf 75' lang='lat' dir='ltr'><strong>expositione</strong></span> <span class='ocrx_word' id='word_1_295' title='bbox 943 4354 1132 4423; x_wconf 87' lang='lat' dir='ltr'><strong>psalmi</strong></span> <span class='ocrx_word' id='word_1_296' title='bbox 1177 4352 1412 4421; x_wconf 87' lang='lat' dir='ltr'><strong>vigesimi</strong></span> <span class='ocrx_word' id='word_1_297' title='bbox 1458 4351 1648 4420; x_wconf 83' lang='lat' dir='ltr'><strong>primi,</strong></span> <span class='ocrx_word' id='word_1_298' title='bbox 1692 4351 1742 4403; x_wconf 95' lang='lat' dir='ltr'><strong>in</strong></span> <span class='ocrx_word' id='word_1_299' title='bbox 1783 4351 1931 4419; x_wconf 84' lang='lat' dir='ltr'><strong>cujus</strong></span> 
     </span>
    </p>
   </div>
   <div class='ocr_carea' id='block_1_44' title="bbox 347 4443 1927 4517">
    <p class='ocr_par' dir='ltr' id='par_1_44' title="bbox 347 4443 1927 4517">
     <span class='ocr_line' id='line_1_44' title="bbox 347 4443 1927 4517; baseline -0.003 -17"><span class='ocrx_word' id='word_1_300' title='bbox 347 4449 521 4517; x_wconf 88' lang='lat' dir='ltr'><strong>capite</strong></span> <span class='ocrx_word' id='word_1_301' title='bbox 543 4447 796 4516; x_wconf 90' lang='lat' dir='ltr'><strong>scriptum</strong></span> <span class='ocrx_word' id='word_1_302' title='bbox 817 4456 896 4500; x_wconf 91' lang='lat' dir='ltr'><strong>est</strong></span> <span class='ocrx_word' id='word_1_303' title='bbox 916 4445 1053 4516; x_wconf 87' lang='lat' dir='ltr'><strong>quod</strong></span> <span class='ocrx_word' id='word_1_304' title='bbox 1081 4445 1330 4498; x_wconf 89' lang='lat' dir='ltr'><strong>Dominus</strong></span> <span class='ocrx_word' id='word_1_305' title='bbox 1351 4444 1663 4498; x_wconf 88' lang='lat' dir='ltr'><strong>exclamavit</strong></span> <span class='ocrx_word' id='word_1_306' title='bbox 1682 4443 1735 4495; x_wconf 82' lang='lat' dir='ltr'><strong>in&#39;</strong></span> <span class='ocrx_word' id='word_1_307' title='bbox 1751 4457 1927 4508; x_wconf 88' lang='lat' dir='ltr'><strong>cruce,</strong></span> 
     </span>
    </p>
   </div>
   <div class='ocr_carea' id='block_1_45' title="bbox 349 4535 1930 4606">
    <p class='ocr_par' dir='ltr' id='par_1_45' title="bbox 349 4535 1930 4606">
     <span class='ocr_line' id='line_1_45' title="bbox 349 4535 1930 4606; baseline -0.001 -16"><span class='ocrx_word' id='word_1_308' title='bbox 349 4538 493 4606; x_wconf 91' lang='lat' dir='ltr'><strong>quod</strong></span> <span class='ocrx_word' id='word_1_309' title='bbox 529 4538 617 4591; x_wconf 91' lang='lat' dir='ltr'><strong>ille</strong></span> <span class='ocrx_word' id='word_1_310' title='bbox 652 4539 853 4591; x_wconf 86' lang='lat' dir='ltr'><strong>amicus</strong></span> <span class='ocrx_word' id='word_1_311' title='bbox 883 4538 935 4590; x_wconf 91' lang='lat' dir='ltr'><strong>in</strong></span> <span class='ocrx_word' id='word_1_312' title='bbox 968 4537 1150 4606; x_wconf 89' lang='lat' dir='ltr'><strong>primis</strong></span> <span class='ocrx_word' id='word_1_313' title='bbox 1186 4536 1317 4590; x_wconf 88' lang='lat' dir='ltr'><strong>mihi</strong></span> <span class='ocrx_word' id='word_1_314' title='bbox 1354 4535 1626 4605; x_wconf 82' lang='lat' dir='ltr'><strong>pmpo’snit</strong></span> <span class='ocrx_word' id='word_1_315' title='bbox 1658 4550 1930 4604; x_wconf 81' lang='lat' dir='ltr'><strong>exponen-</strong></span> 
     </span>
    </p>
   </div>
   <div class='ocr_carea' id='block_1_46' title="bbox 347 4623 1931 4698">
    <p class='ocr_par' dir='ltr' id='par_1_46' title="bbox 347 4623 1931 4698">
     <span class='ocr_line' id='line_1_46' title="bbox 347 4623 1931 4698; baseline -0.004 -16"><span class='ocrx_word' id='word_1_316' title='bbox 347 4630 510 4691; x_wconf 87' lang='lat' dir='ltr'><strong>dum;</strong></span> <span class='ocrx_word' id='word_1_317' title='bbox 563 4631 740 4683; x_wconf 87' lang='lat' dir='ltr'><strong>omnia</strong></span> <span class='ocrx_word' id='word_1_318' title='bbox 783 4629 868 4682; x_wconf 88' lang='lat' dir='ltr'><strong>illa</strong></span> <span class='ocrx_word' id='word_1_319' title='bbox 915 4630 1144 4698; x_wconf 86' lang='lat' dir='ltr'><strong>quinque</strong></span> <span class='ocrx_word' id='word_1_320' title='bbox 1189 4628 1402 4681; x_wconf 66' lang='lat' dir='ltr'><strong>dissolvi</strong></span> <span class='ocrx_word' id='word_1_321' title='bbox 1447 4623 1646 4697; x_wconf 86' lang='lat' dir='ltr'><strong>(Epist.</strong></span> <span class='ocrx_word' id='word_1_322' title='bbox 1694 4625 1814 4690; x_wconf 74' lang='lat' dir='ltr'><strong>MO,</strong></span> <span class='ocrx_word' id='word_1_323' title='bbox 1863 4624 1931 4677; x_wconf 86' lang='lat' dir='ltr'><strong>ad</strong></span> 
     </span>
    </p>
   </div>
   <div class='ocr_carea' id='block_1_47' title="bbox 354 4717 1927 4792">
    <p class='ocr_par' dir='ltr' id='par_1_47' title="bbox 354 4717 1927 4792">
     <span class='ocr_line' id='line_1_47' title="bbox 354 4717 1927 4792; baseline -0.003 -18"><span class='ocrx_word' id='word_1_324' title='bbox 354 4719 750 4792; x_wconf 79' lang='lat' dir='ltr'><strong>Honoratum):</strong></span> <span class='ocrx_word' id='word_1_325' title='bbox 781 4736 886 4774; x_wconf 91' lang='lat' dir='ltr'><strong>non</strong></span> <span class='ocrx_word' id='word_1_326' title='bbox 922 4720 1022 4773; x_wconf 86' lang='lat' dir='ltr'><strong>hoc</strong></span> <span class='ocrx_word' id='word_1_327' title='bbox 1060 4719 1242 4773; x_wconf 85' lang='lat' dir='ltr'><strong>ordine</strong></span> <span class='ocrx_word' id='word_1_328' title='bbox 1285 4734 1390 4788; x_wconf 88' lang='lat' dir='ltr'><strong>quo</strong></span> <span class='ocrx_word' id='word_1_329' title='bbox 1436 4727 1584 4771; x_wconf 88' lang='lat' dir='ltr'><strong>erant</strong></span> <span class='ocrx_word' id='word_1_330' title='bbox 1628 4717 1927 4785; x_wconf 85' lang='lat' dir='ltr'><strong>proposita;</strong></span> 
     </span>
    </p>
   </div>
   <div class='ocr_carea' id='block_1_48' title="bbox 349 4799 1927 4880">
    <p class='ocr_par' dir='ltr' id='par_1_48' title="bbox 349 4799 1927 4880">
     <span class='ocr_line' id='line_1_48' title="bbox 349 4799 1927 4880; baseline -0.004 -13"><span class='ocrx_word' id='word_1_331' title='bbox 349 4813 446 4867; x_wconf 87' lang='lat' dir='ltr'><strong>sed</strong></span> <span class='ocrx_word' id='word_1_332' title='bbox 473 4815 610 4867; x_wconf 88' lang='lat' dir='ltr'><strong>sicut</strong></span> <span class='ocrx_word' id='word_1_333' title='bbox 635 4813 765 4867; x_wconf 88' lang='lat' dir='ltr'><strong>mihi</strong></span> <span class='ocrx_word' id='word_1_334' title='bbox 791 4812 1072 4867; x_wconf 84' lang='lat' dir='ltr'><strong>disserenti</strong></span> <span class='ocrx_word' id='word_1_335' title='bbox 1111 4811 1178 4866; x_wconf 88' lang='lat' dir='ltr'><strong>de</strong></span> <span class='ocrx_word' id='word_1_336' title='bbox 1215 4811 1378 4880; x_wconf 85' lang='lat' dir='ltr'><strong>gratia</strong></span> <span class='ocrx_word' id='word_1_337' title='bbox 1417 4799 1547 4864; x_wconf 78' lang='lat' dir='ltr'><strong>Novi</strong></span> <span class='ocrx_word' id='word_1_338' title='bbox 1574 4809 1927 4876; x_wconf 83' lang='lat' dir='ltr'><strong>Tcstamenti,</strong></span> 
     </span>
    </p>
   </div>
   <div class='ocr_carea' id='block_1_49' title="bbox 347 4903 1926 4973">
    <p class='ocr_par' dir='ltr' id='par_1_49' title="bbox 347 4903 1926 4973">
     <span class='ocr_line' id='line_1_49' title="bbox 347 4903 1926 4973; baseline -0.004 -16"><span class='ocrx_word' id='word_1_339' title='bbox 347 4912 604 4973; x_wconf 82' lang='lat' dir='ltr'><strong>tanquam</strong></span> <span class='ocrx_word' id='word_1_340' title='bbox 635 4904 745 4956; x_wconf 89' lang='lat' dir='ltr'><strong>suis</strong></span> <span class='ocrx_word' id='word_1_341' title='bbox 773 4903 904 4957; x_wconf 91' lang='lat' dir='ltr'><strong>locis</strong></span> <span class='ocrx_word' id='word_1_342' title='bbox 935 4911 1287 4971; x_wconf 84' lang='lat' dir='ltr'><strong>congruenter</strong></span> <span class='ocrx_word' id='word_1_343' title='bbox 1315 4915 1594 4956; x_wconf 86' lang='lat' dir='ltr'><strong>occurrere</strong></span> <span class='ocrx_word' id='word_1_344' title='bbox 1624 4908 1926 4970; x_wconf 88' lang='lat' dir='ltr'><strong>potuerunt.</strong></span> 
     </span>
    </p>
   </div>
   <div class='ocr_carea' id='block_1_50' title="bbox 346 4993 1929 5065">
    <p class='ocr_par' dir='ltr' id='par_1_50' title="bbox 346 4993 1929 5065">
     <span class='ocr_line' id='line_1_50' title="bbox 346 4993 1929 5065; baseline -0.005 -14"><span class='ocrx_word' id='word_1_345' title='bbox 346 4996 448 5051; x_wconf 87' lang='lat' dir='ltr'><strong>Ilic</strong></span> <span class='ocrx_word' id='word_1_346' title='bbox 474 4997 608 5051; x_wconf 90' lang='lat' dir='ltr'><strong>liber</strong></span> <span class='ocrx_word' id='word_1_347' title='bbox 628 4997 705 5050; x_wconf 90' lang='lat' dir='ltr'><strong>sic</strong></span> <span class='ocrx_word' id='word_1_348' title='bbox 727 4995 910 5065; x_wconf 87' lang='lat' dir='ltr'><strong>incipit</strong></span> <span class='ocrx_word' id='word_1_349' title='bbox 933 5013 944 5048; x_wconf 92' lang='lat'><strong>:</strong></span> <span class='ocrx_word' id='word_1_350' title='bbox 977 4995 1205 5064; x_wconf 84' lang='lat' dir='ltr'><strong>Quinque</strong></span> <span class='ocrx_word' id='word_1_351' title='bbox 1233 4993 1354 5047; x_wconf 88' lang='lat' dir='ltr'><strong>mihi</strong></span> <span class='ocrx_word' id='word_1_352' title='bbox 1384 4993 1685 5064; x_wconf 81' lang='lat' dir='ltr'><strong>proposuisti</strong></span> <span class='ocrx_word' id='word_1_353' title='bbox 1709 5002 1929 5044; x_wconf 89' lang='lat' dir='ltr'><strong>tractan-</strong></span> 
     </span>
    </p>
   </div>
   <div class='ocr_carea' id='block_1_51' title="bbox 348 5086 784 5158">
    <p class='ocr_par' dir='ltr' id='par_1_51' title="bbox 348 5086 784 5158">
     <span class='ocr_line' id='line_1_51' title="bbox 348 5086 784 5158; baseline 0 -18"><span class='ocrx_word' id='word_1_354' title='bbox 348 5086 442 5141; x_wconf 86' lang='lat' dir='ltr'><strong>das</strong></span> <span class='ocrx_word' id='word_1_355' title='bbox 468 5087 784 5158; x_wconf 73' lang='lat' dir='ltr'><strong>quarstioues.</strong></span> 
     </span>
    </p>
   </div>
   <div class='ocr_carea' id='block_1_52' title="bbox 877 5167 1403 5252">
    <p class='ocr_par' dir='ltr' id='par_1_52' title="bbox 877 5167 1403 5252">
     <span class='ocr_line' id='line_1_52' title="bbox 877 5167 1403 5252; baseline -0.006 -1"><span class='ocrx_word' id='word_1_356' title='bbox 877 5195 1102 5252; x_wconf 84' lang='lat' dir='ltr'><strong>CAPUT</strong></span> <span class='ocrx_word' id='word_1_357' title='bbox 1141 5167 1403 5250; x_wconf 74' lang='lat' dir='ltr'><strong>XXXVII.</strong></span> 
     </span>
    </p>
   </div>
   <div class='ocr_carea' id='block_1_53' title="bbox 385 5313 1898 5386">
    <p class='ocr_par' dir='ltr' id='par_1_53' title="bbox 385 5313 1898 5386">
     <span class='ocr_line' id='line_1_53' title="bbox 385 5313 1898 5386; baseline -0.001 -19"><span class='ocrx_word' id='word_1_358' title='bbox 385 5314 464 5368; x_wconf 84' lang='lat' dir='ltr'><strong>De</strong></span> <span class='ocrx_word' id='word_1_359' title='bbox 501 5315 701 5386; x_wconf 77' lang='lat' dir='ltr'><strong>Spiritu</strong></span> <span class='ocrx_word' id='word_1_360' title='bbox 739 5324 784 5369; x_wconf 83' lang='lat' dir='ltr'><strong>et</strong></span> <span class='ocrx_word' id='word_1_361' title='bbox 823 5315 1030 5380; x_wconf 82' lang='lat' dir='ltr'><strong>Littera,</strong></span> <span class='ocrx_word' id='word_1_362' title='bbox 1054 5315 1122 5368; x_wconf 84' lang='lat' dir='ltr'><strong>ad</strong></span> <span class='ocrx_word' id='word_1_363' title='bbox 1161 5313 1546 5380; x_wconf 73' lang='lat' dir='ltr'><strong>Marcellinum,-</strong></span> <span class='ocrx_word' id='word_1_364' title='bbox 1585 5314 1709 5369; x_wconf 79' lang='lat' dir='ltr'><strong>liber</strong></span> <span class='ocrx_word' id='word_1_365' title='bbox 1744 5331 1898 5368; x_wconf 82' lang='lat' dir='ltr'><strong>unus.-</strong></span> 
     </span>
    </p>
   </div>
   <div class='ocr_carea' id='block_1_54' title="bbox 426 5441 1932 5519">
    <p class='ocr_par' dir='ltr' id='par_1_54' title="bbox 426 5441 1932 5519">
     <span class='ocr_line' id='line_1_54' title="bbox 426 5441 1932 5519; baseline 0.001 -19"><span class='ocrx_word' id='word_1_366' title='bbox 426 5448 506 5501; x_wconf 83' lang='lat' dir='ltr'><strong>Ad</strong></span> <span class='ocrx_word' id='word_1_367' title='bbox 535 5464 695 5517; x_wconf 89' lang='lat' dir='ltr'><strong>quem</strong></span> <span class='ocrx_word' id='word_1_368' title='bbox 723 5449 1038 5519; x_wconf 87' lang='lat' dir='ltr'><strong>scripseram</strong></span> <span class='ocrx_word' id='word_1_369' title='bbox 1068 5441 1175 5502; x_wconf 84' lang='lat' dir='ltr'><strong>tres</strong></span> <span class='ocrx_word' id='word_1_370' title='bbox 1198 5448 1379 5512; x_wconf 89' lang='lat' dir='ltr'><strong>libros,</strong></span> <span class='ocrx_word' id='word_1_371' title='bbox 1403 5463 1626 5518; x_wconf 91' lang='lat' dir='ltr'><strong>quorum</strong></span> <span class='ocrx_word' id='word_1_372' title='bbox 1651 5449 1830 5503; x_wconf 90' lang='lat' dir='ltr'><strong>titulus</strong></span> <span class='ocrx_word' id='word_1_373' title='bbox 1852 5459 1932 5504; x_wconf 90' lang='lat' dir='ltr'><strong>est</strong></span> 
     </span>
    </p>
   </div>
   <div class='ocr_carea' id='block_1_55' title="bbox 344 5529 1932 5611">
    <p class='ocr_par' dir='ltr' id='par_1_55' title="bbox 344 5529 1932 5611">
     <span class='ocr_line' id='line_1_55' title="bbox 344 5529 1932 5611; baseline 0.001 -18"><span class='ocrx_word' id='word_1_374' title='bbox 344 5539 420 5593; x_wconf 89' lang='lat' dir='ltr'><strong>de</strong></span> <span class='ocrx_word' id='word_1_375' title='bbox 444 5537 788 5594; x_wconf 86' lang='lat' dir='ltr'><strong>Peccatornm</strong></span> <span class='ocrx_word' id='word_1_376' title='bbox 817 5529 1015 5610; x_wconf 74' lang='lat' dir='ltr'><strong>Meritis</strong></span> <span class='ocrx_word' id='word_1_377' title='bbox 1049 5551 1101 5595; x_wconf 90' lang='lat' dir='ltr'><strong>et</strong></span> <span class='ocrx_word' id='word_1_378' title='bbox 1138 5539 1473 5596; x_wconf 82' lang='lat' dir='ltr'><strong>Remissione</strong></span> <span class='ocrx_word' id='word_1_379' title='bbox 1494 5583 1508 5608; x_wconf 93' lang='lat'><strong>,</strong></span> <span class='ocrx_word' id='word_1_380' title='bbox 1540 5541 1626 5595; x_wconf 90' lang='lat' dir='ltr'><strong>ubi</strong></span> <span class='ocrx_word' id='word_1_381' title='bbox 1658 5541 1932 5611; x_wconf 86' lang='lat' dir='ltr'><strong>diligenter</strong></span> 
     </span>
    </p>
   </div>
   <div class='ocr_carea' id='block_1_56' title="bbox 346 5631 1933 5703">
    <p class='ocr_par' dir='ltr' id='par_1_56' title="bbox 346 5631 1933 5703">
     <span class='ocr_line' id='line_1_56' title="bbox 346 5631 1933 5703; baseline 0.001 -18"><span class='ocrx_word' id='word_1_382' title='bbox 346 5631 652 5700; x_wconf 86' lang='lat' dir='ltr'><strong>disputatur</strong></span> <span class='ocrx_word' id='word_1_383' title='bbox 682 5632 838 5686; x_wconf 87' lang='lat' dir='ltr'><strong>etiam</strong></span> <span class='ocrx_word' id='word_1_384' title='bbox 868 5633 933 5686; x_wconf 92' lang='lat' dir='ltr'><strong>de</strong></span> <span class='ocrx_word' id='word_1_385' title='bbox 962 5633 1226 5701; x_wconf 89' lang='lat' dir='ltr'><strong>baptismo</strong></span> <span class='ocrx_word' id='word_1_386' title='bbox 1255 5634 1628 5703; x_wconf 88' lang='lat' dir='ltr'><strong>parvulorum,</strong></span> <span class='ocrx_word' id='word_1_387' title='bbox 1664 5633 1933 5701; x_wconf 88' lang='lat' dir='ltr'><strong>rescripsit</strong></span> 
     </span>
    </p>
   </div>
   <div class='ocr_carea' id='block_1_57' title="bbox 344 5719 1933 5793">
    <p class='ocr_par' dir='ltr' id='par_1_57' title="bbox 344 5719 1933 5793">
     <span class='ocr_line' id='line_1_57' title="bbox 344 5719 1933 5793; baseline -0.001 -17"><span class='ocrx_word' id='word_1_388' title='bbox 344 5719 484 5776; x_wconf 87' lang='lat' dir='ltr'><strong>milii</strong></span> <span class='ocrx_word' id='word_1_389' title='bbox 510 5737 570 5776; x_wconf 89' lang='lat' dir='ltr'><strong>se</strong></span> <span class='ocrx_word' id='word_1_390' title='bbox 597 5721 758 5776; x_wconf 79' lang='lat' dir='ltr'><strong>fuisse</strong></span> <span class='ocrx_word' id='word_1_391' title='bbox 796 5733 1095 5791; x_wconf 88' lang='lat' dir='ltr'><strong>permotum</strong></span> <span class='ocrx_word' id='word_1_392' title='bbox 1131 5725 1268 5793; x_wconf 91' lang='lat' dir='ltr'><strong>quod</strong></span> <span class='ocrx_word' id='word_1_393' title='bbox 1299 5725 1521 5779; x_wconf 85' lang='lat' dir='ltr'><strong>dixerim</strong></span> <span class='ocrx_word' id='word_1_394' title='bbox 1553 5725 1661 5778; x_wconf 86' lang='lat' dir='ltr'><strong>ﬁeri</strong></span> <span class='ocrx_word' id='word_1_395' title='bbox 1696 5739 1848 5793; x_wconf 88' lang='lat' dir='ltr'><strong>posse</strong></span> <span class='ocrx_word' id='word_1_396' title='bbox 1879 5731 1933 5776; x_wconf 87' lang='lat' dir='ltr'><strong>ut</strong></span> 
     </span>
    </p>
   </div>
   <div class='ocr_carea' id='block_1_58' title="bbox 339 5811 1934 5888">
    <p class='ocr_par' dir='ltr' id='par_1_58' title="bbox 339 5811 1934 5888">
     <span class='ocr_line' id='line_1_58' title="bbox 339 5811 1934 5888; baseline -0.001 -17"><span class='ocrx_word' id='word_1_397' title='bbox 339 5815 420 5871; x_wconf 82' lang='lat' dir='ltr'><strong>sit</strong></span> <span class='ocrx_word' id='word_1_398' title='bbox 439 5813 603 5870; x_wconf 88' lang='lat' dir='ltr'><strong>homo</strong></span> <span class='ocrx_word' id='word_1_399' title='bbox 623 5813 741 5870; x_wconf 85' lang='lat' dir='ltr'><strong>sine</strong></span> <span class='ocrx_word' id='word_1_400' title='bbox 765 5822 1004 5884; x_wconf 87' lang='lat' dir='ltr'><strong>peccato,</strong></span> <span class='ocrx_word' id='word_1_401' title='bbox 1033 5814 1079 5870; x_wconf 90' lang='lat' dir='ltr'><strong>si</strong></span> <span class='ocrx_word' id='word_1_402' title='bbox 1104 5811 1348 5872; x_wconf 73' lang='lat' dir='ltr'><strong>veluntas</strong></span> <span class='ocrx_word' id='word_1_403' title='bbox 1374 5815 1490 5888; x_wconf 87' lang='lat' dir='ltr'><strong>ejus</strong></span> <span class='ocrx_word' id='word_1_404' title='bbox 1516 5823 1622 5871; x_wconf 87' lang='lat' dir='ltr'><strong>non</strong></span> <span class='ocrx_word' id='word_1_405' title='bbox 1651 5815 1806 5884; x_wconf 88' lang='lat' dir='ltr'><strong>desit,</strong></span> <span class='ocrx_word' id='word_1_406' title='bbox 1834 5825 1934 5886; x_wconf 86' lang='lat' dir='ltr'><strong>ope</strong></span> 
     </span>
    </p>
   </div>
   <div class='ocr_carea' id='block_1_59' title="bbox 1607 355 2256 443">
    <p class='ocr_par' dir='ltr' id='par_1_59' title="bbox 1607 355 2256 443">
     <span class='ocr_line' id='line_1_59' title="bbox 1607 355 2256 443; baseline 0.003 -3"><span class='ocrx_word' id='word_1_407' title='bbox 1607 355 1842 441; x_wconf 69' lang='lat' dir='ltr'><strong>nam</strong></span> <span class='ocrx_word' id='word_1_408' title='bbox 1879 361 2256 443; x_wconf 56' lang='lat' dir='ltr'><strong>SECUNDUS.</strong></span> 
     </span>
    </p>
   </div>
   <div class='ocr_carea' id='block_1_60' title="bbox 3488 377 3590 446">
    <p class='ocr_par' dir='ltr' id='par_1_60' title="bbox 3488 377 3590 446">
     <span class='ocr_line' id='line_1_60' title="bbox 3488 377 3590 446; baseline 0 0"><span class='ocrx_word' id='word_1_409' title='bbox 3488 377 3590 446; x_wconf 68' lang='lat'><strong>646</strong></span> 
     </span>
    </p>
   </div>
   <div class='ocr_carea' id='block_1_61' title="bbox 2020 495 3593 580">
    <p class='ocr_par' dir='ltr' id='par_1_61' title="bbox 2020 495 3593 580">
     <span class='ocr_line' id='line_1_61' title="bbox 2020 495 3593 580; baseline 0.007 -27"><span class='ocrx_word' id='word_1_410' title='bbox 2020 500 2302 570; x_wconf 67' lang='lat' dir='ltr'><strong>adiuvante</strong></span> <span class='ocrx_word' id='word_1_411' title='bbox 2349 500 2558 566; x_wconf 81' lang='lat' dir='ltr'><strong>divina;</strong></span> <span class='ocrx_word' id='word_1_412' title='bbox 2601 503 2841 574; x_wconf 87' lang='lat' dir='ltr'><strong>quamvis</strong></span> <span class='ocrx_word' id='word_1_413' title='bbox 2880 499 3037 560; x_wconf 90' lang='lat' dir='ltr'><strong>nemo</strong></span> <span class='ocrx_word' id='word_1_414' title='bbox 3068 495 3187 580; x_wconf 82' lang='lat' dir='ltr'><strong>tam&#39;</strong></span> <span class='ocrx_word' id='word_1_415' title='bbox 3229 495 3474 576; x_wconf 73' lang='lat' dir='ltr'><strong>perleciae</strong></span> <span class='ocrx_word' id='word_1_416' title='bbox 3508 510 3593 580; x_wconf 90' lang='lat' dir='ltr'><strong>ju-</strong></span> 
     </span>
    </p>
   </div>
   <div class='ocr_carea' id='block_1_62' title="bbox 2022 579 3590 664">
    <p class='ocr_par' dir='ltr' id='par_1_62' title="bbox 2022 579 3590 664">
     <span class='ocr_line' id='line_1_62' title="bbox 2022 579 3590 664; baseline 0.006 -19"><span class='ocrx_word' id='word_1_417' title='bbox 2022 592 2177 647; x_wconf 70' lang='lat' dir='ltr'><strong>stitize</strong></span> <span class='ocrx_word' id='word_1_418' title='bbox 2209 593 2258 646; x_wconf 92' lang='lat' dir='ltr'><strong>in</strong></span> <span class='ocrx_word' id='word_1_419' title='bbox 2290 592 2390 648; x_wconf 91' lang='lat' dir='ltr'><strong>hac</strong></span> <span class='ocrx_word' id='word_1_420' title='bbox 2417 594 2522 648; x_wconf 92' lang='lat' dir='ltr'><strong>vita</strong></span> <span class='ocrx_word' id='word_1_421' title='bbox 2557 595 2638 649; x_wconf 89' lang='lat' dir='ltr'><strong>vel</strong></span> <span class='ocrx_word' id='word_1_422' title='bbox 2672 593 2864 663; x_wconf 78' lang='lat' dir='ltr'><strong>fuerit,</strong></span> <span class='ocrx_word' id='word_1_423' title='bbox 2892 596 2973 650; x_wconf 86' lang='lat' dir='ltr'><strong>vel</strong></span> <span class='ocrx_word' id='word_1_424' title='bbox 3007 579 3078 652; x_wconf 72' lang='lat' dir='ltr'><strong>sil</strong></span> <span class='ocrx_word' id='word_1_425' title='bbox 3099 639 3114 664; x_wconf 93' lang='lat'><strong>,</strong></span> <span class='ocrx_word' id='word_1_426' title='bbox 3152 599 3234 653; x_wconf 89' lang='lat' dir='ltr'><strong>vel</strong></span> <span class='ocrx_word' id='word_1_427' title='bbox 3265 597 3468 654; x_wconf 81' lang='lat' dir='ltr'><strong>futurus</strong></span> <span class='ocrx_word' id='word_1_428' title='bbox 3503 579 3590 656; x_wconf 79' lang='lat' dir='ltr'><strong>Sit.</strong></span> 
     </span>
    </p>
   </div>
   <div class='ocr_carea' id='block_1_63' title="bbox 2024 679 3592 762">
    <p class='ocr_par' dir='ltr' id='par_1_63' title="bbox 2024 679 3592 762">
     <span class='ocr_line' id='line_1_63' title="bbox 2024 679 3592 762; baseline 0.008 -24"><span class='ocrx_word' id='word_1_429' title='bbox 2024 683 2273 751; x_wconf 60' lang='lat' dir='ltr'><strong>Quiesivit</strong></span> <span class='ocrx_word' id='word_1_430' title='bbox 2293 687 2432 741; x_wconf 90' lang='lat' dir='ltr'><strong>enim</strong></span> <span class='ocrx_word' id='word_1_431' title='bbox 2462 688 2727 756; x_wconf 89' lang='lat' dir='ltr'><strong>quomodo</strong></span> <span class='ocrx_word' id='word_1_432' title='bbox 2755 688 2976 743; x_wconf 76' lang='lat' dir='ltr'><strong>dixerim</strong></span> <span class='ocrx_word' id='word_1_433' title='bbox 3006 679 3159 760; x_wconf 83' lang='lat' dir='ltr'><strong>posse</strong></span> <span class='ocrx_word' id='word_1_434' title='bbox 3181 691 3313 749; x_wconf 87' lang='lat' dir='ltr'><strong>lieri.</strong></span> <span class='ocrx_word' id='word_1_435' title='bbox 3344 685 3493 762; x_wconf 85' lang='lat' dir='ltr'><strong>cujus</strong></span> <span class='ocrx_word' id='word_1_436' title='bbox 3518 695 3592 750; x_wconf 89' lang='lat' dir='ltr'><strong>rei</strong></span> 
     </span>
    </p>
   </div>
   <div class='ocr_carea' id='block_1_64' title="bbox 2023 763 3594 854">
    <p class='ocr_par' dir='ltr' id='par_1_64' title="bbox 2023 763 3594 854">
     <span class='ocr_line' id='line_1_64' title="bbox 2023 763 3594 854; baseline 0.009 -25"><span class='ocrx_word' id='word_1_437' title='bbox 2023 767 2158 831; x_wconf 89' lang='lat' dir='ltr'><strong>desit</strong></span> <span class='ocrx_word' id='word_1_438' title='bbox 2205 763 2524 847; x_wconf 84' lang='lat' dir='ltr'><strong>exemplum.</strong></span> <span class='ocrx_word' id='word_1_439' title='bbox 2579 767 2801 848; x_wconf 75' lang='lat' dir='ltr'><strong>Propter</strong></span> <span class='ocrx_word' id='word_1_440' title='bbox 2851 779 2983 836; x_wconf 90' lang='lat' dir='ltr'><strong>hanc</strong></span> <span class='ocrx_word' id='word_1_441' title='bbox 3035 783 3151 851; x_wconf 86' lang='lat' dir='ltr'><strong>ejn&#39;s&#39;</strong></span> <span class='ocrx_word' id='word_1_442' title='bbox 3204 785 3594 854; x_wconf 87' lang='lat' dir='ltr'><strong>inquisitionem</strong></span> 
     </span>
    </p>
   </div>
   <div class='ocr_carea' id='block_1_65' title="bbox 2022 859 3593 946">
    <p class='ocr_par' dir='ltr' id='par_1_65' title="bbox 2022 859 3593 946">
     <span class='ocr_line' id='line_1_65' title="bbox 2022 859 3593 946; baseline 0.009 -25"><span class='ocrx_word' id='word_1_443' title='bbox 2022 859 2206 938; x_wconf 83' lang='lat' dir='ltr'><strong>scripsi</strong></span> <span class='ocrx_word' id='word_1_444' title='bbox 2239 870 2428 925; x_wconf 86' lang='lat' dir='ltr'><strong>librum</strong></span> <span class='ocrx_word' id='word_1_445' title='bbox 2460 865 2608 940; x_wconf 83' lang='lat' dir='ltr'><strong>cujus</strong></span> <span class='ocrx_word' id='word_1_446' title='bbox 2637 881 2717 928; x_wconf 90' lang='lat' dir='ltr'><strong>est</strong></span> <span class='ocrx_word' id='word_1_447' title='bbox 2743 875 2944 939; x_wconf 90' lang='lat' dir='ltr'><strong>titulus,</strong></span> <span class='ocrx_word' id='word_1_448' title='bbox 2973 871 3039 930; x_wconf 79' lang='lat' dir='ltr'><strong>de</strong></span> <span class='ocrx_word' id='word_1_449' title='bbox 3066 859 3264 944; x_wconf 81' lang='lat' dir='ltr'><strong>Spiritu</strong></span> <span class='ocrx_word' id='word_1_450' title='bbox 3288 887 3341 932; x_wconf 91' lang='lat' dir='ltr'><strong>et</strong></span> <span class='ocrx_word' id='word_1_451' title='bbox 3361 877 3557 935; x_wconf 82' lang='lat' dir='ltr'><strong>Littera</strong></span> <span class='ocrx_word' id='word_1_452' title='bbox 3579 924 3593 946; x_wconf 85' lang='lat'><strong>,</strong></span> 
     </span>
    </p>
   </div>
   <div class='ocr_carea' id='block_1_66' title="bbox 2024 955 3598 1032">
    <p class='ocr_par' dir='ltr' id='par_1_66' title="bbox 2024 955 3598 1032">
     <span class='ocr_line' id='line_1_66' title="bbox 2024 955 3598 1032; baseline 0.008 -19"><span class='ocrx_word' id='word_1_453' title='bbox 2024 955 2351 1029; x_wconf 78' lang='lat' dir='ltr'><strong>pertractans</strong></span> <span class='ocrx_word' id='word_1_454' title='bbox 2366 964 2705 1032; x_wconf 89' lang='lat' dir='ltr'><strong>apostolicam</strong></span> <span class='ocrx_word' id='word_1_455' title='bbox 2725 968 3038 1021; x_wconf 87' lang='lat' dir='ltr'><strong>sententiam</strong></span> <span class='ocrx_word' id='word_1_456' title='bbox 3054 968 3138 1021; x_wconf 92' lang='lat' dir='ltr'><strong>ubi</strong></span> <span class='ocrx_word' id='word_1_457' title='bbox 3152 969 3224 1022; x_wconf 89' lang='lat' dir='ltr'><strong>ait</strong></span> <span class='ocrx_word' id='word_1_458' title='bbox 3242 989 3252 1022; x_wconf 91' lang='lat'><strong>:</strong></span> <span class='ocrx_word' id='word_1_459' title='bbox 3271 963 3461 1025; x_wconf 84' lang='lat' dir='ltr'><strong>Littera</strong></span> <span class='ocrx_word' id='word_1_460' title='bbox 3477 973 3598 1025; x_wconf 85' lang='lat' dir='ltr'><strong>occi-</strong></span> 
     </span>
    </p>
   </div>
   <div class='ocr_carea' id='block_1_67' title="bbox 2022 1041 3594 1132">
    <p class='ocr_par' dir='ltr' id='par_1_67' title="bbox 2022 1041 3594 1132">
     <span class='ocr_line' id='line_1_67' title="bbox 2022 1041 3594 1132; baseline 0.008 -27"><span class='ocrx_word' id='word_1_461' title='bbox 2022 1052 2114 1118; x_wconf 88' lang='lat' dir='ltr'><strong>dit,</strong></span> <span class='ocrx_word' id='word_1_462' title='bbox 2136 1051 2357 1123; x_wconf 85' lang='lat' dir='ltr'><strong>Spiritus</strong></span> <span class='ocrx_word' id='word_1_463' title='bbox 2379 1067 2543 1109; x_wconf 77' lang='lat' dir='ltr'><strong>autem</strong></span> <span class='ocrx_word' id='word_1_464' title='bbox 2564 1057 2780 1126; x_wconf 80' lang='lat' dir='ltr'><strong>viriﬁcat</strong></span> <span class='ocrx_word' id='word_1_465' title='bbox 2801 1058 2864 1130; x_wconf 94' lang='lat' dir='ltr'><strong>(ll</strong></span> <span class='ocrx_word' id='word_1_466' title='bbox 2883 1061 2997 1112; x_wconf 82' lang='lat' dir='ltr'><strong>Cor.</strong></span> <span class='ocrx_word' id='word_1_467' title='bbox 3023 1064 3080 1114; x_wconf 86' lang='lat' dir='ltr'><strong>Ill</strong></span> <span class='ocrx_word' id='word_1_468' title='bbox 3097 1102 3110 1126; x_wconf 93' lang='lat'><strong>,</strong></span> <span class='ocrx_word' id='word_1_469' title='bbox 3131 1061 3207 1130; x_wconf 91' lang='lat'><strong>6).</strong></span> <span class='ocrx_word' id='word_1_470' title='bbox 3236 1053 3293 1115; x_wconf 75' lang='lat' dir='ltr'><strong>lii</strong></span> <span class='ocrx_word' id='word_1_471' title='bbox 3311 1078 3416 1132; x_wconf 90' lang='lat' dir='ltr'><strong>quo</strong></span> <span class='ocrx_word' id='word_1_472' title='bbox 3439 1041 3594 1132; x_wconf 75' lang='lat' dir='ltr'><strong>libro,</strong></span> 
     </span>
    </p>
   </div>
   <div class='ocr_carea' id='block_1_68' title="bbox 2021 1140 3593 1218">
    <p class='ocr_par' dir='ltr' id='par_1_68' title="bbox 2021 1140 3593 1218">
     <span class='ocr_line' id='line_1_68' title="bbox 2021 1140 3593 1218; baseline 0.007 -22"><span class='ocrx_word' id='word_1_473' title='bbox 2021 1152 2273 1212; x_wconf 90' lang='lat' dir='ltr'><strong>quantum</strong></span> <span class='ocrx_word' id='word_1_474' title='bbox 2300 1144 2437 1199; x_wconf 86' lang='lat' dir='ltr'><strong>Deus</strong></span> <span class='ocrx_word' id='word_1_475' title='bbox 2463 1141 2680 1214; x_wconf 80' lang='lat' dir='ltr'><strong>adjuvit,</strong></span> <span class='ocrx_word' id='word_1_476' title='bbox 2708 1148 2901 1202; x_wconf 79' lang='lat' dir='ltr'><strong>acriter</strong></span> <span class='ocrx_word' id='word_1_477' title='bbox 2923 1140 3183 1218; x_wconf 79' lang='lat' dir='ltr'><strong>dispulavi</strong></span> <span class='ocrx_word' id='word_1_478' title='bbox 3210 1145 3393 1208; x_wconf 78' lang='lat' dir='ltr'><strong>contra</strong></span> <span class='ocrx_word' id='word_1_479' title='bbox 3421 1147 3593 1207; x_wconf 75' lang='lat' dir='ltr'><strong>inimi-</strong></span> 
     </span>
    </p>
   </div>
   <div class='ocr_carea' id='block_1_69' title="bbox 2022 1231 3598 1310">
    <p class='ocr_par' dir='ltr' id='par_1_69' title="bbox 2022 1231 3598 1310">
     <span class='ocr_line' id='line_1_69' title="bbox 2022 1231 3598 1310; baseline 0.008 -24"><span class='ocrx_word' id='word_1_480' title='bbox 2022 1237 2113 1286; x_wconf 86' lang='lat' dir='ltr'><strong>eos</strong></span> <span class='ocrx_word' id='word_1_481' title='bbox 2151 1234 2334 1303; x_wconf 80' lang='lat' dir='ltr'><strong>gratia:</strong></span> <span class='ocrx_word' id='word_1_482' title='bbox 2377 1236 2503 1302; x_wconf 90' lang='lat' dir='ltr'><strong>Dei,</strong></span> <span class='ocrx_word' id='word_1_483' title='bbox 2541 1252 2643 1306; x_wconf 90' lang='lat' dir='ltr'><strong>qua</strong></span> <span class='ocrx_word' id='word_1_484' title='bbox 2680 1235 2999 1307; x_wconf 89' lang='lat' dir='ltr'><strong>justilicatur</strong></span> <span class='ocrx_word' id='word_1_485' title='bbox 3023 1231 3234 1310; x_wconf 76' lang='lat' dir='ltr'><strong>impius.</strong></span> <span class='ocrx_word' id='word_1_486' title='bbox 3263 1233 3394 1296; x_wconf 77' lang='lat' dir='ltr'><strong>Cun‘i</strong></span> <span class='ocrx_word' id='word_1_487' title='bbox 3420 1243 3598 1299; x_wconf 83' lang='lat' dir='ltr'><strong>autem</strong></span> 
     </span>
    </p>
   </div>
   <div class='ocr_carea' id='block_1_70' title="bbox 2021 1315 3598 1405">
    <p class='ocr_par' dir='ltr' id='par_1_70' title="bbox 2021 1315 3598 1405">
     <span class='ocr_line' id='line_1_70' title="bbox 2021 1315 3598 1405; baseline 0.008 -26"><span class='ocrx_word' id='word_1_488' title='bbox 2021 1343 2231 1397; x_wconf 89' lang='lat' dir='ltr'><strong>agerem</strong></span> <span class='ocrx_word' id='word_1_489' title='bbox 2260 1315 2809 1385; x_wconf 71' lang='lat' dir='ltr'><strong>de-observationibus</strong></span> <span class='ocrx_word' id='word_1_490' title='bbox 2848 1331 3186 1399; x_wconf 68' lang='grc' dir='ltr'><strong>]υ‹1ω‹›ι·ιιιιι,</strong></span> <span class='ocrx_word' id='word_1_491' title='bbox 3218 1324 3248 1388; x_wconf 79' lang='lat' dir='ltr'><strong>a</strong></span> <span class='ocrx_word' id='word_1_492' title='bbox 3283 1335 3598 1405; x_wconf 83' lang='lat' dir='ltr'><strong>quibusdam</strong></span> 
     </span>
    </p>
   </div>
   <div class='ocr_carea' id='block_1_71' title="bbox 2023 1417 3593 1494">
    <p class='ocr_par' dir='ltr' id='par_1_71' title="bbox 2023 1417 3593 1494">
     <span class='ocr_line' id='line_1_71' title="bbox 2023 1417 3593 1494; baseline 0.008 -24"><span class='ocrx_word' id='word_1_493' title='bbox 2023 1419 2160 1472; x_wconf 85' lang='lat' dir='ltr'><strong>escis</strong></span> <span class='ocrx_word' id='word_1_494' title='bbox 2201 1419 2490 1474; x_wconf 91' lang='lat' dir='ltr'><strong>secundum</strong></span> <span class='ocrx_word' id='word_1_495' title='bbox 2526 1423 2756 1476; x_wconf 86' lang='lat' dir='ltr'><strong>veterem</strong></span> <span class='ocrx_word' id='word_1_496' title='bbox 2795 1419 2964 1491; x_wconf 87' lang='lat' dir='ltr'><strong>legem</strong></span> <span class='ocrx_word' id='word_1_497' title='bbox 3004 1417 3377 1479; x_wconf 76' lang='lat' dir='ltr'><strong>abstinentiuin</strong></span> <span class='ocrx_word' id='word_1_498' title='bbox 3403 1468 3418 1494; x_wconf 92' lang='lat'><strong>,</strong></span> <span class='ocrx_word' id='word_1_499' title='bbox 3448 1428 3593 1482; x_wconf 84' lang='lat' dir='ltr'><strong>dixi:</strong></span> 
     </span>
    </p>
   </div>
   <div class='ocr_carea' id='block_1_72' title="bbox 2027 1511 3599 1592">
    <p class='ocr_par' dir='ltr' id='par_1_72' title="bbox 2027 1511 3599 1592">
     <span class='ocr_line' id='line_1_72' title="bbox 2027 1511 3599 1592; baseline 0.007 -28"><span class='ocrx_word' id='word_1_500' title='bbox 2027 1511 2370 1576; x_wconf 83' lang='lat' dir='ltr'><strong>Quorumdam</strong></span> <span class='ocrx_word' id='word_1_501' title='bbox 2394 1530 2618 1567; x_wconf 83' lang='lat' dir='ltr'><strong>escarum</strong></span> <span class='ocrx_word' id='word_1_502' title='bbox 2639 1516 2921 1570; x_wconf 65' lang='lat' dir='ltr'><strong>cerimonias</strong></span> <span class='ocrx_word' id='word_1_503' title='bbox 2944 1516 3091 1587; x_wconf 88' lang='lat' dir='ltr'><strong>(Cap.</strong></span> <span class='ocrx_word' id='word_1_504' title='bbox 3119 1519 3208 1585; x_wconf 73' lang='lat'><strong>21,</strong></span> <span class='ocrx_word' id='word_1_505' title='bbox 3236 1537 3288 1573; x_wconf 84' lang='grc' dir='ltr'><strong>η.</strong></span> <span class='ocrx_word' id='word_1_506' title='bbox 3316 1519 3429 1592; x_wconf 77' lang='grc'><strong>56),</strong></span> <span class='ocrx_word' id='word_1_507' title='bbox 3457 1519 3599 1590; x_wconf 84' lang='lat' dir='ltr'><strong>quod</strong></span> 
     </span>
    </p>
   </div>
   <div class='ocr_carea' id='block_1_73' title="bbox 2023 1607 3600 1683">
    <p class='ocr_par' dir='ltr' id='par_1_73' title="bbox 2023 1607 3600 1683">
     <span class='ocr_line' id='line_1_73' title="bbox 2023 1607 3600 1683; baseline 0.006 -26"><span class='ocrx_word' id='word_1_508' title='bbox 2023 1620 2216 1659; x_wconf 89' lang='lat' dir='ltr'><strong>nomen</strong></span> <span class='ocrx_word' id='word_1_509' title='bbox 2241 1621 2344 1659; x_wconf 90' lang='lat' dir='ltr'><strong>non</strong></span> <span class='ocrx_word' id='word_1_510' title='bbox 2372 1615 2455 1660; x_wconf 91' lang='lat' dir='ltr'><strong>est</strong></span> <span class='ocrx_word' id='word_1_511' title='bbox 2479 1607 2529 1660; x_wconf 91' lang='lat' dir='ltr'><strong>in</strong></span> <span class='ocrx_word' id='word_1_512' title='bbox 2551 1622 2648 1660; x_wconf 92' lang='lat' dir='ltr'><strong>usu</strong></span> <span class='ocrx_word' id='word_1_513' title='bbox 2668 1607 2985 1663; x_wconf 91' lang='lat' dir='ltr'><strong>Litterarum</strong></span> <span class='ocrx_word' id='word_1_514' title='bbox 3009 1620 3308 1674; x_wconf 80' lang='lat' dir='ltr'><strong>sanctarum</strong></span> <span class='ocrx_word' id='word_1_515' title='bbox 3339 1611 3410 1683; x_wconf 89' lang='lat' dir='ltr'><strong>(a)</strong></span> <span class='ocrx_word' id='word_1_516' title='bbox 3440 1630 3453 1666; x_wconf 93' lang='lat'><strong>:</strong></span> <span class='ocrx_word' id='word_1_517' title='bbox 3480 1613 3600 1668; x_wconf 91' lang='lat' dir='ltr'><strong>ideo</strong></span> 
     </span>
    </p>
   </div>
   <div class='ocr_carea' id='block_1_74' title="bbox 2023 1697 3601 1776">
    <p class='ocr_par' dir='ltr' id='par_1_74' title="bbox 2023 1697 3601 1776">
     <span class='ocr_line' id='line_1_74' title="bbox 2023 1697 3601 1776; baseline 0.007 -28"><span class='ocrx_word' id='word_1_518' title='bbox 2023 1704 2199 1750; x_wconf 86' lang='lat' dir='ltr'><strong>tamen</strong></span> <span class='ocrx_word' id='word_1_519' title='bbox 2226 1697 2355 1751; x_wconf 90' lang='lat' dir='ltr'><strong>mihi</strong></span> <span class='ocrx_word' id='word_1_520' title='bbox 2377 1714 2673 1767; x_wconf 89' lang='lat' dir='ltr'><strong>congruens</strong></span> <span class='ocrx_word' id='word_1_521' title='bbox 2698 1701 2865 1754; x_wconf 89' lang='lat' dir='ltr'><strong>visum</strong></span> <span class='ocrx_word' id='word_1_522' title='bbox 2891 1711 2993 1768; x_wconf 90' lang='lat' dir='ltr'><strong>est,</strong></span> <span class='ocrx_word' id='word_1_523' title='bbox 3022 1698 3169 1772; x_wconf 83' lang='lat' dir='ltr'><strong>quod</strong></span> <span class='ocrx_word' id='word_1_524' title='bbox 3189 1719 3218 1756; x_wconf 88' lang='lat' dir='ltr'><strong>a</strong></span> <span class='ocrx_word' id='word_1_525' title='bbox 3248 1705 3479 1759; x_wconf 88' lang='lat' dir='ltr'><strong>carendo</strong></span> <span class='ocrx_word' id='word_1_526' title='bbox 3506 1721 3601 1776; x_wconf 83' lang='lat' dir='ltr'><strong>ap-</strong></span> 
     </span>
    </p>
   </div>
   <div class='ocr_carea' id='block_1_75' title="bbox 2024 1775 3598 1862">
    <p class='ocr_par' dir='ltr' id='par_1_75' title="bbox 2024 1775 3598 1862">
     <span class='ocr_line' id='line_1_75' title="bbox 2024 1775 3598 1862; baseline 0.004 -17"><span class='ocrx_word' id='word_1_527' title='bbox 2024 1790 2243 1859; x_wconf 86' lang='lat' dir='ltr'><strong>pellatas</strong></span> <span class='ocrx_word' id='word_1_528' title='bbox 2266 1791 2608 1855; x_wconf 84' lang='lat' dir='ltr'><strong>cerimonias,</strong></span> <span class='ocrx_word' id='word_1_529' title='bbox 2639 1793 2790 1862; x_wconf 90' lang='lat' dir='ltr'><strong>quasi</strong></span> <span class='ocrx_word' id='word_1_530' title='bbox 2817 1794 3134 1848; x_wconf 89' lang='lat' dir='ltr'><strong>earimonias</strong></span> <span class='ocrx_word' id='word_1_531' title='bbox 3165 1797 3417 1849; x_wconf 87' lang='lat' dir='ltr'><strong>memoria</strong></span> <span class='ocrx_word' id='word_1_532' title='bbox 3450 1775 3598 1852; x_wconf 80' lang='lat' dir='ltr'><strong>tene-</strong></span> 
     </span>
    </p>
   </div>
   <div class='ocr_carea' id='block_1_76' title="bbox 2023 1881 3686 1958">
    <p class='ocr_par' dir='ltr' id='par_1_76' title="bbox 2023 1881 3686 1958">
     <span class='ocr_line' id='line_1_76' title="bbox 2023 1881 3686 1958; baseline 0.005 -24"><span class='ocrx_word' id='word_1_533' title='bbox 2023 1881 2164 1954; x_wconf 77' lang='lat' dir='ltr'><strong>bam,</strong></span> <span class='ocrx_word' id='word_1_534' title='bbox 2194 1897 2258 1935; x_wconf 91' lang='lat' dir='ltr'><strong>eo</strong></span> <span class='ocrx_word' id='word_1_535' title='bbox 2287 1882 2427 1952; x_wconf 88' lang='lat' dir='ltr'><strong>quod</strong></span> <span class='ocrx_word' id='word_1_536' title='bbox 2455 1883 2797 1938; x_wconf 87' lang='lat' dir='ltr'><strong>observantes</strong></span> <span class='ocrx_word' id='word_1_537' title='bbox 2823 1881 3038 1938; x_wconf 86' lang='lat' dir='ltr'><strong>careant</strong></span> <span class='ocrx_word' id='word_1_538' title='bbox 3063 1885 3149 1958; x_wconf 84' lang='lat' dir='ltr'><strong>his</strong></span> <span class='ocrx_word' id='word_1_539' title='bbox 3178 1886 3336 1956; x_wconf 82' lang='lat' dir='ltr'><strong>rebus</strong></span> <span class='ocrx_word' id='word_1_540' title='bbox 3358 1902 3388 1940; x_wconf 92' lang='lat' dir='ltr'><strong>a</strong></span> <span class='ocrx_word' id='word_1_541' title='bbox 3412 1887 3602 1956; x_wconf 91' lang='lat' dir='ltr'><strong>quibus</strong></span> <span class='ocrx_word' id='word_1_542' title='bbox 3681 1943 3686 1948; x_wconf 93' lang='lat'><strong>_</strong></span> 
     </span>
    </p>
   </div>
   <div class='ocr_carea' id='block_1_77' title="bbox 2025 1961 3601 2049">
    <p class='ocr_par' dir='ltr' id='par_1_77' title="bbox 2025 1961 3601 2049">
     <span class='ocr_line' id='line_1_77' title="bbox 2025 1961 3601 2049; baseline 0.003 -23"><span class='ocrx_word' id='word_1_543' title='bbox 2025 1987 2083 2026; x_wconf 90' lang='lat' dir='ltr'><strong>se</strong></span> <span class='ocrx_word' id='word_1_544' title='bbox 2110 1973 2396 2028; x_wconf 90' lang='lat' dir='ltr'><strong>abstinent.</strong></span> <span class='ocrx_word' id='word_1_545' title='bbox 2435 1973 2586 2049; x_wconf 89' lang='lat' dir='ltr'><strong>Quod</strong></span> <span class='ocrx_word' id='word_1_546' title='bbox 2629 1975 2674 2028; x_wconf 91' lang='lat' dir='ltr'><strong>si</strong></span> <span class='ocrx_word' id='word_1_547' title='bbox 2715 1984 2796 2028; x_wconf 93' lang='lat' dir='ltr'><strong>est</strong></span> <span class='ocrx_word' id='word_1_548' title='bbox 2833 1977 2983 2045; x_wconf 88' lang='lat' dir='ltr'><strong>origo</strong></span> <span class='ocrx_word' id='word_1_549' title='bbox 3020 1977 3122 2029; x_wconf 87' lang='lat' dir='ltr'><strong>alia</strong></span> <span class='ocrx_word' id='word_1_550' title='bbox 3163 1961 3317 2045; x_wconf 84' lang='lat' dir='ltr'><strong>hujus</strong></span> <span class='ocrx_word' id='word_1_551' title='bbox 3347 1967 3601 2049; x_wconf 74' lang='lat' dir='ltr'><strong>nominis,</strong></span> 
     </span>
    </p>
   </div>
   <div class='ocr_carea' id='block_1_78' title="bbox 2025 2043 3604 2138">
    <p class='ocr_par' dir='ltr' id='par_1_78' title="bbox 2025 2043 3604 2138">
     <span class='ocr_line' id='line_1_78' title="bbox 2025 2043 3604 2138; baseline 0.003 -21"><span class='ocrx_word' id='word_1_552' title='bbox 2025 2080 2141 2132; x_wconf 65' lang='lat' dir='ltr'><strong>qua!</strong></span> <span class='ocrx_word' id='word_1_553' title='bbox 2181 2064 2432 2118; x_wconf 88' lang='lat' dir='ltr'><strong>abhorret</strong></span> <span class='ocrx_word' id='word_1_554' title='bbox 2455 2080 2486 2118; x_wconf 88' lang='lat' dir='ltr'><strong>a</strong></span> <span class='ocrx_word' id='word_1_555' title='bbox 2511 2080 2633 2119; x_wconf 89' lang='lat' dir='ltr'><strong>vera</strong></span> <span class='ocrx_word' id='word_1_556' title='bbox 2676 2065 2964 2135; x_wconf 84' lang='lat' dir='ltr'><strong>religione,</strong></span> <span class='ocrx_word' id='word_1_557' title='bbox 3007 2066 3298 2120; x_wconf 88' lang='lat' dir='ltr'><strong>secundum</strong></span> <span class='ocrx_word' id='word_1_558' title='bbox 3336 2043 3472 2120; x_wconf 80' lang='lat' dir='ltr'><strong>hanc</strong></span> <span class='ocrx_word' id='word_1_559' title='bbox 3506 2083 3604 2138; x_wconf 88' lang='lat' dir='ltr'><strong>ego</strong></span> 
     </span>
    </p>
   </div>
   <div class='ocr_carea' id='block_1_79' title="bbox 2026 2157 3606 2238">
    <p class='ocr_par' dir='ltr' id='par_1_79' title="bbox 2026 2157 3606 2238">
     <span class='ocr_line' id='line_1_79' title="bbox 2026 2157 3606 2238; baseline 0.004 -29"><span class='ocrx_word' id='word_1_560' title='bbox 2026 2172 2130 2210; x_wconf 91' lang='lat' dir='ltr'><strong>non</strong></span> <span class='ocrx_word' id='word_1_561' title='bbox 2171 2172 2286 2210; x_wconf 92' lang='lat' dir='ltr'><strong>sum</strong></span> <span class='ocrx_word' id='word_1_562' title='bbox 2331 2157 2552 2221; x_wconf 89' lang='lat' dir='ltr'><strong>locutus,</strong></span> <span class='ocrx_word' id='word_1_563' title='bbox 2590 2157 2685 2212; x_wconf 89' lang='lat' dir='ltr'><strong>sed</strong></span> <span class='ocrx_word' id='word_1_564' title='bbox 2721 2159 3206 2232; x_wconf 74' lang='lat' dir='ltr'><strong>secundnmistam</strong></span> <span class='ocrx_word' id='word_1_565' title='bbox 3245 2176 3414 2238; x_wconf 36' lang='lat' dir='ltr'><strong>quam.</strong></span> <span class='ocrx_word' id='word_1_566' title='bbox 3445 2175 3606 2229; x_wconf 88' lang='lat' dir='ltr'><strong>supra</strong></span> 
     </span>
    </p>
   </div>
   <div class='ocr_carea' id='block_1_80' title="bbox 2026 2250 3606 2326">
    <p class='ocr_par' dir='ltr' id='par_1_80' title="bbox 2026 2250 3606 2326">
     <span class='ocr_line' id='line_1_80' title="bbox 2026 2250 3606 2326; baseline 0.005 -24"><span class='ocrx_word' id='word_1_567' title='bbox 2026 2250 2335 2304; x_wconf 89' lang='lat' dir='ltr'><strong>memoravi.</strong></span> <span class='ocrx_word' id='word_1_568' title='bbox 2367 2250 2463 2305; x_wconf 85' lang='lat' dir='ltr'><strong>llic</strong></span> <span class='ocrx_word' id='word_1_569' title='bbox 2488 2251 2620 2304; x_wconf 86' lang='lat' dir='ltr'><strong>liber</strong></span> <span class='ocrx_word' id='word_1_570' title='bbox 2647 2252 2724 2305; x_wconf 90' lang='lat' dir='ltr'><strong>sic</strong></span> <span class='ocrx_word' id='word_1_571' title='bbox 2754 2251 2937 2321; x_wconf 86' lang='lat' dir='ltr'><strong>incipit</strong></span> <span class='ocrx_word' id='word_1_572' title='bbox 2965 2269 2977 2304; x_wconf 88' lang='lat'><strong>:</strong></span> <span class='ocrx_word' id='word_1_573' title='bbox 3010 2251 3173 2306; x_wconf 86' lang='lat' dir='ltr'><strong>Lectis</strong></span> <span class='ocrx_word' id='word_1_574' title='bbox 3202 2253 3456 2322; x_wconf 84' lang='lat' dir='ltr'><strong>opusculis</strong></span> <span class='ocrx_word' id='word_1_575' title='bbox 3493 2270 3606 2326; x_wconf 72' lang='lat' dir='ltr'><strong>qua:</strong></span> 
     </span>
    </p>
   </div>
   <div class='ocr_carea' id='block_1_81' title="bbox 2025 2341 3426 2413">
    <p class='ocr_par' dir='ltr' id='par_1_81' title="bbox 2025 2341 3426 2413">
     <span class='ocr_line' id='line_1_81' title="bbox 2025 2341 3426 2413; baseline 0.001 -18"><span class='ocrx_word' id='word_1_576' title='bbox 2025 2341 2094 2395; x_wconf 88' lang='lat' dir='ltr'><strong>ad</strong></span> <span class='ocrx_word' id='word_1_577' title='bbox 2121 2351 2168 2395; x_wconf 89' lang='lat' dir='ltr'><strong>te</strong></span> <span class='ocrx_word' id='word_1_578' title='bbox 2196 2358 2354 2413; x_wconf 89' lang='lat' dir='ltr'><strong>nuper</strong></span> <span class='ocrx_word' id='word_1_579' title='bbox 2381 2343 2660 2408; x_wconf 87' lang='lat' dir='ltr'><strong>elaboravi,</strong></span> <span class='ocrx_word' id='word_1_580' title='bbox 2694 2343 2769 2411; x_wconf 82' lang='lat' dir='ltr'><strong>ﬁli</strong></span> <span class='ocrx_word' id='word_1_581' title='bbox 2793 2344 3084 2398; x_wconf 74' lang='lat' dir='ltr'><strong>charissima</strong></span> <span class='ocrx_word' id='word_1_582' title='bbox 3109 2342 3426 2398; x_wconf 79' lang='lat' dir='ltr'><strong>Marcelline.</strong></span> 
     </span>
    </p>
   </div>
   <div class='ocr_carea' id='block_1_82' title="bbox 2553 2463 3110 2532">
    <p class='ocr_par' dir='ltr' id='par_1_82' title="bbox 2553 2463 3110 2532">
     <span class='ocr_line' id='line_1_82' title="bbox 2553 2463 3110 2532; baseline 0.002 -2"><span class='ocrx_word' id='word_1_583' title='bbox 2553 2463 2774 2532; x_wconf 85' lang='lat' dir='ltr'><strong>CAPUT</strong></span> <span class='ocrx_word' id='word_1_584' title='bbox 2814 2473 3110 2532; x_wconf 81' lang='lat' dir='ltr'><strong>XXXVIII.‘</strong></span> 
     </span>
    </p>
   </div>
   <div class='ocr_carea' id='block_1_83' title="bbox 2270 2565 3282 2639">
    <p class='ocr_par' dir='ltr' id='par_1_83' title="bbox 2270 2565 3282 2639">
     <span class='ocr_line' id='line_1_83' title="bbox 2270 2565 3282 2639; baseline 0.005 -18"><span class='ocrx_word' id='word_1_585' title='bbox 2270 2605 2276 2610; x_wconf 89' lang='lat'><strong><em>-</em></strong></span> <span class='ocrx_word' id='word_1_586' title='bbox 2345 2568 2423 2622; x_wconf 86' lang='lat' dir='ltr'><strong>De</strong></span> <span class='ocrx_word' id='word_1_587' title='bbox 2449 2565 2581 2622; x_wconf 84' lang='lat' dir='ltr'><strong>Fide</strong></span> <span class='ocrx_word' id='word_1_588' title='bbox 2601 2579 2644 2622; x_wconf 89' lang='lat' dir='ltr'><strong>et</strong></span> <span class='ocrx_word' id='word_1_589' title='bbox 2671 2568 2950 2639; x_wconf 76' lang='lat' dir='ltr'><strong>Operibtt‘s,</strong></span> <span class='ocrx_word' id='word_1_590' title='bbox 2979 2570 3104 2625; x_wconf 88' lang='lat' dir='ltr'><strong>liber</strong></span> <span class='ocrx_word' id='word_1_591' title='bbox 3128 2571 3282 2626; x_wconf 76' lang='lat' dir='ltr'><strong>unus.</strong></span> 
     </span>
    </p>
   </div>
   <div class='ocr_carea' id='block_1_84' title="bbox 2100 2673 3605 2744">
    <p class='ocr_par' dir='ltr' id='par_1_84' title="bbox 2100 2673 3605 2744">
     <span class='ocr_line' id='line_1_84' title="bbox 2100 2673 3605 2744; baseline 0.004 -17"><span class='ocrx_word' id='word_1_592' title='bbox 2100 2675 2303 2727; x_wconf 89' lang='lat' dir='ltr'><strong>Interea</strong></span> <span class='ocrx_word' id='word_1_593' title='bbox 2334 2675 2492 2728; x_wconf 87' lang='lat' dir='ltr'><strong>missa</strong></span> <span class='ocrx_word' id='word_1_594' title='bbox 2521 2684 2641 2727; x_wconf 92' lang='lat' dir='ltr'><strong>sunt</strong></span> <span class='ocrx_word' id='word_1_595' title='bbox 2671 2673 2796 2728; x_wconf 90' lang='lat' dir='ltr'><strong>mihi</strong></span> <span class='ocrx_word' id='word_1_596' title='bbox 2827 2687 2854 2728; x_wconf 92' lang='lat' dir='ltr'><strong>a</strong></span> <span class='ocrx_word' id='word_1_597' title='bbox 2883 2676 3193 2744; x_wconf 84' lang='lat' dir='ltr'><strong>quihusdam</strong></span> <span class='ocrx_word' id='word_1_598' title='bbox 3225 2673 3476 2732; x_wconf 81' lang='lat' dir='ltr'><strong>fratribus</strong></span> <span class='ocrx_word' id='word_1_599' title='bbox 3507 2679 3605 2733; x_wconf 87' lang='lat' dir='ltr'><strong>lai-</strong></span> 
     </span>
    </p>
   </div>
   <div class='ocr_carea' id='block_1_85' title="bbox 2022 2752 3605 2848">
    <p class='ocr_par' dir='ltr' id='par_1_85' title="bbox 2022 2752 3605 2839">
     <span class='ocr_line' id='line_1_85' title="bbox 2022 2752 3605 2839; baseline 0.003 -17"><span class='ocrx_word' id='word_1_600' title='bbox 2022 2752 2107 2823; x_wconf 22' lang='lat' dir='ltr'><strong>lcis</strong></span> <span class='ocrx_word' id='word_1_601' title='bbox 2130 2768 2362 2839; x_wconf 89' lang='lat' dir='ltr'><strong>quidem.</strong></span> <span class='ocrx_word' id='word_1_602' title='bbox 2388 2769 2482 2824; x_wconf 89' lang='lat' dir='ltr'><strong>sed</strong></span> <span class='ocrx_word' id='word_1_603' title='bbox 2510 2769 2808 2823; x_wconf 87' lang='lat' dir='ltr'><strong>divinorum</strong></span> <span class='ocrx_word' id='word_1_604' title='bbox 2827 2767 3161 2839; x_wconf 84' lang='lat' dir='ltr'><strong>eloquiorum&#39;</strong></span> <span class='ocrx_word' id='word_1_605' title='bbox 3185 2767 3454 2838; x_wconf 71' lang='lat' dir='ltr'><strong>studiosis,</strong></span> <span class='ocrx_word' id='word_1_606' title='bbox 3471 2773 3605 2827; x_wconf 82' lang='lat' dir='ltr'><strong>s&#39;cri-</strong></span> 
     </span>
    </p>
   </div>
   <div class='ocr_carea' id='block_1_86' title="bbox 2031 2855 3610 2934">
    <p class='ocr_par' dir='ltr' id='par_1_86' title="bbox 2031 2855 3610 2934">
     <span class='ocr_line' id='line_1_86' title="bbox 2031 2855 3610 2934; baseline 0.004 -20"><span class='ocrx_word' id='word_1_607' title='bbox 2031 2871 2117 2931; x_wconf 90' lang='lat' dir='ltr'><strong>pta</strong></span> <span class='ocrx_word' id='word_1_608' title='bbox 2149 2862 2432 2926; x_wconf 91' lang='lat' dir='ltr'><strong>nonnulla,</strong></span> <span class='ocrx_word' id='word_1_609' title='bbox 2461 2876 2578 2930; x_wconf 63' lang='lat' dir='ltr'><strong>quia</strong></span> <span class='ocrx_word' id='word_1_610' title='bbox 2610 2861 2678 2914; x_wconf 88' lang='lat' dir='ltr'><strong>ita</strong></span> <span class='ocrx_word' id='word_1_611' title='bbox 2711 2861 3094 2930; x_wconf 90' lang='lat' dir='ltr'><strong>distinguerent</strong></span> <span class='ocrx_word' id='word_1_612' title='bbox 3122 2875 3151 2915; x_wconf 91' lang='lat' dir='ltr'><strong>a</strong></span> <span class='ocrx_word' id='word_1_613' title='bbox 3179 2860 3332 2917; x_wconf 87' lang='lat' dir='ltr'><strong>bonis</strong></span> <span class='ocrx_word' id='word_1_614' title='bbox 3362 2855 3610 2934; x_wconf 81' lang='lat' dir='ltr'><strong>operibus</strong></span> 
     </span>
    </p>
   </div>
   <div class='ocr_carea' id='block_1_87' title="bbox 2030 2947 3610 3024">
    <p class='ocr_par' dir='ltr' id='par_1_87' title="bbox 2030 2947 3610 3024">
     <span class='ocr_line' id='line_1_87' title="bbox 2030 2947 3610 3024; baseline 0.004 -19"><span class='ocrx_word' id='word_1_615' title='bbox 2030 2953 2371 3006; x_wconf 91' lang='lat' dir='ltr'><strong>christianam</strong></span> <span class='ocrx_word' id='word_1_616' title='bbox 2416 2952 2611 3019; x_wconf 79' lang='lat' dir='ltr'><strong>fidem,</strong></span> <span class='ocrx_word' id='word_1_617' title='bbox 2640 2961 2697 3006; x_wconf 92' lang='lat' dir='ltr'><strong>ut</strong></span> <span class='ocrx_word' id='word_1_618' title='bbox 2732 2953 2846 3008; x_wconf 90' lang='lat' dir='ltr'><strong>sine</strong></span> <span class='ocrx_word' id='word_1_619' title='bbox 2882 2954 2977 3008; x_wconf 89' lang='lat' dir='ltr'><strong>hac</strong></span> <span class='ocrx_word' id='word_1_620' title='bbox 3011 2970 3116 3008; x_wconf 90' lang='lat' dir='ltr'><strong>non</strong></span> <span class='ocrx_word' id='word_1_621' title='bbox 3149 2951 3337 3024; x_wconf 77' lang='lat' dir='ltr'><strong>posse,</strong></span> <span class='ocrx_word' id='word_1_622' title='bbox 3370 2947 3485 3010; x_wconf 79' lang='lat' dir='ltr'><strong>sine</strong></span> <span class='ocrx_word' id='word_1_623' title='bbox 3509 2955 3610 3012; x_wconf 81' lang='lat' dir='ltr'><strong>illis</strong></span> 
     </span>
    </p>
   </div>
   <div class='ocr_carea' id='block_1_88' title="bbox 2030 3044 3608 3113">
    <p class='ocr_par' dir='ltr' id='par_1_88' title="bbox 2030 3044 3608 3113">
     <span class='ocr_line' id='line_1_88' title="bbox 2030 3044 3608 3113; baseline 0.003 -17"><span class='ocrx_word' id='word_1_624' title='bbox 2030 3053 2206 3096; x_wconf 89' lang='lat' dir='ltr'><strong>autem</strong></span> <span class='ocrx_word' id='word_1_625' title='bbox 2233 3059 2390 3113; x_wconf 90' lang='lat' dir='ltr'><strong>posse</strong></span> <span class='ocrx_word' id='word_1_626' title='bbox 2419 3044 2679 3112; x_wconf 89' lang='lat' dir='ltr'><strong>perveniri</strong></span> <span class='ocrx_word' id='word_1_627' title='bbox 2719 3044 3030 3098; x_wconf 89' lang='lat' dir='ltr'><strong>suaderetnr</strong></span> <span class='ocrx_word' id='word_1_628' title='bbox 3057 3045 3122 3098; x_wconf 88' lang='lat' dir='ltr'><strong>ad</strong></span> <span class='ocrx_word' id='word_1_629' title='bbox 3149 3057 3400 3100; x_wconf 73' lang='lat' dir='ltr'><strong>mternam</strong></span> <span class='ocrx_word' id='word_1_630' title='bbox 3427 3049 3608 3102; x_wconf 90' lang='lat' dir='ltr'><strong>vitam.</strong></span> 
     </span>
    </p>
   </div>
   <div class='ocr_carea' id='block_1_89' title="bbox 2031 3131 3608 3210">
    <p class='ocr_par' dir='ltr' id='par_1_89' title="bbox 2031 3131 3608 3210">
     <span class='ocr_line' id='line_1_89' title="bbox 2031 3131 3608 3210; baseline 0.001 -20"><span class='ocrx_word' id='word_1_631' title='bbox 2031 3137 2235 3202; x_wconf 86' lang='lat' dir='ltr'><strong>Quibus</strong></span> <span class='ocrx_word' id='word_1_632' title='bbox 2265 3131 2591 3204; x_wconf 80' lang='lat' dir='ltr'><strong>respondens</strong></span> <span class='ocrx_word' id='word_1_633' title='bbox 2619 3135 2811 3189; x_wconf 88' lang='lat' dir='ltr'><strong>librum</strong></span> <span class='ocrx_word' id='word_1_634' title='bbox 2842 3136 3028 3204; x_wconf 89' lang='lat' dir='ltr'><strong>scripsi</strong></span> <span class='ocrx_word' id='word_1_635' title='bbox 3050 3179 3063 3202; x_wconf 93' lang='lat'><strong>,</strong></span> <span class='ocrx_word' id='word_1_636' title='bbox 3092 3138 3241 3205; x_wconf 89' lang='lat' dir='ltr'><strong>cujus</strong></span> <span class='ocrx_word' id='word_1_637' title='bbox 3269 3153 3462 3192; x_wconf 89' lang='lat' dir='ltr'><strong>nomen</strong></span> <span class='ocrx_word' id='word_1_638' title='bbox 3492 3146 3608 3210; x_wconf 89' lang='lat' dir='ltr'><strong>est,</strong></span> 
     </span>
    </p>
   </div>
   <div class='ocr_carea' id='block_1_90' title="bbox 2031 3220 3612 3306">
    <p class='ocr_par' dir='ltr' id='par_1_90' title="bbox 2031 3220 3612 3306">
     <span class='ocr_line' id='line_1_90' title="bbox 2031 3220 3612 3306; baseline 0.001 -23"><span class='ocrx_word' id='word_1_639' title='bbox 2031 3229 2098 3283; x_wconf 85' lang='lat' dir='ltr'><strong>de</strong></span> <span class='ocrx_word' id='word_1_640' title='bbox 2148 3225 2276 3284; x_wconf 80' lang='lat' dir='ltr'><strong>Fide</strong></span> <span class='ocrx_word' id='word_1_641' title='bbox 2319 3240 2371 3283; x_wconf 94' lang='lat' dir='ltr'><strong>et</strong></span> <span class='ocrx_word' id='word_1_642' title='bbox 2411 3223 2692 3296; x_wconf 83' lang='lat' dir='ltr'><strong>Operibus.</strong></span> <span class='ocrx_word' id='word_1_643' title='bbox 2741 3227 2794 3281; x_wconf 93' lang='lat' dir='ltr'><strong>In</strong></span> <span class='ocrx_word' id='word_1_644' title='bbox 2845 3243 2948 3297; x_wconf 93' lang='lat' dir='ltr'><strong>quo</strong></span> <span class='ocrx_word' id='word_1_645' title='bbox 2989 3227 3245 3306; x_wconf 83' lang='lat' dir='ltr'><strong>disputavi</strong></span> <span class='ocrx_word' id='word_1_646' title='bbox 3294 3223 3397 3283; x_wconf 81' lang='lat' dir='ltr'><strong>non</strong></span> <span class='ocrx_word' id='word_1_647' title='bbox 3441 3220 3612 3285; x_wconf 81' lang='lat' dir='ltr'><strong>selum</strong></span> 
     </span>
    </p>
   </div>
   <div class='ocr_carea' id='block_1_91' title="bbox 1972 3313 3614 3390">
    <p class='ocr_par' dir='ltr' id='par_1_91' title="bbox 1972 3313 3614 3390">
     <span class='ocr_line' id='line_1_91' title="bbox 1972 3313 3614 3390; baseline 0.002 -18"><span class='ocrx_word' id='word_1_648' title='bbox 1972 3342 1994 3350; x_wconf 57' lang='grc' dir='ltr'><strong><em>ί</em></strong></span> <span class='ocrx_word' id='word_1_649' title='bbox 2032 3313 2474 3389; x_wconf 83' lang='lat' dir='ltr'><strong>quemadmodum</strong></span> <span class='ocrx_word' id='word_1_650' title='bbox 2499 3319 2676 3371; x_wconf 82' lang='lat' dir='ltr'><strong>vivere</strong></span> <span class='ocrx_word' id='word_1_651' title='bbox 2702 3317 2928 3373; x_wconf 89' lang='lat' dir='ltr'><strong>debeant</strong></span> <span class='ocrx_word' id='word_1_652' title='bbox 2948 3318 3113 3388; x_wconf 89' lang='lat' dir='ltr'><strong>gratia</strong></span> <span class='ocrx_word' id='word_1_653' title='bbox 3140 3318 3371 3374; x_wconf 71' lang='lat' dir='ltr'><strong>Christi‘</strong></span> <span class='ocrx_word' id='word_1_654' title='bbox 3399 3329 3614 3390; x_wconf 64' lang='grc' dir='ltr'><strong>ηερμε-</strong></span> 
     </span>
    </p>
   </div>
   <div class='ocr_carea' id='block_1_92' title="bbox 2033 3405 3612 3480">
    <p class='ocr_par' dir='ltr' id='par_1_92' title="bbox 2033 3405 3612 3480">
     <span class='ocr_line' id='line_1_92' title="bbox 2033 3405 3612 3480; baseline 0.001 -15"><span class='ocrx_word' id='word_1_655' title='bbox 2033 3407 2162 3474; x_wconf 79' lang='lat' dir='ltr'><strong>rati,</strong></span> <span class='ocrx_word' id='word_1_656' title='bbox 2196 3405 2379 3464; x_wconf 81' lang='lat' dir='ltr'><strong>verum</strong></span> <span class='ocrx_word' id='word_1_657' title='bbox 2405 3411 2563 3463; x_wconf 90' lang='lat' dir='ltr'><strong>etiam</strong></span> <span class='ocrx_word' id='word_1_658' title='bbox 2590 3410 2771 3480; x_wconf 85' lang='lat' dir='ltr'><strong>quales</strong></span> <span class='ocrx_word' id='word_1_659' title='bbox 2804 3409 2870 3463; x_wconf 92' lang='lat' dir='ltr'><strong>ad</strong></span> <span class='ocrx_word' id='word_1_660' title='bbox 2901 3408 3166 3462; x_wconf 90' lang='lat' dir='ltr'><strong>lavacrum</strong></span> <span class='ocrx_word' id='word_1_661' title='bbox 3197 3405 3612 3479; x_wconf 86' lang='lat' dir='ltr'><strong>regenerationis</strong></span> 
     </span>
    </p>
   </div>
   <div class='ocr_carea' id='block_1_93' title="bbox 2035 3487 3468 3568">
    <p class='ocr_par' dir='ltr' id='par_1_93' title="bbox 2035 3487 3468 3568">
     <span class='ocr_line' id='line_1_93' title="bbox 2035 3487 3468 3568; baseline 0 -13"><span class='ocrx_word' id='word_1_662' title='bbox 2035 3501 2261 3555; x_wconf 77' lang='lat' dir='ltr'><strong>adlltIllI.</strong></span> <span class='ocrx_word' id='word_1_663' title='bbox 2290 3500 2386 3556; x_wconf 83' lang='lat' dir='ltr'><strong>Hie</strong></span> <span class='ocrx_word' id='word_1_664' title='bbox 2413 3500 2547 3554; x_wconf 91' lang='lat' dir='ltr'><strong>liber</strong></span> <span class='ocrx_word' id='word_1_665' title='bbox 2572 3501 2648 3555; x_wconf 91' lang='lat' dir='ltr'><strong>sic</strong></span> <span class='ocrx_word' id='word_1_666' title='bbox 2673 3499 2890 3568; x_wconf 86' lang='lat' dir='ltr'><strong>incipit:</strong></span> <span class='ocrx_word' id='word_1_667' title='bbox 2922 3495 3232 3564; x_wconf 83' lang='lat' dir='ltr'><strong>Quibusdam</strong></span> <span class='ocrx_word' id='word_1_668' title='bbox 3259 3487 3468 3555; x_wconf 81' lang='lat' dir='ltr'><strong>videtur.</strong></span> 
     </span>
    </p>
   </div>
   <div class='ocr_carea' id='block_1_94' title="bbox 2565 3595 3062 3669">
    <p class='ocr_par' dir='ltr' id='par_1_94' title="bbox 2565 3595 3062 3669">
     <span class='ocr_line' id='line_1_94' title="bbox 2565 3595 3062 3669; baseline -0.002 -2"><span class='ocrx_word' id='word_1_669' title='bbox 2565 3595 2789 3669; x_wconf 74' lang='lat' dir='ltr'><strong>CAPUT</strong></span> <span class='ocrx_word' id='word_1_670' title='bbox 2822 3613 3062 3668; x_wconf 72' lang='lat' dir='ltr'><strong>xxxnx.</strong></span> 
     </span>
    </p>
   </div>
   <div class='ocr_carea' id='block_1_95' title="bbox 2112 3720 3564 3788">
    <p class='ocr_par' dir='ltr' id='par_1_95' title="bbox 2112 3720 3564 3788">
     <span class='ocr_line' id='line_1_95' title="bbox 2112 3720 3564 3788; baseline 0.003 -14"><span class='ocrx_word' id='word_1_671' title='bbox 2112 3720 2404 3775; x_wconf 82' lang='lat' dir='ltr'><strong>Breviculus</strong></span> <span class='ocrx_word' id='word_1_672' title='bbox 2437 3720 2729 3776; x_wconf 83' lang='lat' dir='ltr'><strong>Collationis</strong></span> <span class='ocrx_word' id='word_1_673' title='bbox 2767 3738 2880 3775; x_wconf 87' lang='lat' dir='ltr'><strong>cum</strong></span> <span class='ocrx_word' id='word_1_674' title='bbox 2921 3721 3211 3788; x_wconf 85' lang='lat' dir='ltr'><strong>Donatistis,</strong></span> <span class='ocrx_word' id='word_1_675' title='bbox 3254 3723 3368 3776; x_wconf 84' lang='lat' dir='ltr'><strong>libri</strong></span> <span class='ocrx_word' id='word_1_676' title='bbox 3405 3733 3520 3778; x_wconf 87' lang='lat' dir='ltr'><strong>tres.</strong></span> <span class='ocrx_word' id='word_1_677' title='bbox 3555 3777 3564 3787; x_wconf 67' lang='grc'><em>,</em></span> 
     </span>
    </p>
   </div>
   <div class='ocr_carea' id='block_1_96' title="bbox 2106 3835 3606 3906">
    <p class='ocr_par' dir='ltr' id='par_1_96' title="bbox 2106 3835 3606 3906">
     <span class='ocr_line' id='line_1_96' title="bbox 2106 3835 3606 3906; baseline 0.003 -16"><span class='ocrx_word' id='word_1_678' title='bbox 2106 3837 2454 3906; x_wconf 88' lang='lat' dir='ltr'><strong>Posteaquam</strong></span> <span class='ocrx_word' id='word_1_679' title='bbox 2489 3836 2619 3892; x_wconf 84' lang='lat' dir='ltr'><strong>facta</strong></span> <span class='ocrx_word' id='word_1_680' title='bbox 2633 3846 2842 3891; x_wconf 91' lang='lat' dir='ltr'><strong>estcum</strong></span> <span class='ocrx_word' id='word_1_681' title='bbox 2861 3836 3146 3890; x_wconf 90' lang='lat' dir='ltr'><strong>Donatistis</strong></span> <span class='ocrx_word' id='word_1_682' title='bbox 3175 3845 3350 3891; x_wconf 91' lang='lat' dir='ltr'><strong>nostra</strong></span> <span class='ocrx_word' id='word_1_683' title='bbox 3375 3835 3606 3905; x_wconf 78' lang='lat' dir='ltr'><strong>collatio,</strong></span> 
     </span>
    </p>
   </div>
   <div class='ocr_carea' id='block_1_97' title="bbox 2034 3927 3612 3998">
    <p class='ocr_par' dir='ltr' id='par_1_97' title="bbox 2034 3927 3612 3998">
     <span class='ocr_line' id='line_1_97' title="bbox 2034 3927 3612 3998; baseline 0.001 -17"><span class='ocrx_word' id='word_1_684' title='bbox 2034 3927 2266 3981; x_wconf 88' lang='lat' dir='ltr'><strong>breviter</strong></span> <span class='ocrx_word' id='word_1_685' title='bbox 2313 3927 2720 3980; x_wconf 88' lang='lat' dir='ltr'><strong>commemoravi</strong></span> <span class='ocrx_word' id='word_1_686' title='bbox 2768 3943 2886 3996; x_wconf 81' lang='lat' dir='ltr'><strong>quae</strong></span> <span class='ocrx_word' id='word_1_687' title='bbox 2933 3935 3079 3996; x_wconf 87' lang='lat' dir='ltr'><strong>gesta</strong></span> <span class='ocrx_word' id='word_1_688' title='bbox 3129 3929 3266 3994; x_wconf 88' lang='lat' dir='ltr'><strong>sint,</strong></span> <span class='ocrx_word' id='word_1_689' title='bbox 3315 3927 3612 3998; x_wconf 80' lang='lat' dir='ltr'><strong>litterisque</strong></span> 
     </span>
    </p>
   </div>
   <div class='ocr_carea' id='block_1_98' title="bbox 2035 4017 3615 4090">
    <p class='ocr_par' dir='ltr' id='par_1_98' title="bbox 2035 4017 3615 4090">
     <span class='ocr_line' id='line_1_98' title="bbox 2035 4017 3615 4090; baseline 0.003 -20"><span class='ocrx_word' id='word_1_690' title='bbox 2035 4017 2411 4086; x_wconf 88' lang='lat' dir='ltr'><strong>comprehendi</strong></span> <span class='ocrx_word' id='word_1_691' title='bbox 2439 4019 2729 4072; x_wconf 87' lang='lat' dir='ltr'><strong>secundum</strong></span> <span class='ocrx_word' id='word_1_692' title='bbox 2750 4027 2856 4073; x_wconf 89' lang='lat' dir='ltr'><strong>tres</strong></span> <span class='ocrx_word' id='word_1_693' title='bbox 2881 4019 2993 4073; x_wconf 87' lang='lat' dir='ltr'><strong>dies</strong></span> <span class='ocrx_word' id='word_1_694' title='bbox 3022 4020 3211 4090; x_wconf 88' lang='lat' dir='ltr'><strong>quibus</strong></span> <span class='ocrx_word' id='word_1_695' title='bbox 3237 4034 3356 4074; x_wconf 90' lang='lat' dir='ltr'><strong>cum</strong></span> <span class='ocrx_word' id='word_1_696' title='bbox 3383 4021 3460 4076; x_wconf 91' lang='lat' dir='ltr'><strong>eis</strong></span> <span class='ocrx_word' id='word_1_697' title='bbox 3484 4035 3615 4076; x_wconf 89' lang='lat' dir='ltr'><strong>con-</strong></span> 
     </span>
    </p>
   </div>
   <div class='ocr_carea' id='block_1_99' title="bbox 2036 4109 3614 4183">
    <p class='ocr_par' dir='ltr' id='par_1_99' title="bbox 2036 4109 3614 4183">
     <span class='ocr_line' id='line_1_99' title="bbox 2036 4109 3614 4183; baseline 0.002 -20"><span class='ocrx_word' id='word_1_698' title='bbox 2036 4109 2288 4163; x_wconf 86' lang='lat' dir='ltr'><strong>tulimus:</strong></span> <span class='ocrx_word' id='word_1_699' title='bbox 2333 4110 2489 4180; x_wconf 90' lang='lat' dir='ltr'><strong>idque</strong></span> <span class='ocrx_word' id='word_1_700' title='bbox 2530 4126 2663 4180; x_wconf 84' lang='lat' dir='ltr'><strong>Opus</strong></span> <span class='ocrx_word' id='word_1_701' title='bbox 2703 4111 2830 4165; x_wconf 92' lang='lat' dir='ltr'><strong>utile</strong></span> <span class='ocrx_word' id='word_1_702' title='bbox 2877 4112 3206 4174; x_wconf 85' lang='lat' dir='ltr'><strong>existimavi,</strong></span> <span class='ocrx_word' id='word_1_703' title='bbox 3248 4127 3353 4179; x_wconf 87' lang='lat' dir='ltr'><strong>quo</strong></span> <span class='ocrx_word' id='word_1_704' title='bbox 3391 4113 3614 4183; x_wconf 89' lang='lat' dir='ltr'><strong>quisque</strong></span> 
     </span>
    </p>
   </div>
   <div class='ocr_carea' id='block_1_100' title="bbox 2037 4201 3613 4271">
    <p class='ocr_par' dir='ltr' id='par_1_100' title="bbox 2037 4201 3613 4271">
     <span class='ocr_line' id='line_1_100' title="bbox 2037 4201 3613 4271; baseline 0.003 -17"><span class='ocrx_word' id='word_1_705' title='bbox 2037 4201 2411 4267; x_wconf 89' lang='lat' dir='ltr'><strong>commonitus,</strong></span> <span class='ocrx_word' id='word_1_706' title='bbox 2440 4202 2524 4255; x_wconf 86' lang='lat' dir='ltr'><strong>vel</strong></span> <span class='ocrx_word' id='word_1_707' title='bbox 2551 4202 2681 4254; x_wconf 91' lang='lat' dir='ltr'><strong>sciat</strong></span> <span class='ocrx_word' id='word_1_708' title='bbox 2709 4202 2823 4256; x_wconf 89' lang='lat' dir='ltr'><strong>sine</strong></span> <span class='ocrx_word' id='word_1_709' title='bbox 2847 4202 3029 4256; x_wconf 88' lang='lat' dir='ltr'><strong>labore</strong></span> <span class='ocrx_word' id='word_1_710' title='bbox 3058 4203 3179 4271; x_wconf 90' lang='lat' dir='ltr'><strong>quid</strong></span> <span class='ocrx_word' id='word_1_711' title='bbox 3210 4212 3386 4257; x_wconf 85' lang='lat' dir='ltr'><strong>actum</strong></span> <span class='ocrx_word' id='word_1_712' title='bbox 3413 4205 3500 4270; x_wconf 89' lang='lat' dir='ltr'><strong>sit,</strong></span> <span class='ocrx_word' id='word_1_713' title='bbox 3530 4204 3613 4258; x_wconf 87' lang='lat' dir='ltr'><strong>vel</strong></span> 
     </span>
    </p>
   </div>
   <div class='ocr_carea' id='block_1_101' title="bbox 2039 4294 3616 4365">
    <p class='ocr_par' dir='ltr' id='par_1_101' title="bbox 2039 4294 3616 4365">
     <span class='ocr_line' id='line_1_101' title="bbox 2039 4294 3616 4365; baseline 0.002 -18"><span class='ocrx_word' id='word_1_714' title='bbox 2039 4294 2296 4347; x_wconf 88' lang='lat' dir='ltr'><strong>consultis</strong></span> <span class='ocrx_word' id='word_1_715' title='bbox 2318 4295 2572 4361; x_wconf 89' lang='lat' dir='ltr'><strong>numeris,</strong></span> <span class='ocrx_word' id='word_1_716' title='bbox 2596 4299 2727 4363; x_wconf 82' lang='lat' dir='ltr'><strong>ques</strong></span> <span class='ocrx_word' id='word_1_717' title='bbox 2753 4294 2914 4349; x_wconf 89' lang='lat' dir='ltr'><strong>rebus</strong></span> <span class='ocrx_word' id='word_1_718' title='bbox 2937 4296 3157 4365; x_wconf 78' lang='lat' dir='ltr'><strong>singulis</strong></span> <span class='ocrx_word' id='word_1_719' title='bbox 3180 4297 3446 4361; x_wconf 89' lang='lat' dir='ltr'><strong>annotavi,</strong></span> <span class='ocrx_word' id='word_1_720' title='bbox 3477 4297 3616 4365; x_wconf 86' lang='lat' dir='ltr'><strong>legat</strong></span> 
     </span>
    </p>
   </div>
   <div class='ocr_carea' id='block_1_102' title="bbox 2037 4384 3611 4457">
    <p class='ocr_par' dir='ltr' id='par_1_102' title="bbox 2037 4384 3611 4457">
     <span class='ocr_line' id='line_1_102' title="bbox 2037 4384 3611 4457; baseline 0.001 -19"><span class='ocrx_word' id='word_1_721' title='bbox 2037 4384 2093 4439; x_wconf 92' lang='lat' dir='ltr'><strong>in</strong></span> <span class='ocrx_word' id='word_1_722' title='bbox 2136 4385 2336 4439; x_wconf 87' lang='lat' dir='ltr'><strong>eisdem</strong></span> <span class='ocrx_word' id='word_1_723' title='bbox 2383 4384 2557 4440; x_wconf 88' lang='lat' dir='ltr'><strong>Gestis</strong></span> <span class='ocrx_word' id='word_1_724' title='bbox 2601 4385 2666 4439; x_wconf 91' lang='lat' dir='ltr'><strong>ad</strong></span> <span class='ocrx_word' id='word_1_725' title='bbox 2715 4385 2886 4441; x_wconf 88' lang='lat' dir='ltr'><strong>locum</strong></span> <span class='ocrx_word' id='word_1_726' title='bbox 2939 4386 3309 4457; x_wconf 67' lang='lat' dir='ltr'><strong>quodcumqm</strong></span> <span class='ocrx_word' id='word_1_727' title='bbox 3352 4389 3611 4453; x_wconf 90' lang='lat' dir='ltr'><strong>voluerit;</strong></span> 
     </span>
    </p>
   </div>
   <div class='ocr_carea' id='block_1_103' title="bbox 2038 4477 3610 4547">
    <p class='ocr_par' dir='ltr' id='par_1_103' title="bbox 2038 4477 3610 4547">
     <span class='ocr_line' id='line_1_103' title="bbox 2038 4477 3610 4547; baseline 0.003 -18"><span class='ocrx_word' id='word_1_728' title='bbox 2038 4477 2284 4545; x_wconf 91' lang='lat' dir='ltr'><strong>quoniam</strong></span> <span class='ocrx_word' id='word_1_729' title='bbox 2352 4478 2571 4546; x_wconf 78' lang='lat' dir='ltr'><strong>fatigant</strong></span> <span class='ocrx_word' id='word_1_730' title='bbox 2622 4477 2709 4530; x_wconf 88' lang='lat' dir='ltr'><strong>illa</strong></span> <span class='ocrx_word' id='word_1_731' title='bbox 2763 4477 2921 4530; x_wconf 86' lang='lat' dir='ltr'><strong>nimia</strong></span> <span class='ocrx_word' id='word_1_732' title='bbox 2977 4479 3278 4547; x_wconf 82' lang='lat' dir='ltr'><strong>prolixitate</strong></span> <span class='ocrx_word' id='word_1_733' title='bbox 3337 4479 3610 4533; x_wconf 89' lang='lat' dir='ltr'><strong>lectorem.</strong></span> 
     </span>
    </p>
   </div>
   <div class='ocr_carea' id='block_1_104' title="bbox 2038 4568 3613 4638">
    <p class='ocr_par' dir='ltr' id='par_1_104' title="bbox 2038 4568 3613 4638">
     <span class='ocr_line' id='line_1_104' title="bbox 2038 4568 3613 4638; baseline 0.001 -16"><span class='ocrx_word' id='word_1_734' title='bbox 2038 4568 2205 4637; x_wconf 75' lang='lat' dir='ltr'><strong>Hujus</strong></span> <span class='ocrx_word' id='word_1_735' title='bbox 2249 4578 2425 4622; x_wconf 85' lang='lat' dir='ltr'><strong>autem</strong></span> <span class='ocrx_word' id='word_1_736' title='bbox 2471 4569 2648 4638; x_wconf 90' lang='lat' dir='ltr'><strong>operis</strong></span> <span class='ocrx_word' id='word_1_737' title='bbox 2695 4569 2878 4622; x_wconf 87' lang='lat' dir='ltr'><strong>titulus</strong></span> <span class='ocrx_word' id='word_1_738' title='bbox 2923 4579 3037 4638; x_wconf 89' lang='lat' dir='ltr'><strong>est,</strong></span> <span class='ocrx_word' id='word_1_739' title='bbox 3082 4570 3389 4626; x_wconf 85' lang='lat' dir='ltr'><strong>Brevieulus</strong></span> <span class='ocrx_word' id='word_1_740' title='bbox 3436 4571 3613 4625; x_wconf 86' lang='lat' dir='ltr'><strong>Colla-</strong></span> 
     </span>
    </p>
   </div>
   <div class='ocr_carea' id='block_1_105' title="bbox 2039 4658 3614 4733">
    <p class='ocr_par' dir='ltr' id='par_1_105' title="bbox 2039 4658 3614 4733">
     <span class='ocr_line' id='line_1_105' title="bbox 2039 4658 3614 4733; baseline 0.002 -20"><span class='ocrx_word' id='word_1_741' title='bbox 2039 4659 2214 4714; x_wconf 88' lang='lat' dir='ltr'><strong>tionis.</strong></span> <span class='ocrx_word' id='word_1_742' title='bbox 2254 4659 2367 4713; x_wconf 84' lang='lat' dir='ltr'><strong>Hoc</strong></span> <span class='ocrx_word' id='word_1_743' title='bbox 2404 4675 2536 4727; x_wconf 85' lang='lat' dir='ltr'><strong>opus</strong></span> <span class='ocrx_word' id='word_1_744' title='bbox 2576 4660 2653 4714; x_wconf 87' lang='lat' dir='ltr'><strong>sic</strong></span> <span class='ocrx_word' id='word_1_745' title='bbox 2689 4659 2874 4730; x_wconf 89' lang='lat' dir='ltr'><strong>incipit</strong></span> <span class='ocrx_word' id='word_1_746' title='bbox 2905 4677 2918 4713; x_wconf 88' lang='lat'><strong>:</strong></span> <span class='ocrx_word' id='word_1_747' title='bbox 2959 4658 3085 4716; x_wconf 88' lang='lat' dir='ltr'><strong>Cum</strong></span> <span class='ocrx_word' id='word_1_748' title='bbox 3122 4662 3356 4718; x_wconf 86' lang='lat' dir='ltr'><strong>catholici</strong></span> <span class='ocrx_word' id='word_1_749' title='bbox 3393 4662 3614 4733; x_wconf 82' lang='lat' dir='ltr'><strong>episcopi</strong></span> 
     </span>
    </p>
   </div>
   <div class='ocr_carea' id='block_1_106' title="bbox 2035 4746 2509 4823">
    <p class='ocr_par' dir='ltr' id='par_1_106' title="bbox 2035 4746 2509 4823">
     <span class='ocr_line' id='line_1_106' title="bbox 2035 4746 2509 4823; baseline 0 -17"><span class='ocrx_word' id='word_1_750' title='bbox 2035 4760 2081 4806; x_wconf 88' lang='lat' dir='ltr'><strong>et</strong></span> <span class='ocrx_word' id='word_1_751' title='bbox 2114 4753 2270 4823; x_wconf 87' lang='lat' dir='ltr'><strong>partis</strong></span> <span class='ocrx_word' id='word_1_752' title='bbox 2286 4746 2509 4806; x_wconf 80' lang='lat' dir='ltr'><strong>Donati.</strong></span> 
     </span>
    </p>
   </div>
   <div class='ocr_carea' id='block_1_107' title="bbox 2647 4823 3068 4910">
    <p class='ocr_par' dir='ltr' id='par_1_107' title="bbox 2647 4823 3068 4910">
     <span class='ocr_line' id='line_1_107' title="bbox 2647 4823 3068 4910; baseline 0 -32"><span class='ocrx_word' id='word_1_753' title='bbox 2647 4823 2871 4881; x_wconf 85' lang='lat' dir='ltr'><strong>CAPUT</strong></span> <span class='ocrx_word' id='word_1_754' title='bbox 2907 4823 3019 4880; x_wconf 81' lang='lat' dir='ltr'><strong>XL.</strong></span> <span class='ocrx_word' id='word_1_755' title='bbox 3050 4902 3068 4910; x_wconf 35' lang='grc' dir='ltr'><strong><em>ο</em></strong></span> 
     </span>
    </p>
   </div>
   <div class='ocr_carea' id='block_1_108' title="bbox 2126 4935 3530 5009">
    <p class='ocr_par' dir='ltr' id='par_1_108' title="bbox 2126 4935 3530 5009">
     <span class='ocr_line' id='line_1_108' title="bbox 2126 4935 3530 5009; baseline 0.002 -16"><span class='ocrx_word' id='word_1_756' title='bbox 2126 4935 2251 4993; x_wconf 86' lang='lat' dir='ltr'><strong>Post</strong></span> <span class='ocrx_word' id='word_1_757' title='bbox 2289 4937 2617 4995; x_wconf 87' lang='lat' dir='ltr'><strong>Collationem</strong></span> <span class='ocrx_word' id='word_1_758' title='bbox 2653 4949 2830 4994; x_wconf 89' lang='lat' dir='ltr'><strong>contra</strong></span> <span class='ocrx_word' id='word_1_759' title='bbox 2868 4940 3179 5009; x_wconf 88' lang='lat' dir='ltr'><strong>Donatistas,</strong></span> <span class='ocrx_word' id='word_1_760' title='bbox 3220 4950 3344 4996; x_wconf 79' lang='lat' dir='ltr'><strong>tt‘oer</strong></span> <span class='ocrx_word' id='word_1_761' title='bbox 3379 4957 3530 4996; x_wconf 81' lang='lat' dir='ltr'><strong>unus.</strong></span> 
     </span>
    </p>
   </div>
   <div class='ocr_carea' id='block_1_109' title="bbox 2092 5036 3610 5125">
    <p class='ocr_par' dir='ltr' id='par_1_109' title="bbox 2092 5036 3610 5125">
     <span class='ocr_line' id='line_1_109' title="bbox 2092 5036 3610 5125; baseline -0.001 -17"><span class='ocrx_word' id='word_1_762' title='bbox 2092 5036 2324 5108; x_wconf 35' lang='lat' dir='ltr'><strong>&#39;Lihrnm</strong></span> <span class='ocrx_word' id='word_1_763' title='bbox 2372 5054 2530 5108; x_wconf 90' lang='lat' dir='ltr'><strong>etiam</strong></span> <span class='ocrx_word' id='word_1_764' title='bbox 2580 5053 2767 5124; x_wconf 86' lang='lat' dir='ltr'><strong>scripsi</strong></span> <span class='ocrx_word' id='word_1_765' title='bbox 2809 5053 3098 5125; x_wconf 82' lang='lat' dir='ltr'><strong>grandem,</strong></span> <span class='ocrx_word' id='word_1_766' title='bbox 3150 5055 3311 5120; x_wconf 73' lang='lat' dir='ltr'><strong>satis,</strong></span> <span class='ocrx_word' id='word_1_767' title='bbox 3358 5045 3610 5124; x_wconf 51' lang='lat' dir='ltr'><strong>quantum</strong></span> 
     </span>
    </p>
   </div>
   <div class='ocr_carea' id='block_1_110' title="bbox 2038 5141 3612 5216">
    <p class='ocr_par' dir='ltr' id='par_1_110' title="bbox 2038 5141 3612 5216">
     <span class='ocr_line' id='line_1_110' title="bbox 2038 5141 3612 5216; baseline 0 -17"><span class='ocrx_word' id='word_1_768' title='bbox 2038 5141 2317 5208; x_wconf 87' lang='lat' dir='ltr'><strong>existimo,</strong></span> <span class='ocrx_word' id='word_1_769' title='bbox 2344 5143 2623 5213; x_wconf 87' lang='lat' dir='ltr'><strong>diligenter</strong></span> <span class='ocrx_word' id='word_1_770' title='bbox 2655 5145 2720 5200; x_wconf 92' lang='lat' dir='ltr'><strong>ad</strong></span> <span class='ocrx_word' id='word_1_771' title='bbox 2759 5146 2904 5215; x_wconf 89' lang='lat' dir='ltr'><strong>ipsos</strong></span> <span class='ocrx_word' id='word_1_772' title='bbox 2935 5147 3266 5210; x_wconf 89' lang='lat' dir='ltr'><strong>Donatistas,</strong></span> <span class='ocrx_word' id='word_1_773' title='bbox 3298 5154 3416 5216; x_wconf 89' lang='lat' dir='ltr'><strong>post</strong></span> <span class='ocrx_word' id='word_1_774' title='bbox 3443 5147 3612 5201; x_wconf 85' lang='lat' dir='ltr'><strong>colla-</strong></span> 
     </span>
    </p>
   </div>
   <div class='ocr_carea' id='block_1_111' title="bbox 2038 5235 3614 5306">
    <p class='ocr_par' dir='ltr' id='par_1_111' title="bbox 2038 5235 3614 5306">
     <span class='ocr_line' id='line_1_111' title="bbox 2038 5235 3614 5306; baseline 0.001 -17"><span class='ocrx_word' id='word_1_775' title='bbox 2038 5235 2235 5290; x_wconf 90' lang='lat' dir='ltr'><strong>tionem</strong></span> <span class='ocrx_word' id='word_1_776' title='bbox 2260 5251 2420 5306; x_wconf 90' lang='lat' dir='ltr'><strong>qnam</strong></span> <span class='ocrx_word' id='word_1_777' title='bbox 2449 5250 2568 5290; x_wconf 91' lang='lat' dir='ltr'><strong>cum</strong></span> <span class='ocrx_word' id='word_1_778' title='bbox 2597 5236 2857 5306; x_wconf 89' lang='lat' dir='ltr'><strong>episcopis</strong></span> <span class='ocrx_word' id='word_1_779' title='bbox 2889 5253 3072 5292; x_wconf 91' lang='lat' dir='ltr'><strong>eorum</strong></span> <span class='ocrx_word' id='word_1_780' title='bbox 3103 5237 3417 5304; x_wconf 78' lang='lat' dir='ltr'><strong>habuimus,</strong></span> <span class='ocrx_word' id='word_1_781' title='bbox 3451 5250 3518 5291; x_wconf 85' lang='lat' dir='ltr'><strong>ne</strong></span> <span class='ocrx_word' id='word_1_782' title='bbox 3547 5235 3614 5290; x_wconf 76' lang='lat' dir='ltr'><strong>ab</strong></span> 
     </span>
    </p>
   </div>
   <div class='ocr_carea' id='block_1_112' title="bbox 2038 5327 3614 5400">
    <p class='ocr_par' dir='ltr' id='par_1_112' title="bbox 2038 5327 3614 5400">
     <span class='ocr_line' id='line_1_112' title="bbox 2038 5327 3614 5400; baseline 0.003 -18"><span class='ocrx_word' id='word_1_783' title='bbox 2038 5327 2116 5382; x_wconf 88' lang='lat' dir='ltr'><strong>eis</strong></span> <span class='ocrx_word' id='word_1_784' title='bbox 2142 5327 2523 5382; x_wconf 89' lang='lat' dir='ltr'><strong>seducerentur</strong></span> <span class='ocrx_word' id='word_1_785' title='bbox 2551 5330 2790 5384; x_wconf 90' lang='lat' dir='ltr'><strong>ulterius.</strong></span> <span class='ocrx_word' id='word_1_786' title='bbox 2821 5329 2920 5386; x_wconf 91' lang='lat' dir='ltr'><strong>Ubi</strong></span> <span class='ocrx_word' id='word_1_787' title='bbox 2944 5331 3189 5400; x_wconf 88' lang='lat' dir='ltr'><strong>respondi</strong></span> <span class='ocrx_word' id='word_1_788' title='bbox 3213 5332 3372 5386; x_wconf 88' lang='lat' dir='ltr'><strong>etiam</strong></span> <span class='ocrx_word' id='word_1_789' title='bbox 3398 5331 3614 5400; x_wconf 86' lang='lat' dir='ltr'><strong>quibus-</strong></span> 
     </span>
    </p>
   </div>
   <div class='ocr_carea' id='block_1_113' title="bbox 2102 5443 3614 5517">
    <p class='ocr_par' dir='ltr' id='par_1_113' title="bbox 2102 5443 3614 5517">
     <span class='ocr_line' id='line_1_113' title="bbox 2102 5443 3614 5517; baseline 0.005 -22"><span class='ocrx_word' id='word_1_790' title='bbox 2102 5447 2118 5478; x_wconf 88' lang='grc'>¹</span> <span class='ocrx_word' id='word_1_791' title='bbox 2134 5453 2211 5517; x_wconf 65' lang='lat' dir='ltr'><strong>tta</strong></span> <span class='ocrx_word' id='word_1_792' title='bbox 2232 5443 2337 5517; x_wconf 74' lang='lat' dir='ltr'><strong>Mss.</strong></span> <span class='ocrx_word' id='word_1_793' title='bbox 2362 5447 2457 5507; x_wconf 84' lang='lat' dir='ltr'><strong>hic,</strong></span> <span class='ocrx_word' id='word_1_794' title='bbox 2477 5456 2528 5498; x_wconf 91' lang='lat' dir='ltr'><strong>et</strong></span> <span class='ocrx_word' id='word_1_795' title='bbox 2543 5447 2666 5497; x_wconf 79' lang='lat' dir='ltr'><strong>infra</strong></span> <span class='ocrx_word' id='word_1_796' title='bbox 2679 5461 2782 5510; x_wconf 65' lang='lat' dir='ltr'><strong>(np.</strong></span> <span class='ocrx_word' id='word_1_797' title='bbox 2809 5445 2867 5498; x_wconf 72' lang='grc'><strong>47</strong></span> <span class='ocrx_word' id='word_1_798' title='bbox 2886 5464 2902 5512; x_wconf 87' lang='lat'><strong>;</strong></span> <span class='ocrx_word' id='word_1_799' title='bbox 2921 5450 3101 5514; x_wconf 86' lang='lat' dir='ltr'><strong>quibus</strong></span> <span class='ocrx_word' id='word_1_800' title='bbox 3127 5449 3245 5502; x_wconf 85' lang='lat' dir='ltr'><strong>locis</strong></span> <span class='ocrx_word' id='word_1_801' title='bbox 3264 5449 3380 5502; x_wconf 83' lang='lat' dir='ltr'><strong>editi</strong></span> <span class='ocrx_word' id='word_1_802' title='bbox 3398 5451 3583 5502; x_wconf 81' lang='lat' dir='ltr'><strong>habent</strong></span> <span class='ocrx_word' id='word_1_803' title='bbox 3597 5485 3614 5514; x_wconf 82' lang='lat'><strong>,</strong></span> 
     </span>
    </p>
   </div>
   <div class='ocr_carea' id='block_1_114' title="bbox 2071 5515 2320 5559">
    <p class='ocr_par' dir='ltr' id='par_1_114' title="bbox 2071 5515 2320 5559">
     <span class='ocr_line' id='line_1_114' title="bbox 2071 5515 2320 5559; baseline -0.008 -1"><span class='ocrx_word' id='word_1_804' title='bbox 2071 5515 2194 5559; x_wconf 68' lang='lat' dir='ltr'><strong>ratio</strong></span> <span class='ocrx_word' id='word_1_805' title='bbox 2221 5515 2320 5558; x_wconf 76' lang='lat' dir='ltr'><strong>Det.</strong></span> 
     </span>
    </p>
   </div>
   <div class='ocr_carea' id='block_1_115' title="bbox 2035 5522 3614 5635">
    <p class='ocr_par' dir='ltr' id='par_1_115' title="bbox 2035 5522 3614 5635">
     <span class='ocr_line' id='line_1_115' title="bbox 2096 5522 2320 5557; baseline 0.004 -1"><span class='ocrx_word' id='word_1_806' title='bbox 2096 5524 2122 5556; x_wconf 89' lang='lat' dir='ltr'><strong>a</strong></span> <span class='ocrx_word' id='word_1_807' title='bbox 2177 5523 2194 5556; x_wconf 84' lang='grc' dir='ltr'><strong><em>ι</em></strong></span> <span class='ocrx_word' id='word_1_808' title='bbox 2221 5522 2260 5557; x_wconf 86' lang='grc'><strong>1)</strong></span> <span class='ocrx_word' id='word_1_809' title='bbox 2310 5547 2320 5556; x_wconf 93' lang='grc'><strong>.</strong></span> 
     </span>
     <span class='ocr_line' id='line_1_116' title="bbox 2035 5522 3614 5635; baseline 0.004 -17"><span class='ocrx_word' id='word_1_810' title='bbox 2035 5522 2321 5633; x_wconf 50' lang='grc' dir='ltr'><strong>θνῶἴίῖυιῗυ</strong></span> <span class='ocrx_word' id='word_1_811' title='bbox 2335 5571 2457 5620; x_wconf 87' lang='lat' dir='ltr'><strong>istud</strong></span> <span class='ocrx_word' id='word_1_812' title='bbox 2470 5585 2644 5635; x_wconf 85' lang='lat' dir='ltr'><strong>nomen</strong></span> <span class='ocrx_word' id='word_1_813' title='bbox 2655 5574 2907 5635; x_wconf 71' lang='lat' dir='ltr'><strong>quaesitum</strong></span> <span class='ocrx_word' id='word_1_814' title='bbox 2926 5573 3186 5635; x_wconf 86' lang='lat' dir='ltr'><strong>diligenter</strong></span> <span class='ocrx_word' id='word_1_815' title='bbox 3203 5575 3250 5622; x_wconf 94' lang='lat' dir='ltr'><strong>in</strong></span> <span class='ocrx_word' id='word_1_816' title='bbox 3261 5576 3487 5626; x_wconf 84' lang='lat' dir='ltr'><strong>versione</strong></span> <span class='ocrx_word' id='word_1_817' title='bbox 3504 5581 3614 5624; x_wconf 76' lang='lat' dir='ltr'><strong>LXX</strong></span> 
     </span>
    </p>
   </div>
   <div class='ocr_carea' id='block_1_116' title="bbox 2037 5633 3614 5707">
    <p class='ocr_par' dir='ltr' id='par_1_116' title="bbox 2037 5633 3614 5707">
     <span class='ocr_line' id='line_1_117' title="bbox 2037 5633 3614 5707; baseline 0.006 -27"><span class='ocrx_word' id='word_1_818' title='bbox 2037 5647 2271 5703; x_wconf 79' lang='lat' dir='ltr'><strong>nusquam</strong></span> <span class='ocrx_word' id='word_1_819' title='bbox 2290 5635 2429 5707; x_wconf 48' lang='lat' dir='ltr'><strong>nobis.</strong></span> <span class='ocrx_word' id='word_1_820' title='bbox 2442 5633 2668 5704; x_wconf 54' lang='lat' dir='ltr'><strong>occurrit;</strong></span> <span class='ocrx_word' id='word_1_821' title='bbox 2691 5634 2778 5681; x_wconf 84' lang='lat' dir='ltr'><strong>sed</strong></span> <span class='ocrx_word' id='word_1_822' title='bbox 2794 5635 2970 5707; x_wconf 78' lang='lat' dir='ltr'><strong>quibus</strong></span> <span class='ocrx_word' id='word_1_823' title='bbox 2999 5633 3155 5707; x_wconf 50' lang='lat' dir='ltr'><strong>lucis}</strong></span> <span class='ocrx_word' id='word_1_824' title='bbox 3167 5635 3329 5707; x_wconf 57' lang='grc' dir='ltr'><strong>ωεξηελ</strong></span> <span class='ocrx_word' id='word_1_825' title='bbox 3347 5639 3501 5707; x_wconf 72' lang='lat' dir='ltr'><strong>habet</strong></span> <span class='ocrx_word' id='word_1_826' title='bbox 3517 5649 3614 5707; x_wconf 64' lang='lat' dir='ltr'><strong>cq-</strong></span> 
     </span>
    </p>
   </div>
   <div class='ocr_carea' id='block_1_117' title="bbox 2037 5695 3612 5763">
    <p class='ocr_par' dir='ltr' id='par_1_117' title="bbox 2037 5695 3612 5763">
     <span class='ocr_line' id='line_1_118' title="bbox 2037 5695 3612 5763; baseline 0.001 -19"><span class='ocrx_word' id='word_1_827' title='bbox 2037 5695 2284 5750; x_wconf 65' lang='lat' dir='ltr'><strong>re-ntbnias,</strong></span> <span class='ocrx_word' id='word_1_828' title='bbox 2317 5696 2365 5742; x_wconf 91' lang='lat' dir='ltr'><strong>in</strong></span> <span class='ocrx_word' id='word_1_829' title='bbox 2385 5695 2460 5743; x_wconf 89' lang='lat' dir='ltr'><strong>illa</strong></span> <span class='ocrx_word' id='word_1_830' title='bbox 2496 5697 2768 5757; x_wconf 81' lang='lat' dir='ltr'><strong>reperimus</strong></span> <span class='ocrx_word' id='word_1_831' title='bbox 2785 5695 3465 5763; x_wconf 61' lang='lat' dir='ltr'><strong>nisa10uarx,just17icatiortes</strong></span> <span class='ocrx_word' id='word_1_832' title='bbox 3479 5697 3612 5763; x_wconf 63' lang='lat' dir='ltr'><strong>,jvel,</strong></span> 
     </span>
    </p>
   </div>
   <div class='ocr_carea' id='block_1_118' title="bbox 2038 5758 3612 5827">
    <p class='ocr_par' dir='ltr' id='par_1_118' title="bbox 2038 5758 3612 5827">
     <span class='ocr_line' id='line_1_119' title="bbox 2038 5758 3612 5827; baseline 0.006 -24"><span class='ocrx_word' id='word_1_833' title='bbox 2038 5772 2374 5827; x_wconf 56' lang='grc' dir='ltr'><strong>ιιιιοδνιυηιωτιε</strong></span> <span class='ocrx_word' id='word_1_834' title='bbox 2395 5793 2406 5815; x_wconf 83' lang='grc'>,</span> <span class='ocrx_word' id='word_1_835' title='bbox 2435 5765 2705 5827; x_wconf 77' lang='lat' dir='ltr'><strong>prteccpttt,‘</strong></span> <span class='ocrx_word' id='word_1_836' title='bbox 2731 5758 2810 5807; x_wconf 89' lang='lat' dir='ltr'><strong>vel</strong></span> <span class='ocrx_word' id='word_1_837' title='bbox 2833 5758 3113 5827; x_wconf 52' lang='lat' dir='ltr'><strong>unum;</strong></span> <span class='ocrx_word' id='word_1_838' title='bbox 3127 5758 3367 5815; x_wconf 61' lang='lat' dir='ltr'><strong>cum</strong></span> <span class='ocrx_word' id='word_1_839' title='bbox 3381 5775 3407 5825; x_wconf 58' lang='grc' dir='ltr'><strong><em>ξ</em></strong></span> <span class='ocrx_word' id='word_1_840' title='bbox 3427 5760 3510 5814; x_wconf 80' lang='lat' dir='ltr'><strong>vel</strong></span> <span class='ocrx_word' id='word_1_841' title='bbox 3527 5758 3612 5812; x_wconf 55' lang='grc' dir='ltr'><strong>μὲ</strong></span> 
     </span>
    </p>
   </div>
   <div class='ocr_carea' id='block_1_119' title="bbox 2037 5825 2967 5886">
    <p class='ocr_par' dir='ltr' id='par_1_119' title="bbox 2037 5825 2967 5886">
     <span class='ocr_line' id='line_1_120' title="bbox 2037 5825 2967 5886; baseline 0.006 -17"><span class='ocrx_word' id='word_1_842' title='bbox 2037 5835 2224 5880; x_wconf 64' lang='lat' dir='ltr'><strong>manu,</strong></span> <span class='ocrx_word' id='word_1_843' title='bbox 2251 5825 2550 5882; x_wconf 74' lang='lat' dir='ltr'><strong>servitutem;</strong></span> <span class='ocrx_word' id='word_1_844' title='bbox 2573 5836 2764 5886; x_wconf 69' lang='lat' dir='ltr'><strong>NOION,</strong></span> <span class='ocrx_word' id='word_1_845' title='bbox 2793 5828 2883 5874; x_wconf 81' lang='lat' dir='ltr'><strong>etc.</strong></span> <span class='ocrx_word' id='word_1_846' title='bbox 2965 5825 2967 5828; x_wconf 80' lang='grc'><strong>’</strong></span> 
     </span>
    </p>
   </div>
  </div>
