4116 6366
495 326 598 384 647

493 445 618 499 dam
657 437 974 494 vanitatibus
1010 447 1227 498 eorum,
1271 443 1388 500 qua:
1422 424 1488 480 ad
1523 438 1620 478 nos
1656 420 1934 492 pervenire
1974 432 2070 486 po-

497 543 728 597 tuerunt,
755 545 888 602 quas
908 528 1052 594 victi,
1079 525 1167 580 ubi
1187 531 1430 594 poterant
1449 529 1500 574 et
1523 513 1786 586 quomodo
1807 517 2066 582 poterant,

492 629 834 700 iactitabant;
865 631 1058 694 praeter
1083 621 1168 674 illa
1197 635 1314 688 qua:
1343 614 1450 669 dixi
1469 613 1534 667 de
1555 610 1730 665 Gcstis
1752 603 2068 666 collationis,

499 720 638 776 unde
665 718 787 790 quid
810 727 983 772 actum
1005 715 1069 768 sit
1095 713 1324 768 breviter
1350 715 1674 762 nosceretur.
1711 701 1871 756 Multo
1896 707 2069 751 autent

498 812 710 868 brevius
739 811 790 864 id
819 809 900 878 egi
926 805 983 864 In
1011 805 1234 875 quadam
1261 801 1324 856 ad
1356 799 1570 854 eosdem
1607 809 1790 850 rursus
1829 790 2068 860 epistola.

500 903 605 958 Sed
630 902 748 970 quia
777 901 830 954 in
854 897 1078 953 concilio
1099 893 1355 949 Numidia:
1379 891 1622 944 omnibus
1650 885 1736 956 qui
1763 885 1832 939 ibi
1860 896 2072 940 eramus

499 995 602 1049 hoc
635 993 748 1048 ﬁeri
789 989 1024 1061 placuit,
1069 1003 1174 1040 non
1211 995 1292 1038 est
1327 985 1376 1036 in
1415 979 1651 1050 epistolis
1693 976 1826 1031 meis
1853 973 1948 1046 (a).
1987 972 2074 1028 Sic

499 1085 690 1156 quippe
721 1083 936 1150 incipit:
968 1079 1218 1149 Syluanus
1245 1091 1429 1140 senem,
1464 1071 1756 1125 Valentinus
1776 1108 1789 1133 ,
1823 1066 2072 1119 Innocen—

499 1177 627 1238 tius,
677 1173 1015 1236 Maximinus,
1060 1169 1302 1239 Optatus,
1347 1165 1683 1236 Augustinus,
1726 1166 1988 1225 Donatus,
2028 1165 2073 1210 et

499 1270 661 1324 rceteri
717 1265 932 1339 episcopi
981 1263 1043 1316 de
1088 1260 1298 1316 concilio
1345 1256 1570 1311 Zertensi
1596 1257 1612 1286 ί
1647 1253 1712 1307 ad
1759 1252 2069 1306 Donatistas.

501 1363 598 1418 Hic
639 1362 773 1417 liber
815 1359 892 1414 sic
926 1356 1145 1426 incipit:
1191 1352 1324 1418 Quid
1368 1351 1531 1404 adhuc
1574 1347 1882 1412 Donatistae,
1921 1344 2071 1398 sedu-

497 1454 705 1508 cimini?

1093 1513 1317 1571 CAPUT
1355 1511 1492 1568 XLI.

883 1609 959 1662 De
987 1591 1214 1662 Videndo
1239 1603 1368 1670 Deo,
1407 1603 1529 1656 liber
1551 1617 1700 1654 unus.

573 1705 650 1759 De
686 1699 927 1758 Videndo
973 1699 1084 1753 Deo
1132 1697 1315 1765 scripsi
1359 1691 1772 1762 librum(Epist.
1821 1689 1949 1752 147,
2008 1685 2075 1738 ad

501 1792 832 1864 Paulinam),
891 1791 980 1846 ubi
1032 1790 1100 1845 de
1137 1787 1390 1859 spirituali
1433 1798 1660 1853 corpore
1700 1781 1838 1851 quod
1887 1779 1987 1834 erit
2021 1778 2072 1832 in

498 1885 886 1944 resurrectione
925 1889 1225 1936 sanctorum
1258 1875 1650 1946 inquisitionem
1687 1871 2072 1940 diligentiorem

500 1977 702 2041 distuli,
733 1984 910 2030 utrum
941 1973 1022 2027 vel
1069 1969 1334 2041 quomodo
1389 1968 1546 2030 Deus,
1579 1965 1665 2033 qui
1722 1963 1936 2032 spiritus
1969 1971 2070 2026 est,

499 2067 660 2122 etiam
691 2079 786 2134 per
812 2079 1004 2133 corpus
1031 2061 1138 2115 tale
1163 2059 1436 2120 videatur;
1471 2055 1565 2110 sed
1581 2069 1695 2108 eam
1719 2063 1900 2124 postea
1925 2067 2070 2121 qua:-

503 2156 728 2211 stionem
758 2169 885 2209 sane
909 2150 1274 2207 dilﬁcillimam
1305 2148 1356 2201 in
1400 2145 1704 2210 novissimo,
1733 2143 1785 2196 id
1808 2150 1890 2198 est
1921 2142 1970 2196 in
1993 2141 2073 2194 vi-

501 2246 703 2315 gesimo
728 2254 782 2300 et
808 2241 1041 2298 secundo
1071 2240 1207 2294 libro
1244 2237 1310 2292 de
1343 2235 1569 2290 Civitate
1595 2235 1691 2288 Dei
1713 2233 1731 2306 (
1753 2233 1878 2303 Cap.
1907 2231 1994 2294 29,
2019 2245 2070 2284 η.

500 2336 554 2400 1,
579 2353 684 2406 sqq.
709 2333 752 2408 ),
789 2339 938 2398 satis,
970 2341 1226 2403 quantum
1276 2329 1522 2392 arbitror,
1565 2325 1842 2396 explicavi.
1897 2323 2074 2378 Inveni

498 2428 658 2483 etiam
680 2427 732 2480 in
760 2425 991 2496 quodam
1031 2434 1214 2478 nostro
1239 2421 1445 2486 codice,
1473 2421 1524 2474 in
1552 2435 1654 2488 quo
1699 2427 1752 2472 et
1799 2417 1896 2470 iste
1943 2417 2075 2470 liber

499 2528 600 2586 est,
631 2517 896 2589 quoddam
928 2513 1388 2570 commonitorium
1415 2526 1444 2564 a
1473 2525 1557 2564 me
1587 2511 1778 2562 iactum
1802 2508 1868 2562 de
1897 2507 1998 2560 hac
2016 2522 2074 2561 re

495 2610 563 2666 ad
618 2610 928 2680 episcOpum
979 2608 1282 2662 Siccensem
1333 2599 1973 2668 Fortunatianum;quod
2020 2599 2072 2652 in

498 2703 876 2773 opusculorum
903 2715 1143 2755 meorum
1177 2697 1408 2774 indiculo
1449 2711 1548 2750 nec
1591 2694 1726 2748 inter
1753 2693 1937 2758 libros,
1977 2707 2074 2745 nec

499 2793 638 2850 inter
663 2793 915 2864 epistolas
939 2800 1021 2847 est
1041 2799 1275 2844 notatum
1300 2787 1420 2860 (b).
1455 2787 1551 2840 llic
1574 2786 1706 2840 liber
1751 2786 1827 2838 sic
1858 2783 2070 2852 incipit:

499 2883 697 2940 Memor
721 2882 889 2940 debiti.
913 2881 1050 2937 Illud
1071 2891 1244 2936 autem
1279 2897 1292 2933 ε
1319 2879 1462 2934 Sicut
1485 2893 1704 2948 prwsens
1729 2877 1919 2946 rogavi.

1085 2971 1310 3026 CAPUT
1349 2971 1507 3025 XLII.

817 3063 896 3119 De
925 3063 1126 3118 Natura
1144 3073 1190 3116 et
1221 3061 1412 3128 Gratia,
1444 3063 1566 3116 liber
1605 3080 1754 3117 unus.

570 3157 729 3214 Venit
770 3157 926 3212 etiam
971 3164 1099 3210 tunc
1131 3155 1181 3207 in
1233 3169 1420 3206 manus
1463 3168 1608 3208 meas
1637 3153 1848 3222 quidam
1877 3151 2074 3222 Pelagii

501 3249 658 3314 liber,
689 3249 778 3304 ubi
807 3246 1040 3304 hominis
1085 3253 1328 3300 naturam
1374 3255 1556 3300 contra
1611 3245 1701 3300 Dei
1723 3235 1942 3315 gratiam
1972 3260 2073 3315 qua

493 3340 809 3412 justilicatur
837 3339 1052 3410 impius,
1096 3346 1149 3391 et
1188 3353 1286 3407 qua
1334 3337 1604 3392 christiani
1648 3352 1849 3400 sumus,
1879 3346 2072 3405 quanta

498 3433 669 3504 potuit
693 3430 1147 3502 argumentatione
1175 3417 1423 3482 defendit.
1447 3427 1663 3482 Librum
1685 3443 1808 3496 ergo
1829 3443 1931 3496 quo
1953 3425 2074 3480 huic

497 3524 768 3596 respondi,
817 3523 1105 3578 defendens
1147 3522 1387 3592 gratiam,
1433 3537 1538 3576 non
1584 3530 1763 3574 contra
1809 3531 2068 3582 naturam,

501 3615 596 3670 sed
629 3631 724 3685 per
744 3629 900 3685 quam
945 3623 1130 3667 natura
1157 3613 1408 3666 liberatur
1433 3622 1485 3666 et
1531 3613 1749 3680 regitur,
1783 3611 2070 3666 de-Natura

497 3717 552 3762 et
575 3707 754 3762 Gratia
781 3704 1095 3774 nuncupavi.
1126 3705 1182 3758 In
1207 3719 1312 3772 quo
1337 3702 1494 3758 verba
1522 3703 1760 3772 quanlam
1791 3719 1908 3772 quae
1933 3704 2074 3758 velut

498 3799 654 3871 Xysti
696 3799 922 3854 Romani
949 3797 1180 3866 episcopi
1221 3805 1276 3850 et
1319 3797 1566 3866 martyris
1613 3797 1851 3866 Pelagius
1879 3799 2068 3866 posuit,

499 3891 574 3946 ita
614 3889 830 3946 defendi
849 3899 1096 3958 tanquam
1126 3902 1310 3942 revera
1337 3887 1573 3956 ejusdem
1609 3887 1758 3957 Xysti
1784 3897 1990 3952 essent;
2019 3889 2070 3944 id

497 3981 640 4036 enim
695 3991 998 4050 putaveram
1031 3979 1160 4034 :sed
1201 3987 1380 4046 postea
1434 3979 1536 4048 legi
1582 3977 1726 4033 Sexti
1775 3979 2068 4048 phil050phi

497 4089 636 4138 esse,
689 4087 794 4127 non
837 4071 992 4142 Xysti
1019 4070 1289 4140 christiani
1326 4067 1418 4142 (ε).
1453 4069 1548 4124 Hic
1593 4069 1726 4125 liber
1765 4069 1841 4124 sic
1888 4069 2072 4138 incipit

497 4168 704 4222 Librum
729 4183 873 4240 quem
895 4167 1119 4220 misistis.

1059 4257 1284 4312 CAPUT
1323 4255 1504 4312 XLIII.

809 4349 885 4403 De
905 4348 1116 4404 Civitate
1133 4347 1250 4416 Dei,
1275 4347 1390 4402 libri
1417 4349 1590 4419 uiginti
1613 4349 1733 4403 duo.

569 4442 619 4494 1.
651 4440 858 4495 Interea
900 4439 1066 4494 Roma
1110 4437 1400 4494 Gothorum
1445 4438 1757 4508 irruptione,
1801 4439 2068 4508 agentium

497 4533 599 4588 sub
631 4548 754 4603 rege
779 4531 1006 4598 Alarico,
1037 4539 1194 4600 atque
1217 4531 1417 4600 impetu
1445 4547 1650 4601 magnae
1675 4531 1838 4587 cladis
1886 4547 2068 4588 eversa

559 4669 576 4701 ι
591 4673 725 4730 ίιιονη
739 4665 952 4726 Cirtensi.
965 4665 1176 4730 Nonnulli
1193 4679 1310 4718 vero
1324 4673 1452 4728 Mss,
1468 4666 1698 4730 let-sensi,
1721 4677 1820 4730 aut,
1847 4669 2068 4724 Teriensi.

495 4729 778 4792 Bodleianus
807 4736 888 4792 Ms.
925 4737 976 4779 et
1002 4729 1179 4792 Colleg.
1202 4737 1397 4780 menon.
1419 4737 1524 4779 Mss.
1546 4729 1658 4790 duo,
1686 4731 1906 4782 Zirtensi.
1943 4735 2072 4784 Alius

495 4791 645 4856 Bodl,
663 4789 870 4856 Hetensi.
896 4799 950 4856 at
971 4800 1069 4840 Am.
1095 4789 1238 4856 et'tgr.
1261 4803 1371 4840 cum
1381 4797 1488 4841 Mss.
1503 4789 1738 4856 tredecim
1759 4795 1938 4856 ferunt,
1961 4805 2071 4845 Zer-

497 4852 632 4903 tensi.
655 4859 782 4924 Hanc
799 4851 1060 4924 lectionem
1077 4852 1354 4902 conﬁrmat
1372 4859 1478 4902 Mss.
1499 4855 1676 4916 quibus
1692 4853 1815 4904 liber
1833 4851 1933 4906 iste
1945 4859 2069 4907 inte-

495 4927 586 4978 ger
605 4920 893 4964 continetur.

575 4997 628 5048 al
645 5003 773 5048 Inter
791 5011 876 5046 eas
889 5009 1016 5046 uuuc
1033 5004 1108 5046 est
1122 4997 1290 5048 ordine
1308 4997 1414 5048 141.

581 5057 774 5124 1))ch
791 5059 916 5124 inter
933 5059 1090 5124 Epistt.
1111 5061 1354 5124 reperitur
1373 5060 1542 5124 ordine
1560 5061 1667 5124 148,
1685 5069 1801 5111 tom.
1821 5061 1869 5122 2,
1886 5074 1934 5124 p.
1955 5065 2062 5117 759.

647 5122 800 5188 verba
825 5119 905 5169 illa
921 5119 1052 5188 sexti
1083 5119 1480 5188 rhilosophicsse
1497 5121 1618 5184 legit
1639 5119 1763 5188 forte
1785 5119 2073 5188 Augustinus

639 5182 833 5252 fuerim.
852 5183 940 5252 qui
953 5183 1094 5242 Epist.
1114 5184 1174 5252 ad
1190 5182 1566 5252 Ctesiphontem;
1579 5193 1644 5252 et
1662 5182 1909 5252 intererit.
1927 5201 1971 5237 c.
1992 5190 2069 5252 22,

581 5134 606 5169 ε

498 5193 592 5243 apu

501 5249 553 5290 et
571 5244 620 5290 in
635 5243 800 5291 Ezecb.
819 5243 962 5304 e18,
996 5245 1173 5292 erroris
1203 5243 1394 5292 causam
1428 5245 1476 5291 in
1511 5243 1720 5294 Ruﬁnum
1753 5249 1922 5300 refert.
1958 5243 2072 5302 Eum

499 5305 630 5378 enim
645 5316 754 5378 cum
767 5307 902 5378 sexti
915 5307 1181 5378 sententias
1198 5317 1228 5378 εξ
1244 5319 1402 5378 graeco
1434 5307 1482 5352 in
1500 5304 1704 5378 latinum
1717 5312 1962 5378 vertisset,
1980 5316 2072 5378 sub

498 5365 692 5432 nomine
713 5372 755 5414 S.
777 5368 904 5432 xysti
925 5367 1143 5432 martyris
1160 5365 1292 5432 urbis
1309 5373 1462 5432 Romae
1497 5368 1705 5432 episcopi
1741 5365 1960 5424 edidisse
1982 5377 2073 5425 cri-

495 5428 719 5497 minatur.
739 5427 854 5476 tlin'c
867 5441 1010 5490 porro
1027 5427 1232 5497 lectitari
1244 5429 1422 5497 passim
1442 5443 1468 5497 ιι
1486 5427 1577 5491 piis
1594 5427 1708 5482 viris
1727 5441 1778 5483 et
1799 5435 1846 5482 in
1879 5437 2072 5487 modum

498 5486 676 5548 annuli,
697 5501 843 5557 quem
869 5486 1039 5538 earum
1071 5486 1346 5557 collecti—oni.
1361 5486 1552 5557 titulum
1587 5499 1768 5544 iecerat
1800 5486 2072 5557 Ruﬁnus‘in

501 5561 645 5624 manu
659 5551 838 5624 gestari
857 5551 1310 5624 semper,_ad_eoque
1327 5553 1640 5624 familiaritcn
1661 5557 1826 5606 haberi
1845 5551 2070 5624 contigit,

499 5619 552 5660 ut
567 5612 681 5684 inde
695 5614 988 5684 sententiam
1004 5619 1055 5684 s._
1069 5620 1114 5660 ι’.
1135 5612 1429 5684 Benedictus
1437 5617 1486 5664 in
1502 5617 1687 5678 regulrn
1715 5633 1815 5668 suae
1848 5612 2004 5683 capiti?
2023 5612 2070 5684 7;

499 5673 754 5746 protulerit
773 5673 822 5720 in
839 5674 943 5745 haec
955 5675 1105 5724 verba
1124 5687 1135 5723 :
1163 5693 1184 5721 «
1199 5676 1326 5726 sicut
1340 5673 1681 5740 scriptum'est,
1699 5684 1894 5744 Sapiens
1907 5673 2074 5736 verbis

500 5739 756 5786 innotesdt
771 5739 974 5795 paucis.»

1567 293 2195 360 RETRACTATIONUM
2232 275 2290 350 si
2330 296 2687 352 AUGUSTINI

3644 296 3750 352 648

2177 424 2286 480 est;
2309 417 2459 486 cujus
2479 418 2810 472 eversionem
2841 416 3060 474 deorum
3083 417 3334 472 falsorum
3357 417 3750 488 multorumque

2177 509 2426 574 cultores,
2469 505 2600 580 quos
2639 511 2829 564 usitato
2875 510 3087 564 nomine
3117 511 3356 580 Paganos
3399 527 3673 578 vocamus,
3699 515 3747 565 in

2177 601 2514 656 christianam
2541 603 2848 672 religionem
2881 604 3084 656 referre
3122 613 3394 665 conantes,
3423 603 3579 656 solito
3604 619 3750 656 accr-

2177 693 2294 748 bius
2325 705 2377 748 et
2396 695 2626 749 amarius
2655 696 2818 749 Deum
2845 711 3026 750 verum
3059 694 3426 764 blasphemare
3451 703 3744 763 coeperunt.

2177 783 2326 838 Unde
2369 800 2466 854 ego
2520 786 2871 841 exardescens
2919 787 3032 840 zelo
3085 785 3274 838 domus
3329 785 3442 846 Dei,
3494 784 3744 838 adversus

2175 892 2356 932 eorum
2385 877 2737 946 blasphemias
2763 877 2845 932 vel
2877 893 3086 933 errores
3116 878 3280 932 libros
3305 877 3370 931 de
3405 875 3626 930 Civitate
3657 876 3746 930 Dei

2174 971 2408 1025 scribere
2431 971 2652 1025 institui.
2687 969 2836 1038 Quod
2859 985 2990 1040 opus
3018 986 3110 1040 per
3132 971 3328 1039 aliquot
3365 984 3532 1022 annos
3561 984 3644 1021 me
3669 977 3748 1023 te-

2179 1066 2309 1130 nuit,
2340 1081 2402 1118 co
2441 1066 2578 1134 quod
2599 1065 2699 1117 alia
2723 1065 2889 1118 multa
2916 1063 3362 1128 intercurrebant,
3393 1077 3510 1131 quae
3536 1061 3748 1116 differre

2179 1171 2282 1210 non
2307 1164 2588 1224 oporteret,
2625 1167 2674 1208 et
2700 1171 2784 1209 me
2811 1155 2957 1224 prius
2977 1153 3041 1208 ad
3064 1153 3377 1208 solvendum
3395 1153 3746 1222 occupabant.
3807 1212 3817 1220 θ

2176 1247 2286 1302 Hoc
2310 1257 2483 1301 autem
2509 1247 2572 1300 (lc
2597 1245 2816 1301 Civitate
2843 1245 2934 1300 Dei
2963 1245 3162 1314 grande
3191 1259 3324 1314 opus
3345 1243 3556 1297 tandem
3579 1243 3748 1312 vigin-

2178 1339 2214 1391 ti
2244 1337 2445 1392 duobus
2474 1337 2618 1391 libris
2638 1345 2718 1390 est
2742 1337 3097 1390 terminatum.
3124 1336 3359 1402 Quorum
3377 1335 3609 1405 quinque
3637 1335 3746 1404 pri-
3787 1383 3796 1406 ._

2177 1428 2248 1482 mi
2287 1443 2380 1482 cos
2417 1428 2680 1494 refellunt,
2703 1427 2790 1498 qui
2815 1443 2902 1482 res
2931 1426 3188 1480 humanas
3219 1426 3290 1480 ita
3329 1425 3624 1494 prosperari
3651 1439 3747 1479 vo-

2177 1519 2309 1584 lunt,
2340 1527 2398 1572 ut
2415 1519 2478 1572 ad
2507 1519 2606 1574 hoc
2635 1518 2920 1572 multorum
2951 1518 3174 1573 deorum
3197 1517 3394 1571 cultum
3421 1532 3556 1586 quos
3581 1516 3732 1585 Paga-

2176 1611 2230 1664 ni
2251 1609 2426 1664 colere
2447 1617 2855 1674 consueverunt,
2885 1609 3239 1662 necessarium
3260 1623 3377 1661 esse
3393 1607 3743 1670 arbitrentur;

2176 1709 2229 1754 et
2267 1700 2388 1769 quia
2419 1699 2744 1769 prohibetur,
2775 1701 2906 1753 mala
2941 1699 3038 1752 ista
3080 1699 3272 1754 exoriri
3301 1707 3456 1766 atque
3482 1697 3748 1752 abundare

2177 1791 2518 1846 contendunt.
2561 1791 2853 1862 chuentes
2878 1801 3054 1846 autem
3095 1791 3329 1860 quinque
3355 1791 3608 1844 adversus
3653 1805 3745 1843 cos

2177 1885 2480 1952 loquuntur,
2499 1884 2586 1952 qui
2609 1883 2836 1937 fatentur
2849 1882 2963 1936 inec
2977 1881 3114 1936 mala
3131 1896 3229 1935 nec
3245 1879 3474 1934 defuisse
3491 1895 3743 1948 unquam,

2177 1989 2274 2028 nec
2292 1975 2530 2028 defutura
2551 1975 2878 2040 mortalibus,
2897 1982 2950 2028 et
2973 1989 3036 2028 ea
3065 1987 3203 2026 nunc
3233 1987 3438 2040 magna,
3467 1988 3604 2026 nunc
3623 1987 3744 2042 par-

2175 2081 2260 2134 va,
2293 2069 2440 2136 locis,
2481 2069 2827 2140 temporibus,
2859 2071 3204 2140 personisque
3232 2069 3419 2123 variari
3451 2087 3464 2122 :
3497 2067 3590 2121 sed
3615 2066 3744 2121 deo-

2177 2173 2292 2211 rum
2325 2160 2606 2214 multorum
2633 2161 2853 2227 cultant,
2882 2177 2990 2230 quo
3036 2162 3114 2215 eis
3157 2160 3502 2225 sacriﬁcatur,
3535 2167 3748 2227 propter

2179 2252 2339 2305 vitam
2369 2261 2490 2322 post
2533 2261 2757 2308 mortem
2789 2253 3016 2307 futuram
3069 2267 3188 2308 esse
3237 2255 3414 2307 utilem
3457 2251 3741 2319 disputant.

2177 2341 2270 2395 His
2298 2357 2426 2412 ergo
2451 2343 2633 2398 decem
2681 2344 2830 2398 libris
2859 2344 2978 2399 dua:
2999 2345 3112 2398 ista:
3139 2359 3289 2398 vana:
3313 2343 3586 2412 opiniones
3610 2340 3746 2395 chri-

2179 2435 2362 2488 stiana:
2387 2434 2628 2504 religioni
2651 2435 2970 2489 adversaria:
2997 2436 3318 2490 refelluntur.

2247 2525 2300 2578 2.
2326 2525 2432 2579 Sed
2457 2541 2521 2578 nc
2552 2525 2826 2594 quisquam
2855 2530 2953 2580 nos
2979 2527 3366 2580 alienatantum
3393 2525 3746 2591 redargnisse,

2177 2632 2282 2670 non
2295 2626 2466 2672 autem
2483 2629 2658 2672 nostra
2677 2618 2966 2673 asseruisse
2981 2619 3420 2686 reprehenderet;
3437 2617 3486 2670 id
3505 2619 3608 2685 agit
3631 2631 3748 2684 pars

2177 2709 2341 2762 altera
2383 2710 2556 2778 Operis
2592 2709 2766 2778 hujus,
2797 2725 2914 2779 quae
2951 2710 3099 2763 libris
3123 2709 3397 2763 duodecim
3425 2707 3744 2761 continetur.

2178 2799 2490 2868 Quanquam
2523 2799 2614 2854 ubi
2641 2817 2771 2870 opus
2797 2809 2897 2865 est,
2928 2809 2981 2854 et
3009 2797 3062 2854 in
3098 2799 3357 2868 prioribus
3407 2797 3588 2852 decem
3633 2811 3749 2864 qua:

2179 2898 2360 2944 nostra
2391 2899 2512 2943 sunt
2531 2905 2850 2956 asseramus,
2882 2899 2937 2944 et
2973 2891 3024 2962 in
3051 2889 3329 2944 duodecim
3355 2887 3742 2958 posterioribus

2177 2985 2558 3051 redarguamus
2604 2982 2848 3036 adversa.
2879 2981 3166 3044 Duodecim
3219 2995 3343 3049 ergo
3375 2979 3630 3032 librormn
3659 2993 3746 3031 se-

2181 3075 2452 3143 quentium
2485 3073 2638 3144 primi
2684 3085 2907 3143 quatuor
2949 3055 3218 3128 coiilinent
3242 3083 3482 3127 exortum
3524 3065 3748 3126 duarum

2175 3166 2462 3232 civitatum,
2491 3180 2712 3235 quarum
2741 3175 2822 3220 est
2845 3181 2947 3220 una
2994 3161 3128 3228 Dei,
3159 3166 3320 3218 altera
3362 3163 3515 3232 hujus
3541 3162 3744 3216 mundi.

2183 3257 2414 3311 Secundi
2441 3265 2684 3326 quatuor,
2713 3271 2994 3311 excursum
3033 3273 3212 3310 earum
3257 3257 3367 3310 sive
3411 3271 3744 3324 procursum.

2179 3349 2343 3403 Tertii
2373 3365 2520 3414 vero,
2544 3351 2632 3420 qui
2656 3359 2708 3404 et
2726 3351 2994 3419 postremi,
3046 3350 3251 3416 debitos
3275 3351 3424 3404 lines.
3457 3349 3534 3402 Ila
3564 3363 3748 3403 omnes

2175 3443 2355 3512 viginti
2385 3451 2436 3496 et
2461 3443 2564 3496 duo
2589 3443 2704 3497 libri
2731 3459 2850 3497 cum
2883 3443 2987 3497 sint
3021 3443 3088 3496 de
3129 3453 3347 3513 utraque
3385 3443 3593 3497 civitate
3621 3455 3748 3498 con-

2176 3536 2379 3603 scripti,
2409 3535 2620 3590 titulum
2639 3543 2815 3590 tamen
2842 3551 2870 3588 a
2894 3535 3111 3589 meliore
3133 3543 3468 3601 acceperunt,
3500 3543 3552 3587 ut
3578 3533 3642 3586 de
3661 3532 3740 3586 Ci-

2177 3627 2335 3682 vitate
2361 3627 2450 3680 Dei
2479 3629 2652 3696 potius
2671 3637 3004 3682 vocarentur.
3029 3628 3086 3680 In
3113 3643 3337 3696 quorum
3365 3626 3569 3681 decimo
3603 3625 3738 3679 libro

2177 3733 2280 3770 non
2294 3717 2474 3772 debuit
2489 3733 2584 3786 pro
2602 3719 2854 3772 miraculo
2866 3719 2986 3786 poni
3005 3719 3054 3772 in
3073 3718 3300 3772 Abrahae
3316 3715 3747 3784 sacrificioJlam-

2177 3826 2316 3863 mam
2345 3811 2554 3866 caelitus
2583 3811 2776 3866 factam
2803 3812 2940 3866 inter
2961 3811 3155 3866 divisas
3181 3811 3420 3866 victimas
3451 3812 3745 3865 cucurrisse

2181 3901 2339 3972 (Cap.
2369 3902 2465 3972 8);
2489 3906 2735 3972 quoniam
2761 3905 2948 3958 hocilli
2975 3907 3023 3958 in
3043 3905 3247 3959 visione
3271 3915 3622 3960 monstratum
3643 3913 3742 3958 est.

2175 3995 2230 4050 In
2255 3998 2477 4065 septimo
2506 3998 2711 4054 decimo
2729 3999 2882 4062 libro,
2909 3999 3046 4067 quod
3069 3999 3262 4053 dictum
3284 4007 3368 4053 est
3385 3999 3450 4053 de
3476 3998 3740 4062 Samucle,

2176 4087 2296 4142 Non
2318 4098 2420 4141 erat
2449 4089 2510 4144 de
2537 4091 2655 4158 ﬁliis
2680 4091 2847 4144 Aaron
2879 4091 3030 4163 (Cap.
3063 4091 3117 4158 5,
3147 4109 3196 4145 η.
3227 4091 3327 4162 2);
3361 4092 3635 4146 dicendum
3653 4108 3752 4162 po-

2179 4181 2280 4234 tius
2303 4181 2417 4246 I'uit,
2450 4181 2564 4235 Non
2595 4191 2708 4236 erat
2751 4182 2890 4236 ﬁlius
2917 4183 3224 4236 sacerdotis.
3262 4182 3426 4237 Filios
3445 4183 3638 4252 quippe
3665 4197 3747 4234 sa-

2178 4275 2449 4328 cerdotum
2479 4276 2741 4330 defunctis
2760 4276 3120 4328 sacerdotibus
3135 4276 3420 4330 succedere
3437 4279 3598 4344 magis
3621 4275 3748 4344 legi-

2181 4366 2292 4417 timi
2324 4366 2486 4420 moris
2517 4367 2610 4419 fuit
2642 4385 2652 4418 :
2685 4382 2804 4418 nam
2837 4368 2888 4419 in
2935 4367 3054 4420 liliis
3081 4367 3255 4419 Aaron
3307 4368 3566 4434 reperitur
3597 4375 3748 4433 pater

2179 4455 2441 4512 Samuelis
2479 4457 2550 4528 (a)
2574 4475 2589 4524 ;
2612 4458 2702 4512 sed
2731 4459 2978 4512 sacerdos
2999 4475 3102 4512 non
3125 4459 3240 4522 fuit,
3267 4475 3362 4512 nec
3385 4459 3449 4511 ita
3474 4459 3523 4510 in
3543 4458 3662 4510 [iliis
3691 4471 3748 4510 ut

2177 4565 2295 4604 eum
2324 4551 2434 4618 ipse
2457 4551 2700 4619 genuerit
2726 4551 2919 4618 Aaron,
2935 4552 3028 4606 sed
3050 4553 3185 4606 sicut
3208 4567 3390 4606 omnes
3408 4552 3546 4605 illius
3567 4551 3746 4619 populi

2177 4640 2423 4696 dicuntur
2451 4641 2540 4695 lilii
2577 4641 2757 4698 Israel.
2781 4641 2891 4698 Hoc
2907 4659 3040 4713 opus
3081 4645 3160 4698 sic
3185 4644 3401 4714 incipit:
3436 4643 3750 4698 Gloriosissi-

2177 4751 2307 4787 mam
2333 4735 2578 4788 civitatem
2597 4735 2713 4790 Dei.

2735 4831 2960 4886 CAPUT
3000 4831 3182 4885 XLIV.

2179 4901 2260 4954 Ad
2287 4899 2540 4969 Orosium,
2561 4911 2732 4956 contra
2759 4897 3176 4956 Priscillian‘istas
3195 4911 3243 4955 et
3270 4899 3600 4973 Origenistas,
3627 4903 3750 4955 liber

2892 5011 3040 5046 unus.

2249 5085 2398 5138 Inter
2419 5085 2532 5138 [nec
2558 5084 2728 5140 Orosii
2762 5085 3033 5154 cujusdam
3057 5085 3272 5153 Hispani
3303 5085 3596 5154 presbyteri
3617 5097 3748 5137 con-

2179 5175 2445 5230 sultationi
2463 5175 2528 5229 de
2555 5175 2978 5240 I’riscillianistis,
3009 5185 3061 5230 et
3083 5175 3149 5230 de
3177 5175 3752 5246 quibusdamOrigenis

2183 5268 2430 5322 sensibus
2461 5283 2594 5336 quos
2619 5267 2876 5322 catholica
2905 5267 3034 5322 ﬁdes
3060 5267 3342 5336 improbat,
3384 5275 3576 5337 quanta
3605 5265 3750 5333 potui

2187 5357 2443 5412 brevitate
2481 5374 2542 5411 ac
2591 5357 2962 5427 perspicuitate
3006 5357 3293 5428 respondi:
3327 5357 3477 5426 cujus
3513 5355 3749 5425 opusculi

2185 5449 2368 5502 titulus
2406 5458 2482 5504 est
2510 5449 2572 5503 ad
2598 5449 2866 5516 Orosium,
2896 5459 3080 5504 contra
3109 5449 3529 5504 Priscillianistas
3550 5455 3604 5502 et
3630 5447 3752 5502 Ori-

2241 5627 2425 5690 (a)_flmo
2442 5625 2628 5690 samucl
2661 5628 2710 5690 in
2725 5625 2834 5690 ﬁliis
2847 5634 2964 5676 Core
2983 5627 3142 5690 :rmuli
3160 5637 3308 5677 naron
3327 5629 3569 5690 reperitur
3589 5633 3755 5690 [fara-

2181 5687 2268 5754 lip.
2363 5688 2526 5736 Incidit
2545 5700 2663 5754 ergo
2679 5687 2730 5735 in
2745 5689 2967 5754 vitiosum
2985 5689 3217 5750 codicem,
3235 5699 3319 5742 aut
3331 5687 3468 5740 certe
3499 5691 3562 5740 ab
3593 5687 3754 5754 aliquo

2177 5749 2272 5800 alio
2293 5749 2529 5812 deceptus
2544 5749 2632 5798 fuit
2645 5757 2688 5798 S.
2709 5751 3012 5814 Augustinus.
