4116 6366
477 386 573 444 651

480 505 639 560 etiam
658 500 918 557 brevitate
935 512 999 555 ac
1017 497 1287 555 celeritate
1310 494 1578 566 respondi;
1601 494 1849 563 adjuncto
1867 492 2054 547 eodem

481 610 727 653 sermone
742 609 771 649 a
788 594 960 664 capite
975 572 1338 664 responsionis
1357 603 1508 654 meat,
1528 584 1838 641 etadhibitis
1859 583 1925 637 ad
1942 582 2054 637 sin-

479 689 600 758 gula
622 686 858 742 numeris
873 728 887 752 ,
906 684 1092 755 quibus
1106 680 1376 753 inspectis,
1392 676 1516 750 quid
1536 677 1619 734 cui
1637 676 1754 731 loco
1773 672 2057 744 responde-

477 781 583 836 rim
606 822 623 846 ,
652 778 806 834 facile
832 776 1000 847 possit
1020 774 1241 829 adverti.
1270 772 1368 827 Hic
1394 771 1548 837 liber,
1571 777 1691 841 post
1728 784 1913 823 eorum
1942 782 2054 821 ser—

478 888 693 928 monem
720 870 808 942 qui
833 884 863 924 a
884 870 1055 939 capite
1080 866 1361 937 adjunctus
1384 871 1484 930 est,
1502 864 1578 920 sic
1603 861 1786 933 incipit
1818 880 1829 915 :
1866 860 2054 914 Eorum

479 963 780 1037 pracedenti
822 961 1181 1033 disputationi,
1233 959 1326 1013 hac
1375 956 1711 1035 disputatione
1751 954 2049 1026 respondeo.

1070 1082 1291 1147 CAPUT
1330 1081 1460 1149 LIII.

479 1180 555 1236 De
595 1178 806 1249 Nuptiis
828 1186 875 1234 et
908 1175 1351 1267 Concupiscentia,
1390 1174 1455 1229 ad
1493 1172 1752 1228 Valerium
1783 1172 2009 1247 comitem
2033 1213 2049 1239 ,

1141 1269 1253 1323 libri
1278 1268 1399 1322 duo.

543 1388 746 1461 Scripsi
784 1388 921 1446 duos
964 1387 1128 1443 libros
1174 1384 1241 1440 ad
1283 1384 1541 1459 illustrem
1585 1381 1757 1459 virum
1803 1381 2053 1436 comitem

476 1461 777 1549 Valerium,
814 1495 933 1536 cum
964 1479 1227 1534 audissem
1274 1476 1583 1547 Pelagianos
1622 1475 1669 1529 ei
1709 1473 1889 1549 nescio
1926 1472 2052 1544 quid

470 1574 749 1643 scripsisse
777 1572 844 1627 de
883 1570 1065 1637 nobis,
1105 1556 1246 1640 quod
1285 1568 1482 1622 scilicet
1515 1567 1725 1637 nuptias
1767 1566 2049 1620 damnare-

471 1681 621 1728 mus,
659 1662 949 1718 asserendo
990 1660 1248 1731 originale
1286 1667 1559 1728 peccatum
1591 1677 1602 1711 :
1637 1672 1857 1735 quorum
1891 1656 2052 1717 libro-

469 1772 586 1810 rum
618 1755 801 1808 titulus
826 1762 909 1807 est
929 1794 945 1819 ,
977 1750 1043 1805 de
1073 1750 1278 1819 Nuptiis
1311 1761 1365 1803 et
1405 1748 1857 1823 Concupiscentia.
1888 1744 2049 1803 Boni-

469 1856 630 1903 tatem
678 1847 870 1916 quippe
909 1826 1241 1898 defendimus
1288 1832 1625 1910 nuptiarum»,
1670 1855 1735 1893 ne
1780 1847 2051 1908 putaretur

469 1955 650 1993 earum
691 1952 812 1991 esse
844 1936 1029 1989 vitium
1078 1932 1503 2007 concupiscentia
1538 1931 1744 1995 carnis,
1773 1939 1826 1985 et
1867 1929 1951 1984 lex
1996 1930 2050 1983 in

468 2029 725 2087 membris
752 2040 1051 2101 repugnans
1088 2024 1191 2095 legi
1226 2023 1454 2089 mentis,
1499 2038 1605 2093 quo
1639 2023 1783 2083 malo
1816 2021 2049 2076 libidinis

468 2120 604 2197 bene
630 2121 792 2174 utitur
820 2118 883 2189 ad
917 2116 1052 2173 ﬁlios
1078 2114 1434 2199 ppocreandos
1458 2114 1706 2184 pudicitia
1732 2114 2044 2183 conjugalis.

469 2212 539 2267 Ut
578 2220 754 2267 autem
781 2211 887 2265 duo
922 2208 1042 2263 libri
1081 2216 1291 2274 essent,
1338 2206 1539 2276 primus
1579 2206 1727 2262 venit
1765 2206 1817 2259 in
1855 2206 2049 2265 Iuliani

468 2305 729 2383 pelagiani
759 2318 967 2367 manus,
1000 2310 1054 2356 et
1080 2300 1289 2371 scripsit
1311 2299 1563 2355 adversus
1583 2313 1705 2354 eum
1728 2299 1892 2353 libros
1913 2313 2047 2367 qua-

469 2408 606 2460 tuor,
638 2412 703 2452 ex
733 2394 925 2467 quibus
948 2392 1161 2464 quidam
1192 2390 1444 2446 nonnulla
1466 2388 1753 2459 decerpsit,
1784 2398 1841 2445 et
1868 2388 2049 2445 comiti

466 2488 681 2546 Valerio
704 2489 867 2553 misit,
892 2488 981 2551 ille
1003 2500 1131 2543 vero
1158 2485 1225 2543 ad
1251 2499 1368 2541 nos.
1399 2484 1527 2552 Quae
1550 2500 1670 2539 cum
1700 2485 2043 2553 accepissem,

466 2586 570 2643 alio
592 2585 727 2641 libro
767 2583 833 2637 ad
863 2580 1049 2638 eadem
1079 2579 1194 2650 ipsa
1221 2577 1493 2648 respondi.
1531 2578 1698 2648 Hujus
1726 2577 1906 2647 operis
1938 2577 2049 2646 pri-

466 2692 585 2731 ntus
611 2674 744 2729 liber
772 2674 851 2730 sic
880 2672 1065 2745 incipit
1094 2688 1107 2724 :
1144 2669 1385 2725 ﬂeretici
1413 2669 1529 2727 novi
1547 2709 1564 2736 ,
1610 2669 1928 2724 dilectissime
1970 2670 2048 2738 ﬁli

475 2764 665 2824 Valeri.
701 2765 979 2824 Secundus
1011 2772 1189 2827 autem
1212 2763 1292 2821 sic
1316 2780 1329 2818 :
1360 2761 1506 2821 Inter
1528 2762 1723 2819 militia:
1750 2772 1850 2818 tute
1878 2778 2044 2817 curas.

1061 2896 1288 2954 CAPUT
1325 2897 1458 2953 LIV.

908 2990 1237 3051 Locutianunt
1266 2989 1382 3061 libri
1405 2998 1612 3060 septem.

539 3108 752 3177 septem
780 3104 943 3169 libros
968 3103 1035 3183 de
1067 3112 1271 3175 septem
1296 3102 1447 3167 libris
1481 3102 1776 3163 divinarum
1805 3101 2047 3172 Scriptu-

468 3214 670 3265 rarum,
702 3196 755 3252 id
793 3204 874 3251 est
900 3194 1065 3266 Moysi
1103 3194 1371 3269 quinque,
1407 3203 1459 3249 et
1499 3208 1605 3249 uno
1646 3192 1772 3250 Jcsu
1804 3193 1968 3259 Nave,
1997 3203 2049 3250 et

466 3294 635 3347 altero
659 3288 923 3351 Judieum,
956 3285 1081 3352 feci,
1108 3284 1301 3349 notatis
1336 3284 1689 3339 locutionibus
1722 3284 2049 3355 singulorum

468 3399 585 3456 quae
615 3380 789 3436 minus
818 3379 1023 3434 usitatae
1055 3386 1177 3431 sunt
1216 3377 1407 3447 linguae
1430 3372 1629 3441 nostra:
1661 3392 1673 3429 :
1708 3391 1838 3446 quas
1866 3391 2051 3445 parum

468 3471 791 3531 advertendo
824 3485 1041 3527 sensum
1069 3477 1344 3541 quierunt,
1386 3470 1472 3539 qui
1503 3469 1711 3540 legunt,
1751 3469 2049 3541 divinorum

467 3566 820 3637 eloquiorum,
842 3578 963 3633 cum
990 3560 1059 3631 sit
1077 3560 1360 3635 locutionis
1389 3574 1574 3631 genus,
1598 3567 1653 3616 et
1672 3575 2052 3632 nonnunquam

469 3660 783 3730 exsculpunt
802 3655 995 3727 aliquid
1018 3652 1157 3725 quod
1176 3669 1207 3707 a
1235 3653 1457 3719 veritate
1478 3651 1692 3723 quidem
1719 3668 1824 3708 non
1854 3652 2053 3707 abhor-

469 3761 613 3820 reat;
644 3766 750 3807 non
779 3758 957 3804 tamen
995 3745 1047 3817 id
1089 3746 1321 3801 sensisse
1348 3753 1532 3801 auctor
1565 3760 1593 3797 a
1630 3759 1736 3815 quo
1779 3745 1880 3800 hoc
1918 3744 2051 3799 scri-

469 3852 617 3915 ptum
645 3851 727 3897 est
752 3839 1045 3903 invenitur,
1073 3835 1165 3891 sed
1193 3850 1387 3908 genere
1418 3833 1700 3897 locutionis
1731 3835 1829 3889 hoc
1854 3834 2054 3892 dixisse

470 3934 776 3991 credibilius
803 3937 1040 4002 apparet.
1073 3926 1231 3982 Multa
1257 3935 1433 3980 autem
1460 3926 1512 3979 in
1541 3926 1828 3997 Scripturis
1854 3926 2054 3983 sanctis

469 4027 693 4081 obseura
714 4065 730 4091 ,
761 4025 971 4094 cognito
1009 4019 1287 4099 locutionis
1315 4032 1508 4089 genere
1541 4015 1888 4077 dilueescunt.
1922 4016 2054 4075 Pro-

471 4128 590 4190 pter
613 4115 754 4190 quod
774 4104 1137 4185 cognoscenda
1160 4120 1281 4166 sunt
1305 4109 1491 4167 eadem
1512 4125 1706 4179 genera
1728 4110 2053 4167 locutionum

472 4209 565 4266 ubi
605 4206 881 4263 sententiae
922 4203 1137 4279 patent;
1180 4212 1238 4258 ut
1280 4202 1440 4257 etiam
1469 4201 1560 4258 ubi
1589 4202 1782 4269 latent,
1824 4204 2055 4275 cognitio

474 4300 591 4372 ipsa
636 4305 945 4363 succurrat,
996 4308 1191 4367 easque
1239 4292 1519 4349 intentioni
1563 4292 1787 4364 legentis
1831 4294 2051 4364 aperiat.

475 4391 646 4461 Hujus
671 4389 848 4462 operis
875 4386 1058 4442 titulus
1083 4393 1183 4452 est,
1212 4384 1531 4440 Locutiones
1554 4385 1623 4440 de
1648 4384 1873 4453 Genesi;
1896 4397 2057 4457 atque

476 4482 548 4537 ita
576 4482 641 4536 de
666 4477 886 4551 singulis
912 4477 1082 4534 libris.
1118 4474 1269 4543 Quod
1294 4483 1470 4532 autem
1510 4476 1561 4531 in
1601 4475 1737 4547 libro
1762 4478 1933 4547 primo
1963 4495 2056 4548 po-

476 4575 559 4630 sui
590 4554 780 4645 (Num.
814 4570 958 4647 xvnt)
985 4568 1240 4645 scriptum
1280 4582 1432 4633 esse,
1465 4566 1535 4623 Et
1576 4568 1693 4639 fecit
1735 4567 1848 4623 Noe
1888 4570 2057 4623 omnia

477 4654 626 4722 uerba
650 4679 973 4737 quaecumque
1000 4660 1235 4733 prmeepit
1263 4658 1342 4713 illi
1368 4658 1637 4726 Dominus,
1662 4659 1735 4714 sic
1764 4660 1877 4730 fecit
1904 4660 2053 4730 (Gen.

478 4774 556 4827 vt,
582 4756 695 4829 2‘2),
728 4770 949 4825 eamque
976 4753 1297 4821 locutionem
1321 4750 1432 4819 dixi
1457 4765 1577 4808 esse
1599 4752 1823 4807 similem
1846 4754 1895 4807 ei
1915 4753 2053 4824 quod

480 4853 537 4906 in
571 4849 877 4925 conditione
903 4854 1158 4915 creatum
1189 4862 1202 4899 :
1233 4852 1577 4914 posteaquam
1621 4842 1847 4909 dicitur,
1882 4844 1948 4897 Et
1986 4844 2057 4898 sic

480 4952 553 5017 est
580 4945 767 5015 factum
791 4981 808 5008 ,
846 4938 1092 5003 additur,
1125 4946 1171 4990 et
1197 4936 1315 5009 fecit
1335 4934 1473 4991 Deus
1499 4933 1610 5005 (Id.
1637 4951 1654 4991 ι
1678 4935 1732 5007 );
1769 4952 1877 4991 non
1913 4938 2057 4992 omni

480 5034 638 5099 modo
680 5033 855 5105 simile
892 5029 995 5087 hoc
1035 5028 1208 5099 eidem
1248 5026 1651 5087 mihi‘videtur.
1703 5029 1940 5100 Denique
1986 5031 2058 5087 ibi

478 5125 637 5185 etiam
673 5106 864 5191 sensus
889 5122 1046 5187 latet;
1079 5119 1166 5178 hic
1185 5118 1299 5185 sola
1321 5118 1517 5175 locutio
1540 5126 1641 5177 est.
1672 5118 1786 5176 Hoc
1811 5134 1944 5190 opus
1981 5122 2058 5178 sic

481 5212 667 5289 incipit
695 5230 709 5267 :
739 5210 1039 5279 Locutiones
1066 5208 1472 5281 Scripturarum.

1117 5317 1343 5378 CAPUT
1381 5320 1491 5376 LV.

918 5416 1262 5485 Qumtionum
1290 5414 1405 5469 libri
1430 5422 1637 5486 septem.

556 5532 608 5586 l.
639 5529 840 5587 Eodem
871 5538 1109 5599 tempore
1130 5529 1315 5600 scripsi
1337 5530 1497 5587 etiam
1520 5530 1681 5588 libros
1702 5530 2062 5599 Quaestionum

484 5624 554 5681 de
578 5622 750 5680 Libris
777 5622 978 5679 eisdem
999 5621 1194 5676 divinis
1220 5630 1453 5691 septem,
1478 5637 1611 5694 quos
1640 5622 1758 5679 ideo
1800 5625 2063 5695 appellare

485 5715 563 5772 sic
592 5715 779 5783 volui,
810 5714 933 5787 quia
971 5728 1031 5770 ea
1062 5727 1179 5782 quae
1226 5713 1296 5768 ibi
1328 5712 1696 5783 disputantur,
1727 5718 1892 5787 magis
1916 5734 2063 5789 qum-

485 5807 651 5865 renda
708 5807 988 5877 proposui,
1046 5820 1202 5874 quam
1251 5806 1469 5874 quaesita
1517 5807 1771 5876 dissolvi;
1827 5812 2064 5881 quamvis

1602 372 2223 459 RETRAC'I‘ATIQNUM
2263 372 2317 431 S.
2359 373 2724 433 AUGUSTINI

3636 373 3756 445 ,ὅδε

2166 489 2331 543 multo
2372 489 2524 563 plura
2568 493 2621 545 in
2650 491 2728 547 eis
2774 490 2903 547 mihi
2931 486 3209 547 videantur
3228 490 3300 569 ita
3316 498 3667 565 pertractata,
3694 502 3755 563 ut

2164 581 2366 651 possint
2395 582 2552 637 etiam
2588 583 2755 638 soluta
2791 593 2843 640 et
2886 583 3123 655 exposita
3168 600 3275 639 non
3312 583 3579 651 immerito
3604 574 3750 657 judi-

2163 674 2291 727 cari.
2323 674 2627 744 Regnorum
2654 692 2861 748 quoque
2888 678 3054 733 libros
3083 676 3271 747 eodem
3300 678 3460 735 modo
3484 678 3594 751 jam
3615 660 3753 749 cou-

2163 764 2399 821 siderare
2428 781 2797 836 coeperamus;
2828 768 2922 823 sed
2953 785 3058 824 non
3099 769 3320 837 multum
3364 772 3667 841 progressi,
3697 770 3752 829 in

2161 856 2262 910 alia
2318 874 2436 927 quin
2490 861 2657 930 magis
2704 860 2963 931 urgebant
3015 860 3249 916 animum
3296 862 3639 920 intendimus.
3693 861 3751 920 In

2162 950 2333 1018 primo
2356 960 2533 1007 autem
2564 953 2699 1007 libro
2723 994 2737 1017 ,
2769 952 2859 1007 ubi
2888 954 3060 1024 agitur
3089 954 3156 1010 de
3185 956 3346 1026 virgis
3374 957 3590 1011 variatis
3618 972 3751 1028 quas

2160 1041 2389 1109 ponebat
2423 1042 2589 1098 Jacob
2630 1044 2681 1097 in
2721 1059 2886 1115 aqua,
2919 1054 2978 1100 ut
3015 1046 3066 1100 in
3110 1055 3368 1118 conceptu
3409 1048 3595 1118 positze
3622 1065 3754 1106 oves

2159 1148 2252 1199 eas
2296 1134 2539 1190 viderent
2587 1150 2707 1191 cum
2746 1137 3030 1203 biberent,
3087 1146 3141 1201 et
3181 1139 3362 1197 varios
3408 1140 3549 1215 fetus
3591 1154 3750 1211 pare-

2158 1233 2281 1285 rent
2321 1226 2551 1297 (Quaest.
2599 1228 2739 1298 93);
2786 1244 2890 1284 non
2935 1229 3072 1284 bene
3114 1244 3144 1283 a
3192 1228 3346 1284 nobis
3386 1231 3624 1299 exposita
3668 1241 3751 1290 cet

2158 1329 2314 1371 causa
2365 1332 2460 1372 cur
2511 1319 2703 1385 iterum
2757 1320 3178 1389 concipientibus
3235 1336 3339 1376 non
3388 1322 3646 1390 ponebat,
3696 1324 3751 1379 id

2158 1417 2269 1476 est,
2300 1424 2422 1473 eum
2450 1411 2583 1475 alios
2616 1411 2751 1475 fetus
2778 1412 3155 1481 conciperent,
3185 1411 3281 1477 sed
3326 1413 3379 1467 in
3420 1413 3598 1482 priore
3622 1429 3753 1470 con-

2158 1511 2337 1573 ceptu.
2370 1502 2506 1559 Nam
2534 1505 2840 1574 quaestionis
2863 1505 3081 1569 alterius
3102 1504 3369 1573 expositio
3395 1503 3610 1578 (Quam.
3634 1506 3748 1577 95),

2159 1594 2248 1649 ubi
2277 1596 2534 1665 qumritur
2572 1610 2668 1651 cur
2699 1595 2889 1661 dixerit
2921 1610 3108 1653 socero
3148 1610 3244 1650 suo
3270 1595 3468 1664 Jacob,
3512 1597 3576 1653 Et
3604 1599 3752 1653 dece-

2158 1690 2277 1758 pisti
2302 1690 2577 1745 mercedem
2620 1707 2781 1745 meam
2810 1691 2979 1751 decem
3007 1688 3235 1761 agnabus
3261 1688 3415 1759 (Gen.
3440 1704 3586 1755 xxxt,
3614 1692 3707 1763 41)
3730 1734 3747 1758 ,

2157 1780 2287 1837 satis
2308 1781 2572 1836 veraciter
2600 1781 2852 1849 enodata,
2880 1781 3212 1841 demonstrat
3237 1782 3393 1839 istam
3410 1823 3424 1850 ,
3455 1782 3591 1839 sicut
3615 1785 3751 1840 solvi

2158 1870 2378 1938 debuit,
2406 1887 2511 1927 non
2535 1873 2782 1929 solutam.

2226 1962 2369 2018 2.111
2406 1965 2564 2025 tertio
2605 1978 2818 2034 quoque
2867 1963 3040 2029 libro,
3086 1964 3177 2020 ubi
3214 1964 3283 2021 de
3327 1979 3535 2021 summo
3576 1966 3751 2037 agitur

2156 2054 2467 2122 sacerdote,
2505 2055 2774 2125 quomodo
2801 2055 3018 2117 creabat
3049 2055 3205 2123 ﬁlios,
3249 2070 3371 2114 cum
3411 2056 3630 2113 haberet
3655 2073 3750 2113 ne-

2155 2146 2461 2211 cessitatem
2511 2145 2594 2201 bis
2633 2146 2685 2200 in
2733 2145 2820 2201 die
2857 2144 3062 2215 ingredi
3093 2145 3147 2209 in
3189 2155 3374 2203 sancta
3410 2157 3745 2217 sanctorum,

2155 2236 2245 2292 ubi
2269 2245 2387 2292 erat
2414 2237 2582 2293 altare
2602 2237 2823 2303 incensi,
2848 2236 2912 2291 ad
2940 2235 3266 2296 offerendum
3296 2239 3572 2297 incensum
3593 2255 3748 2297 mane

2154 2336 2208 2387 et
2237 2342 2455 2397 vespera
2486 2327 2693 2400 (Exod.
2736 2344 2872 2395 xxx,
2904 2330 2935 2382 7
2955 2370 2971 2395 ,
3002 2328 3103 2401 8),
3144 2345 3265 2399 quo
3285 2346 3391 2387 non
3418 2340 3629 2400 posset,
3669 2334 3749 2387 si-

2153 2428 2245 2475 cut
2295 2420 2400 2476 Lex
2453 2421 2611 2487 dicit,
2665 2420 2967 2477 immundus
3014 2422 3247 2487 intrare;
3300 2433 3353 2478 et
3401 2424 3586 2479 eadem
3638 2426 3747 2481 Lex

2153 2512 2331 2578 dicat,
2374 2514 2701 2569 immundum
2757 2514 2871 2570 ﬁeri
2916 2515 3186 2570 hominem
3237 2516 3398 2571 etiam
3436 2531 3500 2571 ex
3546 2532 3747 2573 concu~

2154 2603 2269 2660 bitu
2306 2605 2568 2675 conjugali
2588 2646 2603 2671 ,
2650 2621 2805 2675 quem
2837 2606 2989 2675 jubet
3024 2605 3238 2676 quidem
3270 2607 3435 2663 lavari
3456 2623 3621 2678 aqua,
3651 2609 3747 2665 sed

2155 2702 2209 2749 et
2251 2694 2415 2749 totum
2460 2695 2586 2749 dicit
2624 2695 2955 2751 immundum
2998 2710 3119 2752 esse
3159 2710 3327 2767 usque
3362 2697 3429 2754 ad
3467 2713 3747 2769 vesperam

2156 2787 2300 2857 (Leu.
2332 2804 2434 2853 xv,
2470 2786 2600 2859 lli);
2644 2787 2786 2843 unde
2825 2786 2967 2853 dixi,
3012 2786 3326 2856 Consequens
3366 2789 3524 2860 fuisse
3560 2800 3615 2847 ut
3653 2800 3744 2847 aut

2155 2878 2412 2932 continens
2440 2886 2597 2945 esset,
2629 2888 2720 2933 aut
2743 2878 2919 2943 diebus
2945 2878 3194 2949 aliquibus
3222 2879 3627 2937 intermitteretur
3657 2882 3744 2937 in-

2155 2986 2362 3025 censum
2391 2970 2611 3041 (Quaest.
2638 2970 2731 3041 82)
2762 2988 2774 3025 :
2801 2985 2911 3027 non
2938 2970 3047 3025 vidi
3074 2985 3182 3033 non
3202 2969 3366 3031 fuisse
3394 2986 3743 3043 consequens.

2154 3060 2337 3129 Potest
2364 3063 2506 3117 enim
2532 3062 2609 3119 sic
2648 3061 2868 3133 intelligi
2900 3062 3042 3132 quod
3067 3063 3323 3134 scriptum
3350 3074 3432 3121 est
3452 3106 3467 3130 ,
3508 3066 3745 3121 Immun-

2156 3152 2251 3213 dus
2280 3154 2371 3207 erit
2402 3170 2557 3225 usque
2583 3153 2652 3219 ad
2681 3169 2945 3225 vesperam
2970 3195 2988 3221 ,
3016 3164 3076 3215 ut
3107 3170 3202 3226 per
3230 3157 3397 3227 ipsam
3422 3172 3697 3229 vesperam
3722 3160 3743 3193 ⁸

2151 3243 2258 3312 jam
2286 3259 2390 3307 non
2435 3254 2577 3300 esset
2606 3243 2918 3311 immundus
2941 3287 2957 3312 ,
2986 3244 3083 3303 sed
3124 3260 3293 3317 uSQue
3332 3247 3400 3303 ad
3439 3249 3605 3318 ipsam
3628 3290 3646 3317 ,
3684 3258 3749 3307 ut

2154 3334 2460 3403 vespertino
2496 3335 2604 3405 jam
2633 3344 2873 3404 tempore
2922 3336 3198 3391 incensum
3235 3338 3465 3393 mundus
3490 3339 3743 3409 oll’erret,

2156 3440 2274 3481 cum
2304 3434 2522 3496 propter
2548 3426 2809 3482 creandos
2830 3426 2969 3495 ﬁlios
2991 3434 3113 3496 post
3130 3428 3448 3491 matutinum
3468 3429 3744 3486 incensum

2154 3516 2351 3571 mixtus
2380 3524 2521 3572 esset
2550 3516 2722 3570 uxori.
2764 3514 3003 3586 Itemque
3044 3516 3133 3571 ubi
3172 3518 3455 3588 quaesitum
3487 3528 3568 3591 est
3607 3536 3743 3597 quo-

2155 3606 2314 3661 modo
2360 3606 2655 3676 prohibitus
2699 3616 2841 3662 esset
2880 3622 3041 3686 super
3085 3606 3243 3679 funus
3291 3611 3458 3679 patris
3498 3611 3744 3669 sacerdos

2157 3713 2394 3754 summus
2423 3698 2619 3752 intrare
2642 3697 2822 3769 (Levit.
2848 3714 2957 3766 xxi,
2988 3699 3101 3769 ll),
3127 3715 3250 3756 cum
3271 3688 3393 3757 eum
3424 3702 3539 3758 ﬁeri
3564 3718 3745 3759 sacer-

2156 3790 2333 3844 dotem
2370 3787 2605 3861 (quando
2644 3806 2781 3844 unus
2825 3789 2962 3859 erat)
2985 3831 3001 3859 ,
3034 3791 3135 3845 nisi
3161 3782 3535 3862 post‘mortem
3562 3811 3743 3853 sacer-

2157 3881 2295 3935 dotis
2324 3880 2489 3949 patris
2526 3895 2631 3934 non
2669 3889 2969 3950 oporteret;
2998 3880 3145 3949 dixi,
3180 3880 3399 3954 Pr0pter
3425 3886 3518 3939 hoc
3548 3904 3745 3942 necesse

2158 3971 2337 4043 fuisse,
2370 3971 2593 4024 nondum
2629 3971 2825 4041 sepulto
2853 3980 2994 4041 patre
3027 3972 3198 4025 statim
3222 3982 3335 4044 post
3358 3975 3468 4047 ejus
3497 3956 3739 4043 mortem,

2159 4065 2322 4135 ﬁlium
2350 4066 2457 4135 ejus
2486 4064 2740 4131 constitui,
2763 4064 2848 4134 qui
2872 4064 3153 4119 succederet
3181 4068 3346 4135 patri;
3374 4078 3577 4139 prapter
3595 4071 3744 4127 etiam

2158 4155 2544 4209 continuationis
2588 4155 2878 4217 incensum,
2918 4154 3053 4224 quod
3086 4154 3160 4208 bis
3196 4156 3249 4208 in
3293 4156 3374 4210 die
3410 4175 3606 4217 necesse
3638 4168 3742 4214 erat

2158 4247 2329 4315 oﬂ'erri
2365 4246 2580 4319 (Quaest.
2614 4245 2743 4313 83);
2776 4246 2864 4315 qui
2894 4245 3144 4300 sacerdos
3170 4260 3329 4319 super
3354 4258 3579 4303 mortem
3611 4266 3744 4306 nou-

2158 4339 2280 4393 dum
2309 4339 2501 4408 sepulti
2528 4338 2692 4407 patris
2718 4322 3279 4405 prohibeturintrare.
3307 4338 3411 4394 Sed
3446 4356 3630 4409 parum
3657 4351 3743 4397 at-

2159 4429 2302 4483 tendi
2327 4470 2340 4494 ,
2379 4428 2617 4499 potuisse
2647 4427 2748 4480 hoc
2771 4425 2990 4495 praecipi
3033 4428 3201 4497 magis
3242 4438 3457 4499 pr0pter
3494 4430 3611 4484 illos
3648 4433 3741 4501 qui

2161 4519 2321 4574 futuri
2350 4520 2558 4575 fuerant
2577 4518 2769 4572 summi
2790 4516 3116 4586 sacerdotes,
3138 4533 3246 4575 non
3265 4521 3497 4589 patribus
3516 4524 3744 4579 summis

2159 4610 2525 4665 sacerdotibus
2559 4608 2909 4664 succedentes
2929 4650 2944 4676 ,
2978 4609 3075 4665 sed
3099 4618 3278 4669 tamen
3306 4626 3368 4669 ex
3400 4612 3551 4678 liliis,
3582 4614 3635 4669 id
3660 4624 3745 4671 est

2160 4718 2225 4759 ex
2264 4702 2489 4771 posteris
2536 4704 2717 4757 Aaron
2740 4741 2755 4765 ,
2802 4701 2847 4755 si
2884 4700 3023 4756 forte
3051 4716 3292 4760 summus
3332 4704 3612 4777 sacerdos,
3652 4716 3745 4764 aut

2159 4792 2295 4871 ﬁlios
2322 4808 2425 4859 non
2456 4792 2696 4859 haberet,
2724 4802 2816 4847 aut
2847 4794 2918 4871 ita
2956 4794 3213 4867 reprobos
3241 4794 3461 4851 haberet
3484 4806 3543 4855 ut
3568 4799 3747 4869 nullus

2161 4903 2344 4945 eorum
2372 4886 2511 4956 patri
2538 4884 2757 4941 deberet
2778 4870 3066 4945 succedere
3092 4905 3105 4941 :
3136 4889 3275 4951 sicut
3302 4888 3515 4946 Samuel
3535 4870 3745 4951 summo

2160 4980 2423 5039 sacerdoti
2470 4979 2588 5034 lleli
2628 4980 2886 5036 successit
2925 4978 2981 5051 (l
3012 4978 3139 5051 Reg.
3167 4980 3254 5054 t);
3298 4996 3420 5047 cum
3454 4983 3745 5047 sacerdotis

2160 5072 2300 5130 filius
2330 5072 2442 5143 ipse
2470 5085 2580 5127 non
2612 5078 2775 5136 esset,
2810 5070 2907 5131 sed
2930 5077 3109 5145 tamen
3145 5086 3213 5137 ex
3236 5072 3379 5141 ﬁliis,
3408 5074 3510 5139 hoc
3535 5084 3639 5145 est,
3677 5092 3745 5133 ex

2160 5162 2391 5239 posteris
2428 5169 2571 5237 esset
2595 5162 2770 5233 Aaron
2800 5158 2899 5234 (a).

2224 5327 2244 5358 ¹
2256 5330 2313 5398 .m
2330 5329 2437 5373 ⁸⁸⁸³·
2454 5322 2742 5398 wh“???
2754 5328 2941 5398 93519:!

2163 5392 2420 5459 Messe
2436 5384 2530 5435 nisi

2225 5450 2297 5523 (α)
2313 5448 2409 5498 Etsi
2430 5461 2523 5498 non
2540 5447 2667 5497 levia
2680 5447 2776 5521 sint
2788 5448 3027 5497 rationum
3059 5454 3303 5503 momenta
3333 5455 3530 5520 propter
3544 5462 3652 5513 quze
3669 5462 3750 5497 re-

2164 5516 2409 5561 centiores
2426 5521 2665 5559 sacrarum
2697 5514 2983 5559 Litterarum
3015 5515 3299 5559 tractatores
3323 5517 3539 5560 sentiunt
3558 5521 3749 5561 samue-

2166 5574 2265 5623 lem
2283 5573 2409 5636 inter
2428 5571 2601 5621 levitas
2615 5570 2915 5636 solummodo
2932 5582 3044 5619 esse
3062 5573 3411 5636 numerandum
3423 5607 3437 5633 ,
3455 5578 3510 5622 ut
3538 5573 3620 5636 qui
3654 5585 3749 5622 non

2167 5634 2396 5697 oriundus
2426 5636 2488 5684 sit
2506 5648 2569 5683 ex
2596 5643 2781 5685 aarone
2797 5633 2926 5685 inter
2944 5634 3291 5697 posteros-Levi
3307 5641 3422 5685 nam
3439 5633 3647 5697 majore;
3681 5641 3751 5684 at-

2169 5704 2333 5748 tamen
2350 5694 2572 5758 plerique
2592 5704 2815 5746 veterum
2824 5708 2935 5744 eum
2948 5694 2993 5744 S.
3013 5694 3276 5758 Augustino
3292 5694 3645 5747 sacerdotalem
3660 5697 3745 5758 ipsi

2169 5759 2747 5868 gggtaitgmega-ibunt:
2764 5764 2900 5820 Cypr.
2920 5758 3063 5819 Epist.
3081 5758 3169 5819 65;
3186 5758 3403 5809 Ambros.
3420 5759 3474 5809 in
3504 5758 3623 5809 Psal.
3646 5758 3753 5824 HS,

2173 5834 2321 5870 εει-ω.
2343 5832 2419 5877 16,
2440 5832 2533 5869 θιο.

3100 5334 3236 5401 tim
3246 5335 3509 5401 vesperam.
3527 5332 3624 5387 Non
3640 5338 3746 5385 oon-
