4116 6366
1501 463 2555 600 ADMONITIO

1192 678 1298 738 DE
1340 677 1876 753 SEQUENTIBUS
1918 677 2506 742 CONFESSIONUM
2547 680 2824 744 LIBBIS.

1741 851 2220 932 κλωθομ-

439 1024 569 1091 Quae
607 1039 766 1080 causa
797 1024 918 1080 fecit
948 1033 1006 1079 ut
1027 1023 1302 1095 scriptoris
1328 1023 1584 1095 cujusque
1609 1024 1715 1080 vita
1755 1026 2058 1082 emittendis
2098 1027 2151 1081 in
2191 1028 2456 1096 publicum
2482 1028 2597 1098 ejus
2637 1029 2788 1085 libris
2822 1031 3049 1086 solemni
3077 1046 3226 1088 more
3256 1032 3641 1106 praetigeretur,

367 1115 554 1172 eadem
579 1116 739 1171 etiam
766 1117 966 1186 primos
992 1116 1050 1172 S.
1075 1115 1354 1186 Augustini
1379 1131 1600 1186 operum
1627 1115 1859 1173 editores
1886 1117 2024 1172 haud
2054 1117 2214 1173 dubie
2235 1121 2400 1173 movit
2427 1129 2482 1174 ut
2511 1119 2884 1178 Confessiones
2915 1122 3083 1192 ipsius
3101 1123 3280 1180 statim
3310 1135 3430 1195 post
3453 1127 3646 1183 Retra-

364 1208 657 1261 ctationum
683 1207 867 1275 libros,
899 1208 990 1278 qui
1016 1215 1161 1263 recto
1191 1207 1379 1262 ordine
1402 1206 1598 1262 debent
1624 1209 1946 1277 praecedere,
1977 1209 2031 1263 in
2056 1218 2200 1263 tomo
2229 1210 2401 1279 primo
2421 1210 2767 1266 collocarent.
2796 1213 2997 1284 Nempe
3027 1215 3249 1272 interest
3274 1217 3559 1288 plurimum
3591 1231 3649 1276 ut

364 1299 599 1354 auctoris
625 1299 836 1368 genium
857 1339 871 1363 ,
912 1299 1114 1362 studia,
1161 1314 1368 1366 mores,
1411 1298 1760 1368 probitatem,
1802 1298 1962 1354 ﬁdem
1983 1341 1998 1367 ,
2039 1299 2276 1369 aliasque
2305 1300 2457 1355 dotes
2488 1312 2791 1371 perspectas
2830 1304 3023 1360 habeat
3050 1307 3141 1376 qui
3168 1306 3286 1378 ejus
3306 1311 3502 1381 scripta
3526 1326 3652 1367 cum

363 1393 635 1461 voluptate
660 1398 718 1447 et
751 1406 874 1446 cum
896 1391 1136 1461 profectu
1160 1392 1433 1463 perlegere
1462 1391 1517 1445 in
1541 1392 1778 1446 animum
1809 1390 2031 1446 inducit.
2055 1392 2216 1460 Atqui
2242 1392 2293 1445 in
2317 1391 2753 1449 Confessionibus
2777 1397 2887 1452 suis
2903 1398 3231 1469 Augustinus
3261 1408 3427 1456 totum
3455 1419 3512 1458 se
3538 1403 3651 1474 ipse

361 1484 629 1551 expressit
656 1497 909 1552 perquam
939 1489 1185 1538 accurate
1215 1497 1229 1535 :
1270 1483 1465 1552 quippe
1497 1483 1661 1553 quiin
1689 1485 1753 1538 iis
1786 1497 1891 1537 non
1919 1499 1983 1538 ea
2010 1484 2184 1538 solum
2223 1482 2360 1538 facta
2386 1499 2505 1552 quae
2531 1483 2805 1540 hominum
2832 1487 3002 1543 oculis
3028 1489 3267 1559 subjecta
3293 1506 3411 1547 esse
3446 1493 3651 1562 potuis-

362 1582 513 1638 sent;
545 1573 638 1629 sed
668 1575 827 1628 etiam
853 1589 916 1629 ea
941 1589 1060 1644 qua:
1090 1574 1198 1629 Deo
1221 1582 1425 1628 tantum
1449 1575 1665 1629 conscio
1694 1575 1744 1629 in
1778 1575 1978 1630 intimis
2003 1575 2324 1646 agitaverat,
2352 1590 2473 1629 cum
2499 1576 2666 1639 bona,
2697 1584 2810 1632 tum
2837 1580 3005 1644 mala,
3043 1581 3347 1651 singillatim
3377 1586 3647 1654 exposuit.

362 1668 420 1721 In
457 1666 540 1720 his
576 1666 719 1721 enim
755 1665 910 1721 sicuti
935 1675 1192 1721 anteacta:
1226 1667 1350 1720 vita:
1384 1668 1468 1721 vel
1496 1666 1764 1722 levissima
1788 1678 1993 1734 errata,
2025 1667 2102 1724 sic
2128 1667 2288 1722 etiam
2331 1675 2550 1737 accepta
2588 1683 2618 1722 a
2646 1669 2756 1723 Deo
2794 1670 3050 1726 beneficia
3089 1671 3207 1728 fuse
3233 1686 3643 1744 commemorat;

361 1769 624 1814 aeternum
656 1760 883 1831 posteris
910 1759 1196 1814 relicturus
1213 1759 1325 1814 sive
1351 1760 1676 1830 paenitentis,
1704 1760 1814 1814 sive
1837 1761 1968 1830 grati
1996 1760 2158 1815 animi
2189 1771 2612 1829 monumentum,
2635 1762 2952 1833 praeclarum
2974 1765 3133 1819 etiam
3158 1766 3299 1822 illius
3324 1785 3482 1838 quam
3512 1785 3648 1826 con-

366 1861 576 1907 stanter
604 1867 729 1922 erga
749 1866 847 1906 nos
871 1851 1086 1906 exhibet
1107 1851 1268 1917 Deus,
1300 1861 1354 1905 et
1377 1851 1594 1920 justitiae
1620 1860 1675 1906 et
1695 1851 1942 1906 bonitatis
1963 1851 2285 1920 exemplum.
2319 1851 2492 1922 Atque
2517 1851 2619 1907 hoc
2640 1851 2695 1906 in
2725 1853 2909 1922 primis
2933 1854 3198 1922 studebat,
3229 1858 3432 1913 scilicet
3461 1860 3648 1931 (ipsius

362 1944 543 2000 verbis
570 1959 680 1998 rem
705 1953 760 1998 ut
783 1935 1130 2015 explicemus)
1157 1951 1203 1996 et
1232 1943 1293 1997 de
1311 1942 1458 1997 malis
1485 1954 1528 1997 et
1555 1943 1616 1996 de
1641 1943 1781 1996 bonis
1801 1945 1905 1997 suis
1925 1942 2084 1996 Deum
2102 1941 2312 1998 laudare
2326 1944 2522 2014 justum
2543 1954 2590 1998 et
2613 1944 2818 2012 bonum,
2846 1945 3070 2016 atquein
3097 1963 3212 2000 eum
3234 1949 3450 2003 excitare
3469 1951 3651 2006 [tauta-

366 2052 492 2089 num
521 2036 831 2089 intellectum
859 2044 904 2088 et
929 2033 1184 2101 a/fectum.
1220 2033 1274 2088 Id
1305 2049 1429 2088 vero
1457 2033 1554 2088 hac
1573 2035 1776 2088 ratione
1805 2034 2102 2104 exequitur.
3237 2018 3243 2023 ’

438 2127 494 2181 In
525 2127 696 2197 primo
720 2126 877 2191 libro,
906 2126 1180 2196 prmmissa
1200 2125 1296 2180 Dei
1322 2125 1676 2192 invocatione,
1707 2126 1895 2180 recolit
1918 2127 2040 2182 vita:
2062 2141 2173 2182 suae
2200 2126 2486 2195 primordia
2512 2125 2580 2181 ad
2605 2142 2803 2182 annum
2823 2128 3067 2198 quintum
3087 2129 3376 2186 decimum.
3404 2130 3647 2190 Infantia:

363 2229 582 2291 peccata
606 2219 844 2289 agnoscit
866 2227 921 2274 et
939 2219 1206 2289 pueritiae;
1237 2227 1396 2288 atque
1421 2218 1520 2273 hac
1545 2227 1699 2274 :etate
1728 2219 1782 2274 in
1813 2219 1986 2274 lusum
2007 2228 2062 2276 et
2085 2218 2304 2290 puerilia
2335 2233 2557 2288 quaeque
2582 2219 2968 2276 oblectamenta
2992 2229 3048 2277 et
3071 2223 3216 2293 vitia,
3240 2240 3401 2295 quam
3420 2224 3477 2280 in
3501 2226 3654 2282 litte-

364 2330 546 2372 rarum
570 2316 743 2370 studia
768 2316 1142 2386 procliviorem
1166 2330 1224 2369 se
1251 2313 1413 2369 fuisse
1434 2313 1736 2369 confitetur.

436 2407 494 2461 In
521 2407 774 2476 secundo,
805 2407 874 2462 ad
903 2416 1114 2462 aetatem
1145 2406 1300 2460 aliam
1327 2405 1683 2478 progreditur,
1712 2406 2046 2477 primumque
2076 2407 2448 2462 adolescentia:
2473 2422 2614 2476 suae,
2646 2409 2699 2463 id
2726 2416 2836 2474 est,
2867 2414 3075 2462 sextum
3105 2408 3372 2464 decimum
3397 2412 3519 2468 vita:
3543 2427 3642 2468 an~~

364 2517 521 2567 num,
568 2516 725 2571 quem
769 2500 822 2555 in
865 2509 1084 2571 paterna
1114 2500 1305 2567 domo,
1351 2498 1542 2554 studiis
1574 2499 1925 2566 intermissis,
1971 2509 2378 2570 consumpserat
2404 2501 2561 2571 genio
2595 2516 2657 2556 ac
2697 2499 3002 2556 libidinibus
3041 2499 3356 2572 indulgens,
3397 2505 3464 2560 ad
3494 2521 3640 2562 men-
3687 2567 3693 2574 η

365 2605 474 2651 tem
501 2603 716 2650 revocat
745 2609 868 2650 cum
891 2593 1039 2665 gravi
1076 2593 1292 2660 dolore,
1321 2607 1542 2650 severus
1576 2593 1861 2650 admodum
1886 2593 1940 2648 in
1964 2593 2302 2665 dijudicando
2339 2594 2481 2650 furto
2503 2611 2533 2650 a
2555 2611 2614 2652 se
2642 2603 2766 2650 tunc
2794 2594 3048 2664 temporis
3075 2609 3197 2650 cum
3232 2596 3500 2656 sodalibus
3526 2616 3647 2672 per—

364 2698 593 2760 petrato.

435 2785 648 2840 Tertius
668 2785 802 2840 liber
827 2784 894 2840 de
921 2783 1074 2839 annis
1098 2791 1180 2839 est
1203 2783 1376 2839 aetatis
1405 2782 1546 2838 illius
1567 2782 1776 2838 decimo
1797 2782 2045 2853 septimo,
2073 2782 2283 2837 decimo
2308 2791 2496 2838 octavo
2517 2791 2572 2838 et
2598 2782 2808 2838 decimo
2837 2797 2980 2838 nono
3006 2785 3288 2840 transactis
3307 2785 3645 2859 Carthagine,

364 2881 456 2937 ubi
479 2880 607 2935 dum
638 2880 879 2935 litterarii
907 2879 1066 2934 studii
1091 2879 1412 2934 curriculum
1435 2877 1754 2944 absolveret,
1783 2892 1840 2932 se
1874 2875 2144 2932 libidinosi
2174 2876 2374 2930 amoris
2399 2876 2588 2946 laqueo
2609 2876 2894 2943 irretitum,
2923 2891 3131 2932 necnon
3157 2878 3210 2931 in
3232 2877 3647 2938 Manichaeorum

365 2973 614 3029 heresim
645 2974 952 3043 prolapsum
979 2972 1141 3028 fuisse
1166 2971 1426 3027 meminit.
1459 2971 1730 3027 Adversus
1752 2972 1939 3026 horum
1961 2986 2175 3026 errores
2199 2980 2254 3026 et
2295 2971 2520 3042 ineptias
2549 2971 2765 3028 disserit
2789 2973 3107 3032 luculenter.
3136 2974 3316 3032 Matris
3342 2977 3607 3050 lacrymas
3633 3021 3650 3048 ,

365 3077 420 3124 et
447 3082 760 3137 responsum
781 3066 850 3122 de
876 3066 968 3120 filii
998 3065 1369 3135 resipiscentia
1392 3064 1643 3120 divinitus
1667 3075 1942 3133 acceptum
1970 3063 2154 3120 refert.

434 3161 494 3215 In
519 3169 707 3230 quarto
738 3159 873 3214 libro
897 3174 1020 3214 eum
1044 3158 1204 3229 pudet
1227 3173 1286 3214 se
1306 3157 1380 3212 illi
1405 3166 1564 3212 secta:
1589 3156 1856 3213 addictum
1883 3157 2046 3212 fuisse
2070 3173 2166 3227 per
2183 3157 2700 3228 novennium,atque
2714 3159 2850 3215 alios
2869 3175 3049 3216 secum
3070 3161 3126 3218 in
3145 3163 3390 3219 eumdem
3410 3181 3649 3222 errorem

366 3252 721 3324 pertraxisse;
755 3250 946 3306 deinde
977 3252 1207 3305 amicum
1231 3250 1605 3306 charissimum
1633 3251 1736 3307 sibi
1772 3251 1975 3306 interea
2003 3259 2176 3306 morte
2204 3265 2523 3321 praereptum
2543 3295 2556 3319 ,
2594 3254 2856 3308 acerbiori
2890 3271 3050 3325 quam
3075 3271 3285 3327 aequum
3316 3271 3458 3315 esset
3483 3260 3644 3315 animi

363 3346 549 3401 dolore
579 3344 744 3400 fuisse
769 3353 1131 3416 prosecutum.
1165 3343 1328 3414 Cujus
1353 3345 1656 3411 occasione,
1683 3344 1753 3400 de
1779 3360 1912 3399 vana
1939 3352 1992 3399 et
2016 3343 2083 3399 de
2107 3345 2275 3400 solida
2304 3345 2538 3400 amicitia
2559 3359 2664 3400 non
2701 3361 2865 3416 pauca
2890 3347 3040 3404 dicit.
3067 3348 3389 3404 Mentionem
3415 3351 3646 3422 denique

363 3437 489 3493 facit
514 3438 772 3494 librorum
795 3435 862 3492 de
880 3437 1112 3492 Pulchro
1133 3444 1187 3490 et
1213 3437 1351 3505 Apto
1374 3451 1404 3489 a
1424 3450 1483 3491 se
1506 3452 1646 3492 anno
1671 3435 1844 3490 aetatis
1864 3435 2120 3505 vigesimo
2143 3445 2294 3492 sexto
2315 3445 2408 3491 aut
2428 3435 2684 3507 vigesimo
2704 3438 2932 3506 septimo
2953 3440 3405 3510 conscriptorum;
3439 3459 3645 3500 necnon

363 3541 525 3596 quam
555 3526 693 3582 facili
719 3528 932 3598 negotio
959 3527 1256 3582 liberalium
1283 3526 1475 3582 artium
1502 3527 1667 3582 libros
1687 3536 1844 3596 atque
1871 3525 2169 3581 Aristotelis
2195 3523 2526 3598 Categorias,
2556 3543 2697 3583 anno
2723 3528 2894 3583 aetatis
2920 3528 3085 3584 ferme
3111 3529 3387 3600 vigesimo,
3416 3546 3510 3601 per
3530 3547 3650 3588 sese

361 3621 705 3676 intellexerit.

433 3713 488 3767 lu
511 3713 648 3769 libro
676 3711 861 3783 quinto
881 3727 1078 3766 annum
1105 3712 1278 3766 aatatis
1307 3726 1416 3766 sua:
1443 3712 1659 3768 exhibet
1678 3711 1990 3782 vigesimum
2016 3728 2234 3778 nonum,
2265 3728 2370 3783 quo
2399 3713 2602 3769 scilicet
2647 3722 2920 3783 comperta
2954 3713 3134 3770 Fausti
3164 3715 3438 3772 manichzei
3475 3719 3648 3790 impe-

361 3807 504 3872 ritia,
535 3807 865 3878 propositum
894 3805 948 3859 in
975 3804 1064 3859 illa
1089 3813 1235 3860 secta
1265 3804 1575 3874 proficiendi
1598 3804 1822 3874 abjecit;
1857 3820 1962 3875 quo
1991 3806 2150 3860 etiam
2191 3805 2353 3860 Roma
2374 3847 2390 3872 ,
2424 3805 2512 3859 ubi
2539 3813 2664 3860 tunc
2691 3805 3012 3860 rhetoricam
3043 3809 3404 3876 profitebatur,
3443 3812 3638 3866 missus

360 3901 716 3958 Mediolanum
758 3913 816 3957 ut
840 3903 1081 3957 eamdem
1111 3911 1280 3958 artem
1323 3901 1569 3967 doceret,
1614 3901 1775 3969 cmpit
1815 3899 1996 3956 audito
2021 3901 2305 3955 Ambrosio
2345 3899 2699 3970 resipiscere,
2732 3907 2787 3954 et
2825 3899 2892 3954 de
2931 3899 3325 3956 Manichzeismo
3352 3903 3648 3960 abdicando

359 4011 572 4050 necnon
598 3996 664 4050 de
689 3997 977 4065 repetendo
1001 3997 1441 4052 catechumenatu
1470 3994 1781 4050 decernere.

434 4090 492 4148 In
519 4090 656 4144 libro
689 4093 870 4158 sexto,
893 4106 1010 4144 cum
1035 4091 1144 4160 jam
1178 4088 1421 4144 Monnica
1447 4089 1610 4160 ipsius
1637 4101 1807 4142 mater
1831 4089 2184 4143 Mediolanum
2210 4086 2533 4154 advenisset,
2567 4087 2785 4158 ipseque
2811 4101 3008 4140 annum
3029 4090 3201 4142 aetatis
3227 4097 3408 4162 ageret
3437 4091 3648 4162 trigesi-

360 4201 539 4250 mum;
574 4184 842 4238 Ambrosii
890 4185 1233 4240 concionibus
1271 4185 1604 4252 admonitus,
1646 4185 1924 4240 catholicae
1953 4185 2209 4240 doctrinm
2235 4188 2546 4252 veritatem,
2589 4201 2746 4255 quam
2774 4184 3045 4240 Manichaei
3074 4185 3208 4240 falso
3236 4186 3644 4255 insimulabant,

357 4280 530 4348 magis
566 4279 836 4348 magisque
866 4279 1209 4349 intelligebat.
1242 4279 1418 4350 Alypii
1448 4279 1604 4332 amici
1647 4280 1727 4333 sui
1768 4292 1942 4331 mores
1983 4279 2338 4348 prosequitur.
2380 4277 2437 4333 ln
2476 4278 2684 4334 diversa
2730 4278 3060 4348 rapiebatur,
3105 4277 3231 4333 dum
3275 4279 3342 4334 de
3376 4280 3484 4334 vita
3533 4295 3646 4335 mc-

355 4369 466 4424 lius
506 4369 826 4424 instituenda
861 4369 1210 4437 deliberaret;
1241 4371 1426 4424 mortis
1461 4386 1671 4440 quoque
1710 4384 1772 4422 ac
1795 4368 1977 4438 indicii
2014 4377 2158 4423 metu
2199 4369 2514 4438 perculsus,
2549 4368 2616 4423 ad
2650 4368 2772 4424 vita:
2799 4369 3200 4424 conversionem
3230 4371 3284 4424 in
3309 4369 3423 4426 dies
3452 4387 3645 4427 accen-

354 4461 601 4518 debatur.

429 4557 488 4609 ln
522 4555 749 4625 septimo
775 4557 912 4612 libro
935 4557 1210 4611 exordium
1242 4557 1690 4627 sutejuventutis,
1721 4557 1773 4610 id
1805 4565 1889 4610 est
1917 4572 2113 4611 annum
2142 4556 2312 4610 :etatis
2345 4555 2674 4624 trigesimum
2709 4554 2969 4624 primum,
2997 4555 3066 4610 ob
3092 4557 3288 4612 mentis
3327 4559 3509 4613 oculos
3548 4574 3638 4615 re-

355 4647 522 4703 ducit.
561 4648 752 4704 Narrat
779 4666 838 4705 se
866 4651 954 4704 illa
978 4659 1138 4707 aetate
1163 4652 1500 4707 densioribus
1533 4652 1705 4706 adhuc
1744 4652 2054 4722 ignorantia:
2081 4650 2314 4704 tenebris
2349 4649 2640 4704 involutum
2687 4657 2846 4719 atque
2887 4656 3155 4705 errantem
3183 4651 3320 4706 circa
3361 4651 3455 4707 Dei
3488 4662 3641 4708 natu-

355 4757 495 4806 ram,
529 4756 734 4796 necnon
765 4742 904 4797 circa
931 4743 1190 4814 originem
1231 4744 1387 4810 mali,
1421 4745 1472 4798 in
1503 4744 1653 4814 cujus
1683 4743 2022 4813 inquisitione
2047 4758 2105 4796 se
2131 4742 2323 4794 mirum
2356 4741 2406 4794 in
2447 4740 2660 4796 modum
2686 4738 2942 4811 angebat,
2982 4742 3288 4810 pervenisse
3329 4743 3539 4798 tandem
3565 4745 3632 4799 ad

355 4832 716 4902 cognitionem
743 4835 835 4890 Dei
859 4833 1160 4902 sinceram;
1189 4838 1430 4907 quamvis
1460 4836 1691 4891 nondum
1721 4835 1878 4906 digne
1907 4834 1973 4890 de
2002 4834 2227 4888 Domino
2253 4831 2463 4886 Christo
2488 4832 2728 4888 sentiret.

430 4926 595 4984 Liber
616 4940 835 4983 octavus
856 4931 978 4986 vita:
1007 4930 1170 5000 ipsius
1195 4941 1394 4999 partem
1422 4931 1630 5001 attingit
1657 4929 2082 4994 celeberrimam,
2113 4944 2309 4982 annum
2337 4927 2581 4982 videlicet
2618 4927 2789 4981 aetatis
2827 4926 3154 4996 trigesimum
3183 4927 3472 4982 secundum
3491 4967 3508 4995 ,
3535 4944 3642 4998 quo

351 5034 552 5088 nempe
579 5034 701 5073 cum
727 5019 1125 5090 Simpliciauum
1151 5022 1525 5087 consuluisset,
1556 5021 1624 5075 ab
1647 5036 1816 5091 coque
1839 5020 2108 5074 didicisset
2136 5018 2390 5072 Victorini
2413 5018 2816 5081 conversionem
2833 5058 2848 5084 ,
2867 5032 2989 5072 cum
3019 5017 3230 5072 Antonii
3255 5017 3494 5089 ngyptii
3514 5035 3639 5074 mo-

350 5111 512 5167 nachi
541 5113 702 5167 vitam
729 5129 792 5168 ex
825 5113 1108 5170 Pontitiani
1139 5115 1394 5169 relatione
1418 5115 1782 5185 cognovisset,
1828 5121 1949 5184 post
1971 5112 2350 5168 vehementem
2380 5110 2577 5164 luctam
2604 5125 2818 5164 carnem
2854 5111 2992 5164 inter
3016 5119 3069 5164 et
3091 5109 3354 5177 animum,
3400 5110 3638 5167 codicem

351 5206 597 5276 Aposmli
620 5206 823 5261 caelesti
848 5207 1150 5262 admonitus
1177 5209 1391 5262 oraculo
1419 5208 1682 5276 inspexit;
1714 5221 1944 5276 moxque
1967 5221 2032 5261 ex
2053 5205 2192 5259 illius
2218 5205 2442 5259 lectione
2469 5203 2536 5258 ad
2560 5203 2835 5258 meliorem
2861 5202 3065 5272 frugem
3092 5210 3203 5258 toto
3230 5203 3409 5259 animo
3435 5205 3633 5262 immu-

353 5307 500 5354 tatus
533 5297 648 5364 fuit,
683 5299 943 5369 pleneque
969 5299 1034 5354 ad
1064 5300 1231 5354 Deum
1258 5316 1562 5355 conversus.

425 5393 483 5447 ιι)
517 5392 654 5446 libro
674 5407 816 5448 nono
837 5393 1055 5448 dicitde
1085 5401 1239 5462 capto
1260 5409 1289 5446 a
1313 5409 1370 5448 se
1399 5392 1622 5447 consilio
1653 5392 1932 5447 rhetoricae
1957 5393 2338 5462 professionem
2362 5390 2662 5460 abjicicndi,
2695 5405 2800 5443 non
2832 5399 3009 5444 tamen
3028 5397 3311 5460 antequam
3341 5392 3638 5449 vindemia-

349 5485 491 5540 lium
518 5484 800 5551 feriarum,
830 5486 969 5555 quod
1004 5484 1247 5554 proxime
1276 5484 1523 5550 instabat,
1559 5492 1764 5552 tempus
1794 5483 2116 5537 advenisset.
2143 5481 2275 5535 Tum
2303 5481 2368 5534 de
2399 5497 2493 5535 suo
2515 5482 2565 5534 in
2598 5481 2891 5536 Verecundi
2917 5481 3074 5536 amici
3102 5482 3279 5536 villam
3305 5497 3539 5550 secessu,
3566 5483 3636 5539 de

349 5591 451 5632 suo
472 5577 811 5646 baptismate,
843 5593 905 5632 ac
931 5576 997 5631 de
1025 5576 1283 5632 Monnicae
1311 5577 1495 5631 matris
1525 5575 1805 5629 virtutibus
1833 5583 1992 5644 atque
2020 5574 2184 5639 obitu,
2213 5575 2300 5644 qui
2320 5615 2334 5638 ,
2373 5573 2637 5642 baptizato
2671 5573 2814 5644 ipso,
2847 5572 3031 5628 incidit
3061 5572 3118 5629 in
3149 5573 3394 5629 eumdem
3427 5574 3635 5631 huncce

351 5685 578 5735 annum,
601 5669 772 5726 natalis
796 5669 1045 5726 videlicet
1062 5669 1341 5741 Augustini
1373 5669 1698 5740 trigesimum
1726 5667 1958 5722 tertium.

425 5762 486 5818 In
515 5762 653 5820 libro
673 5761 880 5820 decimo
906 5771 1170 5820 scrutatur
1197 5763 1444 5834 deinceps
1464 5804 1478 5830 ,
1520 5776 1581 5816 ac
1608 5760 1779 5831 palam
1817 5768 2162 5828 contestatur,
2211 5774 2314 5815 non
2342 5759 2510 5829 qualis
2539 5769 2692 5817 antea
2712 5801 2727 5828 ,
2769 5758 2864 5816 sed
2888 5759 3059 5831 qualis
3097 5771 3224 5816 tunc
3249 5768 3412 5816 esset.
3440 5760 3628 5830 Deum,
