4116 6366
484 363 589 420 659
1479 352 1991 412 CONFESSIONUM
2028 352 2083 410 S.
2127 350 2486 410 AUGUSTINI
3634 355 3744 412 660

490 490 651 546 quem
692 482 865 543 amat,
901 473 1079 529 studet
1108 470 1377 541 indicare,
1405 471 1635 542 dumque
1663 470 1755 542 'per
1780 469 1988 540 singula
2015 454 2160 525 ducit
2182 460 2362 524 rerum
2390 482 2584 540 genera
2602 509 2617 536 ,
2654 469 2836 526 multis
2878 467 3107 541 explicat
3142 468 3413 524 memorias
3436 467 3545 523 vim
3586 469 3743 539 plane

483 568 827 639 stupendam,
875 566 1016 637 quod
1044 581 1137 621 sua
1166 567 1218 620 in
1252 564 1506 619 memoria
1534 550 1712 619 locum
1737 562 1879 618 Deus
1903 560 2112 626 habeat,
2137 562 2449 633 gratulatus.
2476 558 2700 631 inquirit
2718 561 2772 615 in
2800 569 2968 628 actus,
2988 561 3042 616 in
3069 575 3276 628 sensus,
3304 571 3356 617 et
3381 560 3599 616 affectus
3624 579 3749 621 suos

479 672 698 723 omnes,
726 673 793 712 ex
819 658 1007 726 triplici
1037 657 1325 712 tentatione
1362 655 1665 725 voluptatis,
1697 654 2048 721 curiositatis,
2078 668 2141 709 ac
2165 652 2447 723 superbiae.
2476 652 2758 709 Dominum
2784 652 3052 707 Christum
3078 668 3241 707 unum
3269 652 3613 709 mediatorem
3648 656 3747 711 Dei

482 759 539 807 et
564 750 835 804 hominum
859 752 1159 815 conﬁtetur,
1193 748 1411 819 ejusque
1435 764 1536 818 ope
1562 746 1727 801 animi
1752 748 1831 800 sui
1863 748 2144 815 languores
2170 760 2357 800 omnes
2385 745 2649 800 sanandos
2674 762 2792 800 esse
2818 745 3053 801 confidit.

558 839 615 895 In
646 840 781 894 libro
806 839 1089 893 undecimo
1117 848 1170 893 et
1195 841 1534 908 sequentibus
1562 846 1751 893 tractat
1775 838 1841 893 de
1878 838 2165 908 Seripturis
2189 838 2406 892 sanctis.
2440 838 2628 891 Totum
2660 846 2819 907 caput
2846 838 3074 908 primum
3118 838 3407 906 Geneseos,
3436 855 3540 910 quo
3566 842 3749 896 mundi

490 933 693 988 ereatio
718 933 1052 1001 describitur,
1080 932 1535 988 dissertationibus
1564 932 1807 997 illustrat,
1839 930 2172 986 difficultates
2195 930 2525 985 incurrentes
2549 930 2867 997 dissolvens,
2902 940 2953 985 et
2981 932 3049 985 ab
3074 931 3500 987 adversariorum
3528 934 3751 1003 objectis

483 1025 776 1082 Vindicans.
802 1026 905 1081 Sed
926 1026 981 1080 in
1004 1026 1283 1081 undecimo
1306 1025 1537 1095 disputat
1555 1025 1712 1095 paulo
1738 1022 1902 1079 fusius
1921 1024 1987 1078 de
2011 1033 2267 1095 tempore.
2292 1022 2349 1077 In
2370 1022 2681 1078 duodecimo
2702 1022 2769 1078 de
2792 1024 3011 1078 materia
3031 1023 3260 1089 informi,
3282 1024 3453 1094 deque
3476 1012 3750 1094 multiplici

483 1115 771 1189 Scriptura:
814 1133 994 1175 sensu.
1042 1118 1097 1173 In
1144 1119 1298 1175 tertio
1326 1119 1532 1175 decimo
1560 1118 1652 1172 Dei
1696 1118 1982 1173 bonitatem
2018 1132 2081 1172 ex
2112 1101 2292 1171 rerum
2328 1114 2675 1185 productione
2724 1116 3091 1182 commendat;
3138 1117 3390 1188 praedicat
3435 1119 3598 1175 Deum
3630 1121 3753 1176 Tri~

486 1211 744 1279 nitatem,
798 1220 852 1267 et
900 1212 1129 1282 Spiritus
1185 1214 1354 1268 sancti
1405 1211 1673 1283 propriam
1726 1211 2008 1283 quamdam
2058 1212 2348 1266 notionem.
2406 1209 2644 1280 Denique
2695 1208 2860 1266 creati
2912 1209 3095 1266 mundi
3151 1212 3425 1268 historiam
3470 1215 3753 1285 allegorice

479 1305 717 1374 exponit.

552 1397 725 1452 Hosce
750 1397 913 1452 libros
931 1398 1279 1453 Observamus
1299 1396 1523 1467 scriptos
1546 1395 1757 1450 circrter
1780 1410 1975 1450 annum
1996 1394 2193 1452 Christi
2219 1394 2793 1466 quadringentesimum
2808 1434 2835 1461 ,-
2864 1404 3143 1466 propterea
3172 1396 3312 1468 quod
3344 1398 3409 1454 ab
3442 1399 3736 1469 Augustino

479 1501 825 1547 recensentur
849 1492 1089 1561 proxime
1122 1498 1245 1547 ante
1287 1490 1405 1545 illos
1435 1503 1567 1560 quos
1595 1489 1875 1559 episcopus
1908 1488 2157 1545 adversus
2179 1488 2431 1543 Faustum
2472 1486 2823 1542 manichzeum
2852 1503 2957 1542 non
2984 1489 3152 1545 multo
3176 1499 3297 1545 ante
3322 1489 3407 1545 vel
3448 1500 3565 1560 post
3594 1491 3738 1548 hunc

479 1596 676 1636 annum
703 1580 1009 1647 elaboravit,
1042 1583 1116 1637 uti
1142 1597 1239 1637 suo
1258 1581 1461 1636 dicetur
1486 1581 1623 1636 loco.
1646 1577 1800 1635 Certe
1824 1580 1869 1634 si
1897 1596 1998 1651 qua
2025 1595 2184 1653 opera
2214 1578 2483 1634 indubiam
2509 1588 2562 1634 et
2596 1578 2898 1649 distinctam
2932 1580 3189 1651 temporis
3221 1592 3395 1636 notam
3426 1597 3533 1652 prce
3558 1598 3615 1637 se
3639 1599 3749 1640 non

479 1673 689 1740 ferunt,
721 1674 767 1729 si
795 1674 913 1729 aliis
940 1666 1153 1730 demum
1185 1672 1512 1744 argumentis
1540 1672 1590 1727 id
1619 1670 1917 1742 investigari
1946 1687 2049 1727 non
2088 1680 2293 1744 potest,
2323 1671 2717 1726 decernendum
2759 1671 2969 1726 videtur
3006 1689 3070 1727 ex
3099 1672 3550 1728 Retractationum
3578 1674 3747 1741 serie;

478 1765 927 1837 quandoquidem,
956 1776 1211 1836 quantum
1238 1764 1425 1836 potuit,
1452 1765 1657 1820 curavit
1684 1764 2024 1835 Augustinus,
2067 1766 2125 1821 ut
2150 1780 2248 1819 nos
2272 1779 2338 1819 ex
2365 1762 2477 1834 ipsa
2506 1764 2747 1818 ordinem
2769 1779 2874 1835 quo
2898 1780 3121 1835 qumque
3148 1766 3342 1834 scripta
3381 1776 3531 1832 sunt,
3564 1781 3754 1821 nosse-

477 1871 599 1913 mus
623 1857 722 1929 (1).
752 1856 934 1926 Neque
957 1854 1302 1913 difﬁtebimur
1329 1864 1504 1912 tamen
1546 1857 1672 1927 quin
1700 1856 1961 1911 interdum
1993 1856 2347 1927 chronologiaa
2373 1856 2579 1924 minus,
2610 1856 2777 1926 magis
2806 1866 2982 1911 autem
3015 1858 3316 1927 pertractati
3341 1858 3633 1928 argumenti
3666 1873 3753 1912 ra-

480 1948 681 2004 tionem
712 1948 972 2005 habuerit.

1393 2018 1451 2075 S.
1480 2020 1813 2076 Aususrtrtus
1842 2035 2094 2076 srtsrou
2116 2020 2241 2085 251,
2276 2020 2444 2073 ΒΑηιο
2468 2033 2666 2086 conm,
2698 2033 2751 2073 η.
2779 2017 2833 2073 6.

562 2151 581 2184 ι
611 2132 776 2189 Sume
804 2133 988 2200 libros,
1018 2147 1151 2204 quos
1178 2130 1510 2200 desiderasti,
1538 2133 1943 2189 Confessionum
1970 2149 2223 2189 mearum.
2258 2132 2331 2187 lbi
2360 2147 2444 2187 me
2466 2133 2697 2201 inspice;
2731 2146 2797 2186 ne
2823 2146 2910 2187 me
2938 2130 3123 2186 laudes
3148 2130 3283 2186 ultra
3312 2147 3469 2201 quam
3493 2147 3643 2200 sum;
3679 2133 3753 2189 ibi

482 2241 593 2283 non
620 2224 739 2281 aliis
772 2225 839 2281 de
863 2242 949 2281 me
980 2216 1156 2293 crede,
1181 2222 1273 2280 sed
1308 2222 1466 2289 mihi;
1496 2225 1568 2281 ibi
1592 2241 1678 2282 me
1705 2228 1947 2291 attende,
1985 2236 2038 2281 et
2072 2227 2190 2282 vide
2222 2226 2347 2296 quid
2376 2225 2565 2281 fuerim
2592 2227 2643 2281 in
2675 2226 2900 2295 meipso,
2932 2241 3027 2296 per
3053 2227 3311 2297 meipsum
3340 2244 3352 2280 :
3386 2236 3439 2282 et
3463 2229 3506 2282 si
3537 2228 3663 2299 quid
3694 2229 3749 2285 in

480 2334 568 2375 me
598 2318 688 2373 tibi
713 2319 988 2388 placuerit,
1018 2318 1169 2373 lauda
1196 2318 1266 2372 ibi
1292 2334 1521 2387 meeum,
1548 2334 1707 2390 quem
1732 2320 1929 2374 laudari
1955 2320 2093 2373 volui
2112 2319 2180 2374 de
2200 2336 2313 2382 me;
2342 2334 2512 2389 neque
2537 2321 2675 2374 enim
2699 2334 2803 2374 me.
2830 2318 3089 2387 Quoniam
3116 2320 3228 2389 ipse
3249 2319 3369 2375 fecit
3397 2336 3518 2387 nos,
3542 2330 3595 2377 et
3626 2338 3735 2377 nou

482 2412 585 2483 ipsi
608 2414 705 2467 nos
730 2428 744 2465 :
775 2425 872 2465 nos
901 2412 1081 2467 autem
1106 2408 1504 2483 perdideramus
1535 2428 1665 2478 nos;
1713 2410 1805 2468 sed
1833 2413 1919 2483 qui
1959 2413 2109 2478 fecit,
2139 2411 2341 2469 refecit.
2374 2412 2505 2468 Cum
2532 2412 2705 2467 autem
2746 2411 2818 2468 ibi
2854 2427 2941 2467 me
2966 2412 3258 2481 inveneris,
3289 2426 3379 2468 ora
3412 2426 3507 2483 pro
3536 2430 3641 2482 me,
3677 2430 3750 2470 ne

481 2505 752 2573 deﬁciam,
780 2504 874 2561 sed
903 2503 1167 2575 perﬁciar.
1196 2523 1217 2559 ι

1468 2577 1553 2631 Ex
1585 2592 1736 2633 uano
1764 2594 1829 2633 ns
1858 2593 1993 2633 nono
2021 2578 2495 2643 Penssvsnm'rua,
2527 2592 2643 2631 car.
2667 2593 2765 2631 xx.

562 2707 581 2741 ι
610 2690 750 2757 Quid
775 2699 953 2745 autem
979 2705 1217 2744 meorum
1240 2690 1609 2759 opusculorum
1640 2682 1962 2760 frequentius
1982 2702 2036 2747 et
2061 2691 2421 2746 delectabilius
2448 2691 2778 2745 innotescere
2800 2688 2989 2759 potuit,
3017 2703 3174 2759 quam
3196 2688 3316 2743 libri
3338 2689 3752 2745 Confessionum

483 2782 760 2837 mearum?
784 2780 919 2837 Cum
947 2790 1001 2837 et
1020 2780 1163 2851 ipsus
1189 2780 1444 2838 ediderim
1472 2793 1753 2853 antequam
1782 2783 2055 2853 Pelagiana
2084 2784 2300 2838 hmresis
2334 2784 2640 2848 exstitisset,
2678 2784 2728 2836 in
2755 2783 2832 2837 eis
2861 2786 3005 2837 certe
3032 2781 3140 2836 dixi
3172 2780 3281 2835 Deo
3302 2789 3500 2845 nostro,
3532 2791 3583 2837 et
3606 2798 3753 2853 szepe

484 2876 597 2931 dixi
631 2893 644 2930 :
677 2874 758 2929 Da
803 2875 938 2944 quod
956 2874 1142 2945 jubes,
1183 2884 1230 2929 et
1265 2876 1393 2947 jube
1437 2878 1571 2947 quod
1598 2876 1687 2929 vis.
1728 2876 1854 2942 Qua:
1903 2892 2019 2931 mea
2060 2876 2220 2931 verba
2250 2876 2491 2946 Pelagius
2524 2876 2703 2931 Romae
2741 2890 2861 2930 cum
2892 2890 2923 2928 a
2967 2875 3196 2944 quodam
3242 2874 3405 2929 fratre
3432 2874 3754 2944 coepiscopo

484 2983 607 3024 meo
628 2968 851 3023 fuissent
876 2983 941 3023 eo
968 2964 1230 3037 praesente
1258 2976 1690 3031 commemorata,
1716 2967 1853 3023 ferre
1884 2983 1985 3022 non
2012 2968 2207 3037 potuit;
2236 2978 2289 3023 et
2310 2968 2680 3023 contradicens
2703 2968 2973 3038 aliquanto
3001 2968 3340 3033 commotius,
3372 2982 3507 3038 pene
3532 2981 3650 3022 cum
3681 2981 3753 3021 eo

485 3059 577 3129 qui
602 3058 688 3112 illa
715 3071 1239 3127 commemoraverat,
1271 3061 1508 3131 litigavit.
1539 3078 1557 3111 ι
3718 3064 3723 3069 ’

576 3166 727 3239 Vide
765 3170 1067 3255 prwterea
1114 3174 1337 3265 librum
1377 3174 1437 3249 2,
1477 3194 1611 3254 cap.
1640 3175 1700 3248 6,
1735 3170 2300 3248 Retraetationum,
2342 3194 2488 3254 pag.
2514 3175 2653 3248 632,
2686 3194 2751 3235 η.
2788 3176 2819 3236 1
2848 3184 2903 3237 et
2933 3175 2993 3250 2,
3019 3174 3239 3247 verbis,
3265 3173 3745 3237 Confessionum

486 3294 802 3351 mearum,
832 3270 1021 3359 usque
1047 3275 1129 3338 ad
1157 3274 1360 3347 verba,
1384 3274 1655 3357 Magnus
1692 3286 1784 3350 es,
1816 3276 2105 3337 Domine.
2508 3277 2593 3337 M.

3403 3344 3430 3357 ρ

547 3420 625 3487 (1)
640 3422 827 3487 Prolog.
857 3428 1060 3473 Retraet.
1096 3434 1144 3470 n.
1176 3420 1224 3469 3.

655 3574 817 3582 ___.
1111 3574 1601 3583 _..*-,_-__w
3202 3578 3205 3579 ,

530 3574 3727 3631 Μ
1795 3619 2731 3628 ._______________W
2845 3623 2947 3629 _.
2963 3623 2968 3627 .
3062 3624 3562 3633 _________,....

978 3620 3329 3889 mmmam?
3338 3620 3477 3633 mi

1461 4002 2206 4076 HlPPONENSIS
2271 4002 2768 4074 EPISCOPI
3174 4071 3193 4079 -

1219 4186 3042 4355 CONFESSIONUM
3196 4386 3197 4389 γ

1256 4473 1779 4588 LIBRI
1854 4478 2805 4595 TBEDECIM
2860 4470 2997 4593 (⁸⁵)-

3256 4110 3373 4137 μκν

1806 4693 2430 4749 @W

1519 4875 2007 4983 LIBER
2082 4878 2704 4994 PRIMUS

481 5076 2548 5190 nummariammtt'aaapmr
2574 5094 3741 5190 $3‘lii?ﬂ££i‘1ﬁﬁ.£°f£§$.§§9§df9.299:

629 5137 826 5227 Lat-que
860 5137 949 5189 hac
982 5145 1127 5190 aetate
1166 5137 1216 5189 in
1248 5138 1408 5191 lusum
1443 5148 1495 5192 et
1535 5137 1974 5208 puerilia‘quteque
2006 5137 2549 5216 oblectamenta,
2578 5137 2641 5207 1’5
2644 5137 3110 5214 'ﬁiiéiﬁu‘hiéi‘u‘iié'
3115 5137 3503 5227 Woc‘livuiggmﬂ
3504 5137 3574 5219 ES
3578 5137 3743 5222 "tu";

483 5199 752 5251 cuiatem;

1796 5293 2425 5349 WMW

994 5386 1220 5460 CKPUT
1259 5404 1536 5462 PRIMUM.
2158 5426 2339 5479 (πων,
2366 5412 2419 5485 ’5)
2454 5432 2677 5487 :magna
2707 5420 2867 5474 virtus
2898 5430 3003 5489 tua,
3031 5433 3085 5479 et
3109 5425 3383 5496 sapientia:
3404 5439 3507 5486 tuae
3529 5448 3630 5487 non
3661 5443 3743 5490 est

756 5492 919 5547 Deum
945 5496 1283 5585 vultlaudare
1310 5496 1371 5552 ab
1396 5499 1504 5569 ipso
1533 5500 1790 5557 excitatus.
2164 5521 2411 5562 numerus
2452 5507 2617 5579 (Ρδιιι.
2657 5527 2835 5578 CXLVI,
2874 5513 2948 5585 5).
2986 5516 3050 5569 Et
3085 5492 3297 5575 laudare
3331 5533 3380 5577 te
3423 5525 3533 5579 vult
3560 5526 3715 5581 homo

552 5590 601 5643 l.
644 5584 860 5657 Magnus
887 5604 979 5657 es,
1019 5570 1275 5656 Domine,
1302 5604 1353 5647 et
1392 5593 1665 5652 laudabilis
1694 5594 1841 5651 valde
1874 5595 2057 5668 (Psal.
2163 5599 2338 5670 aliqua
2384 5604 2553 5672 portio
2590 5615 2842 5661 creaturae
2888 5615 3024 5675 tua);
3072 5621 3124 5666 et
3169 5610 3327 5669 homo
3364 5616 3741 5678 circumferens
3820 5620 3824 5673 ξ

539 5703 612 5765 (ai
632 5702 799 5767 Scripti
823 5716 947 5753 anno
968 5705 1159 5755 circiter
1181 5706 1287 5758 400.
