4116 6366
292 5362 382 5515 ηηκ

358 5498 383 5542 *ἑ

494 312 602 372 663

492 439 718 495 mstuas;
748 430 911 499 zelas,
939 440 994 487 et
1016 445 1239 490 securus
1265 445 1357 500 es;
1387 432 1612 504 poenitet
1638 442 1691 489 te
1710 474 1724 499 ,
1753 442 1809 489 et
1835 448 1939 488 non
1965 433 2064 489 do-

490 519 603 587 les,
634 521 877 579 irasceris
918 532 973 580 et
1014 525 1331 597 tranquillus
1370 540 1470 593 es;
1513 540 1675 596 opera
1713 535 1921 592 mutas,
1964 542 2065 582 nec

408 670 421 679 ,
486 624 664 669 mutas
690 617 971 674 consilium
999 635 1014 673 :
1044 619 1238 691 recipis
1264 620 1407 692 quod
1438 622 1669 685 invenis,
1706 631 1761 679 et
1794 638 2065 694 nunquam

485 705 783 775 amisisti‘;
830 724 1097 780 nunquam
1139 712 1324 782 inops,
1368 720 1423 768 et
1460 712 1657 784 gaudes
1694 714 1887 779 lucris;
1928 731 2065 770 nun-

484 812 643 868 quam
670 814 880 864 avarus,
911 811 968 858 et
992 818 1181 860 usuras
1204 804 1390 876 exigis.
1412 804 1833 876 Supererogatur
1854 808 1944 863 tibi
1966 849 1980 873 ,
2006 816 2065 863 ut

466 888 714 956 debeas;
744 901 798 947 ct
824 893 943 963 quis
968 893 1129 952 habet
1168 896 1455 968 quidquam
1497 913 1605 953 non
1643 900 1827 955 tuum?
1862 900 2062 957 Reddis

480 979 661 1036 debita
688 982 824 1037 nulli
850 984 1083 1052 debeas,
1115 987 1284 1043 donas
1324 988 1504 1045 debita
1545 990 1675 1046 nihil
1713 991 1960 1061 perdens.
1991 993 2060 1049 Et

478 1073 609 1143 quid
636 1074 863 1133 diximus
882 1081 927 1143 ³,
959 1079 1100 1135 Deus
1128 1096 1279 1137 meus
1299 1123 1315 1150 ,
1343 1082 1452 1138 vita
1490 1099 1607 1140 mea
1633 1124 1650 1152 ,
1681 1084 1909 1141 dulcedo
1943 1102 2060 1142 mea

476 1166 703 1222 sancta?
721 1178 811 1223 aut
835 1169 961 1240 quid
985 1170 1114 1227 dicit
1138 1172 1329 1244 aliquis
1344 1214 1361 1241 ,
1390 1189 1513 1231 cum
1537 1173 1606 1231 de
1628 1184 1682 1231 te
1707 1175 1871 1231 dicit?
1892 1176 1960 1232 Et
1979 1192 2060 1233 va:

475 1259 777 1317 tacentibus
800 1261 866 1318 de
893 1271 971 1329 te;
1000 1266 1251 1334 quoniam
1276 1266 1529 1337 loquaces
1558 1267 1691 1324 muti
1714 1276 1857 1324 sunt.

1109 1358 1338 1417 CAPUT
1374 1359 1441 1415 ν.

684 1443 824 1499 Petit
846 1463 1070 1502 amorem
1090 1447 1216 1517 Dei,
1244 1458 1290 1505 et
1314 1448 1609 1506 delictorum
1631 1453 1846 1507 veniam.

543 1536 598 1591 5.
641 1534 771 1604 Quis
797 1538 929 1593 mihi
949 1539 1097 1597 dabit
1116 1541 1455 1612 acquiescere
1478 1544 1534 1599 in
1560 1544 1643 1601 te?
1666 1545 1795 1614 Quis
1817 1545 1947 1601 mihi
1967 1547 2059 1602 da-

469 1625 550 1681 bit
577 1634 635 1682 ut
663 1614 918 1686 veniasin
940 1645 1035 1686 cor
1058 1647 1236 1688 meum
1256 1675 1271 1701 ,
1302 1645 1356 1689 et
1382 1634 1612 1692 inebries
1640 1636 1767 1692 illud
1787 1678 1800 1699 ,
1830 1645 1887 1692 ut
1920 1639 2057 1694 obli-

472 1719 651 1775 viscar
668 1721 808 1776 mala
832 1738 972 1786 mea,
992 1732 1047 1779 et
1069 1740 1230 1781 unum
1248 1725 1445 1782 bonum
1462 1743 1641 1785 meum
1663 1732 1953 1801 amplectar
1975 1734 2059 1790 te?

469 1810 607 1876 Quid
628 1811 758 1866 mihi
778 1814 869 1867 es?
888 1813 1162 1884 Miserere,
1191 1822 1247 1871 ut
1266 1817 1472 1888 loquar.
1490 1819 1627 1889 Quid
1650 1823 1741 1878 tibi
1771 1837 1888 1878 sum
1916 1825 2052 1894 ipse,

468 1910 528 1954 ut
554 1904 721 1958 amari
751 1914 800 1959 te
821 1904 1010 1974 jubeas
1033 1922 1065 1963 a
1093 1924 1200 1978 me,
1221 1920 1275 1966 et
1300 1912 1403 1968 nisi
1422 1912 1611 1969 faciam
1636 1916 1880 1972 irascaris
1900 1919 2054 1987 mihi,

468 2000 523 2043 et
565 1992 784 2049 mineris
828 1996 1069 2066 ingentes
1101 2000 1381 2057 miserias?
1418 2004 1656 2061 Parvane
1694 2008 1807 2077 ipsa
1835 2018 1919 2064 est
1937 2010 1979 2077 ³,
2012 2012 2058 2067 si

469 2096 577 2135 non
613 2098 789 2139 amem
821 2087 909 2141 te?
934 2088 1030 2143 Hei
1062 2090 1223 2146 mihi!
1252 2093 1349 2148 Dic
1386 2095 1519 2150 mihi
1556 2113 1651 2167 per
1688 2099 2059 2159 miserationes

466 2179 621 2241 tuas,
650 2173 873 2231 Domine
898 2179 1038 2234 Deus
1062 2196 1241 2250 meus,
1270 2184 1397 2253 quid
1433 2186 1507 2242 sis
1547 2189 1696 2243 mihi.
1736 2188 1834 2244 Dic
1876 2195 2059 2249 anima:

466 2281 594 2319 mete
614 2282 632 2319 :
653 2267 812 2323 Salus
830 2278 919 2325 tua
937 2288 1027 2343 ego
1050 2290 1162 2328 sum
1191 2274 1212 2345 (
1228 2275 1374 2331 Psat.
1402 2294 1599 2348 xxxrv,
1627 2282 1716 2353 5).
1747 2283 1835 2339 Sic
1863 2285 1968 2353 dic,
2001 2295 2059 2342 ut

463 2354 697 2410 audiam.
724 2357 862 2414 Ecce
882 2375 1039 2416 aures
1066 2364 1245 2421 cordis
1263 2367 1369 2422 mei
1389 2376 1512 2424 ante
1538 2377 1610 2439 te,
1638 2371 1885 2441 Domine;
1910 2376 2058 2446 aperi

462 2462 577 2515 eas,
596 2457 651 2502 et
670 2448 752 2503 dic
767 2451 951 2507 anima:
969 2470 1094 2510 mete
1115 2472 1133 2510 :
1154 2457 1312 2515 Salus
1328 2468 1414 2514 tua
1435 2477 1526 2533 ego
1543 2479 1674 2517 sum.
1690 2464 1913 2522 Curram
1937 2479 2058 2539 post

464 2554 652 2595 vocem
682 2540 820 2597 hanc
844 2584 858 2608 ,
889 2553 944 2599 et
981 2548 1376 2618 apprehendam
1408 2561 1477 2608 te.
1508 2552 1628 2609 Noli
1669 2557 1997 2617 abscondere
2026 2577 2058 2617 a

463 2647 552 2688 me
579 2631 768 2689 faciem
797 2644 940 2690 tuam
966 2654 979 2691 :
1004 2639 1225 2709 moriar,
1250 2656 1318 2697 ne
1346 2644 1563 2712 moriar,
1595 2655 1655 2701 ut
1678 2663 1796 2703 eam
1825 2650 2052 2707 videam.

535 2722 590 2778 6.
630 2726 864 2796 Angusta
890 2738 974 2783 est
998 2728 1190 2801 domus
1218 2732 1410 2788 animae
1447 2750 1581 2792 mea:
1622 2754 1727 2808 quo
1769 2741 1951 2798 venias
1983 2742 2051 2797 ad

466 2829 614 2883 eam;
642 2815 891 2874 dilatetur
916 2819 1012 2876 abs
1032 2828 1105 2877 te.
1129 2821 1362 2879 Ruinosa
1388 2834 1500 2893 est;
1529 2829 1691 2885 retice
1717 2846 1855 2886 eam.
1884 2832 2054 2889 liabet

465 2922 589 2976 qua:
617 2906 884 2963 olfendant
910 2911 1093 2967 oculos
1131 2923 1277 2980 tuos;
1321 2914 1491 2971 fateor
1533 2928 1588 2974 et
1628 2921 1739 2975 scio
1774 2922 1909 2978 :sed
1933 2925 2055 2995 quis

465 3000 746 3055 mundabit
767 3002 923 3056 eam?
945 3012 1036 3058 aut
1059 3006 1146 3061 cui
1181 3007 1332 3062 alteri
1375 3018 1570 3079 praeter
1596 3019 1647 3071 te
1676 3013 1945 3082 clamabo,
1976 3017 2052 3072 Ab

466 3093 681 3148 occultis
700 3095 824 3149 meis
840 3096 1029 3151 munda
1048 3113 1148 3165 me,
1164 3097 1399 3166 Domine,
1421 3102 1544 3155 etab
1562 3103 1740 3159 alienis
1756 3122 2055 3177 parceseruo

466 3183 776 3257 tuo?(Psat.
804 3189 1073 3255 “111,15,
1101 3188 1230 3261 14.)
1255 3191 1429 3247 Credo
1448 3235 1462 3261 ,
1488 3205 1703 3265 propter
1723 3197 1863 3267 quod
1892 3208 1947 3254 et
1974 3200 2055 3255 lo-

466 3290 603 3345 quor
642 3276 829 3349 (Psal.
871 3294 999 3347 cxv,
1038 3280 1183 3353 l0);
1212 3283 1468 3352 Domine,
1506 3297 1562 3341 tu
1600 3288 1726 3344 scis.
1751 3289 1933 3345 Nonne
1960 3292 2054 3349 tibi

468 3367 779 3437 prolocutus
800 3384 920 3426 sum
935 3371 1217 3429 adversum
1237 3389 1325 3430 me
1339 3373 1530 3432 delicta
1549 3392 1687 3448 mea,
1708 3380 1847 3437 Deus
1867 3399 2049 3453 meus;

466 3469 521 3514 et
547 3471 601 3515 tu
625 3462 869 3519 dimisisti
890 3464 1217 3536 impietatem
1238 3468 1416 3525 cordis
1434 3471 1541 3526 mei
1556 3472 1580 3526 ?
1595 3472 1767 3543 (Psat.
1788 3491 1949 3546 xxxi,
1969 3477 2048 3551 5.)

465 3550 580 3607 Non
600 3551 801 3622 judicio
831 3556 1094 3613 contendo
1124 3566 1299 3615 tecum
1327 3560 1421 3631 qui
1445 3560 1640 3618 veritas
1659 3578 1717 3618 es
1745 3564 1865 3637 (Job
1882 3582 1963 3632 ix,
1991 3550 2048 3637 2,

466 3642 546 3714 '5);
570 3650 625 3697 et
641 3658 740 3715 ego
760 3644 1085 3717 nolofallere
1103 3648 1388 3720 meipsum,
1410 3666 1479 3707 ne
1497 3654 1783 3709 mentiatur
1800 3656 2049 3727 iniquitas

466 3748 589 3788 mea
619 3735 718 3790 sibi
745 3735 913 3808 (Psal.
943 3752 1104 3806 xxvr,
1133 3738 1260 3811 12).
1282 3741 1398 3797 Non
1418 3756 1545 3814 ergo
1563 3744 1763 3814 judicio
1784 3750 2050 3806 contendo

467 3833 675 3892 tecum;
704 3827 827 3897 quia
852 3828 898 3882 si
924 3829 1229 3899 iniquitates
1252 3832 1641 3906 observaveris,
1669 3838 1920 3909 Domine;
1944 3843 2050 3900 Do-

464 3915 630 3981 mine,
662 3916 782 3987 quis
809 3919 1127 3976 sustinebit?
1155 3921 1325 3995 (Psat.
1354 3940 1550 3998 cxxrx,
1575 3928 1655 4001 3.)

466 4117 749 4191 Infantiam
786 4138 931 4177 suam
967 4032 1447 4195 [liful];
1471 4130 1570 4187 Dei
1610 4136 1973 4203 providentiam
2000 4153 2049 4199 et

1085 4220 1429 4277 teternitatem.

538 4304 592 4358 7.
633 4304 739 4362 Sed
775 4314 974 4377 tamen,
1015 4310 1134 4368 sine
1173 4327 1261 4368 me
1289 4314 1434 4384 loqui
1461 4318 1601 4388 apud
1628 4322 2045 4384 misericordiam

466 4402 630 4462 tuam,
657 4413 744 4453 me
770 4406 964 4455 terram
984 4411 1039 4457 et
1064 4401 1320 4460 cinerem.
1342 4404 1470 4463 Sine
1486 4408 1508 4440 ³
1527 4421 1701 4467 tamen
1723 4414 1893 4486 loqui;
1916 4434 2048 4489 quo-

462 4486 606 4541 niam
623 4503 748 4545 ecce
764 4490 1124 4549 misericordia
1146 4504 1233 4551 tua
1248 4506 1351 4567 est,
1369 4515 1476 4555 non
1493 4501 1652 4559 homo
1668 4505 1854 4564 irrisor
1874 4486 2043 4580 mcus,

466 4577 553 4631 cui
580 4578 783 4650 loquor.
826 4580 894 4637 Et
920 4590 975 4638 tu
1012 4582 1240 4642 fortasse
1264 4588 1453 4646 irrides
1481 4608 1595 4660 me;
1636 4596 1729 4651 sed
1759 4577 2047 4658 conversus

462 4671 801 4728 misereberis
826 4674 952 4730 mei.
983 4675 1121 4744 Quid
1143 4678 1283 4733 enim
1305 4689 1387 4736 est
1408 4684 1549 4752 quod
1577 4687 1696 4741 volo
1716 4688 1911 4757 dicere,
1942 4693 2048 4749 Do-

465 4762 609 4818 mine
637 4760 777 4819 Deus
806 4780 977 4832 meus,
1005 4767 1107 4823 nisi
1131 4770 1251 4839 quia
1281 4773 1464 4828 nescio
1492 4775 1630 4831 unde
1657 4782 1892 4835 venerim
1919 4782 2042 4852 huc,

462 4852 519 4909 in
549 4854 704 4911 istam
724 4856 843 4913 dico
863 4859 1027 4917 vitam
1047 4863 1325 4919 mortalem
1345 4865 1390 4932 ⁸,
1430 4882 1499 4921 an
1541 4879 1770 4928 mortem
1807 4875 2041 4947 vitalem,

523 4969 543 4999 ι
567 4974 709 5019 Juxta
730 4976 904 5020 Somm.
929 4970 1053 5021 Flor.
1080 4973 1260 5023 Rond.:
1513 4985 1567 5029 M.

522 5030 543 5092 ξ
567 5036 740 5081 Somm.
762 5038 814 5082 et
837 5033 981 5083 Rond.
1010 5045 1073 5083 ex
1096 5048 1194 5085 uno
1214 5035 1294 5085 0d.
1320 5050 1333 5085 :
1616 5049 1672 5092 M.

525 5090 847 5164 'lnantiqnis
881 5094 994 5164 βω,
1028 5096 1138 5147 Bad.
1175 5102 1275 5147 Am.
1304 5105 1357 5149 et
1376 5106 1485 5162 Er.,
1525 5090 1619 5155 nec
1647 5090 1746 5155 non
1788 5106 1838 5157 in
1884 5122 1980 5161 uno
2012 5125 2043 5164 e

459 5156 567 5201 Ilss.
594 5153 801 5215 additur,

496 5215 805 5287 grfisummalq
832 5219 977 5268 nond.
1010 5231 1077 5270 ex
1090 5232 1270 5271 novem
1286 5226 1415 5285 llas;
1439 5231 1569 5277 Μία-ι.
1593 5240 1658 5278 ex
1692 5227 1877 5283 duobus
1898 5239 2003 5286 uss,
2027 5249 2041 5287 ε

456 5281 565 5323 Sme
584 5288 675 5326 me.
693 5285 749 5325 Μ.

526 5335 549 5369 ³
573 5343 640 5410 tta
670 5345 777 5410 Mss.
817 5339 973 5410 ferme
1004 5354 1175 5410 omnes
1209 5351 1261 5410 e_t
1290 5346 1439 5397 editio
1471 5362 1561 5410 per
1606 5354 1855 5404 Antonium
1881 5359 2042 5409 Arual-

460 5395 575 5471 gum
599 5397 1178 5471 doc_torem_Sorbonicum
1188 5395 1440 5471 adornata;
1466 5395 1551 5461 ubi
1567 5395 2038 5471 verbum

458 5458 1008 5543 ¹ζ⁴ἰῗὲ¹1ἷ.²ἒὲ¹ἓὶ¹ιὶξ³ἷέ9ξ.ίέῐτέ
1023 5468 1343 5543 sementim
1369 5458 2040 5543 ὖείιᾷἓὶῖιὶιὶῖᾶἰῖᾱέὁ

459 5521 754 5595 augustinus
768 5521 1010 5595 signiﬁcat
1029 5527 1152 5595 circa
1171 5530 1339 5595 anima:
1351 5521 1847 5595 originem-ﬂuctuare:
1863 5521 2034 5595 Xt-Iuta‘d‘:

459 5588 560 5657 an).
586 5589 649 5657 et
674 5589 746 5632 Er.
781 5584 963 5657 habent
987 5602 999 5637 :
1027 5598 1082 5637 In
1099 5588 1239 5640 istam
1258 5591 1368 5657 dico
1389 5584 1847 5652 ηἱὸνιαιειῆῑλὶὧῆίέ

458 5639 554 5691 lem
573 5642 917 5725 dicamyitmn,
942 5639 1225 5725 immanem

458 5716 572 5781 nem
591 5709 913 5781 Lovanicpscs
934 5712 989 5781 ad
1009 5711 1149 5761 trium
1164 5719 1271 5764 Mss.
1288 5713 1435 5781 ﬁdem
1444 5709 1514 5781 sic
1536 5709 1890 5776 mutarunt—{tn

454 5765 620 5817 dicam
634 5771 883 5824 mortalem
901 5772 1062 5835 vitam,
1091 5787 1154 5825 an
1174 5782 1373 5827 mortem
1392 5765 1581 5833 vitate—ii
1590 5765 1803 5844 3.733352

1608 315 2224 388 CONFESSIONULLS.
2255 318 2621 381 AUGUSTINI

3654 338 3761 398 664

2172 435 2373 492 nescio.
2391 437 2454 493 Et
2472 449 2819 510 susceperunt
2837 458 2925 500 me
2943 446 3333 505 consolationes
3356 449 3757 514 miserationum

2172 535 2398 595 tuarum,
2414 531 2550 585 sicut
2571 531 2748 587 audivi
2776 548 2806 588 a
2834 536 3137 604 parentibus
3154 540 3328 596 carnis
3345 558 3500 612 meae,
3518 560 3583 599 ex
3606 563 3711 618 quo
3732 550 3751 583 ί

2171 627 2224 672 et
2250 619 2301 671 in
2327 636 2430 689 qua
2454 620 2693 677 formasti
2713 640 2799 679 me
2827 624 2879 681 in
2906 634 3167 696 tempore,
3199 645 3306 686 non
3333 633 3475 688 enim
3504 650 3604 705 ego
3632 653 3749 695 me~

2169 709 2318 764 mini.
2338 711 2675 782 Exceperunt
2690 730 2815 785 ergo
2832 732 2919 789 me
2938 718 3326 777 consolationes
3343 722 3495 779 lactis
3513 725 3748 784 humani.
3814 738 3827 754 ‘

2167 800 2277 857 Nec
2300 812 2471 859 mater
2494 820 2633 872 mea,
2664 808 2746 862 vel
2776 808 3011 865 nutrices
3053 826 3184 866 mea:
3226 813 3326 867 sibi
3370 816 3534 871 ubera
3564 818 3753 889 imple-

2168 892 2328 948 bant:
2355 894 2449 950 sed
2480 904 2537 951 tu
2563 898 2692 951 mihi
2718 914 2817 969 per
2842 915 2934 955 eas
2958 900 3121 956 dabas
3148 902 3457 961 alimentum
3493 907 3747 980 infantiae,

2168 986 2457 1040 secundum
2474 987 2856 1045 institutionem
2878 1001 3019 1046 tuam
3048 1002 3101 1048 et
3124 993 3335 1051 divitias
3353 1011 3521 1068 usque
3543 999 3611 1054 ad
3631 1000 3734 1057 fun'

2167 1076 2290 1131 dum
2312 1094 2491 1133 rerum
2516 1079 2819 1150 dispositas.
2844 1082 2923 1136 Tu
2944 1084 3103 1138 etiam
3127 1084 3256 1139 mihi
3285 1085 3449 1142 dabas
3474 1089 3617 1145 nolle
3636 1107 3751 1147 am-

2166 1167 2303 1237 plius
2331 1184 2491 1240 quam
2509 1169 2705 1234 dabas;
2736 1180 2791 1227 et
2820 1172 3171 1229 nutrientibus
3193 1190 3281 1230 me
3306 1175 3431 1231 dare
3458 1179 3589 1233 mihi
3612 1182 3750 1238 velle

2166 1259 2307 1328 quod
2337 1260 2415 1314 eis
2436 1259 2620 1315 dabas.
2653 1261 2791 1318 Dare
2817 1263 2958 1317 enim
2987 1263 3118 1319 mihi
3158 1281 3253 1335 per
3278 1267 3580 1324 ordinatum
3615 1272 3748 1327 aﬂ'e-

2172 1358 2317 1405 ctum
2342 1351 2591 1407 volebant
2614 1367 2721 1424 quo
2737 1368 2800 1408 ex
2821 1362 2873 1409 te
2889 1354 3243 1411 abundabant.
3267 1357 3399 1413 Nam
3418 1359 3616 1416 bonum
3634 1373 3750 1419 erat

2163 1440 2244 1496 eis
2261 1430 2459 1496 bonum
2475 1457 2653 1498 meum
2673 1458 2739 1498 ex
2760 1444 2837 1499 eis
2855 1460 2869 1511 ;
2897 1445 3156 1515 quodnon
3182 1462 3249 1505 ex
3274 1448 3350 1504 eis
3365 1450 3409 1518 ’,
3428 1451 3521 1505 sed
3542 1466 3637 1521 per
3656 1469 3749 1510 eas

2163 1543 2277 1588 erat
2298 1551 2311 1588 :
2340 1549 2407 1590 ex
2435 1544 2487 1590 te
2512 1536 2707 1606 quippe
2732 1536 2869 1592 bona
2891 1538 3087 1603 omnia,
3128 1540 3297 1607 Deus;
3325 1552 3379 1597 et
3403 1558 3466 1599 ex
3499 1543 3607 1599 Deo
3626 1562 3747 1602 meo

2162 1624 2305 1681 salus
2337 1624 2468 1681 mihi
2504 1627 2770 1683 universa.
2811 1628 2964 1695 Quod
2999 1630 3344 1687 animadverti
3387 1636 3742 1704 postmodum,

2162 1717 2423 1772 clamante
2450 1726 2501 1773 te
2528 1718 2660 1773 mihi
2698 1735 2795 1790 per
2840 1720 2953 1776 haec
2993 1722 3107 1791 ipsa
3135 1739 3257 1793 quae
3297 1724 3483 1782 tribuis
3522 1728 3661 1783 intus
3691 1739 3747 1785 ct

2161 1807 2307 1862 foris.
2326 1807 2457 1863 Nam
2480 1818 2603 1866 tunc
2627 1826 2819 1882 sugere
2842 1826 3047 1879 noram,
3071 1820 3127 1869 et
3145 1816 3483 1885 acquiescere
3504 1818 3740 1875 delecta-

2163 1898 2413 1969 tionibus,
2456 1900 2587 1957 ﬂere
2627 1912 2805 1959 autem
2843 1903 3166 1962 offensiones
3200 1908 3376 1964 carnis
3412 1924 3576 1976 mea};
3611 1911 3744 1969 nihil

2162 1991 2406 2060 amplius.

2233 2080 2286 2136 8.
2328 2080 2455 2137 Post
2496 2090 2551 2138 et
2594 2084 2769 2140 ridere
2810 2086 2968 2157 coepi,
3012 2087 3282 2144 dormiens
3325 2090 3517 2160 primo,
3548 2091 3741 2149 deinde

2162 2172 2406 2241 vigilans.
2443 2174 2557 2230 Hoc
2580 2178 2723 2232 enim
2750 2178 2819 2234 de
2856 2195 2944 2235 me
2970 2180 3099 2236 mihi
3128 2181 3418 2239 indicatum
3443 2194 3525 2241 est
3547 2195 3601 2242 et
3623 2202 3745 2243 cre-

2163 2261 2295 2330 didi,
2326 2266 2573 2335 quoniam
2603 2268 2678 2323 sic
2706 2270 2950 2327 videmus
2975 2282 3029 2328 et
3057 2274 3190 2329 alios
3218 2274 3480 2333 infantes:
3504 2294 3626 2334 nam
3644 2281 3745 2356 ista

2164 2369 2282 2410 mea
2313 2372 2415 2411 uon
2440 2360 2676 2414 memini.
2706 2362 2773 2416 Et
2796 2377 2921 2419 ecce
2949 2365 3202 2434 paulatim
3223 2368 3518 2425 sentiebam
3542 2372 3631 2427 ubi
3658 2388 3745 2429 es-

2165 2460 2302 2515 sem,
2321 2457 2374 2503 et
2390 2450 2686 2508 voluntates
2702 2469 2847 2511 meas
2861 2457 3102 2513 volebam
3118 2460 3397 2517 ostendere
3410 2463 3488 2518 eis
3506 2479 3601 2533 per
3611 2481 3745 2535 quos

2166 2538 2532 2610 implerentur,
2564 2553 2617 2599 et
2656 2561 2761 2601 non
2790 2557 3064 2618 poteram;
3109 2553 3233 2623 quia
3261 2553 3364 2609 illae
3393 2554 3536 2611 intus
3570 2568 3743 2625 erant,

2168 2627 2296 2685 foris
2320 2641 2498 2687 autem
2531 2634 2628 2702 illi,
2656 2652 2758 2692 nec
2787 2639 2892 2694 ullo
2919 2654 3022 2695 suo
3049 2656 3209 2697 sensu
3247 2644 3498 2700 valebant
3524 2647 3746 2705 introire

2166 2724 2222 2781 in
2245 2726 2475 2782 animam
2501 2744 2694 2785 meam.
2726 2730 2907 2803 Itaque
2923 2734 3185 2805 jactabam
3212 2740 3453 2794 membra
3481 2749 3535 2797 et
3561 2756 3741 2812 voces,

2166 2817 2315 2888 signa
2339 2819 2532 2875 similia
2563 2823 2924 2880 voluntatibus
2953 2828 3106 2895 meis,
3133 2844 3298 2899 pauca
3334 2847 3452 2901 quae
3477 2842 3740 2903 poteram,

2166 2909 2342 2979 qualia
2362 2919 2633 2981 poteram:
2664 2929 2773 2969 non
2801 2918 2944 2971 enim
2971 2927 3123 2974 erant
3141 2922 3251 2976 veri
3281 2922 3493 2977 similia.
3534 2924 3599 2979 Et
3621 2939 3745 2981 cum

2166 3004 2296 3058 mihi
2322 3019 2430 3060 non
2454 3006 2935 3079 obtemperabatur,
2980 3012 3063 3067 vel
3099 3029 3206 3068 non
3245 3014 3531 3083 intellecto,
3562 3019 3647 3073 vel
3674 3033 3746 3093 ne

2165 3094 2408 3163 obesset,
2432 3097 2743 3168 indignabar
2768 3117 2875 3156 non
2900 3103 3124 3159 subditis
3144 3107 3455 3175 majoribus,
3483 3117 3538 3163 et
3562 3108 3744 3165 liberis

2164 3200 2271 3240 non
2308 3188 2677 3258 servientibus,
2720 3201 2773 3247 et
2811 3208 2897 3248 me
2936 3194 3003 3249 de
3042 3195 3147 3251 illis
3188 3196 3363 3253 flendo
3388 3199 3740 3257 vindicabam.

2163 3273 2318 3331 Tales
2346 3292 2465 3334 esse
2502 3280 2729 3337 infantes
2770 3283 2930 3339 didici
2968 3300 3100 3355 quos
3133 3286 3340 3345 discere
3378 3290 3545 3360 potui,
3576 3299 3631 3346 et
3656 3306 3745 3348 mo

2162 3363 2320 3420 talem
2346 3366 2511 3425 fuisse
2539 3371 2704 3441 magis
2729 3372 2857 3427 mihi
2885 3372 2985 3443 ipsi
3016 3375 3385 3446 indicaverunt
3416 3380 3738 3450 nescientes,

2158 3469 2315 3526 quam
2347 3459 2574 3516 scientes
2600 3465 2884 3519 nutritores
2902 3465 3029 3519 mei.

2228 3548 2282 3605 9.
2323 3550 2389 3605 Et
2427 3566 2552 3608 ecce
2592 3552 2809 3608 infantia
2848 3570 2965 3611 mea
3004 3558 3133 3612 olim
3173 3569 3382 3616 mortua
3422 3572 3524 3631 est,
3558 3573 3613 3620 et
3640 3581 3741 3637 ego

2155 3641 2294 3696 vivo.
2324 3641 2403 3697 Tu
2428 3652 2627 3713 autem,
2658 3645 2900 3712 Domine,
2926 3648 3015 3717 qui
3037 3658 3091 3704 et
3110 3665 3321 3721 semper
3346 3654 3497 3720 vivis,
3523 3664 3577 3711 et
3604 3656 3738 3712 nihil

2154 3733 2378 3789 moritur
2405 3735 2459 3789 in
2488 3743 2559 3800 te,
2591 3736 2840 3803 quoniam
2867 3747 2990 3794 ante
3018 3741 3306 3810 primordia
3332 3746 3739 3815 saeculorum,et

2153 3832 2276 3879 ante
2303 3839 2463 3882 omne
2492 3827 2635 3897 quod
2662 3830 2747 3885 vel
2788 3839 2912 3886 ante
2939 3831 3045 3887 dici
3082 3842 3276 3903 potest,
3312 3844 3366 3890 tu
3410 3852 3489 3906 es,
3521 3847 3575 3894 et
3600 3840 3739 3896 Deus

2152 3931 2211 3971 es
2229 3917 2587 3989 Dominusque
2602 3922 2839 3977 omnium
2857 3938 2977 3993 qua:
3000 3926 3194 3980 creasti
3216 3945 3229 3981 :
3251 3937 3304 3982 et
3323 3929 3461 3998 apud
3489 3940 3539 3986 te
3561 3948 3737 3991 rerum

2152 4007 2389 4061 omnium
2420 4008 2746 4065 instabilium
2792 4021 2934 4068 stant
2976 4028 3181 4082 causa};
3210 4025 3266 4073 et
3292 4034 3473 4075 rerum
3500 4024 3736 4078 omnium

2151 4098 2480 4154 mutabilium
2510 4100 2867 4159 immutabiles
2888 4114 3105 4160 manent
3134 4107 3395 4177 origines;
3424 4119 3479 4165 et
3499 4114 3733 4169 omnium

2151 4189 2586 4247 irrationabilium
2616 4202 2670 4249 et
2698 4196 3070 4264 temporalium
3099 4200 3439 4268 sempiterna:
3459 4203 3637 4259 vivunt
3652 4221 3736 4258 ra-

2152 4280 2341 4337 tiones.
2376 4282 2472 4337 Dic
2499 4283 2627 4338 mihi
2655 4285 2879 4355 supplici
2906 4295 3017 4353 tuo,
3051 4288 3208 4354 Deus,
3240 4298 3295 4345 et
3310 4291 3613 4349 misericors
3634 4297 3735 4351 mi-

2152 4384 2274 4425 sero
2296 4379 2416 4437 tuo;
2436 4370 2521 4426 dic
2540 4372 2671 4426 mihi
2693 4382 2870 4429 utrum
2884 4374 2995 4444 jam
3016 4376 3175 4431 alicui
3196 4380 3338 4433 aetati
3358 4395 3491 4436 meae
3511 4393 3734 4441 mortuae

2151 4466 2469 4527 successerit
2511 4465 2729 4521 infantia
2770 4484 2923 4525 mea:
2953 4486 3020 4527 an
3052 4473 3139 4528 illa
3181 4484 3263 4530 est
3299 4492 3456 4547 quam
3482 4478 3562 4548 egi
3591 4478 3731 4534 intra

2150 4554 2352 4610 viscera
2380 4558 2563 4612 matris
2588 4562 2761 4615 mea)?
2782 4561 2914 4617 Nam
2942 4573 2995 4619 et
3018 4566 3084 4620 dc
3111 4566 3197 4620 illa
3229 4568 3359 4622 mihi
3386 4570 3625 4624 nonnihil
3646 4571 3733 4626 in-

2148 4644 2379 4701 dicatum
2409 4657 2510 4714 est,
2542 4657 2597 4703 et
2625 4662 2959 4721 praegnantes
3005 4656 3120 4725 ipse
3163 4658 3269 4713 vidi
3296 4659 3554 4716 feminas.
3596 4662 3734 4730 Quid

2148 4748 2273 4795 ante
2296 4740 2433 4796 hanc
2460 4742 2641 4805 etiam.
2672 4743 2898 4801 dulcedo
2920 4763 3057 4813 mea,
3084 4750 3225 4806 Deus
3261 4754 3445 4808 meus?
3473 4753 3619 4810 iuine
3638 4757 3736 4810 ali-

2148 4830 2290 4895 cubi,
2316 4833 2641 4903 autaliquis?
2656 4834 2785 4890 Nam
2807 4836 2927 4906 quis
2946 4839 3076 4894 mihi
3101 4840 3242 4896 dicat
3262 4844 3384 4910 ista,
3407 4860 3514 4899 non
3535 4845 3728 4915 habeo;

2148 4936 2246 4977 nec
2256 4930 2407 4993 pater
2423 4939 2521 4979 nec
2539 4935 2709 4981 mater
2729 4937 3031 4997 potuerunt,
3049 4947 3147 4987 nec
3158 4933 3383 4989 aliorum
3401 4938 3733 5006 experimen.

2148 5021 2279 5082 tum,
2320 5029 2419 5070 nec
2450 5019 2706 5073 memoria
2747 5035 2886 5074 mea.
2915 5024 2997 5078 An
3024 5024 3214 5080 irrides
3242 5042 3329 5082 me
3351 5028 3450 5083 ista
3477 5046 3726 5100 quazren-

2147 5113 2274 5170 tem,
2300 5113 2457 5175 teque
2478 5106 2546 5161 de
2571 5108 2670 5163 hoc
2697 5110 2839 5180 quod
2862 5113 3005 5181 novi,
3043 5115 3246 5171 laudari
3282 5132 3313 5171 a
3352 5134 3440 5175 me
3463 5120 3639 5190 jubes,
3671 5132 3727 5177 et

2145 5195 2387 5251 confiteri
2416 5211 2502 5252 me
2529 5198 2622 5252 tibi
2639 5198 2695 5253 η

2144 5291 2174 5354 ,ξζ
2218 5286 2306 5342 10.
2346 5286 2615 5344 Conﬁteor
2639 5289 2754 5358 tibi,
2786 5292 3006 5351 Domine
3033 5298 3154 5353 coeli
3196 5306 3251 5354 et
3290 5308 3468 5368 teme,
3518 5303 3729 5360 Iaudem

2207 5424 2500 5500 {apud‘Bai
2516 5434 2617 5500 Am:
2636 5433 2710 5477 Er.
2726 5434 2779 5500 et
2792 5436 2920 5500 l_.ov.:
2942 5440 3127 5500 Eatgua
3140 5439 3187 5484 et
3203 5435 3253 5500 in
3268 5449 3379 5500 qua.
3399 5439 3570 5500 Verius
3588 5452 3733 5500 porro

2143 5485 2193 5534 in
2351 5493 2404 5537 et
2424 5487 2483 5565 in
2502 5488 2717 5565 editione
2733 5497 2837 5539 Ant.
2859 5485 3055 5542 Arualdi
3079 5508 3167 5557 pro
3196 5485 3733 5565 designando'u‘troque

2144 5556 2351 5614 parente
2374 5563 2386 5598 :
2417 5558 2491 5599 Ea:
2508 5562 2601 5614 quo
2616 5550 2729 5614 etin
2746 5564 2857 5614 qua.

2204 5612 2224 5641 ²
2242 5618 2291 5659 tn
2324 5616 2392 5669 8.,
2412 5612 2539 5675 quod
2569 5624 2633 5661 ea:
2649 5612 2719 5662 eis
2730 5612 2827 5675 non
2840 5627 2859 5674 ;
2890 5622 2939 5665 at
2971 5622 3144 5667 Somm.
3165 5620 3284 5669 Dub.
3305 5629 3437 5673 uari.
3456 5622 3597 5672 Rond.
3618 5635 3730 5675 cum

2143 5670 2174 5718 4
2190 5678 2299 5721 Mss.
2322 5686 2334 5721 :
2355 5670 2487 5732 quod
2503 5686 2676 5725 nones:
2692 5673 2777 5725 eis.
2802 5670 2855 5724 Μ.

2204 5735 3067 5815 ελζνςηξέοιῑίὲεξξξιρροιμῑιίε
3086 5742 3219 5804 ωας»
3238 5751 3531 5805 amentem
3548 5752 3622 5807 τεν
3644 5748 3729 5815 qui

2141 5794 2200 5844 de
2216 5794 2319 5857 hoc,
2341 5796 2467 5860 quod
2484 5796 2591 5850 novi
2606 5834 2621 5859 ,
2650 5795 2844 5849 laudari
2858 5806 2918 5851 te.
2962 5809 3015 5854 Μ.
