4116 6366
373 372 477 429 665

372 490 556 546 dicens
584 489 676 545 tibi
703 488 769 545 de
788 487 1091 559 primordiis
1115 494 1170 543 et
1194 485 1410 542 infantia
1430 499 1549 541 mea
1567 499 1685 555 quae
1705 499 1811 539 non
1832 501 1948 540 me-

373 580 533 647 mini;
565 589 621 635 et
639 580 829 636 dedisti
856 594 918 635 ea
942 579 1139 634 homini
1166 593 1233 634 ex
1258 577 1375 633 aliis
1403 576 1469 633 de
1496 591 1554 632 sc
1577 575 1865 647 conjicere,
1898 586 1952 633 et

371 672 772 729 auctoritatibus
800 669 958 725 etiam
988 670 1415 725 muliercularum
1442 668 1604 723 multa
1633 668 1701 724 de
1740 684 1797 724 se
1836 684 1952 723 cre-

370 765 519 820 dere.
548 764 707 819 Eram
738 763 879 818 enim
921 771 975 817 et
1016 761 1256 816 vivebam
1288 760 1446 815 etiam
1490 770 1633 828 tunc,
1681 768 1735 815 et
1777 760 1946 831 signa,

369 855 563 925 quibus
590 870 747 909 sensa
776 869 893 909 mea
930 862 1056 908 nota
1084 852 1201 907 aliis
1250 851 1500 918 facerem,
1528 851 1635 922 jam
1663 852 1717 906 in
1747 852 1849 906 line
1870 852 1951 906 in-

369 946 548 1001 fantia:
572 943 895 1014 quaerebam.
928 943 1080 1000 Unde
1107 943 1209 999 hoc
1238 943 1340 998 tale
1382 942 1576 998 animal
1620 944 1719 999 nisi
1747 944 1842 999 abs
1872 954 1943 1011 te,

367 1036 625 1091 Domine?
645 1037 727 1090 An
749 1037 1024 1106 quisquam
1046 1050 1103 1090 se
1127 1034 1352 1091 faciendi
1378 1035 1479 1091 erit
1497 1035 1824 1091 artifex?aut
1844 1036 1947 1091 ulla

365 1147 500 1186 vena
527 1131 752 1185 trahitur
767 1130 1000 1197 aliunde,
1024 1145 1126 1200 qua
1143 1144 1261 1185 esse
1275 1138 1329 1184 et
1356 1129 1530 1185 vivere
1552 1138 1729 1184 currat
1752 1131 1804 1185 in
1826 1145 1943 1198 nos,

366 1232 719 1293 praeterquam
745 1220 885 1292 quod
927 1229 982 1275 tu
1026 1218 1153 1276 facis
1199 1235 1314 1286 nos,
1363 1220 1604 1286 Domine,
1631 1220 1713 1274 cui
1750 1235 1868 1276 esse
1893 1230 1947 1275 et

362 1318 543 1370 vivere
570 1329 674 1368 non
696 1312 837 1367 aliud
858 1321 1015 1383 atque
1039 1311 1178 1366 aliud
1199 1321 1277 1366 est
1294 1328 1308 1377 ;
1328 1311 1447 1381 quia
1476 1326 1681 1368 summe
1701 1327 1838 1378 esse,
1860 1322 1945 1368 at-

363 1422 467 1477 que
496 1421 702 1461 summe
729 1405 907 1460 vivere
948 1402 1175 1473 idipsum
1202 1403 1298 1458 es?
1326 1402 1572 1458 Summus
1606 1403 1745 1459 enim
1777 1418 1857 1469 es,
1893 1413 1946 1459 et

362 1515 470 1553 non
496 1498 749 1564 mutaris;
779 1512 952 1567 neque
976 1495 1241 1566 peragitur
1259 1495 1311 1548 in
1343 1503 1393 1549 te
1414 1493 1699 1549 hodiernus
1725 1494 1857 1559 dies,
1889 1502 1946 1550 et

361 1600 544 1646 tamen
569 1589 623 1643 in
651 1599 700 1643 te
731 1590 1015 1658 peragitur,
1039 1587 1162 1658 quia
1201 1588 1254 1641 in
1283 1595 1334 1641 te
1369 1594 1493 1641 sunt
1516 1595 1569 1641 et
1598 1586 1698 1641 ista
1723 1586 1900 1641 omnia
1926 1604 1939 1640 :

361 1699 468 1738 non
489 1682 631 1737 enim
652 1680 908 1736 haberent
922 1680 1034 1735 vias
1058 1679 1386 1745 transeundi,
1416 1680 1517 1734 nisi
1543 1680 1842 1734 contineres
1858 1695 1938 1734 ea.

360 1776 427 1829 Et
452 1774 700 1844 quoniam
730 1774 854 1827 anni
886 1771 962 1827 tui
993 1788 1097 1828 non
1124 1772 1376 1828 deﬁciunt
1404 1773 1443 1838 ³,
1475 1773 1599 1826 anui
1626 1772 1701 1827 tui
1730 1772 1941 1827 hodier-

360 1881 464 1921 nus
488 1866 706 1920 dies:et
726 1879 882 1935 quam
911 1863 1061 1919 multi
1081 1863 1190 1933 jam
1211 1862 1325 1919 dies
1351 1864 1519 1919 nostri
1536 1872 1590 1918 et
1617 1874 1821 1933 patrum
1844 1878 1941 1918 no-

359 1967 593 2012 strorum
623 1972 716 2026 per
736 1955 1049 2011 hodiernum
1087 1963 1235 2011 tuum
1276 1956 1615 2022 transierunt,
1662 1962 1717 2011 et
1758 1971 1823 2010 ex
1851 1955 1941 2011 illo

360 2058 678 2120 acceperunt
698 2048 905 2113 modos,
936 2057 990 2104 et
1031 2058 1316 2118 utcumque
1345 2050 1680 2117 exstiterunt,
1695 2056 1747 2103 et
1769 2057 1939 2104 trans-

359 2142 515 2196 ibunt
555 2141 726 2197 adhuc
750 2140 861 2208 alii,
898 2149 952 2195 et
978 2139 1260 2210 accipient,
1289 2148 1342 2194 et
1373 2148 1658 2208 utcumque
1679 2139 1935 2195 existeut!

358 2234 440 2288 Tu
467 2244 639 2289 autem
671 2233 813 2288 idem
840 2234 952 2305 ipse
977 2248 1065 2299 es;
1093 2241 1147 2288 et
1170 2232 1345 2286 omnia
1383 2231 1613 2286 crastina
1656 2240 1816 2302 atque
1856 2232 1938 2286 ul-

358 2335 463 2391 tra,
495 2327 779 2395 omniaque
809 2326 1055 2380 hesterna
1083 2332 1137 2379 et
1180 2333 1326 2380 retro
1371 2323 1528 2379 hodie
1554 2322 1737 2389 facies,
1783 2323 1939 2379 hodie

358 2417 553 2474 fecisti.
587 2419 723 2486 Quid
761 2418 827 2473 ad
870 2434 974 2483 me,
1021 2418 1065 2473 si
1108 2418 1225 2489 quis
1252 2433 1357 2473 non
1387 2417 1675 2487 intelligat?
1703 2415 1940 2473 Gaudeat

354 2522 411 2568 et
434 2514 570 2583 ipse,
600 2514 816 2568 dicens:
846 2514 982 2582 Quid
1008 2522 1091 2569 est
1119 2513 1254 2570 hoc?
1282 2513 1520 2571 Gaudeat
1558 2515 1715 2569 etiam
1747 2515 1859 2580 sic;
1885 2523 1939 2570 et

354 2614 502 2658 amet
542 2620 650 2659 non
688 2605 1008 2661 inveniendo
1053 2605 1321 2674 invenire,
1363 2606 1558 2678 potius,
1590 2621 1747 2676 quam
1785 2605 1935 2662 inve-

351 2697 552 2753 niendo
578 2712 686 2753 non
714 2698 952 2754 invenire
982 2707 1051 2754 te.

982 2809 1209 2867 CAPUT
1244 2810 1355 2868 VII.

466 2914 497 2942 ν
673 2902 903 2975 Infantia
931 2919 1128 2975 quoque
1149 2903 1362 2973 peccatis
1383 2902 1618 2958 obnoxia.

425 2997 514 3050 11.
554 2995 777 3063 Exaudi,
803 2997 961 3050 Deus.
981 2995 1074 3050 Vae
1089 2995 1320 3065 peccatis
1346 2994 1647 3049 hominum!
1682 2995 1749 3049 Et
1773 2994 1934 3049 homo

349 3088 487 3143 dicit
506 3088 639 3152 haec,
672 3096 724 3143 et
748 3088 1017 3142 misereris
1041 3087 1186 3156 ejus;
1216 3086 1463 3156 quoniam
1494 3095 1549 3140 tu
1586 3086 1758 3141 fecisti
1787 3102 1928 3153 eum,

346 3190 403 3235 et
430 3191 701 3251 peccatum
728 3196 829 3235 non
857 3180 1031 3235 fecisti
1058 3180 1112 3235 in
1132 3195 1215 3235 eo.
1240 3179 1366 3245 Quis
1394 3194 1482 3233 me
1506 3181 1527 3211 ³
1551 3188 1934 3234 commemorat

346 3282 627 3342 peccatum
666 3272 899 3327 infantia:
941 3271 1114 3327 meaa?
1156 3271 1416 3338 Quoniam
1460 3286 1617 3325 nemo
1647 3270 1873 3325 mundus
1898 3286 1929 3324 a

347 3372 569 3433 peccato
591 3378 767 3416 coram
800 3372 871 3426 te,
903 3376 1005 3417 nec
1030 3361 1202 3416 infans
1225 3362 1375 3431 cujus
1402 3369 1483 3416 est
1506 3361 1659 3416 unius
1693 3361 1797 3415 diei
1823 3361 1928 3415 vita

344 3468 509 3523 super
539 3463 730 3508 terram
765 3452 905 3525 (Job.
950 3467 1090 3519 xxv,
1122 3450 1199 3524 4).
1227 3453 1355 3518 Quis
1393 3467 1480 3507 me
1511 3452 1928 3507 commemorat?

343 3545 431 3598 An
459 3545 675 3614 quilibet
700 3544 933 3599 tantillus
954 3558 1093 3598 nunc
1115 3544 1381 3612 parvulus,
1407 3543 1459 3597 in
1479 3558 1584 3613 quo
1606 3543 1761 3597 video
1785 3542 1927 3612 quod

344 3652 456 3691 non
488 3637 704 3691 memini
744 3637 812 3691 de
842 3638 963 3693 me?
990 3636 1127 3703 Quid
1165 3651 1291 3706 ergo
1334 3646 1456 3690 tunc
1491 3634 1807 3704 peccabam?
1844 3635 1927 3690 An

344 3728 471 3798 quia
501 3728 750 3783 uberibus
778 3728 1046 3783 inhiabam
1075 3726 1471 3797 plorans?Nam
1488 3727 1533 3782 si
1554 3740 1694 3781 nunc
1718 3726 1924 3793 faciam,

343 3833 452 3872 non
480 3817 694 3887 quidem
722 3819 993 3885 uberibus,
1025 3819 1118 3874 sed
1143 3832 1278 3873 escae
1296 3818 1605 3887 congruenti
1626 3817 1777 3871 annis
1793 3817 1926 3871 meis

293 3912 301 3917 ’
342 3911 415 3964 ita
448 3909 678 3975 inhians,
708 3909 990 3966 deridebor
1018 3918 1179 3979 atque
1219 3908 1579 3978 reprehendar
1612 3908 1921 3977 justissime.

342 4000 495 4055 Tunc
523 4015 649 4070 ergo
682 3999 1118 4068 reprehendenda
1147 3997 1443 4054 faciebam:
1467 3998 1562 4053 sed
1588 3998 1707 4068 quia
1738 4013 1924 4068 repre-

340 4090 666 4146 hendentem
697 4090 991 4161 intelligere
1034 4105 1139 4144 non
1168 4099 1439 4159 poteram;
1468 4104 1564 4144 nec
1598 4104 1715 4145 mos
1738 4104 1922 4157 repre-

338 4184 503 4239 hendi
532 4201 641 4251 me,
665 4200 764 4240 nec
792 4185 928 4240 ratio
957 4183 1183 4239 sinebat.
1214 4181 1344 4238 Nam
1370 4182 1722 4251 exstirpamus
1748 4189 1801 4235 et
1823 4180 1922 4250 eji-

337 4276 514 4332 cimus
540 4277 640 4332 ista
678 4286 998 4333 crescentes.
1028 4276 1138 4332 Nec
1163 4276 1270 4331 vidi
1297 4290 1615 4346 quemquam
1644 4276 1919 4339 scientem,

335 4382 462 4423 eum
485 4369 684 4441 aliquid
706 4368 956 4440 purgat’,
987 4368 1127 4424 bona
1160 4368 1439 4438 projicere.
1465 4368 1543 4421 An
1570 4381 1664 4436 pro
1687 4376 1923 4435 tempore

339 4462 504 4516 etiam
536 4462 625 4515 illa
649 4461 788 4516 bona
814 4468 985 4528 erant,
1010 4459 1186 4515 ﬂendo
1209 4468 1394 4529 petere
1419 4459 1578 4514 etiam
1601 4457 1741 4527 quod
1766 4456 1923 4511 noxic

335 4554 578 4620 daretur,
623 4553 883 4623 indignari
920 4552 1113 4607 acriter
1154 4566 1259 4606 non
1300 4549 1550 4621 subjectis
1594 4548 1917 4614 hominibus,

339 4646 525 4701 liberis
541 4655 596 4701 et
622 4646 928 4716 majoribus,
956 4644 1144 4715 hisque
1165 4660 1196 4698 a
1218 4643 1408 4714 quibus
1428 4642 1638 4712 genitus
1659 4650 1762 4708 est,
1782 4642 1920 4697 mul-

338 4738 513 4808 tisque
534 4747 791 4807 praeterea
824 4736 1252 4807 prudentioribus
1287 4750 1395 4789 non
1418 4733 1486 4789 ad
1516 4742 1701 4789 nutum
1726 4735 1917 4788 volun-

336 4830 463 4883 tatis
491 4829 1009 4900 obtemperantibus;
1042 4826 1282 4884 fcriendo
1313 4841 1505 4883 nocere
1530 4826 1630 4881 niti
1664 4835 1921 4896 quantum

336 4928 535 4990 potest,
567 4921 689 4990 quia
714 4935 821 4975 non
850 4919 1097 4975 obeditur
1129 4919 1366 4989 imperiis
1391 4918 1583 4989 quibus
1624 4918 1921 4987 perniciose

335 5010 685 5066 obediretur?
717 5011 788 5065 lta
822 5010 1155 5066 imbecillitas
1194 5009 1554 5065 membrorum
1605 5008 1920 5063 infantilium

334 5105 599 5159 innocens
624 5113 725 5171 est,
765 5119 870 5159 non
909 5102 1119 5157 animus
1146 5102 1442 5156 infantium.
1473 5099 1595 5154 Vidi
1622 5115 1720 5170 ego
1745 5107 1802 5154 et
1828 5115 1921 5155 ex-

402 5264 419 5293 ¹
440 5267 575 5320 Lov.,
595 5273 659 5309 an
684 5258 795 5308 anm'
817 5257 901 5320 tui.
926 5256 1072 5320 Abest
1091 5261 1254 5320 tamen
1287 5266 1350 5303 an
1366 5266 1396 5302 a
1426 5252 1604 5320 nostris
1637 5259 1741 5302 Mss.
1765 5259 1827 5320 Aet
1860 5252 1922 5301 ab

336 5322 451 5373 aliis
481 5313 607 5384 pleri
706 5334 734 5368 e
750 5319 928 5369 F.dd.-—-
944 5317 1119 5366 Eodem
1134 5314 1242 5365 loco
1257 5324 1429 5365 Somm.
1466 5314 1608 5364 Rond.
1627 5327 1736 5363 cum
1758 5313 1790 5363 6
1812 5320 1918 5364 Mss.

336 5384 545 5445 legunt:
573 5334 821 5445 nigritiem.
842 5388 899 5429 M.
951 5439 963 5445 _
1057 5437 1119 5445 ω
1457 5442 1466 5445 Α
1504 5443 1527 5445 _
1580 5436 1592 5445 ‘
1818 5443 1845 5445 _

334 5382 545 5445 legunt:
573 5382 821 5445 Deﬁcient.
842 5388 899 5429 M.

401 5436 550 5495 ἱιον.
573 5452 624 5494 et
640 5436 854 5492 'Arnald.:
875 5439 987 5500 Quis
1002 5437 1120 5489 mihi
1135 5442 1483 5500 commemorat.
1504 5436 1611 5485 Bad.
1631 5445 1730 5485 Am.
1751 5445 1801 5487 et
1818 5443 1919 5488 ΕΜ

335 5507 452 5567 ouis
468 5519 659 5559 memmi
676 5498 1038 5559 conmmniorat;
1056 5501 1145 5550 sed
1158 5513 1273 5548 vera
1290 5498 1433 5548 lectio
1452 5505 1529 5547 est
1543 5512 1689 5607 quam
1710 5506 1813 5548 Mss.
1827 5512 1922 5561 ope

335 5570 646 5607 ι-ρςιιίίιιίηιιις
665 5603 677 5607 _
697 5567 829 5607 imm
845 5578 993 5607 mrem
1018 5562 1249 5607 loquendi
1264 5560 1458 5607 modum
1492 5560 1538 5607 in
1577 5562 1678 5607 ibro
1700 5561 1761 5607 de
1782 5562 1920 5607 Maci-

335 5560 646 5619 restituimus
665 5603 679 5627 ,
693 5567 830 5629 juxta
845 5578 993 5627 quem
1018 5562 1249 5629 loquendi
1264 5560 1458 5629 modum
1492 5560 1538 5629 in
1556 5560 1678 5609 libro
1700 5561 1761 5629 de
1782 5560 1920 5623 Magi-

334 5640 476 5689 εει-ο,
513 5644 619 5691 mp.
653 5620 711 5687 1';
730 5627 847 5691 dicit
863 5620 1195 5687 "Augustinus:
1222 5631 1349 5691 Duas
1370 5621 1479 5683 jam
1512 5620 1733 5683 loquendi
1756 5620 1923 5691 causas

335 5681 611 5751 consiituo';
631 5681 712 5739 aut
729 5693 778 5737 ut
794 5681 1064 5748 doceamus,
1088 5692 1170 5735 aut
1203 5690 1253 5735 ut
1282 5681 1695 5735 connnemorenws
1716 5681 1787 5734 vel
1806 5682 1923 5735 alios

333 5752 415 5804 vel
433 5751 756 5815 nosngetipsos.

409 5817 428 5847 ³
448 5813 589 5878 Αυει.
610 5806 737 5875 Mss,
754 5808 1003 5875 purgabat.
1022 5833 1081 5848 --
1096 5816 1163 5862 tta
1181 5807 1322 5861 nond.
1341 5820 1450 5858 cum
1469 5807 1499 5859 8
1517 5806 1623 5857 cdd.
1651 5815 1702 5857 δι.

1752 370 1955 429 LIBER
1991 370 2265 438 PRIMUS.

3532 389 3639 449 666

2058 498 2239 558 pertus
2266 505 2383 547 sum
2405 491 2666 549 zelantem
2694 494 3005 565 parvulum:
3035 496 3273 555 nondum
3295 499 3639 579 loquebatur,

2060 588 2114 635 et
2157 580 2459 638 intuebatur
2499 585 2722 655 pallidus
2766 601 2947 644 amaro
2990 600 3209 661 aspectu
3249 593 3631 655 collactaneum

2053 686 2226 729 suum.
2256 675 2383 743 Quis
2413 677 2514 734 hoc
2540 679 2776 750 ignorat?
2807 681 3036 753 Expiare
3070 698 3131 740 se
3156 684 3337 741 dicunt
3375 688 3477 743 ista
3506 704 3622 742 ma-

2055 771 2161 819 tres
2190 774 2345 837 atquc
2370 769 2602 824 nutrices
2628 772 2807 827 nescio
2834 773 3023 843 quibus
3055 777 3324 834 remediis.
3359 777 3469 835 Nisi
3494 794 3625 836 vero

2052 864 2107 912 et
2135 858 2234 913 ista
2255 859 2552 917 innocentia
2580 871 2680 931 est,
2704 864 2756 918 in
2781 864 2923 921 fonte
2948 866 3100 922 lactis
3123 868 3347 924 ubertim
3378 880 3630 927 manante

2050 960 2207 1020 atque
2234 951 2554 1023 abundante,
2594 956 2711 1028 opis
2752 960 3171 1029 egentissimum,
3216 971 3271 1017 et
3314 964 3405 1020 illo
3448 963 3623 1019 adhuc

2051 1056 2157 1095 uno
2184 1042 2440 1101 alimento
2482 1047 2643 1102 vitam
2682 1049 2986 1119 ducentem,
3028 1060 3465 1110 consortem'non
3494 1057 3625 1126 pati.

2049 1130 2153 1187 Sed
2175 1132 2366 1190 blande
2398 1137 2690 1194 tolerantur
2720 1140 2852 1208 hazc,
2881 1156 2989 1197 non
3013 1143 3132 1213 quia
3157 1140 3301 1198 nulla
3330 1146 3412 1200 vel
3440 1160 3624 1216 parva,

2048 1223 2143 1278 sed
2168 1227 2289 1295 quia
2316 1228 2485 1283 aetatis
2506 1244 2721 1287 accessu
2745 1233 2971 1301 peritura
2994 1243 3137 1290 sunt.
3164 1235 3316 1303 Quod
3344 1236 3468 1292 licet
3493 1252 3621 1308 pro-

2048 1313 2163 1381 bes,
2203 1331 2323 1371 cum
2347 1319 2370 1349 ι’
2392 1318 2519 1374 ferri
2539 1337 2690 1392 aequo
2710 1324 2887 1379 animo
2906 1325 3089 1382 eadem
3108 1327 3220 1397 ipsa
3250 1344 3357 1384 non
3384 1338 3622 1399 possunt,

2047 1408 2259 1476 quando
2288 1410 2339 1464 in
2365 1411 2542 1481 aliquo
2568 1417 2851 1474 annosiore
2880 1418 3372 1490 deprehenduntur.

2119 1500 2206 1555 12.
2247 1501 2324 1557 Tu
2354 1502 2552 1574 itaque,
2585 1507 2807 1564 Domine
2833 1510 2973 1567 Deus
3000 1527 3171 1580 meus,
3198 1513 3289 1584 qui
3318 1513 3507 1569 dedisti
3543 1516 3625 1569 vi-

2048 1597 2154 1645 tam
2172 1591 2374 1661 infanti,
2403 1603 2456 1649 et
2481 1611 2694 1667 corpus,
2718 1600 2859 1670 quod
2887 1602 2958 1657 ita
2984 1611 3045 1657 ut
3070 1603 3310 1660 videmus
3327 1606 3625 1665 instruxisti

2045 1682 2307 1749 sensibus,
2338 1688 2650 1758 compegisti
2678 1691 2953 1757 membris,
2991 1692 3157 1764 ﬁgura
3183 1695 3466 1764 decorasti,
3493 1712 3621 1768 pro-

2045 1789 2149 1845 que
2176 1776 2292 1846 ejus
2320 1779 2660 1837 universitate
2686 1792 2843 1854 atque
2870 1786 3231 1845 incolumitate
3251 1804 3437 1846 omnes
3460 1805 3624 1847 cona-

2047 1875 2131 1922 tus
2160 1869 2443 1927 animantis
2474 1873 2780 1941 insinuasti;
2808 1876 2967 1947 jubes
2991 1894 3077 1933 me
3107 1879 3322 1937 laudare
3348 1890 3400 1935 te
3426 1882 3478 1936 in
3510 1883 3625 1938 istis

2044 1968 2098 2013 et
2134 1959 2375 2016 confiteri
2419 1962 2535 2030 tibi,
2582 1974 2636 2020 et
2680 1966 2904 2036 psallere
2947 1968 3150 2023 nomini
3195 1977 3305 2037 tuo,
3352 1971 3624 2027 Altissime

2045 2050 2215 2121 (Psal.
2255 2069 2364 2120 χοι,
2405 2055 2496 2127 2):
2527 2059 2649 2127 quia
2693 2058 2832 2115 Deus
2875 2076 2933 2115 es
2975 2062 3311 2132 omnipotens
3351 2073 3405 2119 et
3430 2064 3621 2130 bonus,

2042 2142 2249 2199 etiamsi
2281 2146 2394 2200 sola
2433 2146 2531 2202 ista
2572 2148 2807 2214 fecisses,
2841 2166 2959 2221 qua:
2983 2168 3140 2207 nemo
3181 2154 3317 2208 alius
3348 2162 3521 2224 potest
3550 2156 3626 2210 fa-

2042 2248 2184 2300 cere,
2219 2236 2320 2292 nisi
2347 2247 2422 2304 tu,
2453 2253 2576 2307 une,
2601 2254 2630 2294 a
2655 2254 2760 2310 quo
2784 2249 2867 2296 est
2895 2243 3069 2297 omnis
3102 2243 3318 2310 modus;
3346 2244 3622 2301 formosis-

2041 2323 2195 2390 sime,
2234 2325 2321 2395 qui
2361 2326 2560 2383 formas
2588 2329 2787 2395 omnia,
2830 2340 2883 2385 et
2920 2331 3036 2402 lege
3061 2340 3149 2387 tua
3177 2333 3394 2389 ordinas
3418 2335 3617 2390 omnia.

2042 2412 2188 2470 Hanc
2216 2431 2342 2486 ergo
2371 2426 2606 2486 aztatem,
2637 2420 2880 2487 Domine,
2913 2437 3070 2491 quam
3114 2439 3201 2478 me
3238 2424 3431 2480 vixisse
3457 2428 3478 2458 ³
3506 2442 3614 2482 non

2039 2506 2281 2575 memini,
2312 2509 2378 2563 de
2403 2525 2505 2579 qua
2536 2511 2655 2566 aliis
2680 2512 2904 2581 credidi,
2937 2522 2991 2568 et
3028 2529 3186 2584 quam
3226 2531 3312 2571 me
3353 2518 3525 2587 egisse
3552 2533 3619 2572 ex

2038 2599 2155 2653 aliis
2193 2599 2475 2655 infantibus
2516 2602 2740 2673 conjeci,
2783 2619 3083 2675 quanquam
3115 2605 3215 2660 ista
3246 2606 3471 2661 multum
3514 2607 3617 2663 ﬁda

2038 2690 2340 2760 conjectura
2367 2692 2453 2758 sit,
2487 2693 2630 2763 piget
2662 2709 2748 2748 me
2772 2708 3126 2751 annumerare
3153 2696 3275 2751 huic
3303 2698 3424 2753 vita:
3454 2714 3610 2765 mea},

2037 2795 2192 2851 quam
2228 2782 2348 2837 vivo
2378 2783 2430 2837 in
2466 2782 2569 2838 hoc
2600 2786 2814 2840 saaculo.
2853 2786 3116 2852 Quantum
3154 2786 3300 2842 enim
3328 2789 3515 2844 attinet
3550 2790 3616 2845 ad

2036 2874 2315 2929 oblivionis
2342 2890 2477 2930 mea:
2503 2877 2769 2945 tenebras,
2793 2892 2888 2947 par
2910 2876 2983 2931 illi
3010 2885 3093 2932 est
3110 2892 3268 2947 quam
3293 2878 3399 2933 vixi
3425 2879 3479 2933 in
3499 2894 3616 2933 ma-

2037 2967 2132 3021 tris
2162 2974 2329 3022 utero.
2363 2967 2513 3034 Quod
2536 2968 2581 3023 si
2601 2976 2656 3023 et
2674 2968 2694 3000 ³
2724 2969 2778 3022 in
2807 2968 3081 3037 iniquitate
3106 2978 3391 3040 conceptus
3406 2985 3543 3034 sum,
3562 2979 3618 3026 et

2034 3057 2086 3111 in
2118 3061 2345 3127 peccatis
2372 3076 2458 3115 me
2478 3070 2648 3115 mater
2675 3076 2793 3114 mea
2820 3062 2872 3115 in
2898 3068 3054 3115 utero
3081 3061 3209 3116 aluit
3242 3061 3413 3130 (Psal.
3443 3078 3492 3127 ι,
3522 3059 3613 3134 7);

2033 3150 2143 3215 ubi,
2172 3166 2266 3205 oro
2288 3160 2359 3215 te,
2393 3152 2532 3206 Deus
2552 3167 2720 3215 meus,
2753 3151 2860 3218 ubi,
2892 3152 3136 3221 Domine,
3154 3167 3252 3223 ego
3268 3168 3451 3208 servus
3471 3162 3610 3219 tuus,

2033 3244 2123 3298 ubi
2157 3252 2248 3297 aut
2288 3245 2497 3314 quando
2542 3244 2797 3299 innocens
2827 3244 2935 3299 fui?
2966 3245 3073 3301 Sed
3115 3260 3241 3300 ecce
3270 3247 3455 3300 omitto
3486 3245 3612 3300 illud

2032 3343 2274 3404 tempus:
2307 3344 2360 3390 et
2384 3335 2509 3405 quid
2534 3336 2661 3391 mihi
2682 3336 2792 3407 jam
2814 3352 2935 3392 cum
2964 3351 3029 3392 eo
3050 3344 3152 3404 est,
3180 3336 3329 3407 cujus
3356 3336 3497 3391 nulla
3518 3352 3609 3392 vc-

2029 3425 2185 3498 stigia
2206 3427 2415 3483 recolo?

2573 3517 2799 3574 CAPUT
2837 3518 2971 3573 Vlll.

2456 3608 2602 3664 Unde
2625 3624 2750 3680 puer
2775 3610 2909 3679 loqui
2931 3609 3181 3663 didicerit.

2101 3699 2187 3753 15.
2227 3698 2412 3754 Nonne
2435 3699 2503 3753 ab
2531 3698 2749 3754 infantia
2788 3699 2891 3755 huc
2922 3715 3148 3771 pergens
3182 3699 3302 3754 veni
3337 3700 3389 3755 in
3430 3702 3608 3771 pueri-

2027 3792 2187 3856 tiam;
2216 3791 2301 3846 vel
2328 3792 2504 3861 potius
2525 3792 2637 3861 ipsa
2676 3792 2729 3846 in
2767 3808 2853 3846 me
2872 3793 3036 3858 venit,
3068 3800 3121 3846 et
3148 3792 3405 3847 successit
3432 3792 3606 3846 infan-

2031 3882 2145 3946 tiae;
2178 3881 2285 3937 Nec
2309 3881 2552 3937 discessit
2579 3883 2698 3936 illa:
2730 3898 2835 3952 quo
2860 3883 3005 3937 enim
3034 3881 3198 3936 abiit?
3226 3892 3281 3937 et
3306 3884 3607 3953 tamenjam

2027 3990 2136 4028 non
2160 3982 2290 4029 erat.
2316 3974 2429 4030 Non
2453 3975 2594 4029 enim
2618 3988 2763 4029 eram
2779 3972 2953 4028 infans
2971 3974 3060 4042 qui
3080 3988 3184 4028 non
3206 3972 3367 4041 farer,
3391 3974 3483 4029 sed
3495 3974 3607 4044 jam

2028 4082 2160 4135 puer
2185 4065 2406 4135 loquens
2440 4081 2607 4120 eram.
2638 4065 2706 4120 Et
2732 4064 2949 4119 memini
2974 4063 3103 4129 hoc;
3126 4073 3181 4119 et
3199 4063 3339 4119 unde
3359 4064 3502 4134 loqui
3523 4065 3606 4120 di-

2029 4158 2245 4213 dicerim
2272 4167 2391 4228 post
2412 4158 2636 4213 adverti.
2673 4157 2789 4212 Non
2813 4158 2951 4213 enim
2979 4157 3239 4212 docebant
3260 4172 3344 4211 me
3374 4157 3603 4227 majores

2027 4248 2271 4303 homines
2308 4248 2609 4317 prmbentes
2652 4248 2780 4303 mihi
2822 4247 2983 4302 verba
3026 4255 3171 4302 certo
3207 4247 3386 4317 aliquo
3414 4248 3602 4305 ordine

2026 4337 2301 4405 doctrinm,
2330 4340 2465 4393 sicut
2479 4339 2639 4409 paulo
2663 4346 2784 4408 post
2806 4338 3041 4393 litteras:
3066 4338 3159 4393 sed
3173 4353 3274 4408 ego
3296 4339 3407 4407 ipse
3423 4349 3605 4394 mente

2025 4445 2183 4499 quam
2210 4429 2403 4485 dedisti
2427 4430 2577 4495 mihi,
2611 4430 2747 4483 Deus
2776 4444 2948 4496 meus,
2979 4422 3101 4482 cum
3124 4430 3409 4499 gemitibus
3430 4439 3486 4486 et
3505 4446 3600 4487 v0-

2028 4521 2179 4578 cibus
2206 4520 2387 4588 variis,
2413 4530 2467 4576 et
2493 4521 2651 4575 variis
2672 4522 3031 4576 membrorum
3056 4522 3286 4577 motibus
3312 4523 3470 4579 edere
3490 4526 3606 4581 vel-

2026 4614 2130 4671 lem
2160 4629 2313 4670 sensa
2341 4614 2517 4669 cordis
2546 4614 2649 4668 mei
2680 4623 2738 4667 ut
2763 4615 3017 4668 voluntati
3051 4626 3345 4684 pareretur,
3381 4631 3481 4671 nec
3514 4632 3607 4670 va-

2027 4707 2192 4763 lerem
2214 4722 2331 4776 qua:
2357 4706 2598 4761 volebam
2622 4706 2820 4771 omnia,
2842 4720 2939 4760 nec
2955 4706 3147 4776 quibus
3168 4707 3410 4763 volebam
3432 4707 3607 4763 omni-

2025 4798 2143 4866 bus,
2185 4799 2550 4868 praesonabam
2595 4798 2923 4865 memoria";
2962 4815 3083 4854 cum
3128 4800 3226 4869 ipsi
3272 4800 3609 4869 appellabant

2026 4908 2141 4949 rem
2164 4893 2412 4963 aliquam,
2442 4900 2497 4947 et
2522 4907 2645 4947 cum
2661 4892 2948 4949 secundum
2978 4906 3097 4947 eam
3120 4906 3303 4946 vocem
3329 4906 3521 4961 corpus
3536 4892 3603 4946 ad

2090 5068 2107 5099 ι
2133 5073 2199 5116 Ita
2222 5067 2271 5115 in
2286 5072 2394 5115 Mss.
2416 5071 2468 5115 et
2489 5071 2644 5115 recte.
2675 5064 2782 5114 Vult
2803 5065 3027 5113 nimirum
3045 5063 3335 5125 Augustinus
3358 5076 3503 5125 posse
3527 5064 3609 5115 vel

2027 5140 2091 5178 ει
2106 5141 2173 5200 ,θο
2189 5128 2383 5200 probari
2402 5162 2417 5187 ν
2435 5127 2565 5200 ειυοᾴ
2587 5126 2670 5200 ωδ
2708 5138 2817 5188 qua
2841 5125 3099 5200 ἱξιίθξξὲίριξε
3112 5125 3327 5200 ξδὲῐξὲευθ
3345 5124 3609 5200 teletam-Ir

2025 5190 2150 5239 mala
2166 5184 2282 5247 sint,
2301 5184 2416 5252 quia
2432 5184 2482 5237 in
2508 5196 2651 5252 aetate
2663 5184 3259 5252 provectioribustolerari
3278 5199 3417 5252 aequo
3453 5188 3612 5238 animo

2025 5265 2123 5363 ιέἓη
2142 5245 2612 5363 ιιέῑοδδίωένξέοηᾱοεθ
2632 5245 2750 5311 ergo
2767 5249 2817 5297 in
2833 5248 2944 5297 Edd.
2964 5246 3143 5310 legitur
3163 5259 3175 5294 :
3196 5245 3471 5307 (mod—licet
3500 5261 3611 5311 pro-

2083 5328 2124 5363 δ.
2192 5326 2299 5362 men
2440 5348 2450 5358 .

2083 5328 2124 5363 8.
2142 5320 2299 5363 tamen
2316 5320 2450 5363 rem.

2090 5328 2124 5373 δ,
2142 5312 2299 5363 tamen
2315 5312 2450 5375 ferri.

2090 5378 2110 5407 ³
2129 5373 2368 5439 Ειιημιὲό.
2392 5380 2509 5421 Ven.
2530 5380 2637 5420 hev.
2658 5370 2875 5439 Sommal.
2899 5370 3043 5418 Rond.
3069 5367 3256 5439 curn'lO
3279 5377 3386 5420 Mss.
3405 5378 3461 5439 _et
3478 5378 3607 5421 mart.

2027 5450 2136 5486 cum
2153 5430 2314 5484 tribus
2324 5442 2429 5483 Mss.
2454 5448 2465 5482 :
2487 5443 2585 5492 oua
2601 5446 2677 5483 me
2701 5430 2873 5483 vixisse
2893 5444 2986 5480 non
2999 5430 3224 5493 memini;
3243 5439 3295 5481 et
3311 5430 3452 5494 paulo
3468 5441 3609 5494 post:

2028 5508 2128 5557 qua
2150 5497 2309 5547 vivo...
2329 5508 2423 5557 qua
2440 5494 2563 5557 iniri.
2588 5503 2640 5542 Μ.

2091 5561 2111 5591 ³
2130 5556 2385 5615 Omittitur,
2406 5556 2448 5605 si
2461 5562 2521 5617 ct,
2546 5559 2596 5605 in
2614 5557 2727 5606 edit.
2754 5556 3048 5617 levaMensi.

2091 5622 2111 5652 ὀ
2131 5628 2236 5668 Iov.
2261 5633 2272 5667 :
2296 5615 2585 5669 Prensabam
2599 5615 2844 5667 memoria.
2867 5617 2971 5664 Bad.
3008 5624 3106 5665 Am.
3127 5622 3203 5665 Er.
3231 5615 3483 5665 etArnald.
3504 5630 3613 5666 cum

2029 5679 2273 5733 nonnullis
2290 5686 2396 5729 Mss.
2423 5694 2435 5728 :
2460 5679 2721 5730 Pensabmn
2754 5677 2997 5728 memoria.
3027 5679 3189 5727 Melior
3215 5679 3317 5727 visa
3362 5686 3439 5728 est
3466 5677 3611 5727 lectio

2028 5744 2482 5853 Mssmmossat.
2507 5749 2558 5794 et
2572 5741 2771 5795 aliorum
2786 5740 2978 5806 optima:
3001 5746 3127 5791 notae
3164 5753 3248 5803 qui
3271 5740 3453 5792 habent
3488 5750 3612 5801 pra:-

2029 5818 2145 5853 sana
2262 5840 2273 5853 .

2029 5816 2254 5858 sonaoam
2262 5840 2273 5855 ο
