4116 6366
523 473 721 547 aliquid
748 474 1054 543 movebant,-
1103 473 1346 531 videbam
1392 477 1446 529 et
1488 470 1733 528 tenebam
1775 469 1878 523 hoc
1917 469 1985 521 ab
2027 466 2104 521 eis

525 570 707 626 vocari
745 585 856 626 rem
900 570 1061 637 illam,
1096 569 1235 641 quod
1275 563 1551 632 sonabant,
1591 578 1711 621 cum
1751 578 1868 619 eam
1909 561 2106 618 vellem

524 659 825 718 ostendere.
861 661 971 716 Hoc
999 671 1174 717 autem
1200 676 1290 716 eos
1312 659 1450 714 velle
1469 673 1532 714 ex
1551 667 1695 711 motu
1716 655 1953 725 corporis
1973 668 2099 723 ape-

524 755 778 822 riebatur,
823 766 1069 826 tanquam
1109 753 1287 809 verbis
1332 752 1659 808 naturalibus
1701 749 1938 804 omnium
1977 763 2102 818 gen-

523 848 676 915 tium,
709 863 826 917 quce
857 847 986 902 fiunt
1016 847 1162 902 vultu
1187 857 1237 902 et
1266 850 1395 902 nutu
1422 846 1724 909 oculorum,
1755 851 2098 896 creterorum-

521 953 628 1010 que
657 940 1011 994 membrordm
1040 948 1183 1008 actu,
1217 949 1270 994 et
1294 940 1468 994 sonitu
1499 937 1641 992 vocis
1669 935 1932 991 indicante
1969 933 2099 988 atie-

524 1032 755 1087 ctionem
778 1032 958 1098 animi,
987 1032 1039 1087 in
1058 1032 1319 1103 petendis,
1354 1031 1630 1096 habendis,
1663 1028 1980 1099 rejiciendis,
2015 1027 2099 1080 fu-

519 1123 793 1195 giendisve
821 1123 994 1180 rebus.
1037 1125 1114 1180 ita
1151 1124 1308 1180 verba
1351 1123 1403 1178 iu
1448 1123 1610 1178 variis
1639 1121 1936 1187 sententiis,
1968 1120 2100 1175 locis

520 1215 628 1270 suis
661 1215 864 1286 posita,
906 1226 958 1271 et
995 1216 1184 1272 crebro
1225 1217 1421 1283 audita,
1467 1229 1688 1286 quarum
1732 1229 1908 1270 rerum
1950 1213 2097 1283 signa

520 1315 718 1372 essent,
754 1306 1004 1376 paulatim
1033 1307 1365 1379 colligebam,
1394 1323 1644 1378 measque
1667 1307 1776 1378 jam
1801 1306 2098 1361 voluntates

519 1396 752 1452 edomito
779 1399 830 1452 in'
860 1395 936 1454 eis
965 1397 1129 1469 signis
1169 1403 1280 1466 ore,
1327 1415 1422 1470 per
1463 1399 1576 1454 haec
1614 1399 1975 1455 enuntiabam.
2009 1398 2096 1452 Sic

517 1501 640 1541 cum
666 1486 746 1543 his
768 1488 905 1544 inter
930 1490 1063 1560 quos
1090 1505 1260 1559 eram,
1293 1491 1625 1546 voluntatum
1651 1489 2094 1545 enuntiandarum

520 1578 666 1649 signa
698 1573 1104 1651 communicavi,
1136 1583 1188 1639 et
1212 1584 1333 1639 vitae
1361 1584 1604 1638 humana:
1631 1583 1978 1652 procellosam
2005 1596 2095 1637 so-

516 1674 761 1730 cietatem
781 1676 940 1732 altius
968 1677 1233 1748 ingressus
1272 1693 1412 1745 sum,
1458 1678 1694 1747 pendens
1724 1692 1790 1732 ex
1816 1681 2094 1749 parentant

517 1770 850 1838 auctoritate,
883 1781 1117 1842 nutuque
1143 1773 1404 1843 majorum
1427 1772 1720 1827 hominum.

1151 1869 1374 1946 CAPUT
1413 1885 1502 1944 Ix.

557 1979 742 2036 Odium
771 1981 1070 2050 litterarum,
1098 1998 1240 2037 amor
1267 1977 1427 2048 (usus,
1455 1989 1502 2036 et
1533 1977 1809 2051 vapulandi
1834 1977 1982 2032 timor
2005 1977 2058 2031 in

1209 2074 1397 2147 pueris.

587 2166 674 2220 14.
716 2165 875 2234 Deus,
903 2153 1042 2221 Deus
1083 2179 1252 2230 meus,
1289 2177 1419 2234 quas
1455 2161 1528 2218 ibi
1565 2161 1809 2216 miserias
1845 2168 2095 2230 expertus

512 2243 630 2315 sum
669 2267 723 2315 et
750 2258 1160 2315 lutlilicationes!
1196 2256 1622 2330 quandoquidem
1665 2265 1809 2311 recte
1847 2253 1974 2310 mihi
2012 2254 2094 2309 vi-

512 2363 638 2403 vere
680 2363 846 2418 puero
880 2349 934 2404 id
976 2337 1389 2419 proponebatur,
1432 2349 1800 2416 obtemperare
1834 2339 2096 2400 monenti-

511 2435 631 2503 bus,
661 2449 718 2493 ut
742 2439 796 2494 in
822 2440 923 2495 hoc
952 2423 1148 2498 Steculo
1168 2438 1432 2504 ï¬‚orerem,
1464 2447 1518 2492 et
1545 2437 1861 2493 excellerem
1889 2437 2095 2507 linguo-

510 2531 587 2587 sis
624 2530 847 2600 artibus,
897 2533 966 2588 ad
1009 2519 1263 2587 honorem
1296 2529 1571 2586 hominum
1609 2540 1662 2585 et
1700 2529 1859 2584 falsas
1887 2528 2095 2583 divitias

511 2623 906 2681 famulantibus.
934 2624 1062 2680 Inde
1086 2627 1140 2680 in
1160 2626 1395 2680 scholam
1424 2625 1576 2680 datus
1606 2639 1722 2680 sum
1754 2633 1810 2679 ut
1835 2623 2094 2679 discerem

514 2714 741 2784 litteras,
775 2717 827 2770 in
853 2716 1044 2788 quibus
1069 2717 1195 2788 quid
1223 2718 1462 2772 utilitatis
1490 2727 1633 2773 esset
1659 2717 1964 2788 ignorabam
1994 2717 2094 2770 mi-

515 2821 624 2876 ser,
652 2818 705 2863 et
731 2817 905 2864 tamen
927 2810 972 2863 si
994 2810 1170 2880 segnis
1191 2811 1242 2863 in
1263 2809 1518 2864 discendo
1537 2825 1732 2875 essem,
1759 2809 2092 2879 vapulabam.

514 2898 854 2954 Laudabatur
881 2900 1020 2955 enim
1051 2900 1151 2955 hoc
1189 2917 1218 2954 a
1248 2899 1556 2971 majoribus,
1587 2910 1641 2956 et
1669 2901 1820 2955 multi
1849 2909 1969 2956 ante
1998 2917 2094 2954 nos

518 2991 682 3046 vitam
711 2993 864 3046 istam
894 3001 1130 3063 agentes,
1157 3001 1569 3063 praestruxerant
1601 3006 1928 3047 aerumnosas
1960 2992 2093 3056 vias,

514 3095 613 3154 per
639 3097 768 3154 quas
805 3083 1030 3140 transire
1067 3084 1406 3157 cogebantur,
1451 3084 1797 3154 multiplicato
1823 3083 2000 3138 labore
2045 3091 2098 3137 et

517 3173 702 3230 dolore
729 3173 851 3230 filiis
878 3174 1066 3230 Adam.
1100 3175 1399 3230 Invenimus
1424 3185 1621 3242 autem,
1651 3174 1889 3240 Domine,
1923 3174 2095 3229 homi-

516 3280 614 3320 nes
641 3275 889 3336 rogantes
911 3273 990 3332 te;
1024 3276 1078 3322 et
1106 3267 1385 3322 didicimus
1408 3267 1474 3322 ab
1499 3267 1596 3331 eis,
1622 3266 1913 3322 sentientes
1937 3275 2009 3333 te,
2043 3275 2099 3320 ut

516 3364 843 3428 poteramus,
874 3371 994 3412 esse
1022 3373 1270 3427 magnum
1300 3359 1551 3428 aliquem,
1578 3358 1666 3427 qui
1705 3373 1909 3427 posses,
1937 3358 2098 3412 etiam

516 3461 625 3502 non
655 3461 918 3517 apparens
951 3447 1200 3502 sensibus
1225 3449 1442 3515 nostris,
1483 3447 1732 3520 exaudire
1761 3463 1859 3503 nos
1884 3455 1938 3502 et
1973 3445 2099 3501 sub-

517 3541 700 3596 venire
740 3541 912 3597 nobis.
943 3540 1076 3616 Nam
1107 3523 1237 3610 puer
1265 3541 1402 3610 coepi
1431 3555 1617 3612 rogare
1644 3548 1717 3607 te,
1757 3539 2011 3594 auxilium
2043 3549 2101 3594 et

515 3631 780 3705 refugium
799 3648 1009 3700 meum;
1037 3643 1092 3689 et
1119 3635 1171 3688 in
1205 3643 1346 3688 tuam
1377 3633 1762 3689 invoCationem
1788 3633 2098 3702 rumpebam

517 3725 691 3782 nodos
717 3725 909 3796 linguae
934 3740 1095 3790 meae;
1120 3734 1174 3781 et
1201 3724 1452 3795 rogabam
1484 3733 1533 3779 te
1558 3738 1770 3794 parvus,
1803 3737 1908 3778 non
1934 3738 2098 3792 parvo

520 3817 736 3888 affectu,
775 3831 843 3871 ne
889 3817 941 3871 in
987 3801 1167 3871 schola
1212 3799 1536 3886 vapularem.
1581 3813 1647 3868 Et
1694 3829 1816 3869 cum
1866 3830 1950 3868 me
1991 3829 2097 3869 non

519 3909 870 3976 exaudiebas,
917 3908 1065 3980 quod
1115 3924 1220 3962 non
1273 3915 1389 3961 erat
1431 3905 1498 3961 ad
1552 3905 1912 3976 insipientiam
1967 3905 2097 3960 mihi

523 4002 696 4075 (Paul.
746 4018 861 4070 nt,
903 3999 982 4072 5),
1024 3999 1328 4054 ridebantur
1368 4013 1399 4052 a
1445 3997 1734 4067 majoribus
1774 3997 2092 4064 hominibus,

519 4108 692 4163 usque
713 4093 782 4158 ab
807 4092 936 4163 ipsis
957 4091 1281 4162 parentibus,
1315 4089 1406 4160 qui
1434 4089 1565 4143 mihi
1589 4075 1830 4144 accidere
1861 4089 1981 4142 mali
2013 4088 2097 4142 ni-

517 4185 890 4250 hilvolebant,
919 4184 1086 4253 plagae
1115 4198 1270 4247 meae,
1293 4196 1542 4251 magnum
1569 4190 1692 4235 tunc
1723 4190 1775 4235 ct
1798 4196 1957 4250 grave
1988 4196 2100 4235 ma-

519 4275 630 4338 lum
655 4293 854 4356 meum.
1549 4347 1552 4350 á½µ

595 4369 682 4424 15.
723 4367 890 4426 Estne
910 4367 1209 4438 quisquam,
1236 4364 1476 4432 Domine,
1495 4373 1600 4418 tam
1623 4378 1841 4434 magnus
1864 4363 2094 4429 animus,

525 4458 821 4532 praegrandi
851 4457 1042 4512 allectu
1062 4457 1155 4510 tibi
1175 4454 1487 4511 cohaerens?
1507 4463 1677 4528 estne,
1707 4453 1941 4524 inquam,
1965 4454 2102 4525 quis-

523 4551 720 4624 quam?
751 4549 878 4606 facit
915 4550 1054 4606 enim
1086 4548 1187 4622 hoc
1214 4545 1456 4618 quzedam
1497 4546 1654 4601 etiam
1698 4545 1958 4599 stoliditas
1983 4563 1994 4597 :
2020 4553 2103 4600 est

523 4657 674 4714 ergo,
702 4642 790 4712 qui
815 4642 906 4696 tibi
934 4642 1016 4711 pie
1042 4638 1360 4696 coba'rendo
1386 4639 1458 4693 ita
1478 4637 1546 4692 sit
1565 4637 1782 4691 allectus
1809 4638 2096 4708 granditer,

523 4744 582 4792 ut
600 4734 855 4808 equuleos
883 4742 939 4788 et
967 4732 1204 4802 ungulas,
1232 4739 1388 4800 atque
1421 4727 1779 4797 hujuscemodi
1810 4729 1955 4781 varia
1991 4737 2100 4781 tor-

519 4835 720 4895 menta,
751 4815 847 4896 pro
875 4824 1066 4896 quibus
1098 4820 1410 4893 effugiendis
1449 4820 1540 4874 tibi
1566 4835 1658 4889 per
1690 4820 1962 4874 universas
1992 4829 2099 4873 ter-

520 4935 609 4977 ras
639 4909 761 4976 cum
786 4919 974 4973 timore
996 4930 1186 4985 magno
1211 4915 1553 4983 supplicatur,
1585 4911 1654 4964 ita
1677 4910 1822 4980 parvi
1850 4911 2099 4979 mstimet,

520 5013 802 5070 deridensâ€˜
846 5025 941 5066 eos
966 5009 1056 5080 qui
1082 5009 1195 5062 haec
1222 5006 1560 5062 acerbissime
1585 5003 1890 5071 formidant,
1919 5020 2103 5074 quem-

521 5091 807 5160 admodum
843 5108 1085 5170 parentes
1128 5096 1292 5150 nostri
1332 5094 1575 5149 ridebant
1611 5101 1873 5148 tormenta
1914 5094 2103 5163 quibus

523 5194 674 5265 pueri
704 5207 734 5248 a
766 5189 1028 5261 magistris
1057 5183 1458 5258 aflligebamur?
1484 5183 1599 5238 Non
1640 5183 1783 5238 enim
1811 5185 1900 5258 aut
1926 5185 2103 5240 minus

525 5301 586 5343 ea
615 5285 999 5344 metuebamus,
1027 5289 1119 5335 aut
1138 5280 1309 5334 minus
1339 5288 1390 5333 te
1411 5278 1476 5333 de
1501 5277 1586 5332 his
1607 5276 1891 5332 evadendis
1915 5279 2106 5348 depre-

472 5417 479 5423 .
525 5377 777 5433 cabamur
806 5393 817 5428 :
850 5383 903 5428 et
949 5363 1298 5442 peccabamns
1345 5379 1517 5424 tamen
1573 5369 1747 5422 minus
1799 5369 2100 5439 scribendo,

527 5478 620 5525 aut
647 5468 890 5538 legendo,
921 5474 1011 5518 aut
1033 5463 1312 5534 cogitando
1338 5463 1401 5517 de
1431 5463 1639 5527 litteris,
1669 5476 1825 5531 quam
1853 5464 2102 5532 exigeba-

527 5571 614 5617 tur
639 5574 669 5614 a
699 5558 870 5612 nobis.
911 5556 1027 5611 Non
1065 5555 1205 5610 enim
1231 5555 1433 5622 deerat,
1466 5555 1708 5622 Domine,
1737 5555 1990 5610 memoria
2019 5555 2104 5610 vel

527 5648 819 5723 ingenium,
860 5663 977 5718 quae
1004 5661 1101 5700 nos
1127 5645 1326 5700 habere
1353 5646 1562 5700 voluisti
1601 5660 1696 5715 pro
1722 5647 1807 5701 illa
1837 5655 1992 5702 aetate
2020 5661 2103 5702 sa-

585 5767 603 5802 Î¹
629 5762 847 5817 nonnulli
872 5774 910 5824 re
926 5767 1033 5824 titss.
1051 5773 1067 5824 _:
1089 5757 1304 5824 Diligens
1325 5773 1419 5813 eos.
1440 5761 1580 5810 Paulo
1605 5768 1712 5824 post
1728 5774 1848 5813 vero
1871 5762 1979 5813 Bad.
1999 5770 2100 5815 Am.

519 5840 574 5884 ,ÎµÎ¹
596 5839 688 5883 riu:
712 5821 1022 5880 acerbissime
1041 5818 1276 5883 inï¬‚igit!!-

1617 343 2129 409 cournssrouuu
2150 297 2232 434 isâ€œ.
2255 299 2614 401 .Â«iucus'rtm

3691 350 3796 410 668

2214 466 2280 520 tis
2304 482 2316 532 ;
2344 466 2437 522 sed
2467 467 2761 524 delectabat
2794 468 2977 527 ludere
3002 486 3014 524 :
3039 478 3093 526 et
3121 471 3485 530 vindicabatur
3512 469 3570 531 in
3602 491 3702 535 nos
3725 480 3795 536 ab

2209 562 2286 616 eis
2312 561 2398 632 qui
2422 561 2545 616 talia
2571 563 2752 633 utique
2771 563 3018 634 agebant.
3042 563 3146 620 Sed
3171 565 3430 635 majorum
3456 584 3607 639 nugze
3637 585 3792 642 nego-

2207 659 2279 714 tia
2302 669 2588 725 vocantur;
2617 674 2900 729 puerorum
2924 665 3099 717 autem
3127 661 3251 716 talia
3276 676 3394 716 cum
3417 663 3542 731 sint,
3567 663 3796 734 puniun-

2205 760 2294 806 tur
2318 766 2348 805 a
2369 751 2655 822 majoribus
2682 769 2694 806 :
2721 761 2776 808 et
2805 769 2961 810 nemo
2988 756 3272 810 miseratur
3292 771 3509 826 pueros,
3541 758 3627 812 vel
3652 759 3790 824 illos,

2204 844 2289 899 vel
2312 853 2579 914 utrosque.
2605 843 2715 900 Nisi
2738 859 2864 902 vero
2891 848 3180 918 approbetâ€˜
3211 849 3489 919 quisquam
3515 851 3685 906 bonus
3704 867 3789 906 re-

2204 949 2321 990 rum
2348 935 2546 990 arbiter
2565 936 2838 1006 vapulasse
2859 951 2965 1003 me,
2995 938 3116 1008 quia
3146 936 3395 993 ludebam
3423 941 3525 1009 pila
3552 957 3702 1010 puer,
3733 953 3789 997 et

2203 1042 2270 1082 eo
2299 1027 2422 1082 ludo
2468 1026 2797 1098 impediebar
2823 1030 3106 1099 quominus
3135 1031 3384 1086 celeriter
3411 1031 3674 1087 discerem
3703 1035 3790 1088 lit-

2202 1105 2367 1185 teras,
2410 1119 2602 1188 quibus
2645 1119 2816 1190 major
2852 1121 3140 1177 deformius
3170 1122 3408 1178 luderem
3437 1141 3451 1178 :
3482 1125 3608 1178 aut'
3644 1125 3788 1178 aliud

2202 1208 2429 1265 faciebat
2458 1210 2595 1264 idem
2625 1211 2738 1280 ipse
2771 1227 2799 1265 a
2828 1227 2933 1283 quo
2957 1214 3304 1283 vapulabam;
3328 1216 3419 1285 qui
3449 1215 3493 1270 si
3521 1217 3573 1270 in
3610 1216 3786 1285 aliqua

2202 1303 2580 1374 quzestiuncula
2619 1321 2647 1358 a
2692 1305 3014 1362 condoctore
3061 1321 3158 1362 suo
3197 1309 3369 1366 victus
3413 1319 3575 1376 esset,
3618 1310 3789 1378 magis

2200 1394 2308 1451 bile
2328 1403 2486 1465 atque
2515 1395 2707 1450 invidia
2738 1406 3096 1468 torqueretur,
3126 1397 3283 1466 quam
3310 1405 3411 1473 ego
3438 1415 3564 1455 cum
3590 1401 3647 1454 in
3664 1415 3786 1456 cer-

2201 1488 2398 1544 tamine
2425 1488 2544 1558 pilae
2571 1503 2599 1542 a
2637 1490 2898 1546 collusore
2927 1505 3049 1546 meo
3077 1493 3390 1565 superabar.

2832 1603 3058 1661 CAPUT
3094 1604 3163 1661 X.

2247 1695 2428 1752 Amore
2455 1696 2592 1752 (usus
2619 1705 2665 1750 et
2688 1695 3090 1821 spectaculogum
3129 1708 3365 1753 avocatur
3393 1715 3425 1754 a
3454 1699 3736 1756 litterarum
3817 1683 3820 1686 â€™

2888 1779 2968 1821 stu
3008 1786 3075 1821 io.

2888 1779 3075 1822 studio.

2272 1860 2358 1916 16.
2400 1861 2468 1916 Et
2508 1870 2692 1925 tamen
2725 1864 3030 1933 pecâ€˜cabam,
3071 1863 3292 1919 Domine
3318 1863 3477 1928 Deus,
3507 1864 3790 1920 ordinatur

2199 1962 2254 2010 et
2301 1964 2507 2010 creator
2552 1957 2788 2009 omnium
2834 1971 3012 2010 rerum
3059 1957 3395 2023 naturalium,
3443 1967 3779 2025 peccatorum

2198 2057 2375 2103 autem
2416 2055 2616 2102 tantum
2645 2048 2951 2102 ordinatorâ€™I
2979 2048 3236 2103 :Domine
3277 2049 3418 2103 Deus
3444 2063 3616 2114 meus,
3653 2064 3782 2118 pec-

2198 2142 2384 2197 cabam
2412 2139 2653 2196 faciendo
2687 2150 2869 2196 contra
2908 2150 3168 2211 prmcepta
3213 2149 3488 2210 parentum
3518 2149 3572 2194 et
3611 2141 3781 2211 magi-

2197 2241 2429 2290 strorum
2455 2232 2684 2287 illorum.
2719 2232 2961 2287 Poteram
2990 2232 3133 2287 enim
3163 2241 3344 2302 postea
3373 2232 3508 2286 bene
3535 2233 3608 2286 uti
3635 2232 3780 2286 litteâ€”

2199 2327 2296 2388 ris,
2325 2338 2456 2394 quas
2487 2324 2732 2378 volebant
2767 2330 2823 2376 ut
2851 2322 3113 2377 discerem
3140 2336 3474 2392 quocumque
3496 2322 3675 2376 animo
3705 2323 3784 2377 illi

2198 2417 2323 2473 mei.
2347 2416 2466 2472 Non
2495 2417 2634 2470 enim
2665 2415 2883 2469 meliora
2904 2414 3126 2484 eligens,
3160 2413 3470 2468 inobediens
3491 2428 3660 2479 eram,
3688 2413 3787 2468 sed

2200 2515 2385 2567 amore
2411 2509 2646 2576 ludendi,
2684 2523 2869 2563 amans
2905 2505 2957 2562 in
3000 2506 3378 2561 certaminibus
3421 2506 3675 2576 superbas
3700 2507 3788 2560 vis

2199 2603 2420 2668 ctorias,
2448 2609 2501 2655 et
2525 2600 2689 2669 scalpi
2721 2613 2878 2653 aures
2906 2611 3055 2652 meas
3084 2596 3231 2651 falsis
3261 2596 3487 2662 fabellis,
3522 2612 3627 2667 quo
3652 2612 3788 2666 pru-

2200 2695 2366 2749 rirent
2401 2692 2695 2758 ardentius,
2739 2689 2924 2745 eadem
2956 2688 3260 2743 curiositate
3303 2688 3470 2757 magis
3508 2689 3790 2758 magisque

2201 2799 2296 2855 per
2332 2784 2516 2838 oculos
2552 2781 2818 2838 emicante
2849 2780 2902 2832 in
2941 2778 3278 2849 spectaculaâ€œ
3316 2767 3578 2848 ludosque
3607 2779 3783 2848 Zmajo-

2200 2889 2347 2938 rum;
2375 2887 2509 2942 quos
2538 2881 2712 2925 tamen
2743 2871 2832 2940 qui
2865 2869 3049 2936 edunt,
3079 2885 3140 2924 ea
3169 2869 3422 2938 dignitate
3458 2869 3784 2941 praeditLex-

2203 2967 2422 3032 cellunt,
2459 2973 2518 3019 ut
2556 2965 2655 3019 hoc
2713 2978 2846 3032 pene
2893 2978 3081 3016 omnes
3126 2970 3312 3030 optent
3354 2962 3590 3031 parvulis
3632 2963 3782 3016 suis:

2202 3073 2336 3130 quos
2368 3068 2547 3112 tamen
2567 3056 2698 3111 caedi
2720 3056 2946 3110 libenter
2971 3055 3262 3124 patiuntur,
3293 3055 3334 3108 si
3358 3055 3680 3124 spectaculis
3701 3065 3783 3110 ta-

2204 3150 2342 3204 libus
2375 3147 2726 3218 impediantur
2759 3162 2788 3200 a
2825 3146 3018 3213 studio,
3051 3160 3157 3216 quo
3183 3161 3275 3201 eos
3315 3147 3381 3200 ad
3421 3146 3542 3200 talia
3578 3147 3783 3202 edenda

2204 3241 2419 3310 cupiunt
2445 3241 2742 3309 pervenire.
2774 3238 2904 3293 Vide
2935 3238 3051 3305 ista,
3083 3238 3325 3303 Dotnine,
3349 3237 3782 3302 misericorditer,

2205 3341 2259 3388 et
2285 3332 2448 3386 libera
2480 3345 2578 3387 nos
2593 3331 2702 3400 jam
2731 3331 3038 3384 invocantes
3070 3340 3152 3394 te;
3183 3329 3346 3384 libera
3372 3328 3532 3382 etiam
3572 3343 3670 3382 eos
3693 3329 3786 3399 qui

2205 3425 2441 3479 nondum
2471 3432 2522 3478 te
2561 3423 2825 3487 invocant,
2870 3430 2925 3475 ut
2958 3421 3205 3475 invocent
3238 3430 3307 3486 te,
3356 3427 3408 3476 et
3437 3419 3632 3474 liberes
3670 3434 3788 3474 eos.

2825 3532 3049 3588 CAPUT
3089 3530 3180 3586 XI.

2209 3625 2389 3682 Morbo
2420 3639 2617 3697 pressus
2661 3624 2978 3695 Baptismum
3014 3623 3232 3694 ï¬‚agitat,
3272 3639 3420 3693 quem
3457 3634 3615 3678 mater
3651 3634 3793 3678 certo

2782 3717 2990 3771 consilio
3017 3714 3206 3782 diï¬‚â€˜ert.

2277 3811 2364 3864 l7.
2408 3808 2692 3864 Audieram
2717 3809 2857 3863 enim
2882 3823 2980 3877 ego
3004 3807 3177 3862 adhuc
3206 3821 3338 3876 puer
3361 3805 3429 3861 de
3458 3806 3564 3860 vita
3589 3814 3787 3860 aeterna

2205 3901 2358 3957 nobis
2378 3900 2638 3970 promissa
2658 3913 2754 3970 per
2772 3899 3120 3952 humilitatem
3151 3896 3359 3952 Domini
3384 3895 3479 3950 Dei
3500 3895 3665 3951 nostri
3689 3895 3786 3950 de-

2155 4035 2163 4044 .
2203 3993 2506 4048 scendentis
2546 3990 2613 4046 ad
2657 3991 2956 4059 superbiam
3002 3999 3274 4053 nostram;
3315 3997 3367 4042 et
3409 3987 3657 4056 signabar
3679 3987 3789 4055 jam

2204 4088 2353 4156 signo
2379 4085 2552 4139 crucis
2579 4084 2714 4152 ejus,
2747 4092 2800 4137 et
2821 4081 3106 4137 condiebar
3129 4079 3244 4149 ejus
3270 4080 3381 4133 sale
3402 4079 3499 4149 (Î±),
3531 4077 3640 4147 jam
3670 4077 3792 4132 inde

2269 4199 2286 4230 Î¹
2309 4204 2358 4246 tn
2388 4203 2487 4259 _B.,
2521 4192 2784 4259 approbat;
2818 4201 2886 4259 atâ€˜
2899 4201 2972 4242 Er.
2995 4200 3109 4259 Lug.
3146 4199 3263 4240 Ven.
3298 4197 3416 4259 bovi
3450 4196 3627 4259 somm.
3665 4190 3791 4240 Dub.

2205 4265 2337 4308 Mart.
2356 4250 2485 4308 Flor:
2501 4250 2713 4308 et'liond.
2732 4250 2842 4305 cum
2859 4253 2891 4310 2
2907 4263 3012 4306 Mss.
3031 4250 3229 4318 legunt,
3247 4250 3494 4318 approbet.
3518 4259 3573 4301 Îœ.

2269 4323 2289 4354 Â³
2310 4320 2442 4383 Apud
2462 4319 2690 4383 Bad.Am.
2711 4324 2785 4365 Er.
2810 4323 2861 4365 et
2876 4323 3005 4376 l.ov.,
3031 4309 3206 4383 nam,

2270 4383 2289 4415 Â³
2306 4373 2363 4432 Î¹Î·â€™
2376 4381 2666 4431 editionibus
2676 4388 2775 4428 Am.
2794 4384 2851 4425 Er
2869 4385 2920 4427 et
2933 4373 3041 4427 Lov.
3065 4373 3343 4437 legebatur,
3359 4378 3546 4426 tardum
3555 4384 3648 4424 non
3662 4373 3795 4424 ordi-

2203 4450 2359 4495 natur.
2381 4451 2595 4492 Erratum
2618 4455 2630 4489 :
2665 4441 2794 4503 quod
2820 4439 3084 4494 emendant
3114 4437 3224 4486 add.
3270 4438 3379 4503 bad,
3395 4443 3459 4503 .et
3481 4445 3590 4485 Arn.
3612 4442 3666 4485 et
3683 4443 3794 4487 Mss.

2205 4506 2375 4576 plures
2389 4517 2446 4576 ac
2467 4497 2700 4576 potiores,
2726 4517 2753 4550 a
2770 4502 2945 4576 quibus
2965 4503 3103 4576 abest
3124 4497 3608 4576 tiegago:;ï¬gnimâ€˜v_er2
3621 4504 3795 4576 [totum

2206 4557 2354 4629 vulgo
2373 4572 2448 4616 est
2466 4557 2513 4614 id
2530 4580 2556 4613 a
2573 4571 2616 4612 Îž.
2639 4557 2902 4625 Augustino
2928 4563 3103 4629 passim
3128 4557 3393 4629 conï¬rmem
3413 4565 3616 4629 ,_t_)eutn
3626 4557 3795 4629 justis-

2205 4620 2380 4678 simuni
2404 4640 2518 4678 esse
2546 4620 2853 4686 peccatorum
2886 4620 3313 4686 ordinatoreni.sic
3327 4621 3486 4686 lib._tt
3499 4620 3565 4669 de
3590 4621 3796 4686 civitate

2205 4691 2318 4752 Dei,
2335 4704 2439 4751 cap.
2468 4689 2523 4738 17
2543 4681 2558 4738 Îž
2586 4706 2605 4733 (Î¹
2625 4695 2769 4753 Deus,
2788 4687 2963 4753 inquit,
2980 4685 3102 4732 sicut
3123 4683 3652 4753 naturarumbonaâ€˜rum
3668 4681 3797 4741 opti-

2214 4769 2236 4798 Â¢
2259 4743 2365 4801 m'us
2380 4743 2569 4800 creator
2591 4754 2693 4806 est,
2729 4743 2793 4797 ita
2818 4743 3050 4796 malarum
3082 4743 3378 4807 voluntatum
3398 4743 3796 4807 justissimusorg

2205 4813 2410 4864 dinator.
2430 4829 2451 4857 Î¹Î¹
2479 4818 2598 4861 Item
2621 4803 2808 4858 in'tâ€™sal.
2829 4811 2856 4858 7
2881 4823 2893 4857 :
2932 4827 2955 4856 Î±
2980 4807 3112 4856 Aliud
3147 4806 3262 4857 fecit
3295 4813 3349 4856 et
3369 4803 3630 4864 ordinavit;
3666 4803 3796 4853 aliud

2213 4892 2237 4922 Î±
2255 4883 2423 4926 autem
2443 4886 2538 4922 non
2561 4872 2698 4926 iecit,
2718 4871 2805 4920 sed
2840 4877 3004 4920 tamen
3037 4869 3182 4916 etiam
3199 4865 3290 4917 hoc
3311 4867 3565 4916 ordinavit.
3591 4882 3614 4910 Î¹
3647 4873 3795 4923 Quam

2205 4906 3012 4986 á¼ƒÎ¿á½³á¿–Î¹á¿–á½—á¿–á¼’á¿¶Î½á¿–á¿Î¹á½¶Î¹Î¶á¿–á½²á½¶á½¼á¿–á¼´â€œÎ·â€¹á¼¶á¿–Î¹á½·á¿á½·á½–á¿‡
3029 4906 3151 4978 Îµá¼¶Î¹á½·á½·á¿–á½³
3180 4906 3448 4978 Î¹Î¿á½²Î¹á¿–ÎµÎ½á½·á¼°á¿¦á¿—
3463 4906 3530 4978 de

2203 5005 2499 5048 Sanctorum.
2523 5009 2627 5058 cap.
2649 4996 2726 5054 16,
2744 4995 2828 5043 ubi
2845 4993 3026 5060 legitur
3047 5006 3059 5042 :
3088 5009 3109 5036 Î±
3127 4997 3212 5060 Est
3234 4991 3286 5038 in
3301 4989 3795 5060 nudorugrpotestate

2205 5047 2229 5108 á½¦
2256 5047 2477 5124 peccare.
2493 5067 2548 5108 Ut
2557 5047 2724 5107 autem
2737 5047 2978 5120 peccande
2995 5049 3387 5124 bocvelhocilla
3404 5047 3794 5124 malitiartaciant,

2205 5137 2227 5166 Î¹
2256 5113 2354 5171 non
2377 5129 2454 5172 est
2475 5123 2523 5170 in
2543 5131 2712 5169 eorum
2729 5113 2991 5180 potestate,
3009 5115 3097 5164 sed
3113 5114 3198 5163 Dei
3214 5113 3473 5163 dividentis
3491 5113 3725 5162 tenebras
3743 5119 3796 5162 et

2206 5185 2699 5244 sordinanu'seaSJr
2871 5238 2883 5244 _
2951 5237 2961 5244 ,
3115 5235 3126 5244 ,
3226 5235 3305 5244 __
3491 5241 3499 5244 _
3603 5233 3614 5244 .

2270 5232 2421 5308 Hm.
2437 5232 2468 5306 ,7
2487 5242 2753 5308 percontor
2775 5237 3045 5308 periculosa
3057 5235 3262 5308 nticante
3285 5235 3338 5308 in
3371 5233 3681 5308 spectacula;
3711 5232 3794 5308 alii

2205 5307 2317 5357 add.
2334 5343 2349 5368 ,
2376 5298 2640 5369 peracutus
2929 5328 2989 5338 â€”
3014 5307 3088 5348 Er.
3108 5298 3254 5361 Lugd.
3287 5298 3404 5348 Ven.
3434 5304 3487 5346 et
3509 5304 3683 5346 50mm.
3711 5301 3795 5343 Le-

2207 5378 2331 5432 gum.
2359 5377 2414 5418 ut
2429 5376 2537 5418 Lov.
2567 5376 2620 5416 at.

2271 5452 2343 5523 (á¾³)
2361 5450 2596 5523 signiï¬cat
2613 5461 2671 5521 se
2681 5446 3134 5523 catechumean
3151 5443 3610 5523 saaamentoa

2209 5499 2346 5564 annis
2360 5499 2598 5563 initiatum
2621 5525 2632 5559 :
2661 5511 2708 5559 id
2725 5509 2852 5574 quod
2867 5519 3058 5574 rursum
3075 5507 3232 5574 hocin
3251 5507 3424 5574 á½€Ïá½³Î¾Ï‰âµ
3437 5499 3613 5574 clarius
3627 5499 3796 5574 prodit.

2208 5576 2293 5626 lib.
2314 5576 2362 5636 6,
2380 5589 2424 5625 c.
2450 5574 2509 5624 16
2529 5588 2540 5623 :
2568 5592 2589 5620 Î±
2607 5567 2763 5636 Î¹Î¸á½·ÎµÎ¾Î¹Î¹Î¹á¿–
2776 5606 2790 5631 ,
2810 5571 2982 5632 inquit,
2995 5567 3212 5636 pedesiu
3232 5567 3539 5636 edgraduï¬n
3554 5575 3652 5636 quo
3669 5571 3790 5636 puer

2217 5657 2241 5686 Î¹
2257 5652 2285 5688 a
2303 5630 2584 5701 parentibus
2601 5630 2784 5698 po'situs
2806 5630 2954 5701 eram,
2976 5630 3131 5680 donec
3149 5630 3416 5701 inveniatur
3434 5630 3778 5701 perspicuave

2161 5726 2166 5729 Î¹
2218 5718 2241 5747 Î±
2257 5689 2390 5750 ritas.
2410 5714 2432 5742 Î¹
2454 5705 2524 5746 De
2541 5689 2840 5746 sacramento
2856 5689 2970 5758 salis
2986 5706 3074 5755 per
3095 5690 3346 5758 paschales
3360 5689 3468 5739 dies
3487 5689 3794 5758 catechume-

2156 5800 2174 5813 Î¹
2211 5759 2614 5812 nisooncedondo
2636 5764 2796 5807 exstat
2809 5755 2954 5818 primi
2987 5750 3174 5804 Emucâ€˜ilii
3205 5754 3421 5818 parting.
3458 5750 3651 5818 cans;
3671 5750 3796 5818 eius

2214 5811 2315 5886 que
2329 5824 2453 5873 ritus
2477 5821 2775 5873 mentionem
2799 5811 2912 5869 facit
2940 5829 3037 5867 non
3061 5815 3220 5867 semel
3247 5823 3289 5866 s.
3317 5811 3457 5878 Aug"
3473 5811 3795 5864 disertissime
