2058 3183
171 187 223 216 669

170 247 206 276 ab
217 250 294 274 utero
304 241 397 273 matris
412 249 488 275 mem,
501 248 561 278 quae
574 240 686 269 multum
698 238 814 275 speravit
824 239 851 265 in
863 242 898 265 te.
912 236 960 265 Vi-

171 292 244 326 disti,
258 290 381 324 Domine,
396 295 456 316 cum
470 287 557 315 adhuc
570 294 636 323 puer
646 293 743 318 essem,
755 289 782 313 ct
791 283 905 320 quodam
918 283 961 311 die

171 345 267 375 pressu
279 334 424 365 stomachiI
437 337 548 370 repente
562 337 702 360 :nstuarem
716 339 783 367 pene
797 330 940 358 moriturus
952 338 959 363 ;

172 384 272 418 vidisti,
289 383 360 411 Deus
379 388 464 414 meus,
483 379 607 416 quoniam
628 382 718 407 custos
731 384 807 405 meus
818 377 872 413 jam
890 383 959 410 eras,

170 439 226 467 quo
249 435 323 459 motu
344 428 424 457 animi
445 433 473 456 et
492 434 543 463 qua
563 426 614 454 ﬁde
631 425 790 461 baptismum
813 423 910 452 Christi
925 422 962 450 tui

172 478 221 506 Dei
233 481 261 505 et
279 476 384 505 Domini
398 474 451 503 mei
465 473 582 510 ﬂagitavi
596 480 611 500 a
624 472 724 508 pietate
737 471 829 499 matris
845 478 922 504 mete,
936 474 963 498 et

173 524 265 551 matris
276 523 394 550 omnium
410 526 527 548 nostrum
543 519 666 547 Eeclesim
680 523 741 546 ture.
762 519 794 545 Et
808 517 962 545 conturbata

173 575 258 598 mater
273 569 360 597 carnis
380 575 455 601 meae,
470 567 593 601 quoniam
607 570 632 593 et
647 565 834 599 sempiternam
852 564 963 590 salutem

173 623 260 644 meam
278 615 386 642 charius
406 613 568 648 parturiebat
594 611 673 639 corde
694 616 767 638 casto
789 612 815 638 in
837 610 887 637 [ide
908 614 960 642 tua,

171 662 227 697 jam
247 664 352 688 curaret
366 658 548 686 festinabunda
567 662 595 684 ut
607 657 785 684 Sacramentis
805 656 963 683 salutaribus

174 708 294 734 initiarer
313 710 338 733 et
356 706 489 736 abluercr,
512 709 546 738 te,
564 704 674 730 Domine
686 703 760 735 Jesu,
785 702 915 729 conﬁtens
938 703 963 729 in

174 754 359 782 remissionem
369 756 548 786 peccatorum,
560 750 610 777 nisi
621 750 708 777 statim
724 754 858 777 recreatus
866 757 963 777 essem.

175 800 261 827 Dilata
274 802 315 826 est
328 798 416 832 itaque
437 796 571 823 inundatio
592 804 660 829 mea,
676 795 750 830 quasi
772 803 879 823 necesse
894 800 966 823 esset

173 851 203 874 ut
216 845 303 873 adhuc
322 843 484 876 sordidarer,
499 843 519 869 si
536 842 670 875 viverem;
687 842 745 876 quia
766 842 889 869 videlicet
906 847 967 877 post

174 893 312 920 lavacrum
325 878 392 917 illud
406 888 490 924 major
501 893 526 915 et
541 888 713 923 periculosior
725 889 749 914 in
767 888 888 915 sordibus
900 887 966 915 deli-

172 943 278 965 ctorum
298 940 387 963 reatus
409 934 487 962 foret.
511 934 549 961 lta
568 934 621 968 jam
646 933 797 966 credebam,
824 938 851 960 et
875 933 917 960 illa
941 938 968 960 et

173 983 262 1011 omnis
274 982 379 1014 domus,
398 980 449 1007 nisi
464 985 540 1015 pater
559 980 641 1012 solus,
656 980 699 1014 qui
717 984 804 1006 tamen
822 987 873 1006 non
890 979 968 1006 evicit

175 1030 202 1056 iu
219 1037 261 1056 me
272 1027 315 1063 jus
332 1032 460 1054 materna:
480 1026 594 1061 pietatis,
621 1024 761 1060 quominus
783 1025 811 1052 in
832 1024 966 1052 Christum

176 1073 325 1107 crederem,
338 1074 406 1101 sicut
416 1073 461 1101 ille
476 1073 589 1100 nondum
603 1071 761 1099 crediderat.
777 1072 841 1099 Nam
856 1072 899 1099 illa
913 1077 967 1099 sat-

176 1120 272 1156 agebat
292 1125 319 1148 ut
339 1124 365 1147 tu
386 1119 449 1147 mihi
465 1124 540 1155 pater
559 1126 648 1151 esses,
671 1118 741 1146 Deus
765 1126 857 1150 meus,
881 1119 968 1153 potius

176 1175 256 1202 qttam
274 1166 318 1194 ille
333 1175 338 1192 :
356 1170 382 1193 et
397 1166 422 1192 in
437 1165 487 1192 hoc
500 1165 644 1200 adjuvabas
661 1172 720 1191 eam
735 1169 763 1191 ut
776 1170 914 1199 superaret
928 1166 967 1191 vi-

175 1222 247 1247 rum,
270 1213 311 1241 cui
323 1213 420 1240 melior
434 1211 582 1243 serviebat;
597 1212 657 1246 quia
671 1215 697 1238 ct
711 1211 736 1237 in
753 1212 802 1238 hoc
818 1212 863 1238 tibi
877 1212 967 1246 utique

175 1260 201 1287 id
211 1259 316 1295 jubcnti
330 1257 470 1286 serviebat.

212 1306 256 1333 18.
278 1305 351 1340 Rogo
366 1309 401 1336 te,
416 1304 486 1331 Deus
501 1311 586 1336 meus,
599 1303 696 1330 vellem
711 1305 789 1335 seire,
809 1304 831 1330 si
846 1308 871 1330 tu
888 1304 967 1330 etiam

175 1351 270 1383 velles,
286 1358 337 1385 quo
353 1349 464 1377 consilio
477 1349 572 1375 dilatus
593 1357 651 1376 smn
668 1357 700 1376 ne
717 1354 777 1376 tunc
798 1349 945 1383 baptizarcr
960 1358 966 1375 :

177 1402 265 1425 utrum
276 1397 346 1424 bono
356 1404 416 1424 meo
430 1396 494 1422 mihi
505 1396 579 1430 quasi
594 1396 677 1421 laxata
690 1401 751 1422 sunt
762 1396 816 1422 lora
828 1397 965 1430 peccandi,

175 1451 210 1470 an
225 1450 278 1470 non
297 1442 383 1469 laxata
397 1434 493 1469 sunt’?
508 1441 584 1469 Unde
598 1449 661 1475 ergo
675 1441 752 1468 etiam
773 1450 842 1468 mmc
862 1443 895 1468 de
911 1443 967 1469 aliis

175 1494 257 1524 atque
270 1487 329 1516 aliis
343 1493 419 1515 sonat
440 1488 553 1522 undique
569 1488 593 1514 in
610 1488 716 1514 auribus
730 1488 838 1518 nostris,
859 1488 921 1515 Siue
939 1489 967 1515 il-

176 1535 243 1568 lum,
255 1534 334 1561 faciat
346 1534 416 1569 quod
430 1534 518 1565 vult“;
533 1534 650 1560 nondum
663 1534 733 1560 enim
747 1534 893 1568 baptizatus
908 1540 945 1561 est
960 1544 965 1561 :

176 1586 203 1609 et
217 1577 306 1608 tamen
322 1579 347 1607 in
368 1580 452 1607 salute
468 1580 587 1615 corporis
610 1587 661 1606 non
678 1580 799 1612 dicimus,
822 1579 893 1611 Siue,
910 1581 967 1606 vul-

176 1631 287 1655 neretur
306 1621 435 1662 amplius;
448 1626 564 1653 nondum
582 1626 651 1653 enim
671 1631 777 1653 sanatus
794 1627 851 1653 est?
866 1628 968 1660 Quanto

177 1680 241 1708 ergo
263 1672 358 1700 melius
377 1678 403 1699 et
419 1672 472 1699 cito
492 1671 627 1705 sanaret“,
643 1676 670 1698 et
688 1672 712 1698 id
730 1677 851 1706 ageretur
866 1681 968 1699 mecum

176 1726 297 1746 meorum
317 1725 428 1752 meaque
441 1718 586 1751 diligentia,
607 1722 635 1744 ut
656 1723 759 1752 recepta
784 1718 853 1744 salus
874 1719 968 1745 attinnt:

176 1772 245 1791 mea:
260 1768 313 1791 tuta
328 1768 398 1790 esset
421 1763 499 1790 tutela
518 1769 570 1797 tua,
590 1763 634 1798 qui
646 1763 764 1790 dedisses
784 1771 842 1790 eam
850 1764 861 1790 ?
876 1764 969 1791 Melius

176 1816 251 1836 vero.
265 1807 318 1836 Sed
335 1813 399 1843 quot
420 1812 447 1835 et
459 1809 551 1843 quanti
567 1808 661 1836 ﬂuctus
680 1810 833 1843 impendere
847 1810 970 1837 tentatiu-

177 1863 239 1883 num
256 1859 317 1891 post
331 1856 469 1890 pueritiam
486 1855 650 1887 videbantur,
668 1862 777 1883 noverat
797 1864 842 1883 eos
855 1857 909 1891 jam
925 1856 969 1883 illa

177 1907 275 1934 mater;
300 1906 328 1929 et
350 1907 445 1929 terram
468 1910 515 1936 per
536 1902 602 1929 eos“
625 1902 695 1929 unde
716 1908 805 1937 postea
829 1903 966 1936 format-cr,

178 1955 255 1983 quatn
270 1947 355 1983 ipsam
366 1948 420 1982 jam
431 1947 545 1982 efﬁgiem
560 1949 726 1975 committere
739 1949 854 1977 volebat.

489 2002 601 2031 CAPUT
620 2002 677 2031 ΧΗ.

195 2060 235 2102 4d
250 2060 347 2086 litteras
361 2060 504 2095 cogebatur,
516 2067 563 2094 quo
579 2064 661 2087 tamen
672 2060 740 2088 Deus
754 2061 868 2088 utebatur
881 2063 951 2090 bene.

160 2130 164 2134 ί
212 2106 258 2134 19.
278 2106 308 2133 In
318 2106 376 2141 ipsa
386 2110 472 2133 tamen
484 2107 606 2141 ptteritia,
615 2107 648 2135 de
657 2109 709 2142 (tua
718 2108 783 2135 mihi
793 2109 881 2136 minus
891 2117 970 2145 quam

117 2168 130 2186 λ
142 2151 144 2153 ’
177 2151 396 2179 deadoleseentia
404 2153 580 2185 metuebatur,
590 2160 642 2180 non
651 2154 771 2181 amabam
778 2153 888 2187 litteras,
896 2160 971 2183 etme

176 2197 203 2225 in
209 2204 256 2226 eas
262 2199 349 2233 urgeri
356 2198 463 2226 oderam
472 2206 480 2231 ;
488 2203 514 2226 et
521 2199 632 2234 urgebar
638 2204 724 2227 tamen
729 2221 735 2233 ,
744 2204 771 2228 et
778 2201 845 2229 bene
851 2201 915 2228 mihi
923 2201 970 2230 lle-

177 2243 231 2278 bat,
241 2252 290 2272 nec
296 2242 425 2273 faciebam
433 2252 482 2280 ego
488 2245 555 2273 bene
564 2254 571 2273 :
578 2253 630 2273 non
641 2247 711 2274 enim
719 2245 861 2281 discerem,
869 2246 919 2275 nisi
925 2256 970 2277 eo-

120 2307 141 2315 ν.
174 2297 265 2326 εθτετ.
274 2290 359 2318 Nemo
366 2295 452 2318 autem
461 2291 558 2319 invitus
564 2291 707 2325 benefacit,
714 2293 818 2321 etiamsi
825 2294 922 2322 bonum
931 2299 972 2323 est

167 2374 169 2378 Δ
179 2330 328 2373 φοᾶἷδςὶι.
336 2327 389 2365 Nec
396 2338 440 2373 qui
451 2331 493 2366 me
501 2333 637 2374 urgebant,
646 2340 713 2368 bene
722 2333 851 2369 faciebant
858 2350 865 2375 ;
871 2340 919 2370 sed
926 2342 973 2370 be-

167 2382 238 2450 ‘vero
250 2414 277 2439 in
285 2414 328 2439 lib.
338 2414 373 2450 de_
380 2415 658 2450 Catecbizandis‘rudibq
667 2424 693 2450 c.
706 2418 750 2450 26;
766 2420 808 2444 ubi
822 2421 936 2446 mendum
946 2422 973 2447 in

179 2445 302 2483 editiones
309 2452 359 2472 non
367 2446 423 2483 leve
430 2446 530 2483 irrepsit
539 2446 568 2472 ad
580 2448 632 2483 haec
645 2445 733 2479 verba,
743 2445 758 2473 ἀ
770 2451 827 2483 quid
835 2452 859 2475 in
868 2452 908 2476 at.
917 2445 973 2477 ὼὶιῖ

178 2476 258 2507 datur,
268 2484 279 2499 ι
293 2483 345 2507 pro,
357 2486 371 2508 ς
381 2477 438 2508 quid
448 2478 473 2501 in
481 2476 528 2502 illo
539 2479 662 2505 condiat.»
687 2503 690 2507 ,

208 2508 267 2541 [εἰς
278 2507 416 2538 reperimus
428 2509 454 2532 in
465 2508 663 2541 melioribusttss.
675 2511 738 2541 Apud
745 2515 798 2536 Arn.
809 2518 869 2537 vero
882 2517 907 2538 et
916 2521 974 2540 non-

178 2537 258 2573 nullos
274 2537 328 2563 Mss.
345 2545 352 2564 :
371 2544 474 2573 pressus,
485 2540 617 2573 stomacho.
635 2537 743 2573 Denique
754 2543 808 2568 ead.
818 2548 868 2568 Am.
886 2537 973 2571 ᾖξ’ἑι

177 2571 230 2594 Lov.
245 2575 252 2593 :
265 2573 364 2594 "casus
374 2568 490 2595 stomachi
500 2569 589 2596 dolore.

207 2601 218 2615 ²
228 2598 289 2630 sint,
296 2600 366 2631 juxta
373 2603 411 2625 Er.
420 2604 547 2657 Ἥρη.
558 2605 612 2628 Iov.
622 2605 709 2628 50mm.
719 2603 780 2629 Flor.
801 2605 872 2631 ttond.
885 2613 939 2632 cum
958 2608 974 2633 6

207 2630 232 2655 d.
244 2633 272 2655 et
280 2634 347 2657 start.
357 2637 411 2656 cum
420 2631 435 2655 6
508 2632 563 2657 Cdd.
576 2637 605 2657 tit.

178 2630 232 2655 old.
244 2633 272 2655 et
280 2630 347 2657 Mart.
357 2637 411 2656 cum
420 2631 435 2655 6
445 2630 499 2657 aliis
508 2632 563 2658 cdd.
576 2637 605 2659 tu.

209 2661 219 2696 ξ
230 2661 320 2696 Abest,
330 2661 394 2693 quod
401 2660 451 2696 vult
459 2682 465 2692 ,
477 2669 492 2687 a
503 2666 554 2688 Mss.
567 2664 672 2696 optimis.

208 2691 220 2707 ⁸
232 2694 262 2726 et
271 2691 434 2726 citosimarer,
442 2694 511 2724 juxta
527 2691 613 2720 somin.
630 2696 690 2720 Dub.
701 2700 765 2722 Mart.
779 2703 834 2723 cum
846 2698 862 2722 6
874 2703 925 2725 Mss.
948 2703 974 2726 et

180 2723 251 2747 nond.
261 2729 318 2747 enim
328 2723 344 2747 4
354 2727 406 2749 Mss.
425 2723 452 2748 tt.

189 2753 525 2792 ._f."‘tl%fitAt-e1d».r¢c
540 2756 610 2792 aliter
627 2756 708 2792 istem
720 2758 831 2792 plerique
846 2764 912 2792 Mss;
928 2763 973 2788 sed

180 2785 245 2822 varia
257 2784 393 2822 labes‘huic
463 2785 529 2822 illata
543 2791 581 2813 est
595 2787 621 2813 in
636 2788 692 2822 Edd.
704 2784 815 2822 e‘quibtis
827 2784 939 2818 Amilli':
945 2784 973 2819 et

180 2817 234 2856 te.“
295 2815 441 2856 “esseest
450 2817 550 2856 item
696 2815 766 2852 ροτῑο
777 2828 785 2847 ε
795 2815 972 2856 meritare

180 2846 307 2886 cos-Latii,
318 2847 432 2886 particula
445 2849 606 2886 interposita,
621 2854 643 2876 ει
658 2846 749 2886 teriam
757 2846 971 2886 “e552-

181 2879 492 2916 quamltatneu‘partieulam
501 2879 548 2916 non
558 2879 713 2914 ineleganter
723 2879 845 2910 iuterdt’lm
853 2879 971 2912 subitae—1;

182 2906 302 2940 ﬁgendum
310 2906 425 2942 relinquit
436 2911 586 2943 Augustinus.

852 178 954 208 LIBER
972 177 1107 208 PRIMUS.

1750 185 1801 215 670

1015 244 1047 264 ne
1058 236 1122 265 mihi
1138 236 1217 265 fiebat
1230 238 1277 266 abs
1292 242 1328 272 te,
1336 239 1406 268 Deus
1419 246 1504 269 meus.
1514 240 1554 268 llli
1568 241 1638 269 enim
1654 248 1707 270 non
1716 242 1802 271 intue-

1013 282 1111 311 bantur
1120 291 1172 319 quo
1182 283 1311 313 referrem
1320 285 1328 300 ¹
1338 286 1410 321 quod
1422 293 1465 314 me
1474 286 1577 315 discere
1587 287 1727 323 cogebant,
1738 296 1803 324 pras-

1015 333 1134 364 terquam
1145 330 1177 357 ad
1192 330 1324 359 satiandas
1335 331 1500 361 insatiabiles
1514 332 1671 368 cupiditates
1682 334 1799 369 copiosae

1015 376 1110 411 inopia:
1128 382 1154 404 et
1174 377 1356 412 ignominiosae
1369 378 1470 413 gloriae.
1484 379 1524 406 Tu
1538 387 1601 407 vero
1615 380 1657 407 cui
1673 380 1803 408 numerati

1015 427 1076 450 sunt
1084 423 1171 459 capilli
1178 424 1270 459 capitis
1279 424 1361 452 nostri
1369 424 1474 460 (Matth.
1485 433 1512 460 ι,
1521 426 1578 462 30),
1587 434 1677 454 errore
1685 428 1803 455 omnium

1015 469 1060 505 qui
1072 469 1137 497 mihi
1147 470 1281 498 instabant
1291 475 1319 499 ut
1332 471 1473 505 discerem,
1484 472 1601 501 utebaris
1613 472 1646 500 ad
1661 473 1803 501 utilitatem

1016 523 1121 549 meam;
1138 524 1198 544 meo
1211 521 1310 551 autem,
1323 518 1367 553 qui
1382 517 1484 546 discere
1499 518 1631 553 nolebam,
1644 519 1761 547 utebaris
1771 519 1804 547 ad

1015 570 1121 598 pmnam
1137 570 1234 596 meam,
1251 571 1302 599 qua
1317 564 1394 599 plecti
1415 572 1468 592 non
1483 572 1555 593 eram
1578 565 1701 601 indignus
1716 565 1805 593 tantil-

1016 609 1058 637 lus
1071 618 1137 645 puer
1150 614 1178 638 et
1190 614 1277 638 tantus
1289 616 1422 646 peccator.
1442 611 1478 639 ita
1494 612 1527 639 de
1541 619 1593 639 non
1604 612 1672 639 bene
1683 611 1803 640 facienti-

1016 655 1066 683 bus
1088 650 1114 683 tu
1128 655 1197 684 bene
1218 656 1334 684 faciebas
1354 657 1437 691 mihi;
1459 662 1486 685 et
1503 657 1538 685 de
1555 662 1681 692 peccante
1703 657 1806 692 meipso

1014 702 1086 737 juste
1107 703 1272 730 retribuebas
1291 703 1366 730 mihi.
1380 704 1486 732 Jussisti
1505 704 1587 737 enim,
1609 708 1637 732 et
1653 705 1692 733 sic
1713 708 1764 738 est,
1777 708 1806 732 ut

1017 754 1095 783 poena
1106 755 1154 776 sua
1166 748 1214 776 sibi
1226 748 1260 776 sit
1271 749 1358 776 omnis
1373 749 1538 778 inordinatus
1549 751 1663 782 animus.

1326 807 1439 837 CAPUT
1457 807 1526 836 Xlll.

1137 853 1232 887 Quibus
1241 854 1331 881 studiis
1341 855 1497 890 potissimum
1506 855 1537 882 sit
1548 855 1691 883 delectatus.

1054 898 1098 928 20.
1119 899 1188 933 Quid
1212 903 1300 927 autem
1322 904 1381 927 erat
1403 907 1490 927 causa
1513 907 1560 927 cur
1581 907 1682 936 graecas
1707 900 1808 928 litteras

1018 945 1137 979 oderam,
1149 946 1245 981 quibus
1262 947 1387 981 puerulus
1404 946 1550 980 imbuebar,
1566 954 1600 974 ne
1619 955 1689 974 nunc
1701 945 1806 982 quidem

1020 992 1083 1019 mihi
1095 991 1160 1019 satis
1172 992 1337 1027 exploratum
1348 996 1398 1020 est.
1413 992 1604 1020 Adamaveram
1616 993 1687 1020 enim
1700 993 1805 1025 latinas,

1019 1045 1072 1065 non
1085 1045 1152 1073 quas
1164 1038 1242 1073 primi
1257 1038 1386 1075 magistri,
1409 1039 1456 1066 sed
1470 1045 1535 1074 quas
1552 1039 1648 1067 docent
1661 1038 1705 1074 qui
1720 1045 1809 1074 gram-

1019 1084 1109 1112 matici
1120 1089 1258 1112 vocantur.
1279 1084 1344 1111 Nam
1360 1084 1419 1112 illas
1431 1084 1528 1119 primas
1544 1084 1588 1112 ubi
1604 1084 1693 1120 legere
1703 1088 1731 1112 et
1745 1083 1811 1111 scri-

1020 1129 1084 1157 bere
1116 1133 1144 1157 et
1165 1137 1304 1157 numerare
1329 1129 1456 1164 discitur,
1486 1137 1539 1157 non
1565 1130 1652 1158 minus
1681 1136 1808 1157 onerosas

1020 1176 1190 1210 pcenalesque
1210 1176 1350 1210 habebam,
1379 1184 1457 1211 quam
1479 1184 1572 1204 omnes
1597 1184 1707 1211 grzeeas.
1733 1175 1810 1204 Unde

1010 1226 1109 1249 ~lamen
1124 1226 1151 1249 et
1168 1221 1218 1249 hoc
1236 1222 1287 1249 nisi
1299 1221 1333 1250 de
1352 1227 1461 1257 peccato
1482 1226 1509 1250 et
1525 1217 1641 1250 vahitate
1659 1222 1731 1256 vitae,
1743 1222 1810 1263 quia

1020 1275 1084 1295 caro
1102 1268 1238 1301 eram’,et
1256 1267 1366 1302 spiritus
1375 1267 1514 1295 ambulans
1534 1270 1561 1295 et
1579 1274 1632 1295 non
1651 1266 1807 1295 revertens?

1023 1312 1106 1349 (Psal.
1121 1320 1225 1347 Lxxvn,
1238 1312 1296 1348 59.)
1312 1313 1379 1341 Nam
1392 1314 1482 1349 utique
1493 1313 1627 1349 meliores,
1643 1314 1704 1349 quia
1715 1313 1812 1341 certio—

1020 1368 1063 1387 res
1079 1364 1155 1387 eraut
1171 1360 1264 1394 primae
1282 1359 1334 1387 illm
1348 1360 1451 1393 lilterm,
1467 1360 1565 1395 quibus
1579 1360 1659 1387 ﬁebat
1671 1360 1699 1387 in
1716 1367 1768 1393 me,
1785 1364 1812 1387 et

1019 1406 1118 1433 factum
1133 1409 1182 1438 est,
1194 1410 1221 1432 et
1231 1405 1315 1435 habeo
1325 1405 1389 1432 illud
1402 1410 1431 1433 ut
1445 1410 1472 1433 et
1481 1406 1566 1441 legam
1576 1406 1598 1433 si
1609 1406 1671 1441 quid
1684 1405 1812 1440 scriptum

1020 1451 1136 1484 invenio,
1153 1455 1179 1479 et
1193 1451 1308 1478 scribam
1324 1452 1380 1487 ipsc
1392 1451 1415 1478 si
1429 1452 1492 1486 quid
1505 1451 1586 1486 volo,(
1592 1459 1670 1486 quam
1685 1451 1737 1478 illac
1751 1450 1811 1486 qui-

1020 1497 1071 1524 bus
1086 1503 1176 1525 tenere
1186 1497 1301 1532 cogebar
1314 1496 1409 1524 Encas
1420 1497 1510 1524 nescio
1522 1497 1597 1532 cuius
1611 1504 1726 1530 errores,
1743 1496 1812 1524 obli-

1020 1546 1064 1570 tus
1078 1550 1199 1570 errorum
1211 1549 1347 1574 meorum;
1366 1546 1393 1569 et
1406 1542 1510 1577 plorare
1525 1542 1655 1570 Didonem
1668 1546 1811 1576 mortuam,

1020 1589 1083 1623 quia
1095 1596 1123 1616 se
1141 1588 1237 1615 occidit
1255 1589 1289 1616 ob
1302 1595 1431 1621 amorem,
1451 1596 1512 1615 cum
1526 1589 1625 1616 interea
1640 1588 1772 1624 meipsum
1786 1589 1813 1616 in

1022 1634 1064 1661 his
1079 1642 1093 1661 a
1115 1639 1141 1662 te
1153 1635 1322 1668 morientem,
1340 1635 1408 1662 Deus
1420 1635 1473 1662 vita
1488 1642 1557 1668 mea,
1575 1635 1652 1663 siccis
1667 1635 1750 1663 oculis
1761 1635 1814 1663 ler-

1022 1688 1080 1708 rem
1095 1680 1269 1708 miserrimus.

1057 1726 1102 1754 21.
1123 1726 1190 1760 Quid
1205 1726 1275 1753 enim
1291 1726 1414 1754 miserius
1436 1727 1534 1754 misero
1549 1734 1601 1754 non
1615 1727 1759 1755 miserante
1772 1734 1814 1755 se-

1022 1773 1121 1808 ipsum,
1135 1778 1162 1800 et
1172 1772 1253 1800 ﬂente
1267 1772 1374 1800 Didonis
1389 1776 1502 1800 mortem
1512 1793 1519 1805 ,
1533 1780 1593 1807 qum
1607 1772 1687 1800 ﬁebat
1699 1773 1815 1801 amando

1022 1818 1151 1851 .‘Eneam;
1160 1825 1213 1845 non
1219 1817 1299 1845 ﬂente
1305 1822 1392 1845 autem
1399 1821 1511 1845 mortem
1519 1825 1603 1851 suam,
1611 1825 1670 1853 quae
1676 1818 1755 1846 ﬁebat
1762 1826 1813 1845 non

1023 1863 1137 1891 amando
1149 1868 1183 1897 te,
1196 1864 1266 1891 Deus
1278 1864 1369 1891 lumen
1377 1864 1465 1891 cordis
1476 1864 1539 1898 mei,
1551 1868 1579 1892 et
1590 1864 1664 1899 panis
1675 1865 1728 1892 oris
1742 1865 1814 1892 intus

1022 1910 1118 1937 animae
1130 1917 1209 1941 mem,
1225 1914 1251 1936 et
1264 1910 1348 1937 virtus
1363 1910 1490 1937 maritans
1504 1915 1620 1938 mentem
1636 1918 1722 1938 meam
1737 1915 1763 1938 et
1776 1912 1814 1938 si-

1022 1964 1086 1984 num
1105 1956 1273 1991 cogitationis
1288 1956 1372 1983 meae?
1382 1956 1440 1983 Non
1450 1961 1475 1984 te
1485 1956 1616 1989 amabam,
1628 1960 1654 1984 et
1665 1956 1814 1984 l'ornicabar

1023 2002 1070 2029 abs
1081 2006 1123 2034 te,
1137 2007 1163 2028 et
1184 2001 1325 2028 fornicanti
1347 2000 1458 2029 sonabat
1480 2002 1608 2037 undique,
1630 2002 1720 2038 Euge,
1736 2010 1812 2038 euge.

1023 2047 1146 2075 Amicitia
1160 2047 1231 2075 enim
1247 2048 1336 2075 mundi
1353 2048 1430 2083 hujus
1440 2069 1447 2081 ,
1462 2048 1602 2086 fornicatio
1616 2053 1656 2077 est
1670 2050 1717 2077 abs
1733 2055 1773 2083 te;
1787 2055 1816 2077 et

1023 2092 1096 2127 Euge
1105 2113 1113 2126 ,
1124 2099 1191 2128 euge
1203 2092 1301 2120 dicitur
1310 2114 1317 2127 ,
1332 2097 1361 2120 ut
1376 2094 1472 2128 pudeat
1484 2094 1506 2121 si
1519 2102 1572 2122 non
1585 2095 1621 2122 ita
1633 2095 1714 2123 homo
1726 2095 1768 2123 sit.
1783 2095 1815 2122 Et

1024 2140 1081 2167 hac
1104 2147 1157 2167 n0n
1176 2139 1290 2173 ﬂebam,
1312 2141 1359 2168 sed
1380 2142 1476 2169 ﬂebam
1499 2142 1627 2169 Didonem
1647 2143 1814 2176 exstinctam,

1024 2188 1139 2222 fen'oque
1159 2190 1269 2213 extrema
1279 2191 1389 2214 secutam
1405 2185 1531 2223 (Eneid.
1550 2195 1585 2219 vt,
1599 2187 1681 2222 456),
1701 2195 1815 2223 sequens

1024 2233 1081 2267 ipse
1093 2237 1210 2260 extrema
1223 2233 1328 2260 condita
1351 2237 1392 2260 tua
1402 2254 1408 2266 ,
1433 2234 1526 2261 relicto
1548 2238 1589 2267 te,
1606 2238 1632 2261 et
1647 2239 1716 2261 terra
1731 2234 1742 2250 ³
1757 2234 1815 2261 iens

1024 2278 1051 2306 in
1064 2282 1161 2305 terram
1175 2286 1181 2304 :
1197 2282 1225 2305 et
1238 2279 1259 2305 si
1271 2278 1428 2313 prohiberer
1441 2287 1471 2306 ea
1486 2279 1585 2314 legere,
1607 2279 1737 2314 dolerem,
1753 2281 1815 2314 quia

1024 2332 1077 2352 non
1088 2324 1203 2360 legerem
1212 2324 1282 2359 quod
1290 2324 1420 2352 dolerem.
1430 2324 1501 2352 Talis
1507 2325 1641 2352 dementia
1651 2325 1815 2352 honestiores

1024 2376 1052 2399 et
1065 2371 1200 2398 uberiores
1209 2371 1303 2398 littera:
1314 2375 1450 2406 putantur,
1463 2378 1542 2406 quam
1557 2370 1609 2399 ilice
1623 2371 1719 2407 quibus
1727 2371 1816 2407 legere

1024 2420 1052 2444 et
1064 2416 1181 2444 scribere
1194 2416 1284 2444 didici.

1059 2462 1103 2489 ‘22.
1125 2462 1178 2490 Sed
1191 2470 1261 2490 nunc
1273 2462 1299 2489 in
1314 2462 1403 2490 anima
1417 2470 1477 2491 mea
1491 2464 1597 2495 clamet,
1612 2463 1681 2491 Deus
1693 2470 1778 2496 meus,
1788 2467 1816 2491 et

1024 2510 1122 2538 veritas
1132 2513 1176 2536 tua
1183 2509 1328 2536 dicatmihi
1342 2518 1349 2536 :
1362 2510 1418 2537 Non
1433 2514 1474 2537 est
1484 2510 1529 2542 ita,
1542 2517 1594 2537 non
1605 2515 1645 2537 est
1655 2510 1706 2543 ita;
1721 2510 1816 2538 melior

1025 2561 1067 2585 est
1076 2563 1185 2591 prorsus
1194 2555 1316 2583 doctrina
1327 2556 1371 2583 illa
1383 2556 1467 2591 prior.
1479 2556 1546 2584 Nam
1557 2564 1619 2584 ecce
1632 2557 1748 2592 paratior
1757 2565 1817 2585 sum

1025 2602 1146 2631 oblivisci
1157 2610 1262 2629 errores
1275 2601 1378 2635 Eneze,
1395 2607 1474 2637 atque
1486 2603 1574 2630 omnia
1584 2604 1725 2638 ejusmodi,
1737 2612 1816 2640 quam

1024 2648 1143 2676 scribere
1154 2652 1181 2674 et
1201 2647 1299 2682 legere.
1323 2648 1357 2675 At
1378 2648 1449 2675 enim
1469 2648 1524 2675 vela
1545 2649 1661 2684 pendent
1681 2650 1817 2679 liminibus

1024 2693 1254 2729 grammaticarum
1275 2693 1426 2721 scholarum
1441 2703 1447 2721 :
1461 2694 1508 2721 sed
1530 2703 1583 2722 non
1605 2695 1648 2722 illa
1671 2698 1753 2733 magis
1768 2698 1816 2725 ho-

1025 2745 1116 2766 norem
1132 2738 1227 2765 secreti
1240 2759 1247 2771 ,
1262 2745 1341 2773 quam
1355 2743 1533 2774 tegumentum
1547 2742 1645 2769 erroris
1654 2742 1812 2778 signiﬁcant.

1024 2785 1082 2813 Non
1097 2784 1212 2811 clament
1225 2784 1351 2811 adversus
1365 2792 1418 2819 me,
1433 2793 1500 2820 quos
1511 2786 1566 2822 jam
1580 2795 1632 2815 non
1646 2789 1734 2823 timeo,
1750 2790 1819 2826 dunt
1855 2794 1857 2796 ’

1057 2858 1065 2874 ¹
1077 2860 1101 2881 ιη
1110 2860 1149 2888 tus.
1158 2855 1254 2888 Lyrensi
1264 2862 1270 2880 :
1283 2856 1426 2887 Referrctur.

1056 2889 1066 2905 ²
1075 2892 1127 2912 Mss.
1137 2887 1279 2918 frequentes
1288 2904 1295 2917 ,
1308 2893 1355 2918 qua
1366 2894 1423 2914 caro
1433 2894 1510 2915 eram.

1055 2919 1066 2936 ³
1076 2923 1124 2944 Am.
1134 2921 1170 2944 Er.
1181 2921 1207 2944 et
1215 2921 1280 2950 Lov.,
1289 2924 1301 2943 ε
1310 2921 1383 2944 terra.
