4116 6366
503 348 603 406 671

504 462 766 520 conﬁteor
791 457 885 515 tibi
911 472 1031 530 qua:
1055 455 1169 512 vult
1193 455 1368 511 anima
1390 466 1528 516 mea,
1553 450 1693 504 Deus
1721 460 1892 507 meus,
1921 451 1974 497 et
1998 456 2084 495 ac—

505 554 723 625 quiesco
757 553 811 606 in
842 548 1258 621 reprehensione
1284 547 1543 601 malarum
1572 541 1774 596 viarum
1804 548 2040 590 mearum
2064 572 2080 599 ,

509 655 572 703 ut
596 647 813 716 diligam
858 645 1025 700 bonas
1053 644 1164 698 vias
1203 650 1340 697 tuas.
1372 638 1486 694 Non
1527 635 1759 692 clament
1802 629 2084 684 adversum

507 753 594 794 me
611 737 913 793 venditores
931 735 1289 807 grammaticae
1312 731 1395 786 vel
1415 738 1681 799 emptores
1705 743 1718 778 :
1747 723 1869 794 quia
1892 721 1934 773 si
1961 732 2086 788 pro-

508 844 702 900 ponam
723 829 820 892 cis,
852 828 1182 895 interrogans
1213 835 1388 878 utrum
1412 834 1598 875 verum
1619 813 1840 885 sitquod
1857 810 2084 867 Eneam

510 919 794 990 aliquando
811 918 1179 988 Carthaginem
1194 916 1404 972 venisse
1420 909 1745 975 Poeta‘dicit;
1767 905 2087 962 indoctiores

508 1026 568 1067 se
593 1010 798 1066 nescire
837 1009 1262 1080 respondebunt,
1297 1005 1559 1061 doctiores
1593 1011 1771 1056 autem
1802 999 1959 1054 etiam
1991 1011 2086 1048 ne-

510 1105 710 1176 gabunt
733 1119 921 1159 verum
947 1118 1085 1158 esse.
1110 1103 1179 1156 At
1198 1101 1242 1156 si
1271 1114 1505 1170 quierant
1526 1096 1716 1167 quibus
1740 1091 1928 1147 litteris
1957 1089 2089 1144 scri-

511 1195 670 1253 batur
689 1195 876 1252 IEnea!
904 1210 1118 1260 nomen,
1143 1207 1327 1248 omnes
1347 1191 1498 1257 mihi,
1529 1188 1620 1258 qui
1638 1186 1751 1240 haec
1766 1183 2084 1245 didicerunt,

512 1304 700 1345 verum
725 1288 1120 1359 respondebunt
1145 1302 1159 1350 ;
1191 1283 1478 1340 secundum
1517 1281 1571 1336 id
1600 1288 1810 1350 pactum
1841 1286 1895 1331 et
1920 1273 2087 1346 placi-

514 1388 646 1448 tum,
675 1396 781 1452 quo
805 1381 942 1436 inter
965 1394 1024 1434 se
1047 1378 1288 1433 homines
1317 1376 1416 1430 ista
1441 1375 1588 1444 signa
1613 1372 1907 1425 firmarunt.
1935 1365 2086 1432 Item,

516 1472 560 1526 si
578 1487 812 1541 qumram
833 1471 959 1542 quid
983 1471 1171 1525 horum
1199 1468 1400 1538 majore
1423 1466 1546 1521 vita:
1572 1464 1730 1534 hujus
1755 1457 2091 1516 inconnnodo

513 1563 740 1633 quisque
759 1563 1120 1628 obliviscatur,
1147 1561 1323 1631 legere
1343 1567 1399 1614 et
1417 1557 1670 1623 scribere,
1694 1569 1759 1608 an
1781 1551 1986 1624 poetica
2002 1550 2090 1606 illa

513 1654 795 1726 ﬁgmenta;
827 1656 946 1726 quis
984 1672 1090 1711 non
1121 1655 1299 1710 videat
1337 1652 1463 1724 quid
1491 1663 1842 1720 responsurus
1865 1647 1970 1712 sit,
2001 1644 2094 1715 qui

513 1763 620 1804 non
647 1758 729 1804 est
754 1750 963 1819 penitus
987 1749 1180 1805 oblitus
1206 1747 1325 1803 sui?
1354 1745 1642 1802 Peccabam
1670 1757 1795 1812 ergo
1822 1755 1953 1809 puer
1972 1752 2092 1793 cum

511 1839 602 1894 illa
633 1839 808 1895 inania
851 1841 967 1896 istis
1004 1840 1303 1896 utilioribus
1343 1852 1524 1892 amore
1563 1833 1968 1906 prteponebam,
2004 1829 2093 1885 vel

511 1931 691 2001 potius
721 1931 820 1986 ista
849 1931 1064 1986 oderam
1086 1972 1102 1998 ,
1152 1931 1243 1985 illa
1271 1929 1535 1985 amabam.
1577 1927 1826 1982 Jamvero
1855 1937 2014 1977 unum
2041 1929 2096 1977 et

515 2039 678 2078 unum
705 2023 842 2089 duo,
871 2024 978 2080 duo
1005 2032 1059 2079 et
1094 2024 1200 2079 duo
1235 2032 1492 2093 quatuor,
1538 2018 1720 2073 odiosa
1755 2015 1931 2071 cantio
1961 2013 2092 2068 mihi

515 2120 663 2179 erat;
691 2122 746 2169 et
770 2114 1133 2170 dulcissimum
1163 2111 1527 2184 spectaculum
1555 2108 1803 2165 vanitatis
1840 2121 2007 2176 equus
2032 2104 2097 2160 li-

434 2210 441 2216 '
516 2220 684 2276 gneus
701 2206 887 2276 plenus
903 2207 1139 2274 armatis,
1159 2205 1398 2275 etTrojze
1413 2201 1735 2269 incendium,
1756 2209 1914 2270 atque
1929 2197 2097 2269 ipsius

518 2297 709 2354 umbra
727 2298 942 2356 Creusae
971 2299 992 2372 (
1009 2298 1224 2354 £neid.
1253 2296 1355 2369 ιι).

1145 2389 1372 2446 CAPUT
1410 2387 1552 2444 XIV.

975 2481 1193 2535 Litteras
1221 2496 1412 2552 grwcas
1444 2480 1636 2534 oderat.

587 2569 677 2627 25.
719 2569 824 2626 Cur
851 2585 977 2642 ergo
1001 2587 1228 2641 graecam
1255 2571 1417 2627 etiam
1454 2570 1853 2640 grammaticam
1879 2570 2097 2626 oderam

512 2663 644 2718 talia
688 2664 1032 2719 cantantem?
1070 2664 1201 2718 Nam
1253 2673 1308 2719 et
1356 2663 1618 2718 Homerus
1669 2663 1868 2732 peritus
1919 2673 2099 2719 texere

520 2755 658 2809 tales
680 2755 900 2810 fabellas
923 2797 939 2823 ,
969 2765 1021 2810 et
1044 2755 1352 2811 dulcissime
1393 2769 1560 2810 vanus
1597 2762 1712 2820 est,
1744 2763 1798 2810 et
1839 2755 1967 2809 mihi
2016 2764 2096 2809 ta-

513 2860 642 2900 men
669 2861 884 2902 amarus
910 2854 1026 2902 erat
1051 2861 1237 2917 puero.
1289 2844 1462 2902 Credo
1487 2845 1648 2900 etiam
1693 2845 1881 2915 graecis
1918 2845 2099 2914 pueris

519 2935 771 3007 Virgilius
791 2937 860 2991 ita
885 2937 973 3004 sit,
995 2952 1119 2993 cum
1144 2952 1265 2992 eum
1292 2937 1369 2992 sic
1389 2936 1593 2991 discere
1619 2947 1896 3006 coguntur,
1924 2945 1980 2990 ut
1999 2951 2098 3005 ego

516 3026 693 3082 illum.
755 3026 1012 3082 Videlicet
1067 3027 1351 3082 difﬁcultas
1405 3027 1457 3094 ί,
1519 3026 1738 3081 omnino
1801 3025 2098 3080 ediscenda:

515 3117 810 3189 peregrina:
841 3118 1063 3189 linguae,
1093 3119 1242 3189 quasi
1269 3118 1392 3174 felle
1421 3118 1731 3188 aspergebat
1759 3132 1944 3173 omnes
1971 3133 2098 3172 sua-

520 3211 717 3265 vitales
737 3226 938 3281 graecas
965 3211 1318 3266 fabulosarum
1357 3210 1740 3265 narrationum.
1771 3209 1926 3264 Nulla
1953 3210 2097 3264 enim

517 3303 684 3360 verba
719 3304 808 3359 illa
835 3319 1127 3372 noveram,
1158 3313 1212 3358 et
1231 3305 1386 3360 sazvis
1421 3303 1710 3359 terroribus
1748 3317 1810 3358 ac
1839 3303 2011 3372 ptenis
2041 3312 2099 3358 ut

515 3411 729 3452 nossem
770 3397 1062 3452 instabatur
1099 3397 1228 3450 mihi
1268 3395 1633 3451 vehementer.
1670 3395 1802 3450 Nam
1845 3405 1898 3449 et
1937 3395 2098 3448 latina

514 3487 800 3558 aliquando
824 3487 996 3542 infans
1028 3488 1208 3557 utique
1233 3487 1374 3541 nulla
1401 3501 1689 3551 noveram;
1718 3495 1772 3541 et
1801 3495 1976 3539 tamen
2000 3484 2097 3539 ad-

518 3579 773 3636 vertendo
798 3579 956 3635 didici
993 3579 1109 3634 sine
1147 3579 1254 3634 ullo
1291 3587 1437 3634 metu
1474 3587 1631 3648 atque
1659 3577 1928 3644 cruciatu,
1961 3576 2098 3632 inter

513 3672 674 3728 etiam
704 3671 1062 3727 blandimenta
1087 3672 1352 3726 nutricum
1370 3711 1387 3738 ,
1417 3678 1472 3726 et
1491 3671 1610 3740 joca
1637 3669 1978 3725 arridentium
1998 3711 2012 3735 ,
2045 3678 2100 3724 et

514 3762 725 3818 laetitias
745 3763 1115 3819 alludentium.
1142 3763 1310 3818 Didici
1331 3777 1459 3818 vero
1478 3763 1566 3818 illa
1588 3762 1704 3817 sine
1723 3762 1918 3832 poenali
1934 3777 2097 3818 onere

515 3855 833 3924 urgentium,
863 3870 983 3909 cum
1017 3869 1105 3910 me
1145 3863 1358 3926 urgeret
1395 3869 1488 3909 cor
1512 3869 1691 3909 meum
1721 3854 1788 3909 ad
1844 3855 2097 3923 parienda

514 3955 770 4016 concepta
799 3963 893 4001 sua
915 3987 931 4015 ,
961 3962 1078 4018 quae
1114 3961 1220 4001 non
1251 3961 1462 4016 possem
1506 3949 1526 3978 ¹
1548 3988 1563 4014 ,
1599 3947 1698 4002 nisi
1727 3948 1901 4017 aliqua
1932 3949 2098 4005 verba

515 4035 849 4107 didicissemj,
887 4052 995 4092 non
1015 4052 1047 4092 a
1085 4037 1435 4104 docentibus,
1475 4037 1568 4093 sed
1589 4053 1620 4091 a
1646 4039 2012 4108 loquentibus,
2043 4041 2095 4095 in

513 4143 740 4198 quorum
785 4137 838 4183 et
879 4144 978 4199 ego
1016 4129 1230 4184 auribus
1272 4129 1629 4200 parturiebam
1677 4130 1931 4200 quidquid
1971 4147 2098 4188 sen-

515 4219 734 4274 tiebam.
763 4219 899 4273 Hine
923 4220 1052 4274 satis
1077 4219 1248 4274 elucet
1276 4219 1533 4290 majorem
1562 4219 1758 4275 habere
1787 4221 1896 4275 vim
1927 4221 1993 4275 ad
2014 4221 2098 4277 di-

511 4311 712 4368 scenda
741 4313 838 4366 ista
867 4312 1083 4367 liberam
1127 4312 1481 4368 curiositatem
1500 4355 1514 4380 ,
1541 4329 1699 4384 quam
1735 4315 2098 4370 meticulosam

513 4406 912 4462 necessitatem.
941 4406 1045 4462 Sed
1069 4407 1207 4462 illius
1233 4406 1432 4461 ﬂuxum
1463 4407 1577 4462 haec
1601 4407 1872 4478 restringit
1896 4408 2100 4479 legibus

514 4497 651 4562 tuis,
683 4497 849 4563 Deus,
881 4498 1082 4567 legibus
1118 4498 1220 4553 tuis
1244 4513 1274 4552 a
1301 4497 1670 4568 magistrorum
1705 4497 1889 4554 ferulis
1930 4515 2099 4569 usque

513 4591 583 4648 ad
607 4592 926 4646 tentationes
954 4601 1242 4662 martyrum
1265 4634 1280 4658 ,
1310 4591 1604 4646 valentibus
1643 4592 1843 4661 legibus
1873 4592 1973 4646 tuis
1999 4591 2099 4646 mi-

515 4697 670 4738 scere
703 4682 942 4738 salubres
967 4682 1344 4738 amaritudines
1364 4723 1378 4750 ,
1418 4690 1731 4738 revocantes
1769 4698 1868 4738 nos
1895 4682 1963 4738 ad
1990 4691 2039 4738 te
2066 4698 2099 4738 a

510 4773 846 4845 jucunditate
864 4773 1113 4845 pestifera
1131 4815 1147 4842 ,
1179 4790 1280 4845 qua
1312 4773 1628 4830 recessimus
1651 4788 1682 4829 a
1707 4780 1759 4829 te
1784 4773 1825 4828 ³.

1138 4887 1362 4946 CAPUT
1399 4889 1516 4944 XV.

1032 4983 1267 5039 Precatio
1295 4984 1363 5037 ad
1391 4982 1576 5037 Deum.
1642 5023 1646 5026 .

585 5074 679 5132 24.
721 5075 947 5143 Exaudi,
973 5075 1216 5141 Domine,
1248 5074 1677 5144 deprecationem
1699 5089 1894 5140 meam,
1919 5091 1986 5129 ne
2006 5073 2099 5130 de.

513 5168 658 5226 ﬁeiat
683 5167 858 5222 anima
887 5183 1004 5222 mea
1049 5169 1149 5223 sub
1175 5166 1454 5236 disciplina
1492 5173 1618 5231 tua;
1652 5181 1823 5236 neque
1854 5166 2096 5222 deﬁciam

510 5261 568 5317 in
611 5260 913 5316 conﬁtendo
957 5259 1050 5314 tibi
1094 5259 1462 5314 miserationes
1500 5266 1647 5322 tuas,
1684 5259 1873 5326 quibus
1909 5260 2097 5315 eruisti

513 5367 602 5408 me
631 5352 700 5406 ab
720 5352 966 5406 omnibus
992 5351 1094 5404 viis
1121 5350 1254 5405 meis
1286 5337 1558 5420 pessimis;
1591 5356 1648 5402 ut
1671 5347 1942 5404 dulcescas
1965 5350 2094 5404 mihi

578 5491 594 5520 ι
634 5495 699 5536 ita
732 5495 836 5536 Mss.

578 5495 594 5520 ι
634 5495 699 5538 ita
732 5495 836 5536 Mss.
890 5495 1273 5547 prmstantrorcs;
1306 5495 1352 5533 at
1377 5495 1484 5532 Lov.
1530 5495 1581 5532 et
1624 5495 1767 5541 Arn.,
1820 5495 2090 5547 (unicultor,

513 5548 795 5614 difﬁcultas.
834 5573 895 5587 --
931 5545 1218 5656 Digicutter;
1249 5543 1511 5656 Iiigicultas
1559 5545 1697 5608 juxta
1742 5554 1913 5595 somni.
1965 5555 2092 5597 Murt.

513 5611 796 5656 cumSCdd.
821 5618 872 5656 Et
894 5616 989 5656 lion
1028 5645 1038 5655 .
1059 5622 1168 5656 cum
1190 5609 1310 5656 οἱα(
1337 5645 1348 5656 .
1385 5615 1438 5654 Μ.

511 5609 624 5663 cum
639 5612 672 5660 5
686 5611 796 5660 Cdd.
821 5618 872 5660 Et
894 5609 1038 5658 Rond.
1059 5622 1168 5657 cum
1189 5610 1221 5657 ’5
1237 5609 1348 5656 Edd.
1385 5615 1438 5654 Μ.

573 5676 628 5741 ξ.Δ
639 5681 744 5722 Mss.
764 5673 944 5736 aliquot
967 5685 1075 5720 cum
1092 5679 1200 5741 Arn.
1213 5685 1236 5741 σε
1256 5676 1315 5740 ﬁt
1341 5669 1454 5734 quia
1471 5682 1565 5719 non
1581 5676 1700 5721 esset
1721 5669 1848 5733 nisi;
1879 5671 1957 5720 alii
1975 5684 2095 5722 uou-

512 5735 632 5788 nulli
660 5749 673 5783 :
698 5741 746 5798 et
762 5735 870 5798 qua:
887 5746 980 5783 non
1003 5737 1155 5798 nosset
1173 5735 1281 5782 nisi.

578 5799 599 5831 ³
615 5797 759 5851 ttond.
775 5795 889 5850 cum
909 5798 938 5846 7
956 5795 1066 5845 cdd.
1089 5808 1101 5844 :
1125 5802 1480 5848 Itecesseramus
1501 5807 1529 5843 α
1547 5799 1609 5846 te.
1632 5803 1686 5844 δι.

890 5487 1273 5547 pra‘stantiores;
1302 5492 1357 5547 at
1377 5490 1484 5547 l.o_v.
1530 5489 1581 5547 et
1624 5491 1767 5541 Arn.,
1820 5482 2090 5547 difﬁculter,

1687 324 2202 389 CONFESSIONUM
2245 323 2303 378 S.
2348 319 2714 380 AUGUSTINI

3668 314 3772 374 672

2193 452 2354 506 super
2373 452 2560 491 omnes
2594 433 2928 491 seductiones
2957 445 3090 503 quas
3117 430 3411 502 sequebar;
3441 437 3498 486 et
3517 444 3693 485 amem
3721 439 3774 486 te

2192 531 2521 585 validissime
2541 537 2594 584 et
2613 527 2892 597 amplexer
2913 540 3129 580 manum
3157 533 3300 578 tuam
3321 524 3447 579 totis
3466 523 3773 595 praecordiis

2192 625 2347 692 meis,
2376 633 2429 679 et
2452 638 2606 679 eruas
2630 637 2717 678 me
2745 621 2813 677 ab
2839 621 2987 676 omni
3011 621 3304 676 tentatione
3327 635 3497 689 usque
3515 620 3572 675 in
3591 620 3771 674 ﬁnem.

2192 714 2332 770 Ecce
2353 715 2493 770 enim
2535 722 2590 769 tu
2611 755 2624 780 ,
2653 713 2899 780 Domine,
2933 727 3026 766 rex
3053 726 3203 766 meus
3229 719 3283 765 et
3311 711 3450 766 Deus
3480 725 3651 777 meus,
3680 710 3774 765 tibi

2193 808 2390 863 serviat
2413 805 2665 878 quidquid
2707 805 2838 860 utile
2880 818 3015 874 puer
3051 801 3242 868 didici;
3290 801 3383 857 tibi
3410 801 3607 857 serviat
3633 800 3776 872 quod

2194 897 2402 968 loquor,
2433 907 2488 953 et
2513 896 2705 961 scribo,
2739 903 2794 950 et
2820 894 2970 964 lego,
3002 902 3058 950 et
3084 908 3308 948 numero
3339 911 3353 948 :
3380 893 3628 962 quoniam
3655 907 3775 946 cum

2193 1006 2328 1045 vana
2356 990 2618 1046 discerem
2643 1030 2656 1053 ,
2687 997 2744 1042 tu
2785 986 3117 1057 disciplinam
3161 985 3326 1041 dabas
3356 985 3514 1050 mihi;
3542 994 3596 1040 et
3621 985 3673 1038 in
3699 985 3776 1038 eis

2193 1085 2344 1138 vanis
2371 1092 2586 1155 peccata
2627 1082 3038 1138 delectationum
3070 1096 3309 1136 mearum
3347 1079 3595 1134 dimisisti
3625 1079 3775 1133 mihi.

2195 1175 2364 1231 Didiei
2388 1175 2528 1229 enim
2556 1175 2608 1228 in
2635 1175 2712 1230 eis
2749 1173 2914 1228 multa
2952 1173 3116 1229 verba
3154 1171 3332 1236 utilia;
3362 1171 3457 1227 sed
3498 1179 3551 1226 et
3573 1187 3692 1241 quae
3722 1171 3776 1225 in

2195 1270 2354 1325 rebus
2382 1285 2487 1325 non
2515 1268 2666 1323 vanis
2693 1265 2828 1322 disci
2870 1275 3092 1338 possunt
3123 1283 3138 1322 :
3168 1274 3224 1322 et
3261 1282 3324 1322 ea
3355 1266 3440 1322 via
3471 1274 3583 1320 tuta
3613 1275 3694 1320 est
3725 1263 3778 1318 in

2196 1379 2299 1436 qua
2321 1363 2471 1434 pueri
2499 1361 2855 1418 ambularent.

2830 1471 3056 1528 CAPUT
3093 1469 3236 1526 XVI.

2425 1566 2686 1638 Improbat
2711 1565 2917 1620 modum
2937 1565 3219 1636 juventutis
3243 1563 3550 1618 erudiendte.

2267 1659 2357 1716 25.
2397 1659 2504 1716 Sed
2535 1676 2616 1715 va:
2647 1658 2771 1727 tibi,
2803 1658 3004 1713 flumen
3041 1657 3206 1712 moris
3241 1655 3496 1712 humani!
3530 1655 3659 1723 Quis
3700 1671 3784 1711 re-

2199 1750 2350 1806 sistet
2379 1751 2508 1806 tibi?
2537 1749 2788 1820 quamdiu
2813 1763 2921 1804 non
2950 1748 3274 1804 siccaberis?
3297 1763 3574 1818 quousque
3605 1747 3784 1801 volves

2200 1843 2326 1898 Eva:
2355 1843 2494 1898 ﬁlios
2520 1843 2573 1898 in
2603 1858 2755 1898 mare
2783 1857 3032 1912 magnum
3075 1848 3131 1895 et
3168 1839 3572 1894 formidolosum
3597 1881 3610 1905 ,
3641 1839 3782 1909 quod

2202 1937 2285 2014 vix
2322 1944 2595 1990 transeunt
2619 1933 2708 2005 qui
2749 1933 2947 2004 lignum
2987 1931 3433 1987 conscenderint?
3472 1929 3662 1995 ,Nonne
3684 1944 3786 2000 ego

2201 2026 2256 2081 in
2297 2037 2346 2082 te
2388 2025 2491 2098 legi
2535 2035 2591 2082 et
2619 2035 2890 2081 tonantem
2932 2023 3121 2080 Jovem
3164 2033 3220 2078 et
3261 2022 3689 2078 adulterantem?
3721 2023 3788 2076 Et

2201 2121 2383 2192 utique
2403 2137 2508 2176 non
2532 2128 2712 2190 posset
2730 2119 2845 2174 haec
2867 2118 3003 2185 duo;
3032 2117 3128 2173 sed
3154 2125 3333 2173 actum
3359 2125 3462 2184 est,
3482 2125 3540 2170 ut
3565 2115 3787 2171 haberet

2201 2212 2570 2267 auctoritatem
2597 2211 2662 2275 ad
2690 2209 3004 2266 imitandum
3028 2224 3216 2264 verum
3245 2207 3561 2264 adulterium
3583 2248 3598 2273 ,
3631 2206 3785 2262 leno.

2203 2303 2411 2358 cinante
2433 2302 2568 2358 falso
2591 2303 2842 2357 tonitruo.
2869 2301 2996 2369 Quis
3021 2310 3200 2356 autem
3230 2300 3598 2370 penulatorum
3621 2298 3787 2368 magi-

2203 2403 2432 2449 strorum
2451 2393 2598 2448 audit
2612 2408 2739 2448 aure
2762 2393 2959 2459 sobria,
2988 2407 3054 2447 ex
3073 2391 3263 2447 eodem
3281 2391 3498 2461 pulvere
3517 2389 3788 2445 hominem

2204 2489 2519 2544 clamantem
2557 2497 2609 2543 et
2633 2487 2897 2543 dicentem
2932 2503 2946 2540 :
2976 2485 3222 2556 Fingebat
3262 2485 3369 2539 haec
3419 2483 3702 2550 Homerus,
3741 2492 3788 2538 et

2204 2581 2426 2634 humana
2453 2579 2521 2633 ad
2562 2578 2697 2634 Deos
2741 2575 3110 2649 transferebat;
3139 2575 3309 2630 divina
3325 2575 3525 2629 mallem
3551 2573 3637 2629 ad.
3655 2591 3746 2627 nos
3764 2574 3791 2628 .’

2207 2668 2434 2743 (Cicero,
2457 2669 2668 2724 Tuscut.
2692 2670 2743 2724 l.
2768 2667 2788 2742 )
2837 2667 2943 2724 Sed
2972 2667 3149 2722 verius
3175 2665 3367 2720 dicitur
3393 2663 3536 2734 quod
3560 2663 3790 2733 ﬁngebat

2206 2763 2320 2817 hare
2342 2761 2555 2831 quidem
2584 2761 2702 2826 ille;
2735 2760 2829 2817 sed
2859 2758 3166 2814 hominibus
3189 2755 3465 2827 flagitiosis
3491 2755 3668 2809 divina
3695 2754 3790 2809 tri-

2204 2853 2436 2917 buendo,
2464 2867 2532 2907 ne
2559 2850 2752 2921 flagitia
2780 2849 2976 2920 ﬂagitia
3005 2855 3318 2918 putarentur
3335 2847 3448 2912 ’,ει
3472 2853 3530 2900 ut
3549 2845 3788 2914 quisquis

2205 2960 2267 3000 ea
2299 2943 2527 3019 fecisset,
2559 2957 2664 2996 non
2695 2940 2939 2996 homines
2967 2939 3224 3010 perditos,
3255 2937 3353 2995 sed
3378 2937 3627 2994 caelestes
3656 2936 3789 2992 deos

2207 3036 2475 3092 videretur
2505 3035 2758 3090 imitatus.

2275 3129 2366 3184 26.
2407 3129 2474 3182 Ει
2498 3137 2708 3193 tamen,
2735 3141 2768 3182 ο
2806 3126 3002 3181 flumen
3030 3133 3339 3191 tartaream,
3367 3123 3632 3195 iactantur
3656 3125 3709 3178 iu
3736 3131 3791 3180 te

2205 3220 2297 3274 ﬁlii
2336 3219 2610 3275 hominum
2635 3260 2650 3286 ,
2695 3233 2816 3273 cum
2853 3215 3187 3275 mercedibus
3217 3223 3276 3270 ut
3302 3214 3420 3271 hzec
3459 3214 3697 3280 discant;
3735 3222 3792 3270 et

2206 3325 2395 3380 magna
2421 3325 2508 3364 res
2533 3310 2706 3379 agitur
2723 3350 2738 3375 ,
2764 3323 2886 3363 cum
2913 3306 3016 3362 hoc
3040 3307 3213 3377 agitur
3242 3305 3451 3375 publice
3477 3305 3529 3360 in
3569 3305 3708 3373 foro,
3735 3305 3790 3360 in

2203 3410 2492 3469 conspectu
2530 3398 2706 3469 legum
2734 3413 2892 3468 supra
2932 3396 3232 3452 mercedem
3273 3395 3464 3452 salaria
3488 3395 3788 3450 decernen-

2207 3491 2365 3556 tium;
2390 3500 2446 3545 et
2462 3505 2590 3546 saxa
2613 3497 2700 3544 tua
2722 3489 2954 3559 percutis
2975 3496 3030 3543 et
3049 3501 3209 3543 sonas
3228 3486 3411 3542 dicens
3434 3503 3448 3538 :
3472 3485 3608 3540 Hinc
3627 3485 3787 3540 verba

2205 3581 2516 3648 discuntur,
2549 3567 2676 3637 hinc
2717 3580 3007 3651 acquiritur
3045 3577 3352 3649 eloquentia
3378 3578 3537 3634 rebus
3565 3592 3785 3647 persua-

2203 3673 2394 3729 dendis
2423 3673 2806 3744 sententiisque
2835 3671 3162 3742 explicandis
3196 3675 3426 3726 maxime
3461 3669 3783 3726 necessaria.

2204 3764 2278 3820 lta
2309 3779 2434 3820 vero
2462 3780 2566 3818 non
2596 3778 3040 3834 cognosceremus
3066 3762 3228 3818 verba
3253 3761 3369 3817 htec
3392 3804 3408 3830 ,
3440 3762 3665 3818 imbrem
3691 3777 3788 3816 au-

2204 3869 2375 3921 reum,
2403 3865 2455 3910 et
2476 3855 2736 3925 gremium
2757 3895 2771 3919 ,
2797 3862 2852 3909 et
2875 3852 3054 3909 fucum
3077 3895 3094 3922 ,
3121 3861 3175 3909 et
3205 3853 3405 3922 templa
3430 3852 3553 3908 coeli
3572 3895 3587 3920 ,
3613 3863 3668 3908 et
3687 3853 3788 3912 alia

2203 3946 2361 4001 verba
2379 3961 2497 4016 qua:
2513 3946 2565 4000 in
2591 3961 2656 4001 eo
2685 3946 2803 4000 loco
2823 3945 3016 4015 scripta
3041 3953 3184 4010 sunt,
3213 3943 3314 3999 nisi
3334 3943 3614 3999 Terentius
3631 3943 3787 3998 indu-

2204 4047 2348 4094 ceret
2360 4052 2584 4108 nequam
2601 4036 2990 4092 adolescentem
3008 4044 3392 4106 proponentem
3407 4036 3503 4090 sibi
3523 4035 3706 4090 Jovem
3720 4035 3785 4090 ad

2204 4129 2508 4200 exemplum
2535 4129 2724 4199 stupri,
2755 4129 2880 4184 dum
2905 4136 3114 4198 spectat
3141 4126 3371 4182 tabulam
3397 4127 3682 4196 quamdam
3709 4127 3789 4195 pi-

2204 4230 2342 4276 ctam
2379 4221 2436 4275 in
2477 4221 2712 4290 pariete,
2739 4219 2830 4274 ubi
2855 4220 3027 4274 inerat
3058 4219 3260 4289 pictura
3306 4218 3422 4273 haec
3449 4237 3462 4272 :
3488 4217 3665 4273 Jovem
3691 4235 3789 4288 quo

2205 4324 2348 4384 pacto
2374 4313 2569 4369 Danaw
2587 4314 2779 4368 misisse
2797 4312 2938 4366 aiunt
2959 4311 3012 4365 in
3035 4311 3285 4382 gremium
3303 4312 3554 4380 quondam
3576 4311 3790 4364 imbrem

2205 4422 2432 4473 aureum,
2457 4409 2627 4476 fucum
2647 4409 2834 4475 factum
2851 4403 3087 4456 mulieri?
3108 4402 3176 4456 Et
3195 4401 3316 4457 vide
3339 4399 3787 4472 quemadmodum

2205 4511 2264 4553 se
2290 4497 2516 4552 concitat
2545 4495 2609 4551 ad
2638 4494 2910 4551 libidinem
2933 4535 2948 4559 ,
2989 4493 3141 4564 quasi
3169 4492 3372 4550 caelesti
3400 4491 3703 4562 magisterio
3733 4509 3746 4545 :

2205 4659 2258 4702 Al.
2295 4664 2446 4716 quem
2483 4651 2632 4723 deum
2664 4647 2891 4715 (inquit)?
2929 4649 3017 4708 Qui
3047 4648 3230 4712 templa
3267 4646 3378 4699 celi
3416 4661 3601 4718 summa
3631 4650 3791 4700 sonitu

2204 4781 2300 4838 Ego
2321 4719 2657 4886 Ιιοὲξιὲίὲἓιῖἁ
2679 4787 2775 4825 non
2807 4772 3053 4825 facerem?
3082 4778 3178 4836 Ego
3208 4784 3329 4824 vero
3367 4770 3461 4823 feci
3492 4771 3612 4822 illud
3640 4772 3707 4823 ita
3736 4783 3793 4822 ac

2767 4897 2848 4960 (In
2869 4895 3112 4960 Eunucho,
3133 4901 3228 4946 act.
3246 4895 3303 4959 5,
3325 4909 3452 4948 scen.
3472 4896 3547 4960 5.)

2274 5021 2392 5076 Non
2415 5021 2634 5076 omnino
2656 5036 2750 5092 per
2770 5021 2908 5077 hanc
2931 5021 3312 5092 turpitudinem
3337 5021 3497 5077 verba
3526 5020 3628 5076 ista
3644 5034 3796 5075 com-

2203 5113 2410 5168 modius
2443 5113 2744 5179 discuutur;
2787 5113 2881 5168 sed
2920 5129 3016 5184 per
3053 5112 3169 5169 haec
3200 5113 3364 5169 verba
3393 5108 3664 5181 turpitudo
3693 5111 3795 5166 ista

2203 5204 2554 5260 conﬁdentius
2579 5213 2932 5276 perpelratur.
2950 5204 3066 5260 Non
3087 5220 3280 5262 accuso
3296 5204 3478 5271 verba,
3501 5201 3653 5273 quasi
3669 5216 3795 5256 vasa
3821 5229 3831 5235 -

2204 5299 2374 5353 electa
2410 5307 2569 5368 atque
2598 5299 2857 5367 pretiosa;
2889 5299 2983 5355 sed
3021 5299 3204 5352 vinum
3245 5298 3443 5354 erroris
3467 5296 3608 5368 quod
3634 5297 3685 5351 in
3715 5295 3796 5350 eis

2203 5391 2353 5446 nobis
2376 5391 2753 5460 propinabatur
2778 5391 2845 5446 ab
2864 5391 3026 5447 ebriis
3065 5391 3373 5447 doctoribus
3397 5408 3410 5445 :
3433 5399 3488 5446 et
3513 5390 3613 5444 nisi
3638 5389 3793 5444 bibe-

2203 5491 2409 5539 remus,
2448 5475 2801 5541 czedebamur,
2844 5490 2942 5530 nec
2980 5476 3250 5546 appellare
3291 5477 3519 5546 aliquem
3557 5475 3792 5544 judicent

2204 5566 2440 5621 sobrium
2465 5566 2676 5621 licebat.
2707 5566 2771 5620 Et
2796 5575 2972 5621 tamen
3000 5581 3119 5636 ego,
3166 5566 3307 5622 Deus
3346 5581 3518 5629 meus,
3558 5565 3608 5619 iu
3638 5563 3792 5634 cujus

2208 5671 2496 5732 conspectu
2507 5662 2617 5732 jam
2637 5677 2822 5717 secura
2847 5670 2929 5716 est
2949 5660 3248 5716 recordatio
3270 5675 3409 5728 mea,
3429 5659 3660 5720 libenter
3675 5658 3792 5718 haec

2273 5799 2288 5828 ι
2310 5797 2441 5861 Apud
2459 5803 2569 5848 Lov.
2600 5810 2611 5847 :
2638 5806 2703 5848 A‘e
2724 5793 2908 5861 ﬂagitia
2931 5803 3230 5861 putarentur.
3245 5804 3347 5857 lion
3365 5795 3576 5860 integre.
