4116 6366
381 455 485 520 6⁵13

379 575 541 634 didici
566 615 580 638 ,
613 579 664 627 et
693 569 769 625 eis
793 562 1093 623 delectabar
1122 560 1284 617 miser
1304 599 1317 623 ,
1352 562 1405 612 et
1428 552 1497 610 ob
1523 552 1625 606 hoc
1661 549 1815 604 bonae
1841 545 1958 615 spei

378 683 514 741 puer
548 659 871 735 appellabar.

1017 720 1242 781 CAPUT
1281 717 1445 774 XVII.
1772 723 1782 754 ι

314 831 320 835 ’
383 827 710 897 Prosequitur
735 830 909 879 contra
951 817 1155 873 modum
1202 812 1490 868 exercenda:
1522 807 1798 882 juventutis
1825 806 1878 859 in
1910 818 1966 858 re

1046 907 1309 964 lilteraria.

452 1012 542 1065 27.
583 1009 711 1065 Sine
734 1021 821 1062 me
841 1047 856 1073 ,
885 1005 1026 1061 Deus
1063 1014 1215 1055 meus
1235 1041 1251 1067 ,
1282 997 1460 1053 dicere
1486 991 1683 1064 aliquid
1712 996 1767 1043 et
1790 989 1857 1044 de
1880 988 1964 1042 in-

381 1104 538 1173 genio
564 1115 686 1157 meo
713 1112 933 1155 munere
962 1105 1053 1150 tuo
1077 1136 1092 1163 ,
1124 1093 1175 1147 in
1219 1090 1407 1161 quibus
1431 1103 1461 1143 a
1487 1102 1574 1141 me
1602 1080 1965 1140 deliramentis

391 1194 740 1250 atterebatur.
766 1188 1166 1259 Proponebatur
1179 1183 1319 1238 enim
1341 1180 1470 1235 mihi
1486 1176 1753 1247 negotium
1779 1173 1965 1227 animae

380 1301 516 1341 meae
541 1286 671 1339 satis
698 1282 1015 1352 inquietum,
1042 1276 1266 1348 praemio
1287 1272 1481 1339 laudis,
1509 1278 1563 1325 et
1582 1267 1858 1324 dedecoris
1877 1264 1966 1321 vel

379 1378 654 1448 plagarum
673 1382 815 1430 metu
836 1414 853 1440 ,
883 1379 943 1426 ut
982 1370 1215 1426 dicerem
1241 1364 1403 1421 verba
1442 1361 1665 1419 Iunonis
1688 1357 1968 1413 irascentis

378 1478 433 1523 et
457 1467 687 1522 dolentis
711 1463 851 1535 quod
872 1478 979 1517 non
1008 1468 1189 1531 posset
1207 1457 1354 1513 Italia
1376 1456 1701 1511 Teucrorum
1727 1456 1968 1504 avertere

378 1550 561 1629 regem
595 1555 848 1629 (xEneid.
877 1554 964 1608 lib.
996 1553 1048 1618 1,
1072 1569 1119 1605 υ.
1146 1549 1316 1606 56-75
1336 1546 1355 1620 )
1379 1564 1394 1613 ;
1426 1562 1544 1617 quae
1576 1556 1841 1612 nunquam
1870 1539 1966 1594 Ju-

377 1664 576 1706 nonem
600 1648 799 1703 dixisse
818 1645 1089 1701 audieram
1110 1643 1230 1697 :sed
1249 1641 1618 1711 figmentorum
1642 1634 1967 1705 poeticorum

377 1741 601 1811 vestigia
617 1748 859 1795 errantes
874 1737 1021 1807 sequi
1040 1734 1378 1804 cogebamur,
1396 1738 1449 1785 et
1461 1728 1564 1783 tale
1583 1724 1779 1795 aliquid
1792 1723 1968 1777 dicere

377 1810 571 1888 solutis
587 1830 784 1895 verbis,
802 1827 958 1899 quale
985 1827 1147 1881 Poeta
1168 1822 1390 1878 dixisset
1406 1818 1678 1881 versibus;
1703 1822 1757 1869 et
1779 1813 1867 1867 ille
1887 1810 1969 1865 di-

378 1921 539 1977 cebat
557 1918 889 1983 laudabilius,
914 1917 967 1971 in
989 1929 1092 1985 quo
1108 1928 1207 1985 pro
1226 1912 1481 1982 dignitate
1497 1906 1827 1963 adumbratae
1845 1917 1968 1973 per-

378 2028 529 2070 sona:
548 2054 563 2078 ,
598 2013 691 2067 irae
709 2025 772 2067 ac
795 2008 996 2065 doloris
1025 2006 1249 2062 similior
1272 2002 1491 2058 effectus
1521 1997 1811 2061 eminebat,
1842 2008 1967 2047 ver-

380 2107 467 2162 bis
490 2106 782 2162 sentcntias
823 2108 1179 2173 congruenter
1200 2094 1568 2153 vestientibus.
1600 2089 1799 2159 thuid
1836 2084 1965 2141 mihi

382 2196 534 2264 illud,
557 2212 589 2252 o
604 2197 848 2252 veravita
875 2208 1029 2261 mea,
1044 2193 1186 2247 Deus
1208 2203 1379 2255 meus,
1402 2184 1543 2257 quod
1566 2182 1699 2239 mihi
1725 2176 1969 2235 recitanti

381 2288 774 2343 acclamabatur
808 2300 920 2356 prae
955 2282 1140 2339 multis
1172 2279 1454 2337 coaetaneis
1483 2284 1537 2331 et
1576 2271 1971 2330 conlcctoribus

381 2380 554 2435 meis?
582 2378 769 2433 Nonne
813 2390 935 2433 ecce
976 2375 1065 2429 illa
1092 2371 1269 2428 omnia
1298 2370 1472 2424 fumus
1498 2376 1551 2422 et
1575 2364 1800 2421 ventus?
1826 2362 1971 2441 Itane

381 2471 527 2526 aliud
546 2486 648 2526 non
667 2479 784 2526 erat
798 2470 887 2525 ubi
911 2472 1249 2523 exerceretur
1268 2462 1535 2533 ingenium
1555 2467 1609 2515 et
1624 2458 1799 2527 lingua
1816 2454 1971 2510 mea?

383 2563 601 2619 Laudes
627 2571 729 2618 tuac
745 2604 761 2629 ,
790 2561 1014 2616 Domine
1030 2601 1045 2624 ,
1074 2557 1260 2612 laudes
1287 2563 1389 2609 tuae
1413 2568 1507 2624 per
1532 2550 1831 2620 Scripturas
1854 2556 1971 2601 tuas

393 2655 789 2727 suspenderent
814 2653 1085 2723 palmitem
1109 2647 1287 2705 cordis
1310 2646 1448 2709 mei,
1487 2651 1541 2699 et
1562 2657 1669 2697 non
1698 2647 1973 2709 raperetur

385 2762 487 2817 per
528 2746 703 2801 inania
750 2758 1018 2815 nugarum
1067 2741 1236 2811 turpis
1275 2736 1455 2808 praeda
1500 2732 1818 2788 volatilibus.
1857 2729 1972 2783 Non

386 2838 533 2893 enim
560 2852 669 2894 uno
701 2837 864 2892 modo
897 2834 1223 2890 sacrificatur
1254 2825 1731 2899 transgressoribus
1752 2822 1970 2893 angelis.

985 2942 1213 2999 CAPUT
1250 2939 1436 2997 XVIII.

389 3041 543 3108 Quod
586 3040 813 3095 homines
835 3044 1012 3093 curant
1041 3051 1240 3091 amare
1268 3034 1398 3104 leges
1422 3030 1890 3103 grammaticorum,
1930 3034 1977 3081 et

775 3149 877 3186 non
901 3130 1184 3184 divinorum
1212 3133 1590 3198 praeceptorum.

462 3226 553 3282 28.
586 3225 721 3292 Quid
749 3233 923 3278 autem
953 3223 1147 3277 mirum
1177 3220 1318 3292 quod
1365 3218 1417 3273 in
1446 3218 1707 3273 vanitates
1736 3216 1807 3270 ita
1836 3214 1976 3270 fere-

389 3316 510 3385 bar,
538 3325 592 3373 et
621 3333 651 3370 a
680 3326 761 3381 te,
803 3316 941 3370 Deus
970 3328 1150 3380 meus,
1205 3312 1343 3366 ibam
1372 3309 1515 3364 foras
1536 3349 1551 3374 ,
1587 3307 1797 3378 quando
1845 3306 1977 3362 mihi

392 3408 638 3464 imitandi
665 3406 1095 3478 proponebantur
1119 3403 1383 3467 homines,
1408 3400 1497 3471 qui
1526 3400 1697 3469 aliqua
1723 3397 1859 3453 facta
1884 3412 1976 3452 sua

394 3515 504 3555 non
525 3500 663 3553 mala
689 3539 703 3563 ,
736 3499 780 3551 si
809 3512 928 3552 cum
958 3494 1287 3550 barbarismo
1332 3499 1423 3546 aut
1467 3490 1769 3547 soloecismo
1814 3503 1981 3543 enun-

395 3591 624 3656 tiarent,
656 3587 963 3659 reprehensi
992 3583 1489 3649 confundebantur;
1529 3584 1573 3635 si
1620 3589 1794 3634 autem
1849 3579 1974 3633 libi-

396 3681 552 3736 dines
581 3695 703 3736 suas
738 3679 954 3748 integris
981 3686 1036 3733 et
1078 3678 1182 3732 rite
1211 3673 1662 3745 consequentibus
1686 3672 1862 3727 verbis
1891 3685 1981 3726 co-

395 3775 866 3845 pioseornatequc
891 3778 1209 3835 narrarent,
1241 3766 1439 3821 laudati
1466 3763 1860 3836 gloriabantur?
1885 3761 1982 3816 Vi-

397 3868 497 3923 des
540 3868 677 3932 haec,
726 3868 981 3931 Domine,
1010 3873 1065 3920 et
1104 3873 1269 3929 taces,
1298 3861 1614 3931 longanimis
1633 3902 1648 3927 ,
1678 3869 1728 3913 et
1757 3858 1983 3913 multum

400 3959 738 4024 misericors,
769 3967 824 4013 et
850 3972 1017 4013 verax
1041 3996 1057 4012 .
1085 3953 1352 4023 Numquid
1379 3967 1590 4022 semper
1630 3949 1869 4005 tacebis?
1916 3948 1985 4003 Et

401 4064 545 4105 nunc
562 4048 705 4104 eruis
728 4050 744 4080 ⁸
763 4048 831 4103 de
849 4050 951 4103 hoc
974 4045 1358 4101 immanissimo
1378 4042 1639 4113 profundo
1659 4048 1984 4112 quaerentem

403 4149 455 4195 te
483 4139 718 4194 animam
742 4180 758 4206 ,
790 4146 843 4191 et
871 4138 1138 4192 sitientem
1166 4134 1548 4189 delectationes
1579 4142 1716 4197 tuas,
1749 4139 1803 4184 et
1837 4130 1986 4200 cujus

402 4247 500 4286 cor
528 4231 659 4287 dicit
688 4231 780 4285 tibi
814 4247 828 4283 :
865 4228 1083 4295 Quaesivi
1135 4228 1325 4281 vultum
1373 4235 1553 4289 tuum;
1581 4225 1772 4277 vultum
1812 4232 1984 4291 tuum,

404 4322 660 4389 Domine,
713 4323 965 4388 requiram
1008 4320 1175 4390 (Psal.
1230 4334 1359 4372 xxvi
1384 4357 1398 4382 ,
1460 4316 1538 4385 8).
1570 4315 1701 4369 Nam
1732 4316 1752 4345 ²
1778 4315 1931 4384 longe
1957 4330 1986 4369 a

402 4415 554 4468 vultu
589 4422 711 4478 tuo,
753 4414 804 4467 in
845 4412 1036 4466 affectu
1085 4409 1369 4465 tenebroso
1390 4406 1431 4460 ³.
1457 4407 1571 4460 Non
1593 4407 1731 4461 enim
1767 4406 1989 4474 pedibus

405 4515 499 4561 aut
551 4506 735 4575 spatiis
766 4505 1005 4558 locorum
1040 4502 1150 4555 itur
1176 4500 1270 4555 abs
1298 4510 1377 4565 te,
1423 4507 1514 4552 aut
1560 4497 1762 4552 reditur
1800 4496 1864 4549 ad
1915 4504 1987 4550 te.

406 4600 517 4653 Aut
552 4611 682 4651 vero
728 4595 867 4649 filius
922 4596 1010 4648 ille
1047 4602 1169 4647 tuus
1221 4592 1395 4646 minor
1418 4604 1583 4659 equos
1611 4631 1625 4655 ,
1657 4596 1747 4642 aut
1769 4604 1988 4656 currus,

408 4688 495 4742 vel
538 4702 702 4741 naves
745 4686 1029 4756 quaesivit,
1075 4691 1165 4738 aut
1206 4682 1433 4737 avolavit
1460 4696 1633 4752 penna
1663 4678 1876 4747 visibili,
1903 4687 1994 4734 aut

408 4788 558 4834 moto
591 4779 793 4848 poplite
825 4778 924 4832 iter
951 4776 1095 4847 egit,
1129 4783 1189 4830 ut
1240 4775 1295 4829 in
1344 4774 1625 4845 longinqua
1669 4773 1883 4843 regione
1910 4772 1993 4825 vi-

408 4886 544 4926 vens
571 4870 795 4941 prodige
840 4868 1128 4937 dissiparet
1175 4864 1319 4935 quod
1352 4864 1577 4920 dederas
1606 4862 1996 4934 proficiscenti?

411 4963 595 5019 Dulcis
623 4968 775 5030 pater
797 4958 920 5029 quia
949 4957 1178 5014 dederas
1202 4997 1216 5023 ,
1248 4964 1303 5011 et
1334 4970 1502 5025 egeno
1528 4954 1769 5009 redeunti
1796 4953 1998 5009 dulcior

416 5053 568 5126 (Luc.
594 5068 687 5116 xv,
716 5049 807 5116 12,
835 5048 949 5119 52).
979 5049 1034 5103 In
1062 5046 1256 5102 affectu
1284 5061 1411 5116 ergo
1426 5045 1708 5100 libidinoso
1730 5087 1744 5111 ,
1776 5045 1828 5100 id
1858 5045 1999 5100 enim

412 5155 499 5200 est
530 5143 839 5209 tenebroso,
870 5149 1030 5210 atque
1062 5139 1113 5194 id
1142 5147 1225 5193 est
1249 5138 1405 5208 longe
1431 5153 1459 5191 a
1491 5138 1636 5192 vultu
1674 5144 1785 5191 tuo.

486 5235 579 5290 29.
612 5234 766 5301 Vide,
787 5232 1013 5288 Domine
1042 5231 1211 5297 Deus,
1240 5238 1294 5284 et
1317 5230 1579 5299 patienter
1603 5234 1662 5281 ut
1688 5226 1835 5282 vides
1862 5228 1999 5297 vide,

419 5327 693 5400 quomodo
718 5325 1003 5395 diligenter
1022 5323 1307 5379 observent
1333 5320 1425 5375 ﬁlii
1448 5320 1721 5375 hominum
1750 5327 1901 5388 pacta
1929 5321 2007 5375 lit-

483 5469 500 5499 ⁸
524 5476 626 5516 Arn.
641 5473 717 5515 Er.
737 5471 936 5531 et_tpv.:
951 5468 1007 5513 Et
1027 5474 1120 5512 non
1136 5460 1285 5531 eruis.
1303 5458 1394 5509 Sed
1412 5457 1589 5509 melius
1602 5454 1750 5519 longe
1765 5458 1875 5509 Bad.
1893 5466 2004 5508 arn.

422 5537 476 5581 et
494 5538 600 5579 Mss.
620 5527 850 5592 praecipui
864 5540 882 5592 :_
897 5532 951 5575 Et
973 5538 1097 5574 nunc
1109 5527 1268 5592 eruis.

484 5594 505 5623 ³
526 5584 637 5640 Mss:
649 5597 753 5639 tres
768 5584 935 5651 Aug];
968 5595 1087 5637 Nam
1100 5584 1181 5635 ivi.

488 5655 510 5684 ³
530 5653 669 5713 Apud,
692 5657 800 5700 Iov.
838 5650 1041 5713 additur,
1076 5660 1330 5713 cesserant.
1364 5654 1464 5695 Am.
1486 5651 1543 5713 et_
1571 5651 1667 5704 Er.,
1699 5654 2007 5713 recesserant.

424 5705 599 5763 lnMsé.
626 5712 727 5761 alb.
754 5712 979 5769 habetur,
996 5705 1047 5760 in
1072 5710 1243 5772 affectu
1260 5721 1394 5758 eram
1419 5706 1680 5758 tenebroso.
1696 5705 1882 5772 __Apud._
1899 5706 2007 5754 Bad.

425 5788 574 5834 vero,
593 5782 705 5826 Arn.
742 5780 795 5822 et
824 5766 1029 5834 caeteros
1060 5766 1167 5819 fere
1194 5782 1365 5834 omnes
1387 5778 1491 5819 Mss.
1511 5766 1786 5834 generalior
1810 5766 2013 5817 effertur

426 5831 675 5897 sententia
700 5836 885 5897 absque
902 5833 1089 5897 addito,
1110 5831 1529 5897 utgintelligamus’
1550 5831 1697 5893 longe
1723 5844 1750 5879 a
1775 5837 1882 5883 P90
1898 5841 2012 5881 esse

428 5891 541 5951 illos
554 5897 640 5963 qui
656 5903 770 5947 sunt
790 5891 841 5946 iit
860 5891 1038 5946 aﬂectu
1054 5895 1330 5946 tenebroso.

1762 430 1961 491 LIBER
1998 427 2267 488 PRIMUS.

3539 415 3645 478 δτι

2072 552 2322 606 terarum,
2353 546 2407 595 et
2445 536 2763 609 syllabarum
2790 540 3010 605 accepta
3038 547 3069 589 a
3093 530 3359 605 prioribus
3387 529 3643 587 locatori-

2068 634 2202 695 bus,
2248 642 2301 687 ct
2326 647 2354 685 a
2399 639 2453 685 te
2478 638 2693 699 accepta
2722 636 2916 682 aeterna
2954 634 3106 695 pacta
3157 632 3426 694 perpetuae
3455 623 3641 678 salutis

2071 725 2370 794 negligant;
2406 721 2578 791 utqui
2632 720 2720 774 illa
2761 732 3012 772 sonorum
3040 724 3218 770 vetera
3244 716 3435 785 placita
3465 723 3643 771 teneat

2074 824 2166 869 aut
2184 815 2371 869 doceat
2393 854 2407 879 ,
2435 812 2482 867 si
2507 818 2688 866 contra
2717 808 3049 878 disciplinam
3083 807 3500 876 grammaticam,
3524 807 3641 863 sine

2070 906 2392 975 aspiratione
2419 903 2604 973 primae
2631 901 2845 974 syllaba:
2869 941 2884 967 ,
2916 899 3167 963 ominem,
3198 896 3428 965 dixerit,
3460 896 3640 965 displi-

2071 1007 2188 1053 ceat
2210 998 2377 1067 magis
2421 995 2739 1060 hominibus,
2782 1006 2939 1061 quam
2963 990 3008 1043 si
3056 996 3240 1042 contra
3268 997 3353 1040 tua
3378 996 3643 1058 praecepta

2075 1089 2345 1144 hominem
2372 1086 2581 1153 oderit,
2632 1100 2753 1140 cum
2781 1084 2850 1138 sit
2895 1082 3073 1135 homo.
3104 1079 3264 1146 Quasi
3295 1094 3419 1132 vero
3448 1095 3636 1148 quem-

2070 1182 2198 1235 libet
2243 1180 2512 1235 inimicum
2566 1177 2833 1232 hominem
2874 1171 3219 1245 perniciosius
3258 1171 3450 1225 sentiat
3485 1184 3644 1239 quam

2073 1272 2449 1343 ipsum‘odium
2474 1314 2489 1337 ,
2522 1286 2626 1341 quo
2654 1271 2707 1325 in
2735 1284 2857 1325 eum
2886 1268 3125 1324 irritatur
3143 1308 3159 1333 ,
3184 1275 3274 1320 aut
3301 1273 3469 1319 vastet
3497 1265 3646 1332 quis-

2072 1380 2227 1435 quam
2258 1363 2623 1434 perscquendo
2662 1362 2823 1417 alium
2871 1359 3081 1430 gravius
3104 1399 3117 1424 ,
3171 1372 3325 1427 quam
3373 1371 3464 1409 cor
3492 1371 3645 1410 suum

2071 1463 2242 1509 vastat
2271 1452 2610 1508 inimicando.
2642 1453 2712 1507 Et
2744 1460 2888 1506 certe
2926 1465 3033 1503 non
3086 1456 3167 1504 est
3195 1447 3415 1501 interior
3442 1447 3644 1500 littera-

2072 1560 2189 1600 rum
2218 1544 2437 1599 scientia
2454 1584 2468 1610 ,
2498 1557 2654 1613 quam
2685 1542 2879 1610 scripta
2905 1538 3224 1594 conscientia
3249 1579 3264 1605 ,
3296 1536 3346 1589 id
3369 1550 3426 1590 se
3453 1536 3603 1589 alteri
3630 1537 3645 1567 ί

2074 1637 2248 1693 facere
2269 1636 2409 1706 quod
2430 1636 2562 1690 nolit
2580 1635 2707 1705 pati.
2737 1634 2902 1700 Quam
2930 1642 2986 1687 tu
3013 1640 3247 1687 secretus
3275 1644 3334 1685 es
3354 1671 3369 1697 ,
3400 1629 3646 1685 habitans

2073 1734 2126 1787 in
2157 1732 2378 1787 excelsis
2403 1732 2455 1785 in
2476 1729 2706 1795 silentio,
2740 1729 2879 1782 Deus
2899 1727 3042 1781 solus
3070 1742 3323 1796 magnus,
3362 1731 3477 1799 lege
3505 1726 3645 1780 infa-

2074 1823 2275 1893 tigabili
2302 1836 2557 1893 spargens
2581 1818 2816 1890 poenales
2847 1817 3111 1872 caecitates
3138 1832 3297 1887 super
3325 1816 3532 1874 illicitas
3551 1832 3642 1871 cu-

2074 1912 2367 1983 piditates!
2406 1910 2536 1966 Cum
2589 1910 2749 1965 homo
2795 1907 3111 1979 eloquentia!
3164 1907 3357 1962 famam
3421 1910 3648 1977 quaerit,

2074 2013 2253 2059 astans
2268 2011 2391 2058 ante
2416 2002 2680 2057 hominem
2701 2001 2954 2071 judicem,
2977 2000 3351 2055 circumstante
3374 2000 3649 2054 hominum

2074 2095 2410 2152 multitudine
2431 2137 2446 2161 ,
2493 2094 2762 2148 inimicum
2790 2108 2945 2147 suum
2990 2092 3113 2147 odio
3154 2090 3534 2145 immanissima
3562 2091 3645 2144 in-

2075 2197 2314 2251 sectans,
2354 2186 2762 2257 vigilantissimc
2788 2192 2941 2239 cavet
2962 2199 3028 2239 ne
3061 2200 3158 2254 per
3185 2182 3376 2252 lingua:
3409 2196 3647 2237 errorem

2075 2278 2253 2345 dicat,
2302 2279 2442 2331 Inter
2472 2275 2772 2331 hominibus
2799 2275 2851 2339 ²;
2900 2283 2956 2328 et
2980 2289 3049 2328 nc
3076 2289 3171 2343 per
3195 2273 3387 2327 mentis
3415 2271 3652 2326 furorem

2076 2369 2344 2426 hominem
2379 2368 2583 2424 auferat
2602 2383 2666 2422 ex
2701 2366 3012 2421 hominibus
3035 2407 3050 2433 ,
3095 2380 3200 2419 non
3229 2373 3398 2419 cavet.

2677 2502 2903 2559 CAPUT
2942 2500 3085 2557 XIX.

2185 2620 2428 2678 Pueritiw
2455 2620 2569 2674 vitia
2603 2633 2714 2689 qua:
2737 2618 2791 2671 in
2828 2618 3044 2688 majores
3064 2623 3234 2670 aetates
3273 2622 3548 2669 transeunt.

2150 2733 2236 2789 50.
2298 2733 2497 2787 Horum
2542 2744 2641 2799 ego
2696 2740 2827 2797 puer
2866 2741 3072 2781 morum
3118 2723 3655 2795 inliminejaeebam

2079 2828 2262 2891 miser,
2309 2833 2364 2879 et
2405 2822 2561 2892 hujus
2589 2835 2765 2875 arenae
2812 2820 3054 2888 palmstra
3081 2826 3195 2872 erat
3221 2818 3305 2871 illa
3327 2858 3341 2883 ,
3373 2817 3459 2870 ubi
3491 2817 3659 2886 magis

2081 2919 2330 2975 timebam
2376 2915 2763 2972 barbarismum
2792 2913 3004 2980 facere,
3040 2926 3199 2983 quam
3227 2912 3477 2967 cavebant
3503 2912 3546 2965 si
3578 2912 3658 2965 fa-

2080 3026 2256 3068 cerem
2283 3053 2299 3078 ,
2348 3024 2452 3063 non
2486 3007 2802 3063 facientibus
2830 3006 3091 3061 invidere.
3121 3005 3250 3060 Dico
3297 3005 3412 3060 haec
3440 3014 3494 3061 et
3524 3019 3655 3060 con-

2083 3104 2238 3158 fiteor
2266 3101 2396 3167 tibi,
2449 3100 2590 3154 Deus
2642 3112 2825 3165 meus,
2877 3098 2930 3151 in
2954 3096 3143 3167 quibus
3173 3096 3428 3165 laudabar
3453 3096 3519 3151 ab
3545 3096 3657 3163 eis,

2082 3198 2274 3268 quibus
2305 3196 2512 3264 placere
2563 3200 2687 3246 tunc
2715 3190 2846 3245 mihi
2882 3197 2998 3245 erat
3044 3189 3268 3245 honeste
3295 3190 3489 3244 vivere.
3542 3188 3659 3244 Non

2083 3288 2223 3343 enim
2277 3284 2525 3340 videbam
2555 3282 2861 3353 voraginem
2890 3279 3232 3350 turpitudinis
3266 3279 3319 3333 in
3350 3294 3506 3349 quam
3535 3294 3662 3349 pro-

2079 3381 2251 3451 jectus
2277 3392 2423 3432 cram
2452 3374 2518 3429 ab
2552 3374 2719 3430 oculis
2750 3373 2871 3427 tuis.
2899 3371 3031 3426 Nam
3060 3371 3113 3424 in
3146 3370 3252 3424 illis
3283 3369 3392 3439 jam
3423 3370 3547 3439 quid
3577 3383 3663 3423 me

2085 3471 2275 3527 foedius
2310 3468 2427 3536 fuit,
2460 3466 2552 3521 ubi
2592 3466 2751 3520 etiam
2795 3462 2989 3518 talibus
3038 3461 3403 3532 displicebam,
3435 3459 3663 3515 fallendo

2087 3556 2565 3616 innumerabilibus
2594 3553 2883 3610 mendaciis
2907 3560 2961 3607 et
3006 3550 3348 3621 paedagogum
3370 3590 3385 3615 ,
3415 3558 3465 3604 et
3494 3550 3660 3620 magi-

2087 3662 2228 3707 stros
2252 3693 2264 3716 ,
2305 3657 2359 3704 et
2386 3655 2635 3717 parentes
2678 3658 2862 3699 amore
2898 3642 3151 3707 ludendi,
3195 3640 3367 3696 studio
3394 3639 3666 3710 spectandi

2087 3741 2395 3813 nugatoria,
2454 3748 2507 3794 et
2548 3736 2787 3792 imitandi
2834 3734 3036 3789 ludicra
3080 3732 3473 3803 inquietudine?
3500 3732 3664 3788 Furta

2090 3836 2248 3889 etiam
2287 3831 2544 3886 faciebam
2596 3828 2662 3883 de
2690 3826 2908 3883 cellario
2934 3834 3213 3897 parentum
3260 3834 3313 3879 ct
3352 3824 3419 3879 de
3443 3839 3621 3879 mensa
3644 3864 3661 3891 ,

2089 3925 2173 3979 vel
2200 3924 2319 3994 gula
2372 3920 2736 3991 imperitante,
2789 3916 2875 3972 vel
2929 3924 2989 3971 ut
3033 3915 3281 3969 haberem
3320 3914 3459 3984 quod
3487 3914 3666 3994 darem

2092 4015 2292 4087 pueris,
2320 4013 2502 4067 ludum
2529 4026 2679 4065 suum
2710 4009 2837 4063 mihi
2858 4049 2873 4075 ,
2906 4023 3012 4077 quo
3059 4007 3253 4076 pariter
3293 4006 3475 4075 utique
3508 3988 3671 4059 'dele-

2092 4109 2388 4173 ctabantur,
2414 4114 2587 4159 tamen
2610 4100 2981 4157 vendentibus.
3003 4100 3056 4153 In
3082 4113 3189 4169 quo
3209 4098 3367 4152 etiam
3390 4096 3513 4151 ludo
3532 4097 3671 4150 frau-

2097 4202 2339 4257 dulentas
2364 4196 2612 4252 victorias
2635 4234 2651 4261 ,
2683 4195 2796 4264 ipse
2822 4207 2958 4246 vana
2979 4191 3000 4222 ³
3026 4189 3352 4246 excellentiae
3378 4188 3664 4256 cupiditate

2094 4295 2297 4359 victus,
2326 4303 2467 4359 saepe
2512 4286 2831 4355 aucupabar.
2884 4282 3021 4350 Quid
3070 4290 3244 4336 autem
3291 4288 3395 4334 tam
3426 4279 3670 4335 nolebam

2097 4387 2225 4457 pati,
2280 4392 2435 4451 atque
2462 4380 2730 4442 atrociter,
2762 4377 2808 4431 si
2833 4375 3283 4445 deprehenderem
3304 4413 3318 4438 ,
3346 4372 3627 4441 arguebam
3654 4410 3672 4437 ,

2103 4490 2257 4546 quam
2306 4473 2359 4527 id
2406 4470 2545 4541 quod
2572 4468 2690 4523 aliis
2717 4466 2973 4521 faciebam
2996 4506 3013 4531 ,
3046 4474 3097 4520 et
3124 4465 3167 4519 si
3200 4463 3561 4533 deprehensus
3584 4477 3672 4516 ar-

2101 4581 2310 4639 guerer,
2339 4563 2526 4619 saevire
2551 4560 2718 4630 magis
2743 4572 2899 4629 quam
2920 4556 3113 4611 cedere
3142 4554 3379 4608 libebat?
3404 4552 3576 4608 Istanc
3596 4559 3680 4608 est

2108 4658 2414 4716 innocentia
2446 4653 2700 4725 puerilis?
2725 4650 2837 4705 Non
2865 4657 2965 4715 est,
2998 4648 3252 4713 Domine,
3284 4662 3388 4703 non
3418 4655 3499 4701 est
3531 4665 3543 4700 :
3577 4662 3674 4701 oro

2105 4761 2180 4820 te,
2214 4752 2355 4805 Deus
2380 4761 2550 4803 meus.
2580 4743 2710 4799 Nam
2741 4743 2855 4797 haec
2882 4742 2995 4811 ipsa
3024 4748 3147 4795 sunt
3174 4755 3290 4809 quae
3318 4754 3346 4791 a
3376 4738 3675 4808 paedagogis

2105 4854 2160 4899 et
2185 4839 2471 4912 magistris,
2503 4853 2531 4891 a
2560 4835 2807 4900 nucibus,
2838 4842 2891 4887 et
2910 4832 3084 4902 pilulis
3106 4872 3120 4897 ,
3150 4838 3204 4885 et
3232 4828 3564 4899 passeribus,
3608 4826 3677 4880 ad

2105 4936 2385 5009 praefectos
2426 4940 2480 4987 et
2504 4943 2658 5001 reges
2683 4969 2698 4997 ,
2742 4940 2926 4981 aurum
2952 4964 2968 4991 ,
3000 4922 3213 4993 praedia,
3245 4919 3535 4989 mancipia;
3567 4917 3681 4972 haec

2107 5030 2219 5101 ipsa
2248 5025 2464 5083 omnino
2490 5036 2608 5093 quae
2659 5015 3061 5074 succedentibus
3110 5011 3398 5081 majoribus
3440 5009 3682 5063 aetatibus

2114 5099 2411 5184 transeunt,
2444 5114 2598 5171 sicuti
2626 5110 2807 5167 ferulis
2834 5107 3036 5177 majora
3090 5102 3343 5174 supplicia
3371 5099 3678 5155 succedunt.

2112 5210 2436 5272 Humilitatis
2464 5219 2593 5277 ergo
2620 5204 2828 5273 signum
2853 5200 2905 5255 in
2927 5205 3123 5252 statura
3152 5192 3419 5265 pueritiae,
3439 5192 3552 5245 Rex
3587 5204 3684 5245 no-

2111 5318 2239 5374 ster,
2270 5301 2534 5376 probasti,
2565 5312 2686 5353 cum
2711 5294 2831 5350 aisti
2852 5311 2864 5347 :
2889 5290 3095 5346 Talium
3121 5295 3189 5343 est
3216 5302 3423 5357 regnum
3449 5285 3684 5339 caelorum

2117 5396 2323 5470 (Matth;
2354 5408 2467 5459 χιχ,
2497 5388 2608 5461 14).

2176 5560 3108 5630 iatteriﬂon,iuXm“03d-C“‘P4MS§-
3144 5565 3200 5607 Μ’
3448 5622 3533 5630 --μ
3573 5615 3588 5630 -'

2176 5584 2193 5607 ³
2214 5584 2466 5623 Αιιενιηοη
2482 5584 2652 5679 ,Ιιωιω
2669 5584 2811 5615 noun.
2830 5584 2939 5614 cum
2956 5584 2989 5609 ιιι
3004 5584 3108 5610 tu».
3144 5584 3200 5607 tu.
3577 5615 3588 5623 .

2176 5640 2196 5669 ²
2218 5645 2346 5695 t.ov.,
2364 5632 2506 5695 iuter_
2520 5627 2884 5695 toinines._Pat_et
2906 5623 3169 5695 legendum
3188 5630 3303 5695 esse
3318 5622 3552 5695 algis.
3565 5617 3692 5695 frter

2116 5677 2633 5755 ιιοηιῖἶιίιὲἰιέἷὲὸὶἑίηθ
2653 5677 2986 5755 mentione}
3009 5684 3133 5755 ίῐιίςν
3150 5678 3331 5755 om"?
3346 5691 3369 5755 ἔ
3388 5677 3691 5755 εὶυὲἮὲἓξῩ

2117 5704 2410 5755 hominibus;
2433 5704 2512 5744 vel
2527 5704 2633 5743 Sine
2653 5704 2941 5801 asnptrauone
2962 5721 2975 5746 ,
3009 5704 3133 5735 uuer
3150 5704 3328 5731 unruwo
3352 5715 3364 5728 .
3388 5704 3514 5740 quuu
3532 5704 3690 5783 ηυεῖυ-

2117 5764 2272 5813 stinus
2289 5760 2339 5807 in
2363 5754 2644 5817 exemplum
2661 5766 2701 5817 a7
2725 5758 2800 5801 ert
2816 5749 3069 5817 locutionis
3084 5747 3690 5817 iucqngruaeeteavent-ae;

2183 5797 2884 5883 31‘‘i’uaii-arv,Ijitittla-ironia?cum
2899 5797 3065 5862 grass.
3100 5797 3276 5870 quibus
3300 5799 3645 5863 adstipulantur
3665 5797 3696 5852 Ξ

2121 5896 2225 5939 Mss.
2244 5883 2367 5949 apud
2388 5886 2516 5931 mart.
2540 5886 2592 5929 M.
