2058 3183
304 296 356 323 Pro
368 295 436 323 bonis
448 296 496 325 sibi
509 297 536 324 in
549 298 657 332 pueritia
667 299 767 326 collatis
780 298 834 326 Deo
846 301 941 335 gratias
956 302 1018 337 agit.

302 354 346 382 51.
361 353 413 381 Sed
427 358 526 387 tamen,
543 355 652 382 Domine
662 376 669 389 ,
685 356 731 383 tibi
741 356 964 385 excellentissimo
976 362 1055 394 atque

266 399 366 436 optimo
380 399 510 427 conditori
523 405 550 428 et
562 401 659 428 rectori
678 401 870 435 universitatis,
895 402 949 430 Deo
963 408 1054 432 nostro

265 447 378 481 gratias,
394 446 497 474 etiamsi
516 454 560 474 me
583 454 696 482 puerum
710 451 810 475 tantum
832 455 890 476 esse
912 449 1050 478 voluisses.

265 492 345 520 Eram
360 494 429 520 enim
457 494 535 520 etiam
551 499 622 527 tunc,
638 495 758 522 vivebam
772 496 780 511 ¹
795 501 872 531 atque
887 497 1031 525 sentiebam
1044 519 1050 532 ,

264 546 403 573 meamque
418 539 635 572 incolumitatem,
651 541 789 576 vestigium
802 542 984 569 secretissimm
995 544 1052 570 uiii-

264 586 324 612 tatis
347 593 378 612 ex
394 594 443 620 qua
458 593 529 612 cram
543 608 548 618 ,
565 594 635 613 curm
653 587 799 620 habebam;
816 589 993 616 custodiebant
1009 591 1049 617 iii-

263 631 357 657 teriore
373 638 450 658 sensu
466 632 643 665 integritati-in
668 641 793 660 sensuum
818 642 938 661 nieorum
949 656 955 666 ,
972 636 1049 670 inque

261 676 325 710 ipsis
338 678 434 711 parvis,
453 686 643 713 parvaruiiique
659 687 748 706 rerum
765 680 966 715 cogitationibus
981 682 1049 709 veri-

261 727 312 749 tate
327 723 487 750 delcclabar.
505 724 569 751 Falli
597 725 717 752 nolebam
733 747 740 758 ,
756 727 884 754 memoria
909 727 1028 762 vigcbam
1040 750 1047 762 ,

260 768 391 796 locutione
405 770 564 803 instruebar,
577 771 690 797 amicitia
705 772 847 804 muleebar,
861 773 990 807 fugiebam
1002 774 1049 801 do—

259 814 357 848 lorem,
375 817 560 850 abjeclionciii,
577 818 761 851 ignorantiam.
784 818 850 852 Quid
873 820 899 846 in
922 821 966 847 tali
992 821 1048 848 ani-

289 883 467 920 'Si(:\t_ss.t-um
549 884 740 920 plerisque,'ubi
756 890 817 920 Ιλυν.⁸
828 887 935 912 habent:
954 892 981 914 Et
993 889 1047 920 jam

257 916 312 938 tunc
324 913 449 948 timicqu.
460 928 487 931 ——
501 916 527 938 Iit
540 913 594 945 jam
607 913 661 940 hinc
670 915 774 941 vit-ebant
784 936 791 947 ,
809 918 877 948 juxta
894 913 1003 945 Souiinal'.
1017 913 1046 946 "ei

257 945 329 970 iioud.
341 952 395 969 cum
404 944 419 968 4
428 949 479 970 uss.
498 949 524 968 ii.

823 186 1079 226 CONFESSIONUH
1093 189 1122 218 S.
1137 189 1205 221 AUC
1211 190 1318 220 USTINI

1846 205 1895 237 670

1108 252 1197 285 mante
1218 257 1270 276 non
1294 250 1416 279 mirabile
1438 256 1517 292 atque
1530 252 1683 290 laudabile?
1694 257 1729 285 At
1743 258 1792 289 ista
1806 263 1896 296 omnia

1108 292 1155 321 Dei
1169 294 1222 321 mei
1235 294 1305 322 dona
1318 300 1395 329 sunt;
1411 305 1463 324 non
1478 298 1541 325 milii
1555 307 1604 335 ego
1618 300 1677 328 dedi
1693 302 1750 337 haec
1762 312 1769 330 :
1783 309 1810 332 et
1823 293 1892 335 bona

1107 344 1177 372 sunt,
1193 344 1220 368 et
1234 341 1290 369 haec
1303 343 1391 370 omnia
1401 350 1461 379 ego.
1471 344 1560 373 Bonus
1573 354 1637 382 ergo
1650 353 1693 375 est
1705 349 1750 384 qui
1763 350 1825 379 fecit
1838 361 1895 388 me,

1105 389 1133 415 et
1145 386 1202 420 ipse
1215 391 1257 419 est
1268 387 1367 425 bonum
1386 397 1492 422 meum,
1508 395 1535 424 et
1548 392 1583 421 illi
1593 393 1697 427 exsulto
1716 395 1794 431 bouis
1807 386 1895 427 omni;

1105 430 1155 458 bus
1169 432 1265 467 quibus
1278 434 1357 461 etiam
1380 442 1447 470 puer
1468 444 1550 471 eram.
1568 438 1623 466 Hoc
1636 441 1705 467 enim
1730 444 1871 476 peccabam
1884 469 1894 482 ,

1104 478 1172 511 quod
1189 486 1239 505 non
1255 480 1280 506 iii
1297 480 1368 514 ipso,
1397 482 1443 509 sed
1472 483 1496 510 in
1522 486 1649 512 creaturis
1666 486 1740 521 ejus,
1756 496 1798 516 me
1811 478 1889 525 atque

1103 525 1207 551 exteris
1220 526 1238 558 ι,
1254 526 1417 561 voluptates,
1433 528 1607 558 sublimitates
1618 552 1625 564 ,
1642 533 1766 561 veritates
1786 542 1890 570 qurere-

1103 568 1179 601 baiii;
1196 574 1273 604 atque
1299 572 1332 598 ita
1359 573 1492 601 irruebam
1515 575 1540 601 iii
1564 576 1686 609 dolores,
1711 579 1889 615 confusioncs,

1103 622 1217 642 errores.
1235 616 1338 643 Gratias
1352 618 1407 651 tibi,
1424 619 1535 646 dulcedo
1560 629 1618 648 mea
1629 643 1635 654 ,
1651 627 1678 650 et
1699 623 1783 651 honor
1797 633 1871 654 metis
1881 647 1890 661 ,
1900 625 1912 631 ⁸

1102 663 1129 686 et
1143 660 1235 687 fiducia
1264 670 1338 695 mea,
1356 663 1425 691 Deus
1450 673 1524 692 meus
1539 668 1654 702 :gratias
1682 669 1729 697 tibi
1753 670 1787 698 de
1806 672 1884 699 donis

1101 706 1172 738 tuis;
1188 707 1234 733 sed
1250 712 1274 734 tu
1290 709 1353 736 mihi
1378 718 1409 737 ea
1426 717 1511 738 serva.
1537 713 1573 739 Ita
1597 714 1668 741 enim
1692 717 1809 744 servabis
1823 726 1886 751 mc;

1100 756 1127 778 et
1141 753 1314 787 augebuiitur,
1330 760 1356 782 et
1371 757 1541 790 perficientur
1566 767 1625 793 qua:
1646 760 1743 789 dedisti
1768 764 1848 798 mihi,
1863 770 1890 792 et

1100 803 1145 823 cro
1160 798 1215 831 ipse
1229 803 1331 833 tecum;
1346 802 1406 835 quia
1421 807 1447 829 et
1461 807 1489 830 ut
1503 805 1564 838 sim,
1580 809 1607 831 tu
1622 805 1716 839 dedisti
1741 808 1818 836 mihi.

1131 864 1138 878 ¹
1153 864 1207 904 tiad2
1218 869 1266 901 Ain.
1278 869 1351 904 emet
1361 872 1414 904 Lor.
1426 872 1532 904 rgetcraa.
1547 873 1691 904 Castigatum
1701 879 1739 900 est
1754 882 1785 900 ex
1794 880 1848 901 Arii.
1863 881 1889 903 et

1099 897 1264 936 tissLtttrteris.
1282 899 1372 936 Quippe
1384 900 1428 936 hoc
1439 900 1593 936 locoi'atetur
1609 897 1888 936 iugugﬁiiis'EéiE'éé

1100 907 1151 918 ms.
1162 907 1264 921 tinens.
1282 907 1372 953 Uulpfic
1384 907 1428 925 noc
1439 907 1490 926 ioco
1505 907 1593 928 iatetur
1609 907 1757 936 Augustinus
1771 913 1799 932 se
1814 908 1839 932 in
1857 915 1884 933 eo

1098 929 1303 968 ,iquotl:
1312 933 1627 968 voupiates,subliiiiitates
1636 952 1643 964 ,
1656 936 1785 968 veritates,
1798 944 1846 963 non
1859 939 1884 964 in

1098 957 1160 986 Deo,
1172 958 1216 981 sed
1229 957 1252 982 iii
1268 960 1348 990 seipse
1362 957 1387 986 et
1398 957 1516 988 creaturis
1523 957 1718 997 uastiiic’rér'éii

259 1004 1886 1116 ᾖ

285 1150 317 1175 Ad
334 1150 516 1187 mtateinaliam
527 1150 689 1187 progreditur,
707 1151 809 1183 primum
826 1159 880 1186 qua:
896 1153 1066 1191 adolescentize
1073 1163 1132 1193 suae,
1142 1158 1166 1183 id
1183 1163 1230 1190 est,
1239 1165 1338 1188 sextum
1353 1164 1474 1190 decimum
1481 1167 1537 1196 vim
1553 1172 1771 1207 mm,qn€mm
1785 1176 1882 1204 μίση,

285 1188 324 1206 mo
339 1182 423 1206 studiis
438 1185 580 1206 intermissis
596 1185 777 1207 consunmSerat
792 1183 865 1207 uenio
880 1190 908 1207 ac
930 1183 1069 1207 Ιίὺιᾶιηιῇιις
1085 1188 1213 1207 ιηιιιιιημηε
1240 1192 1268 1207 ..Α
1285 1198 1394 1207 mm“...
1410 1201 1508 1207 ..ηκμμ
1525 1205 1573 1207 μω

254 1181 324 1206 domo
339 1182 423 1206 studiis
438 1181 777 1216 intermissis_consumpSerat
792 1181 865 1213 gerito
880 1190 909 1220 ac
930 1183 1069 1212 libidinibus
1078 1181 1230 1223 ιῂῇῂίᾇεῖιὲζ¹
1239 1181 1657 1232 ἷιῖι“ῐιῖἓεῖιιὲἔ“ἒὲῖό’ςξιῗῗῶ“¹ε“ιιὶ“νῖ
1664 1181 1771 1234 Ἦόῧξ
1782 1181 1884 1230 5m

254 1212 377 1234 admodum
388 1213 412 1234 in
420 1212 569 1234 diiudicanda
581 1212 644 1234 iurm
660 1219 674 1234 ιι
691 1219 719 1234 se
736 1217 792 1234 tunc
808 1217 924 1234 tamnnrig
938 1221 992 1234 nim
1010 1217 1130 1234 υνιοιιιιηη
1146 1225 1284 1234 mnu.--“

254 1212 377 1238 admodum
388 1213 412 1237 in
420 1212 569 1244 dijudicando
581 1212 644 1238 furto
660 1219 675 1237 a
691 1219 719 1238 se
736 1212 924 1245 tunc’temporis
938 1221 992 1240 cum
1009 1217 1131 1243 sodalibus
1146 1212 1294 1252 ﬁériiéu'aioi

952 1268 1187 1300 W

517 1330 630 1360 CAPUT
650 1329 792 1358 PRIMUM.

391 1376 571 1404 Adolescentia;
581 1379 679 1403 (etatem
692 1379 715 1403 et
727 1375 786 1403 vitia
801 1376 897 1403 recolit.

290 1434 316 1461 1.
340 1432 483 1460 Recordari
509 1432 569 1460 volo
592 1435 737 1459 transactas
763 1432 896 1461 fmditates
910 1440 998 1468 meas,
1013 1438 1040 1463 et

253 1479 375 1507 carnales
389 1478 572 1513 corruptiones
597 1478 693 1505 animai
718 1485 785 1506 meae
801 1487 808 1506 :
823 1486 877 1507 non
897 1479 968 1514 quod
991 1487 1037 1510 eas

252 1532 339 1552 amem
350 1532 359 1557 ;
371 1523 418 1551 sed
432 1529 460 1551 ut
473 1530 559 1551 amem
573 1527 598 1554 te
608 1543 616 1557 ,
632 1523 702 1551 Deus
720 1530 805 1552 meus.
829 1524 927 1552 Amore
940 1525 1038 1554 amoris

252 1571 289 1598 tui
304 1570 372 1598 facio
390 1569 478 1603 istud,
505 1569 626 1597 recolens
649 1569 705 1596 vias
730 1576 804 1597 meas
819 1570 996 1605 nequissimae
1010 1571 1037 1599 in

250 1616 426 1645 amaritudine
438 1615 634 1651 recogitationis
645 1623 722 1648 meae,
731 1620 761 1643 ut
775 1620 802 1643 tu
815 1615 949 1645 dulcescas
960 1616 1035 1651 mihi,

250 1662 362 1690 dulcedo
375 1669 428 1689 non
442 1661 537 1695 fallax,
552 1660 664 1689 dulcedo
677 1661 739 1688 felix
752 1665 779 1689 et
791 1669 894 1695 secura,
919 1667 945 1690 et
963 1663 1037 1691 colli-

248 1716 313 1743 gens
326 1709 334 1724 ¹
355 1716 398 1736 me
424 1715 439 1735 a
462 1708 627 1743 dispersione
642 1708 667 1735 in
682 1715 732 1742 qua
757 1707 888 1736 frustatim
910 1709 1036 1738 discissus

248 1761 321 1787 sum,
336 1754 397 1781 dum
410 1754 444 1781 ab
458 1762 509 1782 uno
524 1758 549 1781 te
562 1761 670 1781 aversus
684 1753 711 1781 iii
724 1754 805 1781 multa
818 1755 922 1782 evanui.
942 1755 1035 1783 Exarsi

248 1800 319 1828 enim
333 1800 474 1835 aliquando
501 1799 592 1827 satiari
615 1799 707 1827 inieris
721 1800 731 1815 ²
746 1800 772 1827 in
787 1799 981 1834 adolescentia,
1008 1805 1036 1829 et

245 1846 387 1874 silvescere
400 1853 480 1874 ausus
493 1853 552 1873 sum
566 1845 646 1874 variis
657 1849 684 1873 et
698 1845 829 1873 umbrasis
843 1847 993 1880 amoribus;
1007 1852 1035 1875 et

246 1893 382 1921 centabuit
394 1892 500 1927 species
524 1899 599 1925 mea;
614 1896 641 1920 et
664 1892 812 1926 computrui
835 1900 925 1920 coram
950 1894 1034 1921 oculis

246 1939 299 1966 tuis
311 1938 419 1974 placens
430 1937 505 1971 inihi,
518 1941 545 1965 et
556 1938 660 1972 placere
672 1937 781 1973 cupiens
791 1938 874 1966 oculis
885 1937 1031 1966 hominum.

546 1993 658 2021 CAPUT
678 1992 710 2021 11.

247 2041 349 2069 Annum
359 2040 439 2068 wtatia
450 2048 503 2068 sua
513 2040 636 2066 decimum
648 2043 745 2067 sextum
756 2040 784 2067 in
799 2040 889 2068 ardore
900 2040 1032 2069 libidinoso

545 2090 728 2120 consumptum.

278 2132 306 2160 2.
323 2133 356 2160 Et
374 2132 437 2168 quid
451 2137 507 2159 erat
520 2132 589 2166 quod
605 2139 647 2158 me
662 2131 824 2164 delectabat,
838 2131 890 2158 nisi
903 2138 993 2159 amare
1005 2136 1032 2159 et

243 2180 347 2208 amari?
362 2179 415 2207 Sed
428 2187 478 2206 non
495 2179 633 2206 tenebatur
647 2179 739 2206 modiis
754 2179 786 2206 ab
799 2178 888 2206 animo
898 2186 981 2214 usque
996 2178 1030 2207 ad

243 2226 359 2253 animum
381 2229 509 2260 quatenus
535 2229 576 2252 est
599 2224 745 2251 lumiiiosus
759 2224 863 2260 {limes
890 2225 1027 2257 amicitiai;

242 2272 289 2300 sed
304 2271 494 2300 exlialabantur
516 2271 618 2298 nebulte
644 2271 677 2298 de
701 2270 793 2298 limosa
815 2271 1028 2306 concupiscentia

242 2317 330 2345 carnis
340 2321 368 2344 et
381 2316 499 2344 scatebra
515 2316 659 2351 pubertatis
672 2337 679 2349 ,
695 2320 721 2343 et
744 2316 933 2344 obnubilabant
949 2321 1028 2351 atque

241 2364 406 2391 oll'uscabant
419 2370 465 2390 cor
480 2371 565 2391 meum
580 2385 587 2396 ,
604 2367 633 2391 ut
656 2370 707 2390 non
720 2363 915 2391 disrerneretur
927 2365 1028 2392 sereni-

241 2412 281 2437 tas
295 2409 443 2437 dilectionis
457 2417 471 2436 a
491 2409 601 2443 caligine
625 2407 750 2436 libidinis.
768 2408 912 2443 Utrumque
925 2409 951 2436 in
963 2416 1027 2437 con-

241 2454 298 2482 fuso
312 2454 460 2488 aestuabat,
476 2458 502 2481 et
526 2454 644 2489 rapiebat
670 2454 827 2481 imbecillam
847 2458 954 2482 aetatem
979 2462 1026 2490 per

240 2500 349 2534 abrupta
364 2499 553 2534 cupiditatum,
581 2503 660 2534 atque
684 2499 817 2527 mersabat
839 2499 941 2535 gurgite
954 2499 1027 2536 ﬂagi-

240 2545 345 2574 tiorum.
373 2544 521 2572 lnvaluerat
535 2551 615 2579 super
629 2551 672 2571 me
692 2544 730 2571 ira
745 2548 789 2571 tua
801 2565 809 2577 ,
823 2548 851 2572 et
863 2545 1023 2573 nesciebam.

240 2590 436 2617 Obsurdueram
460 2588 471 2605 ‘
491 2589 604 2617 stridore
624 2594 724 2617 catenis
749 2589 915 2618 mortalitatis
939 2598 1023 2624 mea,

269 2660 279 2704 ἶ
355 2656 669 2724 ἐδάη
678 2687 762 2714 satiari
773 2687 896 2720 ίπῡιίενίε.
904 2679 1026 2720 κὶρωιιι-

239 2726 293 2744 mus
302 2736 309 2748 ,
320 2722 354 2749 in,
360 2722 429 2750 juxta
437 2723 489 2743 Mss.
503 2722 528 2743 et
541 2723 594 2743 Arn.
735 2750 741 2755 ~
817 2750 821 2755 I
876 2750 880 2755 '

270 2751 314 2786 {in
324 2749 392 2786 tibiis
403 2749 476 2786 editis
481 2749 620 2786 atiiienrioo
633 2749 901 2786 Sommahoﬁocietatis
911 2752 982 2786 Jequ
999 2754 1025 2776 et

238 2787 253 2807 ι
260 2781 350 2817 Thema
357 2779 432 2817 Blasio
440 2797 448 2811 ,
457 2779 547 2812 legitur
552 2788 562 2817 _:
575 2778 670 2817 limem
678 2778 752 2817 limes.
759 2780 879 2817 incodtce
964 2778 1025 2817 lima:

238 2817 317 2848 nasus:
326 2809 459 2848 Dtl‘qbique
465 2809 589 2848 corrupte:
595 2809 644 2848 illic
653 2812 717 2848 enim
725 2811 801 2848 defiet
809 2811 953 2848 Augustiiius
960 2812 1024 2848 quod

238 2842 368 2879 sese‘intra
376 2841 485 2879 honestae
493 2841 602 2879 amicitiae
608 2841 701 2879 limites
709 2841 771 2879 haud
779 2841 937 2879 continuerit;
950 2841 1023 2868 adeo-

239 2872 972 2929 “ideiﬁliilinﬂi‘iiﬁ‘ﬂlsﬂtdzmﬁuimm
983 2903 1024 2930 ob-

1094 1344 1173 1372 ptena
1198 1342 1329 1376 superbiai
1344 1344 1439 1374 animm
1452 1354 1538 1382 mete;
1553 1353 1581 1377 et
1593 1349 1664 1384 ibam
1688 1351 1792 1392 longius
1805 1361 1820 1386 ti
1835 1358 1861 1385 te
1871 1374 1882 1390 ,

1093 1388 1121 1411 et
1134 1385 1244 1438 sine-bas
1252 1397 1259 1422 ;
1275 1393 1301 1418 et
1311 1390 1440 1438 jactabar,
1453 1398 1480 1422 et
1494 1394 1657 1433 ell'undebar,
1670 1402 1697 1429 et

1092 1433 1120 1457 et
1139 1430 1297 1461 ebulliebam
1314 1443 1362 1470 per
1384 1430 1672 1476 fornicationesvineas,
1688 1448 1715 1471 et

1095 1476 1200 1504 tardum
1220 1479 1343 1513 gaudium
1367 1485 1472 1511 meum!
1489 1484 1605 1514 Tacebas
1619 1491 1692 1528 tunc,
1707 1493 1734 1526 et
1747 1496 1796 1529 ego
1809 1490 1880 1529 ibam

1091 1528 1174 1556 porro
1195 1523 1272 1560 longe
1284 1534 1299 1553 a
1323 1531 1348 1555 te
1361 1528 1387 1555 in
1402 1530 1477 1567 plura
1499 1532 1600 1560 sterilia
1618 1523 1720 1562 semina
1734 1523 1855 1564 dolorum

1093 1569 1208 1604 superba
1223 1571 1369 1607 dejectione
1380 1595 1389 1608 ,
1403 1579 1429 1602 et
1442 1576 1558 1619 inquieta
1573 1577 1737 1609 lassitudine.

1131 1615 1157 1643 3.
1172 1615 1235 1649 Quis
1246 1615 1496 1650 mihimoderaretur
1509 1623 1517 1638 ί
1530 1632 1675 1655 aerumnam
1686 1634 1783 1662 meam,
1794 1632 1820 1656 ct
1831 1637 1880 1657 no-

1088 1659 1255 1689 vissimarum
1279 1670 1366 1692 rerum
1390 1666 1494 1702 fugaces
1516 1668 1726 1703 pulchritudines
1753 1673 1781 1701 in
1800 1681 1878 1702 usum

1089 1710 1212 1738 verteret,
1229 1715 1371 1745 earumque
1388 1706 1561 1741 suavitatibus
1574 1718 1658 1742 metas
1676 1716 1835 1753 praefigeret,
1849 1723 1879 1746 ut

1089 1757 1172 1786 usque
1184 1752 1216 1779 ad
1233 1754 1371 1790 conjugale
1390 1756 1463 1785 littus
1480 1763 1660 1788 exaestuarent
1673 1760 1768 1790 fluctus
1791 1764 1878 1791 :ctatis

1087 1804 1164 1829 mete,
1179 1798 1200 1825 si
1214 1801 1388 1835 tranquillitas
1399 1802 1424 1830 in
1438 1803 1477 1831 eis
1488 1812 1539 1832 non
1552 1810 1657 1840 poterat
1671 1815 1740 1841 esse,
1751 1808 1803 1836 ﬁne
1814 1818 1878 1845 pro.

1087 1843 1261 1873 creandorum
1276 1846 1418 1875 liberorum
1433 1854 1567 1885 contenta,
1586 1852 1655 1880 sicut
1666 1843 1822 1888 praescribit
1830 1856 1874 1885 lex

1087 1892 1141 1922 tua,
1154 1890 1274 1924 Domine,
1289 1892 1333 1927 qui
1356 1893 1453 1922 formas
1467 1895 1546 1923 etiam
1567 1899 1739 1935 propaginem
1754 1901 1876 1929 mortali-

1086 1935 1147 1962 tatis
1172 1940 1270 1964 nostra:
1285 1938 1306 1971 ¹,
1330 1944 1424 1974 potens
1438 1941 1576 1976 imponere
1601 1943 1689 1972 lenem
1711 1953 1818 1974 manum
1841 1947 1875 1975 ad

1086 1985 1323 2017 temperamentum
1333 1985 1468 2020 spinarum
1480 1995 1495 2014 a
1508 1989 1631 2023 paradiso
1642 1984 1688 2018 tuo
1696 1991 1876 2020 seclusarumi

1084 2025 1141 2054 Non
1155 2027 1225 2054 enim
1241 2028 1318 2064 longe
1331 2035 1372 2058 est
1391 2039 1406 2058 ει
1429 2032 1505 2060 nobis
1526 2035 1715 2070 omiiipotentia
1731 2040 1784 2075 tua,
1796 2038 1873 2066 etiam

1084 2078 1145 2099 cum
1158 2073 1236 2108 longe
1259 2082 1350 2103 sumus
1370 2084 1385 2103 τι
1405 2081 1440 2105 te.
1457 2077 1510 2106 Aut
1534 2084 1606 2107 certe
1629 2073 1874 2111 sonituin‘nubium

1085 2120 1190 2145 tuarum
1204 2119 1352 2155 vigilantius
1370 2122 1537 2151 adverterem
1555 2133 1561 2151 τ
1579 2124 1776 2154 Tribulationem
1791 2133 1874 2156 autem

1084 2164 1167 2191 carnis
1180 2164 1305 2192 habebunt
1317 2166 1472 2202 hujusmodi.
1484 2168 1539 2204 Ego
1552 2175 1635 2197 autent
1649 2172 1717 2199 vobis
1729 2181 1803 2208 porco
1809 2182 1821 2206 ,'
1834 2178 1869 2206 et,

1083 2209 1182 2237 Bonum
1194 2216 1230 2238 est
1247 2212 1342 2239 homini
1355 2214 1483 2241 mulierem
1498 2224 1548 2246 non
1561 2220 1681 2253 tangere;
1692 2222 1727 2251 et,
1746 2219 1795 2252 Qui
1814 2221 1872 2248 sine

1081 2263 1160 2283 uxore
1184 2261 1230 2291 est,
1250 2258 1342 2293 cogitat
1362 2267 1392 2286 ea
1412 2268 1467 2295 quae
1479 2265 1538 2288 sunt
1553 2261 1610 2296 Dei,
1629 2264 1751 2298 quomodo
1773 2265 1872 2300 placeat

1082 2299 1136 2327 Deo
1152 2309 1161 2328 :
1175 2301 1217 2336 qui
1230 2308 1313 2330 autem
1326 2305 1485 2333 matrimonio
1494 2307 1599 2342 junctus
1613 2313 1659 2343 est,
1672 2310 1762 2345 cogitat
1777 2319 1806 2338 ea
1815 2319 1872 2346 quc

1081 2351 1139 2374 sunt
1153 2348 1253 2381 mundi,
1269 2350 1392 2384 quomodo
1406 2351 1503 2386 placeat
1516 2354 1591 2381 uxori
1612 2354 1637 2390 (1
1654 2354 1713 2383 Cor.
1728 2363 1774 2389 vn,
1788 2355 1869 2395 28,1,

1082 2391 1124 2424 52,
1141 2392 1185 2426 35,
1200 2392 1258 2430 54).
1272 2393 1323 2421 Has
1338 2403 1401 2432 ergo
1413 2403 1492 2424 voces
1504 2399 1658 2428 exaudirem
1671 2400 1829 2436 vigilantior,
1844 2392 1871 2430 et

1077 2437 1196 2466 abscisus
1211 2443 1319 2475 propter
1335 2447 1442 2475 regnum
1465 2441 1591 2473 caelorum
1613 2444 1723 2480 (Matth.
1737 2454 1793 2481 XIX,
1813 2446 1868 2483 l2),

1078 2482 1180 2513 felicior
1195 2491 1377 2521 exspectarem
1389 2489 1527 2525 amplexus
1541 2494 1610 2518 tuos.

1112 2530 1138 2557 4.
1155 2529 1207 2559 Sed
1217 2531 1326 2560 eli‘erbui
1339 2532 1431 2567 miser,
1444 2543 1558 2572 sequens
1572 2537 1699 2573 impetum
1710 2539 1799 2568 ﬂuxus
1812 2540 1867 2569 mei

1077 2574 1170 2603 relicto
1188 2580 1230 2609 te;
1249 2582 1276 2605 et
1296 2580 1398 2607 excessi
1415 2581 1504 2609 omnia
1523 2582 1639 2618 legitima
1658 2588 1713 2617 tua,
1734 2593 1783 2614 nec
1797 2588 1869 2615 evasi

1077 2618 1179 2658 flagella
1189 2626 1232 2649 tua
1246 2631 1252 2649 :
1263 2623 1321 2659 quis
1330 2624 1400 2653 enim
1412 2625 1464 2667 hoc
1472 2626 1623 2656 mortalium
1630 2628 1641 2655 2
1648 2628 1715 2657 Nam
1725 2634 1751 2658 tu
1763 2639 1870 2668 semper

1078 2665 1173 2694 aderas
1185 2667 1394 2698 misericorditer
1410 2664 1530 2705 saeviens,
1548 2677 1576 2701 et
1592 2675 1764 2704 amarissimis
1781 2684 1870 2712 asper-

1074 2719 1142 2748 gens
1159 2713 1348 2745 odeusionibus
1368 2724 1462 2746 omnes
1478 2718 1583 2747 illicitas
1596 2720 1773 2755 jucunditates
1782 2730 1865 2757 meas,

1075 2781 1341 2821 ﬂammantem
1353 2783 1460 2821 αξσίομιπ
1474 2786 1630 2821 Marium.
1645 2793 1740 2814 nemon
1749 2789 1867 2821 adcanto

1074 2812 1193 2846 vocabulo
1201 2811 1312 2846 stridore,
1321 2814 1386 2846 quod
1396 2815 1426 2839 ad
1441 2822 1515 2841 aures
1528 2811 1644 2843 refertur.

1107 2844 1282 2883 1352i???
1290 2844 1354 2883 ηρπξ
1365 2849 1390 2870 ει
1397 2852 1473 2883 e999
1481 2853 1566 2883 mes
1573 2848 1673 2883 tabem.
1682 2849 1866 2883 Mm:

1075 2879 1147 2911 quam
1156 2874 1286 2911 lectionem
1297 2882 1381 2911 parum
1389 2874 1466 2911 abfuit
1473 2881 1500 2903 ut
1511 2874 1718 2911 praeligeremli.

1108 2907 1118 2921 ¹
1126 2909 1152 2930 In
1159 2909 1212 2931 Mss.
1223 2907 1327 2937 optimis,
1339 2907 1423 2933 mortis
1437 2907 1535 2934 murti.
