4116 6366
222 5621 235 5646 ι
317 5613 436 5658 totas
453 5617 625 5658 manus
639 5601 685 5654 ei
699 5601 816 5653 dedi
831 5598 1086 5652 vesaniw‘li

334 418 410 484 37.,
1586 418 1594 428 -
1647 404 1847 490 Linea
1887 402 2261 473 suosunus.

310 539 369 587 ut
398 530 472 586 ita
499 539 795 600 quaererem
817 525 933 588 sine
958 521 1251 582 offensione
1269 519 1549 595 iucundari
1571 538 1586 589 ;
1611 531 1664 584 et
1685 521 1776 577 ubi
1801 521 1902 578 hoc

309 633 527 693 possem
554 632 659 673 non
688 617 986 678 invenirem
1011 616 1324 688 quidquam,
1344 625 1536 685 prmter
1558 624 1630 681 te,
1657 614 1896 682 Domine,

309 719 506 783 praeter
527 719 579 766 te
593 710 682 780 qui
701 708 852 779 ﬁngis
867 708 1109 772 dolorem
1124 709 1176 762 in
1193 715 1457 777 praecepto
1479 706 1597 779 (Ps.
1613 721 1768 774 xcut,
1780 705 1896 778 20),

309 815 362 860 et
379 801 615 873 percutis
642 811 699 856 ut
724 815 902 867 sanes,
929 810 983 856 et
1001 800 1200 856 occidis
1228 815 1324 855 nos
1342 815 1406 854 ne
1431 799 1720 854 moriamur
1739 799 1833 855 abs
1851 807 1901 858 te

314 895 492 966 (Deut.
520 909 698 959 xxxii,
715 892 830 964 59).
854 892 950 952 Ubi
979 906 1146 959 eram,
1171 900 1224 948 et
1243 906 1399 961 quam
1422 891 1578 961 longe
1597 891 1899 946 exsulabam

305 999 340 1041 a
359 983 566 1041 deliciis
582 983 772 1038 domus
790 992 912 1050 tute,
929 997 1069 1038 anno
1085 983 1176 1040 illo
1197 989 1347 1038 sexto
1365 981 1572 1037 decimo
1589 982 1758 1036 aetatis
1779 996 1898 1038 car-

308 1077 394 1132 nis
422 1092 578 1141 meaa,
610 1091 730 1130 cum
756 1076 961 1146 accepit
985 1077 1037 1130 in
1081 1090 1170 1130 me
1206 1083 1501 1145 sceptrum,
1529 1082 1585 1130 et
1614 1081 1752 1128 totas
1784 1088 1898 1126 ma-

310 1183 415 1236 nus
434 1168 484 1224 ei
508 1166 651 1234 dedi,
680 1167 895 1224 vesania
924 1166 1161 1226 libidinis
1182 1167 1221 1233 ¹,
1240 1166 1531 1222 licentiosa:
1551 1181 1646 1236 per
1670 1164 1898 1220 dedecus

315 1261 632 1328 humanum,
661 1260 857 1318 illicita:
902 1269 1080 1316 autem
1118 1274 1218 1328 per
1259 1259 1402 1330 leges
1434 1258 1586 1314 tuas?
1630 1257 1747 1316 Non
1803 1257 1901 1314 fuit

307 1369 442 1416 cura
467 1366 710 1408 meorum
738 1361 974 1408 ruentem
1006 1350 1255 1424 excipere
1290 1365 1376 1406 me
1401 1350 1771 1417 matrimonio;
1802 1349 1899 1406 sed

306 1458 438 1504 cura
463 1442 561 1500 fuit
589 1450 793 1498 tantum
830 1451 890 1498 ut
917 1441 1180 1500 discerem
1206 1455 1508 1504 sermonem
1539 1441 1714 1504 facere
1739 1455 1896 1512 quam

307 1534 597 1605 Optimum,
625 1543 681 1590 et
704 1532 1028 1604 persuadere
1055 1533 1306 1590 dictione.

910 1645 1137 1703 CAPUT
1176 1646 1264 1701 Ill.

321 1739 398 1798 De
451 1740 851 1813 peregrinatione
900 1739 1186 1794 studiorum
1238 1753 1409 1807 causa,
1432 1745 1480 1794 et
1524 1738 1587 1793 de
1637 1748 1900 1811 parentum

969 1831 1248 1902 proposito.

383 1926 440 1981 5.
466 1924 535 1980 Et
555 1939 698 1979 anno
716 1923 930 1995 quidem
959 1923 1052 1978 illo
1074 1923 1376 1978 intermissa
1395 1931 1551 1979 erant
1565 1921 1734 1978 studia
1757 1937 1895 1988 mea,

307 2017 443 2074 dum
487 2016 615 2071 mihi
651 2017 869 2072 reducto
911 2032 942 2071 a
969 2015 1266 2082 Madauris,
1314 2017 1368 2071 in
1415 2031 1517 2087 qua
1553 2017 1724 2071 vicina
1766 2016 1901 2072 urbe

309 2113 424 2185 jam
453 2126 718 2183 cmperam
747 2112 1058 2166 litteratum
1096 2119 1253 2180 atque
1279 2110 1523 2166 oratoriae
1551 2109 1900 2180 percipiendae

310 2205 483 2278 gratia
528 2205 875 2276 peregrinari,
925 2205 1308 2274 longinquioris
1345 2203 1483 2274 apud
1526 2201 1900 2273 Carthaginem

307 2299 758 2370 peregrinationis
796 2307 1037 2368 sumptus
1077 2297 1528 2368 praeparabantur,
1559 2296 1900 2352 animositate

311 2391 484 2461 magis
507 2405 663 2462 quam
691 2391 880 2460 opibus
906 2390 1093 2460 patris,
1118 2390 1400 2459 municipis
1418 2388 1792 2460 Thagastensis
1807 2387 1901 2442 ad-

312 2483 533 2539 modum
561 2485 752 2539 tenuis.
781 2481 879 2538 Cui
901 2497 1060 2538 narro
1085 2482 1237 2538 haec?
1264 2481 1444 2552 Neque
1468 2483 1608 2537 enim
1630 2482 1739 2548 tibi,
1763 2483 1902 2537 Deus

308 2592 470 2633 meus
494 2595 508 2632 :
539 2575 633 2632 sed
657 2576 794 2646 apud
822 2585 874 2632 te
899 2591 1058 2630 narro
1079 2575 1194 2631 haec
1215 2576 1396 2646 generi
1422 2589 1564 2641 meo,
1591 2575 1772 2645 generi
1799 2574 1900 2628 bu-

309 2685 498 2735 mano,
545 2669 1028 2740 quantulacumque
1055 2683 1121 2722 ex
1150 2668 1404 2738 particula
1452 2667 1686 2722 incidere
1728 2674 1904 2737 potest

309 2764 372 2820 in
400 2763 530 2817 istas
555 2776 702 2818 meas
725 2761 947 2817 litteras.
972 2760 1039 2815 Et
1061 2759 1249 2830 utquid
1283 2759 1416 2815 hoc?
1443 2758 1510 2816 Ut
1535 2758 1780 2814 videlicet
1805 2774 1904 2830 ego

312 2863 371 2911 et
410 2854 648 2925 quisquis
673 2852 790 2908 haec
813 2851 959 2924 legit,
1001 2853 1290 2923 cogitemus
1332 2851 1399 2906 de
1443 2865 1600 2922 quam
1637 2851 1903 2924 profundo

311 2937 652 3003 clamandum
677 2947 747 3000 sit
789 2945 852 2999 ad
880 2953 953 3000 te.
997 2945 1064 2999 Et
1092 2944 1216 3016 quid
1262 2945 1480 3015 propius
1523 2943 1738 3010 auribus
1777 2946 1900 3014 tuis,

312 3039 361 3096 si
391 3055 484 3094 eor
511 3039 772 3095 confitens
795 3047 848 3094 et
873 3039 978 3092 vita
1009 3053 1074 3092 ex
1098 3037 1200 3091 ﬁde
1225 3038 1345 3092 est?
1369 3037 1496 3104 Quis
1520 3025 1665 3092 enim
1687 3053 1791 3092 non
1813 3053 1904 3092 ex-

313 3131 540 3188 tollebat
562 3133 804 3188 laudibus
833 3140 958 3187 tunc
976 3130 1246 3185 hominem
1267 3138 1472 3200 patrem
1503 3146 1678 3194 meum
1701 3133 1742 3197 ’,
1763 3131 1904 3202 quod

309 3225 459 3282 ultra
473 3226 619 3282 vires
641 3227 717 3282 rei
739 3225 1013 3280 familiaris
1040 3239 1150 3280 suae
1172 3224 1505 3294 impenderet
1525 3224 1632 3278 ﬁlio
1653 3225 1904 3295 quidquid

311 3319 478 3374 etiam
514 3319 668 3390 longe
708 3316 1061 3389 peregrinanti
1101 3315 1391 3371 studiorum
1435 3330 1592 3370 causa
1637 3330 1771 3386 opus
1814 3330 1903 3372 es-

311 3411 440 3466 set?
478 3409 759 3465 Multorum
787 3408 935 3465 enim
959 3408 1153 3463 civium
1183 3407 1340 3478 longe
1364 3407 1751 3478 opulentiorum
1783 3407 1903 3462 nul-

311 3504 427 3559 lum
461 3504 562 3558 tale
588 3503 858 3574 negotium
889 3515 984 3572 pro
1011 3501 1191 3555 liberis
1219 3508 1370 3555 erat:
1402 3514 1521 3554 cum
1561 3499 1760 3554 interea
1798 3514 1904 3556 non

311 3603 585 3665 satageret
605 3593 744 3649 idem
774 3602 926 3664 pater
950 3592 1119 3663 qualis
1146 3605 1440 3647 crescerem
1471 3591 1587 3660 tibi,
1630 3600 1720 3646 aut
1745 3606 1903 3662 quam

313 3673 503 3743 castus
533 3702 742 3751 essem;
766 3685 1057 3741 dummodo
1082 3699 1255 3740 essem
1283 3684 1530 3749 disertus,
1557 3685 1639 3738 vel
1662 3685 1904 3754 desertus

310 3782 492 3853 potius
513 3795 542 3835 a
565 3781 775 3835 cultura
800 3787 907 3844 tua,
922 3779 1099 3841 “Deus,
1128 3778 1216 3849 qui
1237 3791 1294 3833 es
1316 3792 1449 3832 unus
1477 3791 1636 3832 verus
1656 3785 1710 3834 ct
1732 3777 1902 3832 bonus

311 3873 574 3928 Dominus
602 3873 714 3942 agri
742 3871 815 3926 tui
837 3869 1012 3926 cordis
1041 3869 1167 3925 mei.

317 3949 320 3952 ’
387 3965 440 4020 6.
469 3963 576 4020 Sed
623 3963 714 4019 ubi
757 3971 907 4018 sexto
955 3962 1044 4016 illo
1069 3969 1124 4016 et
1148 3960 1356 4016 decimo
1381 3975 1544 4029 anno,
1589 3961 1903 4032 interposito

311 4057 426 4112 otio
447 4071 513 4112 ex
540 4055 859 4110 necessitate
885 4053 1172 4110 domestica
1202 4050 1418 4108 feriatus
1437 4052 1503 4108 ab
1533 4052 1677 4107 omni
1699 4052 1901 4120 schola,

312 4166 438 4205 cum
484 4147 792 4220 parentibus
818 4133 935 4202 esse
979 4145 1138 4216 cmpi,
1169 4153 1514 4200 excesserunt
1540 4153 1697 4216 caput
1725 4160 1903 4209 meum

313 4256 507 4313 vepres
556 4239 864 4304 libidinum;
910 4246 963 4293 et
1009 4237 1150 4292 nulla
1194 4243 1308 4291 erat
1361 4234 1635 4290 eradicans
1692 4251 1902 4294 manus.

315 4333 569 4401 Quinimo
588 4332 675 4387 ubi
693 4346 778 4387 me
794 4331 883 4385 ille
906 4339 1052 4400 pater
1074 4329 1123 4382 in
1147 4328 1347 4384 balneis
1359 4327 1486 4381 vidit
1508 4328 1900 4397 pubescentem,

316 4435 372 4482 et
413 4426 647 4497 inquieta
695 4424 935 4479 indutum
966 4420 1346 4489 adolescentia,
1377 4421 1527 4491 quasi
1561 4421 1668 4489 jam
1699 4435 1763 4474 ex
1802 4420 1903 4476 hoc

314 4518 369 4574 in
397 4524 622 4586 nepotes
643 4516 888 4588 gestiret,
911 4512 1146 4584 gaudens
1182 4511 1335 4565 matri
1362 4510 1644 4574 indicavit;
1669 4511 1902 4582 gaudens

315 4607 609 4663 vinolentia
629 4607 684 4660 in
704 4621 808 4677 qua
836 4613 886 4659 te
909 4604 1007 4658 iste
1029 4601 1257 4658 mitndus
1282 4600 1475 4655 oblitus
1501 4607 1585 4656 est
1607 4609 1902 4672 creatorem

316 4683 497 4763 suum,
528 4707 581 4754 et
616 4704 917 4752 creaturam
950 4703 1090 4762 tuam
1124 4708 1218 4764 pro
1243 4700 1294 4747 te
1331 4693 1546 4761 amavit,
1579 4693 1644 4747 de
1671 4693 1792 4748 vino
1822 4693 1903 4749 in-

317 4789 512 4846 visibili
557 4803 824 4860 perversre
865 4795 1022 4856 atque
1051 4784 1312 4839 inclinatae
1337 4782 1356 4814 ³
1385 4784 1438 4838 in
1490 4785 1591 4838 ima
1617 4783 1902 4840 voluntatis

315 4899 448 4940 sum.
476 4882 582 4940 Sed
610 4882 795 4937 matris
821 4881 873 4934 in
903 4885 1115 4954 pectore
1141 4878 1248 4950 jam
1277 4877 1619 4933 inchoaveras
1648 4879 1900 4949 templum

317 4985 489 5039 tuum,
518 4982 572 5028 et
593 4971 868 5028 exordium
899 4978 1096 5026 sanctae
1125 4969 1464 5023 habitationis
1490 4978 1592 5023 tua:
1621 4983 1774 5023 :nam
1808 4969 1901 5026 ille

306 5064 493 5120 adhuc
515 5063 950 5127 catechumenus,
984 5071 1039 5116 et
1068 5059 1168 5114 hoc
1203 5074 1389 5114 recens
1430 5068 1561 5114 erat.
1605 5058 1786 5130 Itaque
1815 5059 1900 5113 illa

303 5157 550 5214 exsilivit
569 5156 657 5227 pia
683 5155 1034 5226 trepidatione
1060 5166 1122 5207 ac
1139 5160 1403 5218 tremore;
1431 5159 1484 5206 et
1498 5152 1738 5221 quamvis
1769 5151 1900 5206 mihi

306 5265 374 5322 uo
390 5249 557 5306 ndum
585 5245 746 5310 ﬁdeli,
776 5244 950 5300 timuit
984 5251 1158 5300 tamen
1198 5242 1310 5297 vias
1331 5241 1601 5307 distortae,
1636 5242 1687 5298 in
1712 5243 1900 5312 quibus

302 5355 390 5394 am
409 5339 596 5396 bulant
615 5338 703 5408 qui
732 5345 936 5407 ponunt
958 5335 1022 5390 ad
1047 5343 1100 5389 te
1130 5343 1358 5405 tergum,
1382 5339 1438 5388 et
1457 5348 1561 5388 non
1590 5332 1796 5388 faciem.

389 5433 420 5487 7
430 5473 441 5484 .
471 5431 567 5487 Hei
590 5429 717 5484 mihi
737 5430 750 5483 !
774 5439 824 5484 et
847 5427 1017 5500 audeo
1031 5427 1210 5501 dicere
1231 5425 1452 5482 tacuisse
1477 5434 1546 5488 te,
1574 5426 1710 5480 Deus
1726 5440 1896 5493 meus,

1182 5535 1239 5600 in
1258 5548 1333 5588 me
1364 5533 1559 5600 luxurio
1572 5541 1832 5600 sceptrum,
1847 5543 1901 5600 iet

1077 5594 1281 5650 ibidim's.
1299 5604 1348 5647 In
1366 5594 1470 5649 aliis
1503 5594 1748 5661 plerisque
1771 5594 1900 5649 codi-

317 5671 456 5719 cibus
477 5667 688 5716 habetur
709 5665 760 5713 in
782 5671 935 5722 recto,
953 5661 1143 5713 vesania
1156 5675 1183 5723 ,1
1194 5669 1242 5723 et
1257 5663 1398 5723 abest
1413 5659 1525 5721 vox,
1547 5659 1756 5710 illl‘ttl‘itl.

384 5732 406 5761 ²
420 5726 534 5789 ouis
550 5726 675 5778 enim
691 5721 928 5778 hominum
948 5737 1040 5774 non
1055 5721 1308 5789 eatoUebat
1330 5721 1550 5774 («tatibus
1583 5729 1692 5772 tunc
1715 5730 1900 5787 patrem

317 5785 479 5846 meum
507 5786 531 5838 ?
552 5792 697 5838 Juxta
712 5795 884 5840 50mm.
906 5794 957 5837 et
973 5785 1116 5837 80nd.
1137 5793 1192 5834 Μ.

395 5849 422 5885 υ
437 5858 521 5901 ω.
541 5851 760 5914 Lyrensis
776 5884 790 5913 ,
805 5861 1056 5915 perversae
1072 5854 1208 5912 atque
1228 5845 1497 5899 inclinatus.

381 5545 398 5577 ί
434 5551 546 5593 nov.
566 5549 736 5592 Somni.
759 5547 811 5590 et
826 5539 966 5598 Blas.,
985 5551 1068 5588 acc

2008 538 2129 580 cum
2156 526 2286 582 irem
2313 525 2408 582 abs
2436 534 2488 584 te
2514 529 2739 601 longius.
2770 532 2916 593 Itane
2943 544 2998 593 tu
3023 539 3234 614 tacebas
3259 551 3383 603 tunc
3408 550 3579 607 mihi?

2100 617 2248 716 cujus
2270 629 2440 688 erant,
2471 622 2571 679 nisi
2593 634 2700 692 tua,
2722 628 2880 684 verba
2901 629 2986 685 illa
3007 646 3104 701 per
3130 611 3352 693 matrem
3382 655 3578 716 meam,

2008 707 2216 766 ﬁdelem
2249 722 2409 780 tuam,
2435 731 2553 785 qua:
2576 719 2801 776 cantasti
2826 721 2878 776 in
2917 737 3072 780 aures
3105 729 3284 783 meas?
3310 730 3418 787 Nec
3457 707 3578 792 inde

2007 806 2294 880 quidquam
2313 808 2589 867 descendit
2617 813 2670 868 in
2695 829 2809 883 cor,
2836 825 2894 874 ut
2919 817 3147 876 facerem
3179 821 3327 879 illud.
3356 825 3582 884 Volebat

2007 898 2147 952 enim
2171 900 2277 965 illa,
2308 911 2360 957 et
2388 913 2595 960 secreto
2620 908 2839 963 memini
2861 918 2921 965 ut
2949 915 3214 970 monuerit
3237 930 3358 972 cum
3384 919 3581 976 sollici-

2006 991 2188 1046 tudine
2217 992 2413 1062 ingenti
2451 1010 2521 1051 ne
2556 994 2865 1067 fornicarer,
2898 1003 3233 1075 maximeque
3275 1021 3345 1062 ne
3370 1009 3578 1066 adulte-

2003 1097 2177 1138 rarem
2204 1083 2514 1155 cujusquam
2544 1102 2785 1146 uxorem.
2817 1090 2916 1158 Qui
2950 1093 3080 1148 mihi
3125 1097 3355 1153 monitus
3393 1101 3580 1157 mulie-
3662 1089 3666 1093 ”

2006 1175 2130 1232 bres
2178 1177 2506 1246 videbantur,
2551 1181 2742 1250 quibus
2777 1183 3145 1256 obtemperare
3187 1188 3576 1247 erubescerem.

2003 1265 2082 1324 Illi
2110 1277 2284 1324 autem
2317 1269 2388 1324 tui
2410 1281 2580 1338 erant,
2610 1282 2664 1328 et
2686 1275 3013 1342 nesciebam;
3051 1284 3105 1332 et
3134 1285 3184 1334 te
3224 1287 3399 1336 tacere
3424 1290 3578 1352 puta-

2003 1360 2147 1429 bam,
2177 1370 2334 1432 atque
2353 1363 2499 1418 illam
2518 1364 2682 1435 loqui,
2705 1381 2800 1437 per
2814 1383 2970 1437 quam
2995 1369 3121 1424 mihi
3140 1378 3194 1425 tu
3215 1386 3319 1426 non
3343 1374 3576 1442 tacebas,

2003 1462 2058 1510 et
2071 1453 2124 1508 in
2142 1453 2227 1508 illa
2239 1454 2661 1512 contemnebaris
2673 1472 2703 1510 a
2723 1472 2809 1512 me
2823 1456 2932 1513 ﬁlio
2951 1459 3084 1528 ejus,
3104 1460 3213 1516 ﬁlio
3232 1462 3434 1517 ancillae
3451 1471 3577 1532 tuae,

2001 1558 2158 1600 servo
2187 1552 2292 1599 tuo.
2321 1543 2427 1601 Sed
2452 1545 2774 1611 nesciebam,
2807 1557 2859 1602 et
2879 1564 3116 1619 prmceps
3141 1551 3281 1606 ibam
3305 1559 3448 1607 tanta
3475 1568 3580 1608 cm-

2001 1635 2180 1702 citate,
2213 1643 2269 1690 ut
2309 1636 2447 1690 inter
2473 1645 2770 1693 coaetancos
2809 1654 2957 1696 meos
2983 1640 3205 1710 puderet
3232 1657 3319 1698 me
3359 1643 3580 1700 minoris

2001 1726 2298 1790 dedecoris,
2339 1728 2588 1797 quoniam
2624 1728 2902 1784 audiebam
2949 1745 3040 1785 eos
3080 1732 3341 1801 iactantes
3382 1731 3580 1804 flagitia

2003 1836 2120 1888 sua,
2149 1833 2201 1878 et
2230 1829 2374 1878 tanto
2395 1822 2683 1892 gloriantes
2709 1824 2907 1894 magis,
2947 1833 3146 1894 quanto
3189 1825 3355 1895 magis
3392 1834 3578 1896 turpes

2004 1923 2185 1974 essent
2223 1930 2236 1967 :
2280 1921 2333 1969 et
2370 1913 2567 1969 libebat
2613 1913 2786 1970 facere
2824 1930 2928 1969 non
2970 1915 3140 1969 solum
3185 1916 3401 1972 libidine
3436 1919 3575 1985 facti,

2006 2020 2189 2060 verum
2219 2005 2379 2060 etiam
2420 2005 2608 2060 laudis.
2638 2006 2775 2074 Quid
2823 2007 3040 2077 dignum
3067 2016 3151 2063 est
3195 2010 3579 2080 vituperatione

2007 2097 2106 2151 nisi
2145 2097 2363 2151 vitium?
2394 2096 2506 2167 Ego
2545 2112 2612 2152 ne
2663 2097 3028 2172 vituperarer,
3067 2099 3305 2154 vitiosior
3347 2099 3578 2167 ﬁebam;

2007 2199 2057 2244 et
2077 2189 2163 2244 ubi
2185 2205 2288 2243 non
2309 2190 2524 2244 suberat
2550 2205 2655 2260 quo
2679 2189 2911 2250 admisso
2939 2205 3178 2263 sequerer
3203 2191 3442 2261 perditis,
3477 2193 3580 2247 ﬁn-

2001 2280 2192 2352 gebam
2215 2296 2300 2338 me
2325 2281 2514 2337 fecisse
2543 2280 2683 2352 quod
2716 2296 2822 2336 non
2863 2282 3111 2351 feceram,
3144 2298 3212 2338 ne
3247 2283 3459 2340 viderer
3484 2283 3582 2338 ab-

1999 2373 2193 2444 jectior
2213 2388 2316 2444 quo
2341 2388 2484 2428 eram
2510 2373 2862 2440 innocentior,
2890 2383 2944 2430 et
2969 2390 3035 2430 ne
3056 2375 3209 2430 vilior
3228 2375 3454 2432 haberer
3477 2390 3584 2447 quo

2008 2479 2152 2528 eram
2184 2465 2399 2520 castior.

2079 2558 2131 2614 8.
2163 2558 2298 2612 Ecce
2322 2573 2441 2612 cum
2468 2557 2658 2628 quibus
2687 2558 2968 2615 comitibus
3002 2560 3102 2615 iter
3125 2561 3345 2630 agebam
3376 2561 3579 2632 platea-

2007 2664 2124 2710 rum
2157 2649 2476 2721 Babyloniae,
2505 2657 2558 2706 et
2582 2649 2856 2704 volutabar
2893 2651 2946 2704 in
2985 2664 3139 2707 coeno
3165 2651 3300 2720 ejus,
3335 2660 3582 2722 tanquam

2008 2742 2061 2800 in
2108 2741 2368 2798 cinnamis
2404 2750 2457 2797 et
2494 2741 2774 2811 unguentis
2821 2741 3088 2811 pretiosis.
3130 2742 3199 2796 Et
3242 2744 3296 2798 in
3339 2744 3584 2799 umbilico

2011 2835 2143 2904 ejus,
2177 2849 2281 2904 quo
2324 2834 2559 2889 tenacius
2605 2832 2889 2900 haererem,
2930 2834 3166 2889 calcabat
3214 2849 3299 2888 me
3344 2835 3586 2891 inimicus

2011 2925 2322 2989 invisibilis,
2381 2935 2435 2980 et
2474 2923 2758 2980 seducebat
2805 2939 2935 2991 me,
2987 2924 3109 2995 quia
3163 2940 3262 2995 ego
3311 2925 3582 2980 seductilis

2011 3032 2178 3084 eram.
2210 3015 2321 3072 Non
2352 3015 2492 3069 enim
2517 3024 2571 3070 et
2597 3015 2681 3068 illa
2704 3055 2718 3078 ,
2770 3030 2890 3084 quae
2912 3015 3022 3084 jam
3059 3014 3127 3070 de
3153 3015 3325 3070 medio
3353 3016 3584 3086 Babylo-

2009 3110 2094 3164 nis
2137 3109 2360 3179 fugerat,
2406 3107 2500 3162 sed
2548 3108 2657 3160 ibat
2706 3106 2758 3160 in
2797 3107 3004 3162 caeteris
3045 3106 3160 3175 ejus
3185 3107 3385 3162 tardior
3416 3116 3586 3164 mater

2012 3201 2187 3262 carnis
2217 3215 2370 3265 mean,
2399 3200 2534 3254 sicut
2571 3197 2775 3254 monuit
2815 3213 2901 3252 me
2926 3197 3251 3268 pudicitiam,
3284 3199 3352 3252 ita
3378 3199 3586 3252 curavit

2012 3292 2155 3364 quod
2179 3291 2246 3347 de
2278 3306 2360 3346 me
2403 3306 2431 3344 a
2464 3290 2574 3344 viro
2598 3304 2697 3344 suo
2725 3288 2984 3356 audierat,
3019 3289 3234 3359 jamque
3257 3291 3585 3359 pestilentio-

2010 3399 2128 3442 sum
2157 3385 2287 3439 etin
2328 3391 2598 3455 posterum
2643 3380 2995 3451 periculosum
3026 3380 3303 3445 sentiebat,
3339 3396 3586 3438 coercere

2012 3477 2241 3533 termino
2284 3475 2571 3545 conjugalis
2595 3473 2834 3540 affectus,
2857 3472 2901 3528 si
2929 3473 3159 3528 resecari
3185 3471 3251 3527 ad
3280 3473 3451 3528 vivum
3480 3488 3585 3528 non

2009 3577 2233 3642 poterat.
2263 3567 2378 3622 Non
2402 3567 2607 3622 curavit
2637 3567 2760 3633 hoc,
2791 3565 2909 3634 quia
2947 3573 3115 3620 metus
3136 3573 3334 3619 eratnc
3361 3565 3585 3633 impedi-

2008 3673 2155 3722 retur
2192 3677 2316 3731 spes
2349 3675 2464 3716 mea
2491 3660 2746 3729 compede
2783 3657 3000 3723 uxoria;
3033 3672 3137 3718 non
3164 3672 3285 3727 spes
3313 3658 3398 3712 illa
3427 3672 3584 3728 quam

2008 3754 2062 3812 in
2089 3763 2140 3810 te
2159 3753 2320 3808 futuri
2339 3751 2516 3807 saeculi
2547 3750 2772 3806 habebat
2791 3757 2983 3814 mater,
3008 3748 3100 3804 sed
3123 3763 3248 3817 spes
3268 3748 3581 3815 litterarum,

2011 3862 2143 3919 quas
2174 3854 2230 3901 ut
2257 3859 2468 3900 nossem
2509 3843 2666 3898 nimis
2704 3841 2913 3896 volebat
2953 3855 3145 3910 parens
3175 3848 3437 3910 uterque:
3477 3839 3584 3907 illc,

2007 3942 2134 4012 quia
2157 3939 2223 3995 de
2255 3946 2306 3993 te
2333 3951 2496 4008 prope
2526 3934 2655 3990 nihil
2675 3933 2955 4004 cogitabat,
2984 3933 3050 3988 de
3079 3947 3164 3987 me
3184 3941 3356 3988 autem
3381 3932 3584 3998 inania;

2010 4032 2099 4087 illa
2141 4040 2337 4095 autem,
2386 4027 2506 4098 quia
2548 4040 2654 4080 non
2695 4025 2866 4080 solum
2913 4023 3058 4078 nullo
3109 4022 3447 4090 detrimento,
3491 4021 3587 4078 sed

2015 4123 2172 4179 etiam
2200 4118 2454 4176 nonnullo
2489 4117 2794 4186 adjumento
2819 4115 2885 4169 ad
2913 4123 2964 4170 te
2989 4115 3386 4185 adipiscendum
3414 4113 3585 4169 futura

2011 4214 2347 4274 existimabat
2369 4211 2559 4267 usitata
2589 4210 2674 4264 illa
2699 4207 2868 4264 studia
2883 4207 3162 4263 doctrinm.
3193 4207 3268 4266 lta
3293 4209 3432 4261 enim
3455 4220 3586 4260 con-

2008 4308 2157 4378 jicio,
2188 4303 2447 4370 recolens,
2475 4311 2533 4362 ut
2553 4315 2788 4372 possum,
2815 4313 2994 4354 mores
3025 4306 3302 4370 parentum
3325 4311 3586 4362 meorum.

2011 4399 2405 4465 Relaxabantur
2428 4397 2588 4451 etiam
2616 4394 2745 4448 mihi
2773 4393 2839 4448 ad
2869 4391 3152 4447 ludendum
3181 4391 3420 4457 habente,
3452 4391 3588 4446 ultra

2009 4498 2484 4563 temperamentum
2506 4485 2823 4552 severitatis,
2855 4485 2908 4538 in
2928 4483 3326 4539 dissolutionem
3349 4481 3588 4538 affectio-

2012 4601 2138 4644 num
2159 4584 2442 4647 variarum,
2474 4587 2528 4636 et
2554 4579 2607 4635 in
2629 4577 2874 4632 omnibus
2897 4584 3013 4632 erat
3035 4575 3203 4645 caligo
3231 4573 3587 4632 intercludens

2015 4678 2165 4745 mihi,
2196 4677 2336 4733 Deus
2362 4687 2535 4740 meus,
2565 4671 2904 4728 serenitatem
2934 4667 3169 4730 veritatis
3208 4675 3337 4732 tuae;
3368 4676 3422 4728 et
3460 4682 3584 4736 pro-

2009 4773 2156 4832 dibat
2175 4781 2423 4841 tanquam
2443 4783 2508 4823 ex
2527 4765 2681 4837 adipe
2696 4764 2942 4834 iniquitas
2957 4775 3076 4818 mea
3092 4760 3260 4832 (Psal.
3279 4775 3440 4826 Lxxu,
3459 4759 3538 4830 7).

2605 4879 2832 4939 CAPUT
2871 4879 2958 4935 Ν.

2282 4979 2500 5033 Furtum
2533 4993 2647 5030 cum
2673 4970 2930 5030 sodalibus
2957 4976 3313 5042 perpetratum.

2078 5073 2128 5129 9.
2168 5072 2380 5126 Furtum
2403 5077 2546 5125 certe
2568 5066 2717 5137 punit
2742 5065 2824 5118 lex
2853 5072 2961 5129 tua,
2994 5058 3234 5124 Domine,
3265 5063 3322 5112 et
3345 5056 3428 5111 lex
3449 5057 3584 5111 scri-

2006 5175 2095 5239 pta
2122 5166 2178 5220 in
2206 5163 2452 5220 cordibus
2479 5160 2768 5222 hominum,
2792 5169 2946 5226 quam
2974 5167 3041 5207 ne
3065 5151 3177 5222 ipsa
3205 5147 3416 5218 quidem
3444 5147 3583 5202 delet

2005 5259 2270 5330 iniquitas.
2313 5256 2441 5325 Quis
2482 5252 2620 5308 enim
2663 5249 2749 5304 fur
2774 5260 2927 5317 mque
2954 5243 3132 5299 animo
3159 5241 3322 5296 furem
3355 5240 3582 5311 patitur?

2008 5353 2119 5410 Nec
2144 5352 2387 5422 copiosus
2416 5347 2657 5403 adactum
2699 5342 2893 5413 inopia.
2927 5337 2995 5392 Et
3035 5351 3132 5405 ego
3175 5333 3368 5388 furtum
3412 5331 3584 5388 facere

2009 5445 2149 5501 volui
2175 5452 2229 5498 et
2266 5441 2384 5505 feci,
2412 5439 2555 5494 nulla
2597 5425 2902 5503 compulsus
2927 5435 3163 5500 egestate
3205 5443 3302 5482 nec
3344 5425 3578 5496 penuria,

2007 5537 2099 5592 sed
2133 5533 2338 5589 fastidio
2363 5530 2579 5599 justitiac
2608 5529 2648 5594 ί,
2681 5534 2736 5581 et
2785 5525 2964 5595 sagina
3008 5519 3310 5592 iniquitatis.
3355 5520 3486 5574 Nam
3531 5517 3584 5573 id

2008 5630 2209 5684 furatus
2239 5640 2352 5678 sum
2385 5620 2523 5692 quod
2551 5617 2677 5673 mihi
2704 5615 3022 5679 abundabat,
3056 5622 3108 5668 et
3144 5613 3308 5667 multo
3345 5611 3531 5665 melius
3565 5626 3580 5665 :

2007 5735 2106 5778 nec
2144 5734 2203 5780 ea
2246 5733 2300 5772 re
2326 5715 2565 5780 volebam
2611 5711 2709 5768 frui
2742 5725 2898 5782 quam
2940 5707 3080 5766 furto
3114 5705 3453 5776 appetebam;
3485 5701 3579 5757 sed

2084 5846 2099 5876 ι
2230 5837 2588 5904 frequentiores
2608 5849 2619 5885 :
2641 5833 2739 5888 Nisi
2754 5833 2956 5900 penuria
2973 5838 3015 5884 ct
3029 5825 3446 5894 fastidiojustt'aw.
