4116 6366
552 541 670 599 .pso
697 523 836 580 furto
863 529 920 580 et
940 520 1180 596 peccato.
1219 521 1394 579 Arbor
1422 531 1536 578 erat
1562 522 1709 593 pirus
1734 522 1789 576 in
1816 520 2006 575 vicinia
2046 522 2127 573 vi-

552 634 666 675 neae
690 627 886 673 nostrze
905 616 1077 685 pomis
1101 624 1310 683 onusta,
1340 630 1440 670 nec
1472 614 1639 669 forma
1666 628 1764 669 nec
1789 627 1977 682 sapore
2007 611 2126 665 ille-

552 710 805 767 cebrosis.
834 709 915 765 Ad
948 708 1088 766 hanc
1122 707 1489 765 excutiendam
1526 715 1685 776 atque
1726 703 2125 776 asportandum,

552 802 858 875 nequissimi
880 800 1261 857 adolescentuli
1277 800 1605 871 perreximus
1620 807 1777 854 nocte
1790 799 2125 868 intempesta,

553 910 827 966 quousque
873 894 1050 948 ludum
1080 893 1147 948 de
1188 892 1504 963 pestilentia:
1532 906 1681 947 more
1724 890 1776 945 in
1820 890 1959 945 areis
2002 904 2129 959 pro-

557 987 905 1052 duxeramus;
941 993 995 1039 et
1036 984 1347 1039 abstulimus
1376 983 1497 1037 inde
1522 997 1682 1037 onera
1727 982 1977 1050 ingentia,
2023 995 2128 1034 non

554 1078 620 1131 ad
648 1087 852 1131 nostras
880 1076 1083 1145 epulas,
1110 1074 1203 1131 sed
1224 1075 1306 1129 vel
1335 1074 1657 1145 projicienda
1697 1074 1892 1142 porcis,
1924 1071 2130 1126 etiamsi

555 1169 749 1239 aliquid
780 1168 902 1224 inde
936 1168 1294 1233 comedimus;
1337 1168 1464 1223 dum
1504 1177 1679 1223 tamen
1710 1168 1861 1222 fieret
1902 1183 1933 1221 a
1978 1167 2132 1221 nobis

556 1261 694 1329 quod
743 1274 807 1313 eo
850 1259 1037 1314 liberet
1075 1273 1179 1329 quo
1220 1274 1324 1313 non
1364 1259 1565 1313 liceret.
1612 1258 1750 1313 Ecce
1791 1273 1884 1312 cor
1926 1273 2131 1322 meum,

558 1353 715 1418 Deus,
744 1365 868 1405 ecce
892 1364 985 1405 cor
1011 1365 1186 1405 meum
1210 1350 1351 1421 quod
1379 1352 1656 1406 miseratus
1685 1366 1744 1405 es
1771 1352 1821 1404 in
1849 1352 1955 1405 imo
1979 1351 2135 1422 abys-

556 1442 621 1495 si.
650 1442 797 1495 Dicat
825 1441 919 1495 tibi
948 1456 1088 1497 nunc
1112 1456 1237 1497 ecce
1270 1456 1363 1497 cor
1392 1458 1567 1497 meum
1597 1442 1722 1512 quid
1749 1443 1818 1497 ibi
1842 1442 2131 1512 quaerebat,

557 1544 610 1589 ut
638 1550 811 1591 essem
856 1536 1019 1606 gratis
1063 1536 1253 1603 malus,
1298 1544 1353 1590 et
1378 1536 1591 1591 malitiae
1632 1552 1765 1591 meae
1804 1553 1961 1592 causa
1992 1540 2135 1595 nulla

557 1636 698 1683 esset
741 1628 840 1682 nisi
883 1628 1098 1681 malitia.
1129 1626 1293 1683 Foeda
1318 1637 1451 1692 erat,
1483 1636 1538 1681 et
1573 1629 1745 1682 amavi
1783 1643 1935 1691 eam;
1963 1629 2135 1683 amavi

556 1720 772 1788 perire:
822 1720 993 1773 amavi
1038 1719 1301 1774 defectum
1346 1734 1554 1785 meum;
1586 1734 1690 1774 non
1718 1720 1842 1774 illud
1889 1719 1955 1774 ad
1994 1720 2133 1790 quod

556 1811 887 1877 deficiebam,
920 1811 1012 1865 sed
1042 1811 1303 1866 defectum
1328 1827 1503 1867 meum
1528 1812 1695 1882 ipsum
1726 1814 1895 1867 amavi
1930 1831 1944 1868 :
1972 1814 2136 1884 turpis

558 1906 733 1959 anima
759 1916 811 1959 et
832 1904 1102 1959 dissiliens
1126 1919 1155 1957 a
1183 1904 1518 1961 firmamento
1540 1915 1629 1959 tuo
1654 1907 1705 1960 in
1728 1907 2133 1973 exterminium;

560 2011 662 2052 non
690 1996 953 2052 dedecore
982 1998 999 2028 ยน
1025 1996 1244 2068 aliquid,
1285 1996 1377 2051 sed
1405 1996 1635 2052 dedecus
1659 2006 1936 2068 appetens.

1187 2110 1415 2166 CAPUT
1455 2110 1519 2165 V.

941 2202 1204 2258 Neminem
1224 2219 1434 2273 peccare
1462 2202 1568 2257 sine
1589 2219 1762 2257 causa.

631 2294 719 2350 10.
746 2294 953 2349 Etenim
989 2295 1192 2363 species
1223 2303 1305 2349 est
1338 2293 1573 2364 pulchris
1603 2293 1937 2365 corporibus,
1968 2300 2023 2349 et
2045 2307 2140 2347 au-

560 2400 641 2452 ro,
670 2394 723 2440 et
746 2394 983 2456 argento,
1012 2394 1065 2440 et
1089 2385 1368 2452 omnibus;
1392 2395 1445 2440 et
1472 2386 1525 2439 in
1546 2394 1788 2440 contactu
1813 2384 1988 2440 carnis
2012 2399 2139 2439 con-

561 2478 798 2548 gruentia
830 2478 965 2532 valet
987 2478 1293 2547 plurimum,
1325 2478 1640 2547 caeterisque
1662 2476 1905 2531 sensibus
1934 2483 2015 2531 est
2044 2489 2139 2529 sua

562 2568 751 2638 cuique
799 2567 1191 2623 accommodata
1239 2567 1561 2624 modificatio
1609 2582 1930 2636 corporum;
1975 2565 2139 2622 habet

560 2660 719 2714 etiam
760 2660 930 2713 honor
956 2659 1281 2729 temporalis,
1313 2666 1368 2713 et
1413 2658 1748 2727 imperitandi
1787 2666 1947 2729 atque
1992 2672 2140 2727 supe-

561 2750 711 2804 randi
738 2749 973 2821 potentia
1000 2764 1153 2805 suum
1187 2748 1371 2816 decus,
1399 2749 1540 2805 unde
1564 2750 1726 2805 etiam
1754 2749 1999 2805 vindicta;
2032 2750 2141 2805 avi-

561 2843 697 2897 ditas
745 2842 955 2897 oritur:
998 2851 1051 2898 ct
1087 2852 1258 2899 tamen
1315 2844 1366 2897 in
1413 2851 1601 2898 cuncta
1648 2843 1761 2898 haec
1803 2844 2142 2913 adipiscenda

568 2941 785 2987 nonest
821 2933 1197 3004 egrediendum
1240 2933 1336 2988 abs
1377 2940 1462 3000 te,
1514 2932 1772 2998 Domine,
1824 2950 1996 3005 neque
2043 2934 2141 2991 de-

562 3024 808 3078 viandum
848 3040 877 3079 a
912 3025 1027 3095 lege
1070 3033 1178 3079 tua.
1226 3026 1293 3080 Et
1336 3025 1442 3079 vita
1478 3040 1637 3095 quam
1675 3025 1761 3080 hic
1785 3026 2013 3080 vivimus
2042 3024 2141 3079 ha-

563 3115 654 3169 bet
718 3116 1019 3171 illecebram
1086 3131 1235 3171 suam
1307 3126 1523 3187 propter
1583 3116 1869 3187 quemdam
1928 3116 2143 3171 modum

564 3206 771 3262 decoris
798 3208 900 3273 sui,
932 3217 983 3262 et
1011 3208 1434 3263 convenientiam
1466 3224 1584 3263 cum
1627 3209 1709 3263 his
1734 3208 1980 3263 omnibus
2024 3208 2146 3262 infi-

565 3297 667 3352 mis
688 3298 943 3366 pulchris.
991 3299 1235 3353 Amicitia
1265 3314 1475 3369 quoque
1503 3299 1774 3353 hominum
1800 3298 1963 3356 charo
2004 3299 2145 3354 nodo

566 3388 734 3443 dulcis
762 3397 846 3445 est
873 3398 1091 3459 pr0pter
1111 3390 1363 3444 unitatem
1392 3390 1458 3444 de
1483 3390 1662 3444 multis
1688 3390 1895 3443 animis.
1924 3389 2147 3458 Propter

568 3482 813 3537 universa
854 3481 969 3536 haec
1003 3492 1160 3552 atque
1207 3481 1507 3551 huiusmodi
1531 3492 1803 3551 peccatum
1830 3481 2143 3548 admittitur,

567 3573 692 3627 dum
740 3572 1085 3627 immoderata
1129 3573 1181 3626 in
1224 3572 1323 3627 ista
1364 3573 1703 3629 inclinatione
1740 3589 1859 3628 cum
1908 3582 2146 3628 extrema

568 3664 703 3718 bona
732 3664 856 3728 sint,
888 3664 1107 3718 meliora
1133 3670 1187 3717 et
1211 3677 1416 3717 summa
1445 3662 1780 3729 deseruntur,
1809 3672 1887 3729 tu,
1924 3663 2148 3719 Domine

571 3757 711 3811 Deus
738 3765 940 3823 noster,
974 3764 1028 3810 et
1054 3756 1249 3809 veritas
1276 3762 1386 3821 tua,
1415 3764 1469 3808 et
1506 3754 1588 3808 lex
1619 3764 1725 3807 tua.
1769 3754 1974 3808 [labent
2006 3754 2148 3809 enim

566 3860 620 3904 et
648 3851 759 3904 haec
796 3850 896 3903 ima
937 3848 1336 3911 delectationes,
1381 3846 1473 3901 sed
1515 3862 1618 3900 non
1659 3848 1793 3900 sicut
1826 3847 1962 3901 Deus
1998 3861 2147 3902 meus

569 3944 657 4013 qui
687 3942 810 3997 fecit
856 3942 1071 4003 omnia;
1116 3940 1238 4011 quia
1286 3941 1338 3994 in
1383 3940 1498 4009 ipso
1528 3939 1820 3994 delectatur
1850 3938 2047 4008 justus,
2094 3947 2151 3995 et

570 4034 683 4103 ipse
710 4041 791 4087 est
813 4032 1015 4086 delicia:
1046 4038 1310 4084 rectorum
1341 4028 1521 4083 corde.

642 4126 727 4179 ll.
758 4123 888 4178 Cum
919 4123 1093 4192 itaque
1113 4122 1179 4177 de
1206 4122 1438 4177 facinore
1476 4121 1729 4191 qtimritur
1752 4136 1854 4191 qua
1883 4135 2039 4177 causa
2072 4120 2151 4175 fa-

570 4223 714 4270 ctum
742 4215 830 4280 sit,
885 4213 1030 4268 credi
1070 4227 1176 4267 non
1216 4212 1369 4276 solet,
1390 4212 1488 4266 nisi
1527 4228 1646 4266 cum
1687 4213 1951 4282 appetitus
1985 4212 2151 4280 adipi-

572 4305 754 4360 scendi
776 4304 997 4375 alicujus
1026 4304 1235 4358 illorum
1286 4303 1543 4358 bonorum
1562 4320 1679 4373 quae
1705 4304 1882 4359 infima
1901 4305 2148 4374 diximus,

572 4411 693 4452 esse
712 4396 946 4466 potuisse
970 4395 1294 4465 apparuerit,
1314 4404 1401 4448 aut
1418 4402 1590 4449 metus
1609 4396 1900 4450 amittendi.
1924 4396 2151 4451 Pulchra

576 4495 702 4541 sunt
727 4488 866 4541 enim
894 4494 947 4541 et
976 4486 1186 4551 decora,
1219 4500 1514 4555 quanquam
1542 4502 1656 4555 pra:
1691 4486 1841 4541 bonis
1868 4488 2155 4557 superiori-

576 4576 676 4631 bus
722 4585 777 4631 et
805 4578 823 4607 ยน
858 4576 1114 4630 beatificis
1159 4575 1361 4644 abjecta
1411 4585 1462 4629 et
1504 4575 1751 4645 jacentia.
1802 4577 2150 4633 Homicidium

576 4668 716 4723 fecit.
747 4669 855 4723 Cur
871 4668 993 4723 fecit
1010 4667 1033 4720 ?
1054 4667 1328 4722 Adamavit
1342 4668 1458 4735 ejus
1474 4667 1749 4737 conjugem
1766 4677 1857 4723 aut
1872 4669 2150 4739 praedium,

576 4768 670 4817 aut
703 4762 866 4815 voluit
905 4760 1199 4832 depraedari
1239 4760 1374 4814 unde
1400 4759 1619 4827 viveret,
1650 4770 1739 4815 aut
1766 4761 1937 4815 timuit
1975 4763 2155 4818 abillo

577 4853 681 4907 tale
704 4852 898 4921 aliquid
919 4852 1181 4918 amittere,
1213 4860 1303 4905 aut
1322 4851 1477 4906 laesus
1499 4852 1676 4905 ulcisci
1704 4866 1762 4906 se
1782 4854 1996 4907 exarsit.
2019 4853 2154 4908 Num

576 4944 919 4999 homicidium
951 4944 1065 4999 sine
1099 4959 1253 4999 causa
1286 4942 1501 5009 faceret,
1544 4944 1660 5014 ipso
1688 4944 1969 5001 homicidio
2007 4946 2155 5002 dele-

576 5039 785 5093 ctatus?
815 5038 943 5106 Quis
982 5037 1310 5093 crediderit?
1351 5038 1481 5091 Nam
1520 5044 1575 5092 et
1602 5037 1667 5093 de
1704 5054 1810 5108 quo
1847 5037 2044 5093 dictum
2074 5048 2157 5095 est

576 5130 789 5185 vecordi
815 5140 868 5184 et
898 5128 1056 5183 nimis
1080 5128 1279 5183 crudeli
1302 5128 1539 5195 homine,
1566 5128 1706 5200 quod
1732 5130 1958 5199 gratuito
1985 5131 2156 5199 potius

578 5224 749 5277 malus
774 5233 931 5292 atque
958 5222 1187 5277 crudelis
1208 5230 1340 5287 erat,
1374 5220 1620 5292 praedicta
1648 5231 1731 5277 est
1757 5232 1929 5278 tamen
1959 5238 2152 5278 causa:

582 5313 665 5367 Ne
709 5332 796 5383 per
826 5316 1001 5381 otium,
1036 5315 1221 5385 inquit,
1276 5322 1571 5383 torpesceret
1612 5330 1791 5367 manus
1827 5324 1916 5369 aut
1961 5316 2157 5370 animus

581 5406 598 5468 แฝท
618 5406 912 5473 Sallustius,
936 5409 998 5461 de
1014 5407 1156 5462 Bello
1180 5406 1481 5480 Caโtil.,cap.
1506 5407 1619 5480 rx).
1646 5408 1819 5475 Quare
1838 5409 1891 5464 id
1917 5410 2159 5481 quoque?

578 5512 674 5551 cur
712 5497 822 5552 ita?
852 5497 919 5553 Ut
944 5500 1147 5554 scilicet
1173 5499 1257 5553 illa
1286 5500 1663 5556 exercitatione
1696 5501 1976 5569 scelerum,
2007 5510 2158 5572 capta

583 5590 737 5657 urbe,
769 5589 1024 5660 honores,
1065 5591 1304 5661 imperia,
1336 5593 1547 5648 divitias
1575 5604 1960 5665 assequeretur,
1993 5605 2045 5651 et
2072 5610 2160 5650 ca-

644 5730 659 5762 แฝท
686 5736 756 5779 De
784 5726 965 5791 decore
982 5764 995 5788 ,
1020 5730 1158 5791 juxta
1183 5735 1363 5779 Somm.
1386 5737 1435 5780 et
1453 5730 1595 5780 nond.
1631 5738 1760 5783 Mart.
1783 5744 1845 5782 ex
1862 5733 2041 5783 33139.:
2062 5741 2161 5784 Non

582 5791 728 5843 decus
743 5788 958 5855 aliqaod,
973 5788 1070 5855 ฮฮดแฝณแฝฑ
1089 5790 1296 5842 dedecus
1321 5797 1564 5855 appetens.
1612 5801 1663 5842 at.

645 5855 667 5888 ยฒ
691 5857 746 5909 ฮตฮน
765 5850 954 5919 opibus,
967 5852 1104 5916 juxta
1122 5861 1293 5903 Somm.
1320 5850 1371 5903 et
1386 5850 1535 5902 โBond.
1558 5863 1612 5905 ฮ.

1692 5980 1717 5993 โ
1748 5990 1751 5993 .

1643 419 2155 485 CONFESSIONUM
2190 424 2248 484 S.
2292 422 2661 483 AUGUSTINI

3716 413 3821 480 680

2236 527 2379 573 reret
2406 525 2547 572 metu
2576 517 2750 585 legum
2785 522 2840 570 et
2866 512 3177 570 difficultate
3216 524 3419 577 rerum,
3454 518 3673 583 propter
3709 514 3823 568 ino-

2233 612 2374 681 piam
2417 609 2495 665 rei
2539 607 2832 675 familiaris,
2856 615 2910 662 et
2957 604 3337 661 conscientiam
3385 603 3670 660 scelerum.
3714 604 3821 661 Nec

2234 702 2349 771 ipse
2375 700 2534 771 igitur
2571 698 2795 754 Catilina
2835 696 3031 753 amavit
3067 697 3299 751 facinora
3334 709 3464 763 sua;
3498 694 3596 751 sed
3641 698 3821 766 utique

2235 794 2378 849 aliud
2403 793 2551 863 cujus
2578 806 2739 849 causa
2776 791 2864 847 illa
2902 792 3148 847 faciebat.

2898 883 3123 939 CAPUT
3161 883 3253 940 VI.

2241 977 2424 1033 Omnia
2459 994 2572 1048 quae
2598 978 2713 1033 boni
2759 977 2923 1043 specie
2965 977 3032 1029 ad
3076 977 3197 1031 vitia
3222 976 3455 1043 invitant,
3482 975 3539 1029 in
3566 974 3674 1029 solo
3716 973 3824 1029 Deo

2737 1087 2842 1125 esse
2867 1085 2983 1123 vera
3005 1079 3052 1123 et
3093 1074 3331 1141 perfecta.

2312 1158 2398 1213 12.
2429 1159 2567 1226 Quid
2595 1173 2694 1231 ego
2722 1160 2738 1191 ยน
2763 1159 2927 1213 miser
2946 1159 2998 1213 in
3028 1166 3081 1213 te
3107 1159 3300 1225 amavi,
3332 1173 3365 1213 o
3395 1158 3589 1212 furtum
3622 1172 3825 1226 meum,

2238 1265 2271 1304 o
2300 1250 2503 1305 facinus
2546 1250 2674 1305 illud
2719 1266 2894 1305 meum
2950 1258 3265 1305 nocturnum
3306 1250 3441 1304 sexti
3475 1249 3668 1304 decimi
3702 1250 3827 1302 anni

2240 1342 2411 1397 tetatis
2443 1342 2611 1396 mete?
2648 1341 2763 1396 Non
2803 1341 2943 1396 enim
2987 1340 3266 1411 pulchrum
3304 1354 3444 1405 eras,
3475 1354 3596 1393 cum
3630 1338 3827 1392 furtum

2241 1445 2424 1497 esses;
2454 1440 2546 1486 aut
2590 1446 2720 1487 vero
2744 1430 2941 1502 aliquid
2981 1446 3059 1498 es,
3092 1439 3149 1485 ut
3170 1432 3359 1501 loquar
3382 1430 3448 1484 ad
3485 1430 3573 1485 te?
3599 1429 3829 1484 Pulchra

2240 1531 2391 1578 erant
2432 1538 2587 1593 poma
2618 1523 2705 1577 illa
2728 1538 2844 1592 qua:
2870 1522 3025 1576 furati
3063 1536 3266 1589 sumus,
3312 1520 3562 1591 quoniam
3586 1528 3830 1575 creatura

2241 1622 2329 1668 tua
2372 1614 2563 1678 eratโ,
2596 1612 2953 1683 pulcherrime
2995 1613 3251 1678 omnium,
3299 1620 3507 1666 creator
3545 1611 3785 1666 omnium
3810 1651 3827 1678 ,

2241 1705 2381 1761 Deus
2428 1705 2587 1773 bone,
2621 1706 2761 1761 Deus
2789 1720 3053 1760 summum
3075 1706 3294 1771 bonum,
3335 1712 3389 1759 et
3416 1703 3613 1757 bonum
3641 1717 3830 1758 verum

2240 1811 2417 1851 meum
2442 1814 2455 1849 :
2481 1796 2697 1865 pulchra
2726 1804 2875 1850 erant
2903 1795 2990 1849 illa
3017 1809 3208 1865 poma;
3233 1793 3325 1849 sed
3352 1809 3459 1847 non
3486 1794 3596 1862 ipsa
3624 1806 3823 1847 concu-

2240 1887 2371 1958 pivit
2389 1886 2563 1942 anima
2588 1902 2706 1943 mea
2723 1887 3060 1942 miserabilis.
3086 1888 3214 1942 Erat
3231 1887 3375 1942 enim
3399 1885 3528 1939 mihi
3548 1884 3831 1941 meliorum

2240 1979 2433 2049 copia;
2476 1980 2561 2034 illa
2609 1988 2783 2035 autem
2828 1980 3071 2049 decerpsi
3100 1986 3301 2033 tantum
3342 1986 3401 2032 ut
3442 1977 3664 2033 furarer.
3696 1976 3831 2031 Nam

2241 2070 2490 2141 decerpta
2521 2072 2744 2141 projeei,
2777 2070 3021 2141 epulatus
3050 2070 3172 2124 inde
3218 2069 3385 2123 solam
3411 2068 3743 2138 iniquitatem
3774 2067 3828 2133 ยณ,

2241 2176 2345 2231 qua
2371 2161 2588 2215 laetabar
2617 2160 2795 2216 fruens
2823 2160 2864 2213 โธ.
2896 2160 3028 2215 Nam
3066 2170 3120 2215 et
3144 2161 3187 2215 si
3236 2160 3358 2229 quid
3391 2159 3602 2214 illorum
3640 2173 3833 2229 pomo-

2241 2270 2357 2310 rum
2390 2255 2603 2313 intravit
2637 2256 2688 2309 in
2717 2269 2778 2309 os
2808 2269 3010 2320 meum,
3041 2252 3437 2309 condimentum
3478 2253 3549 2308 ibi
3580 2253 3601 2284 โธ
3627 2252 3834 2306 facinus

2242 2354 2377 2400 erat.
2422 2345 2489 2399 Et
2516 2360 2675 2409 nunc,
2718 2345 2940 2399 Domine
2982 2345 3121 2399 Deus
3164 2359 3337 2407 meus,
3368 2358 3549 2414 quzero
3579 2341 3706 2413 quid
3746 2355 3836 2396 me

2243 2434 2297 2490 in
2327 2434 2469 2489 furto
2514 2434 2884 2501 delectaverit,
2905 2442 2960 2490 et
2995 2450 3120 2489 ecce
3160 2436 3364 2505 species
3391 2435 3534 2490 nulla
3577 2443 3691 2490 est:
3725 2448 3835 2488 non

2244 2524 2363 2579 dico
2404 2525 2539 2579 sicut
2567 2527 2618 2578 in
2657 2525 2902 2595 aequitate
2946 2533 3104 2595 atque
3150 2525 3474 2595 prudentia;
3520 2524 3613 2579 sed
3658 2539 3835 2595 neque

2244 2615 2381 2670 sicut
2408 2616 2461 2670 in
2489 2626 2669 2672 mente
2698 2615 2930 2671 hominis
2955 2624 3111 2685 atque
3140 2616 3393 2671 memoria
3428 2624 3482 2671 et
3510 2615 3755 2670 sensibus
3781 2624 3837 2670 et

2246 2714 2522 2777 vegetante
2559 2708 2704 2773 vita;
2734 2721 2907 2777 neque
2950 2707 3086 2761 sicut
3124 2708 3364 2774 speciosa
3407 2714 3531 2761 sunt
3573 2705 3745 2761 sidera
3781 2714 3838 2761 et

2244 2797 2438 2852 decora
2481 2798 2613 2853 locis
2639 2798 2750 2853 suis
2777 2806 2832 2853 et
2874 2806 3016 2852 terra
3042 2805 3097 2851 et
3135 2812 3281 2852 mare
3310 2797 3464 2867 plena
3499 2795 3712 2864 fetibus,
3744 2796 3836 2865 qui

2247 2889 2536 2946 succedunt
2560 2889 2826 2945 nascendo
2854 2889 3267 2955 decedentibus;
3301 2904 3406 2943 non
3434 2888 3623 2943 saltem
3651 2897 3709 2942 ut
3746 2895 3830 2943 est

2247 2979 2489 3051 quaedam
2531 2978 2788 3035 defectiva
2820 2981 3027 3050 species
3060 2989 3115 3035 et
3141 2980 3435 3036 umbratica
3476 2980 3617 3036 vitiis
3644 2979 3834 3036 fallen-

2252 3071 2413 3126 tibus.
3765 3072 3769 3077 ฮต

2320 3163 2408 3217 l5.
2457 3161 2588 3217 Nam
2627 3170 2680 3218 et
2706 3163 2951 3233 superbia
2994 3163 3362 3219 celsitudinem
3404 3163 3678 3241 imitatur;
3709 3177 3833 3219 cum

2250 3264 2306 3309 tu
2351 3256 2425 3310 sis
2464 3270 2603 3310 unus
2632 3271 2793 3327 super
2835 3258 3012 3311 omnia
3052 3258 3190 3312 Deus
3218 3258 3480 3313 excelsus.
3525 3257 3591 3311 Et
3618 3256 3839 3311 ambitio

2250 3349 2374 3418 quid
2404 3349 2507 3403 nisi
2533 3349 2762 3404 honores
2787 3350 2975 3419 quaerit
3007 3358 3062 3404 et
3093 3350 3314 3419 gloriam
3339 3367 3353 3415 ;
3378 3365 3497 3405 cum
3532 3357 3591 3403 tu
3624 3348 3699 3403 sis
3724 3363 3835 3418 pra:

2249 3438 2453 3493 cunctis
2497 3438 2838 3493 honorandus
2878 3454 3013 3493 unus
3062 3448 3115 3492 et
3143 3439 3403 3508 gloriosus
3438 3440 3489 3493 in
3534 3438 3840 3493 aeternum?

2252 3529 2321 3585 Et
2342 3531 2540 3585 sazvitia
2569 3538 2889 3599 potestatum
2917 3530 3091 3585 timeri
3118 3532 3227 3585 vult
3261 3550 3273 3585 :
3307 3532 3425 3601 quis
3450 3540 3624 3585 autem
3654 3531 3837 3586 timeno

2251 3619 2373 3688 dus,
2406 3621 2507 3675 nisi
2533 3636 2668 3675 unus
2695 3621 2869 3675 Deus?
2886 3620 3044 3690 Cujus
3065 3623 3309 3691 potestati
3330 3622 3462 3691 eripi
3483 3631 3571 3675 aut
3598 3621 3839 3676 subtrahi

2253 3712 2378 3782 quid
2416 3712 2675 3781 potestโ?
2714 3712 2943 3782 quando,
2964 3719 3055 3765 ant
3093 3711 3222 3777 ubi,.
3250 3721 3341 3767 aut
3378 3727 3501 3782 quo,
3545 3713 3628 3767 vel
3672 3729 3701 3767 a
3732 3728 3840 3783 quo

2254 3801 2467 3871 potest?
2498 3802 2566 3855 Et
2591 3801 2859 3856 blanditiae
2889 3802 3273 3856 lascivientium
3305 3802 3470 3856 amari
3495 3802 3716 3865 volunt;
3745 3802 3838 3857 sed

2254 3907 2425 3962 neque
2464 3892 2706 3946 blandius
2749 3901 2831 3947 est
2855 3892 3052 3963 aliquid
3084 3902 3169 3947 tua
3197 3892 3475 3959 charitate,
3504 3908 3605 3948 nec
3632 3901 3841 3948 amatur

2253 3982 2535 4054 quidquam
2582 3985 2866 4051 salubrius,
2899 4000 3055 4055 quam
3086 3985 3173 4039 illa
3216 4001 3323 4055 prm
3361 3987 3563 4041 cunctis
3607 3986 3840 4042 formosa

2254 4082 2307 4129 et
2327 4074 2587 4130 luminosa
2616 4076 2809 4130 veritas
2838 4085 2942 4129 tua.
2975 4075 3043 4129 Et
3062 4076 3341 4131 curiositas
3364 4076 3614 4131 affectare
3632 4077 3841 4131 videtur

2254 4164 2484 4220 studium
2532 4167 2806 4233 scientiae;
2856 4183 2977 4221 cum
3023 4178 3075 4222 tu
3122 4169 3297 4223 omnia
3349 4184 3559 4225 summe
3603 4172 3837 4225 noveris.

2254 4254 2554 4326 Ignorantia
2579 4272 2789 4327 quoquc
2819 4257 2929 4328 ipsa
2958 4266 3115 4328 atque
3142 4259 3384 4323 stultitia,
3414 4260 3770 4330 simplicitatis
3791 4270 3845 4316 et

2256 4347 2574 4402 innocentia:
2604 4350 2820 4403 nomine
2851 4350 3077 4419 tegitur;
3111 4350 3231 4420 quia
3278 4358 3328 4405 te
3358 4350 3647 4419 simplicius
3686 4351 3843 4421 quid-

2256 4454 2411 4509 quam
2460 4454 2565 4493 non
2618 4440 2899 4509 reperitur.
2956 4440 3091 4506 Quid
3139 4448 3191 4495 te
3233 4450 3410 4495 autem
3460 4442 3842 4512 innocentius,

2257 4529 2681 4600 quandoquidem
2725 4545 2887 4600 opera
2935 4531 3073 4585 sua"
3117 4531 3270 4585 malis
3313 4530 3519 4586 inimica
3566 4532 3733 4586 sunt?
3776 4531 3847 4588 Et

2257 4622 2461 4692 ignavia
2488 4622 2638 4691 quasi
2680 4622 2909 4691 quietem
2942 4624 3144 4693 appetit
3176 4641 3188 4676 :
3222 4639 3339 4693 qua:
3365 4638 3489 4678 vero
3514 4624 3665 4694 quies
3696 4635 3845 4680 certa

2257 4721 2453 4783 prteter
2469 4712 2788 4767 Dominum?
2815 4714 3043 4769 Luxuria
3068 4715 3365 4770 satietatem
3391 4723 3549 4785 atque
3570 4716 3847 4771 abundan-

2260 4805 2387 4858 tiam
2413 4818 2473 4859 se
2502 4804 2649 4874 cupit
2672 4805 2849 4858 vocari
2883 4822 2895 4858 :
2930 4814 2985 4859 tu
3014 4814 3191 4860 autem
3222 4821 3289 4860 es
3310 4805 3583 4876 plenitudo
3609 4816 3662 4861 et
3689 4807 3843 4862 inde-

2258 4894 2442 4949 ficiens
2458 4895 2606 4963 copia
2626 4894 3041 4965 incorruptibilis
3054 4895 3345 4949 suavitatis.
3378 4894 3579 4949 Effusio
3604 4895 3844 4950 liberali-

2259 4987 2382 5041 tatis
2410 4986 2651 5041 obtendit
2674 4987 2913 5041 umbram
2944 5005 2957 5041 :
2984 4987 3075 5042 sed
3094 4988 3353 5042 bonorum
3372 4988 3609 5042 omnium
3626 4988 3846 5058 largitor

2260 5122 2501 5232 angsEajgg,
2518 5121 2658 5238 jgfta
2672 5128 2844 5171 80mm.
2863 5121 2986 5170 Dub.
3005 5125 3135 5171 mart.
3155 5120 3299 5171 Band.
3320 5120 3442 5183 Quid
3459 5133 3575 5186 ergo
3588 5134 3691 5186 ego,
3706 5122 3849 5185 juxta

2324 5247 2344 5307 ฮพ
2362 5250 2525 5305 ฮตฯฮฑฮทฮน,
2544 5244 2781 5307 jnxtaEr,
2792 5242 2937 5306 Lugd.
2956 5251 3064 5307 Iov.
3090 5251 3263 5307 Somn].
3276 5245 3397 5307 Dub.
3410 5251 3541 5295 ฮฮฑฮน-ฮน.
3564 5251 3616 5307 et
3631 5244 3775 5307 nond.
3788 5252 3846 5307 ฮ.

2327 5302 2614 5415 Lacunam
2628 5302 2912 5368 iniquitatรฉ;
2940 5312 2990 5355 at
3014 5306 3095 5355 alii
3130 5305 3241 5354 odd.
3270 5305 3475 5367 melius,
3506 5305 3658 5359 solam

2325 5428 2347 5491 ฮฒ
2370 5428 2505 5491 Angl.
2525 5428 2638 5488 duo,
2662 5429 2857 5491 furata;
2873 5426 2972 5489 alii,
2988 5429 3169 5491 iniens.

2325 5490 2346 5553 ฮพ
2370 5496 2421 5538 1n
2434 5488 2539 5541 litss.
2559 5488 2764 5553 quatuor
2782 5488 3133 5551 et'Arn.,โmihi.

2326 5551 2347 5615 ฮพ
2383 5551 2724 5609 Omittendum,
2744 5556 2911 5615 potest,
2926 5553 3065 5615 juxta
3082 5560 3251 5615 50mm.
3271 5559 3381 5603 Lov.
3407 5551 3531 5601 Flor.
3548 5551 3767 5615 Bond.,M.

2326 5613 2346 5683 ฮพโ
2388 5619 2455 5663 tta
2476 5615 2524 5662 in
2539 5620 2718 5683 lasset
2734 5612 3082 5683 antiquioribus
3098 5613 3230 5683 Edd.,
3248 5628 3357 5663 cum
3376 5615 3425 5662 in
3441 5621 3548 5663 Lov.
3576 5622 3631 5683 et
3649 5612 3755 5662 Arn.
3776 5612 3850 5663 le-

2263 5682 2403 5738 gatur
2424 5689 2435 5724 :
2457 5685 2613 5731 Opera
2642 5681 2723 5738 tua
2740 5672 2877 5724 malis
2890 5672 3084 5738 inimica
3098 5672 3437 5738 amurcontra
3455 5682 3672 5738 mentem
3688 5683 3849 5738 Augu-

2262 5735 2393 5799 stini,
2412 5738 2513 5799 qui,
2531 5737 2622 5787 nisi
2638 5735 2861 5799 fallimur,
2881 5736 3086 5797 probare
3102 5737 3310 5799 intendit
3325 5736 3442 5799 nihil
3458 5737 3545 5786 Dei
3561 5735 3850 5787 innocentia:

2264 5796 2486 5860 derogari
2515 5812 2654 5860 pmna
2684 5797 2823 5847 malis
2842 5796 3049 5859 irrogata
3062 5832 3076 5856 ,
3093 5798 3206 5860 quia
3236 5800 3277 5846 si
3334 5798 3415 5846 uid
3471 5800 3683 5849 atitmtur
3699 5809 3850 5849 nocu-

2269 5861 2420 5909 menti
2434 5893 2449 5912 .
2466 5865 2618 5910 totum
2641 5861 2688 5909 in
2704 5860 2806 5912 ipsa
2823 5872 2991 5910 eorum
3006 5871 3155 5912 onera
3171 5811 3361 5910 refugi
3376 5812 3547 5912 de๏ฌet.

2269 5859 2420 5909 menti
2433 5893 2449 5922 ,
2466 5859 2618 5910 totum
2641 5861 2688 5909 in
2704 5860 2806 5921 ipsa
2823 5872 2991 5910 eorum
3006 5859 3155 5923 Opera
3171 5859 3361 5910 refundi
3376 5859 3547 5913 debet.
