4116 6366
322 333 417 388 881

321 446 756 503 alfluentissimus
786 453 842 500 tu
871 461 952 501 es.
990 445 1220 501 Avaritia
1244 444 1410 501 multa
1451 444 1726 515 possidere
1754 446 1904 511 vult;

321 548 377 593 et
406 548 460 593 tu
491 538 729 607 possides
749 538 947 593 omnia.
972 536 1262 593 Invidentia
1289 538 1356 593 de
1372 537 1679 593 excellentia
1704 538 1902 609 litigat:

320 633 447 703 quid
476 642 525 686 te
550 632 939 687 excellentius?
966 631 1049 686 lra
1070 631 1355 687 vindictam
1376 631 1568 702 quzerit
1598 648 1611 686 :
1642 640 1695 687 te
1711 633 1906 703 justius

319 727 438 795 quis
461 725 724 780 vindicat?
749 725 935 780 Timor
953 725 1163 780 insolita
1186 733 1241 780 et
1257 726 1533 794 repentina
1552 724 1902 790 exhorrescit,

320 820 483 875 rebus
508 834 629 889 quae
656 827 901 873 amantur
924 818 1277 885 adversantia,
1308 818 1430 872 dum
1463 823 1723 887 priecavet
1750 834 1903 874 secu-

320 909 462 964 ritati
495 928 505 962 :
544 909 634 963 tibi
664 908 806 964 enim
853 908 978 979 quid
1024 907 1338 963 insolitum?
1375 908 1500 977 quid
1532 909 1904 979 repentinum?

318 1012 406 1054 aut
454 1002 571 1069 quis
596 1016 625 1055 a
657 1010 708 1055 te
733 1012 943 1070 separat
984 1001 1122 1069 quod
1152 1000 1361 1072 diligis?
1388 1010 1478 1055 aut
1502 1000 1611 1067 ubi,
1638 1002 1737 1057 nisi
1764 1004 1905 1073 apud

318 1102 388 1153 te,
441 1094 587 1146 firma
619 1092 913 1148 securitas?
940 1092 1173 1147 Tristitia
1214 1094 1370 1149 rebus
1411 1094 1618 1149 amissis
1647 1098 1903 1153 contabe-

316 1184 434 1245 scit,
470 1184 660 1252 quibus
688 1198 747 1237 se
776 1184 1072 1238 oblectabat
1092 1184 1384 1252 cupiditas;
1413 1186 1535 1255 quia
1563 1186 1633 1241 ita
1660 1187 1761 1243 sibi
1786 1189 1907 1243 nol-

316 1273 411 1339 let,
439 1274 577 1328 sicut
603 1274 696 1328 tibi
727 1274 926 1329 auferri
951 1276 1081 1329 nihil
1113 1287 1304 1346 potest.

393 1366 477 1419 14.
522 1365 595 1418 Ita
638 1365 929 1420 fornicatur
954 1367 1151 1429 anima.
1181 1384 1300 1422 cum
1339 1370 1596 1425 avertitur
1620 1370 1715 1425 abs
1746 1378 1820 1438 te,
1846 1377 1902 1429 et

317 1458 509 1527 quaerit
532 1465 678 1511 extra
723 1465 776 1513 te
801 1473 861 1512 ea
890 1474 1010 1528 quae
1052 1475 1181 1529 pura
1210 1468 1264 1515 et
1301 1462 1495 1532 liquida
1526 1479 1628 1518 non
1660 1464 1897 1532 invenit,

315 1550 419 1603 nisi
463 1564 585 1603 cum
625 1549 761 1604 redit
798 1549 861 1603 ad
909 1559 976 1604 te.
1031 1550 1284 1606 Pervorse
1327 1562 1379 1609 te
1409 1554 1679 1609 imitantur
1713 1570 1900 1611 omnes

316 1643 403 1709 qui
437 1642 592 1711 longe
618 1657 676 1697 se
704 1657 731 1695 a
765 1652 815 1697 te
841 1643 1055 1709 faciunt,
1084 1652 1139 1698 et
1161 1646 1415 1699 extollunt
1439 1661 1497 1701 se
1524 1648 1803 1702 adversum
1825 1659 1895 1704 te.

317 1732 424 1787 Sed
450 1735 609 1787 etiam
653 1734 729 1788 sic
758 1743 809 1789 te
835 1735 1090 1789 imitando
1116 1735 1349 1790 indicant
1375 1746 1667 1793 creatorem
1697 1747 1747 1794 te
1776 1755 1899 1795 esse

316 1826 493 1879 omnis
524 1835 762 1889 naturae;
795 1836 848 1880 et
875 1826 995 1881 ideo
1024 1842 1127 1881 non
1156 1842 1277 1883 esse
1297 1844 1402 1897 quo
1430 1844 1459 1881 a
1492 1838 1541 1883 te
1565 1831 1707 1883 omni
1739 1832 1899 1886 modo

315 1919 612 1972 recedatur.
662 1919 796 1984 Quid
840 1934 969 1988 ergo
1010 1919 1064 1974 in
1106 1920 1198 1974 illo
1228 1918 1366 1974 furto
1411 1936 1510 1991 ego
1539 1922 1739 1977 dilexi?
1767 1934 1813 1977 et
1843 1924 1895 1978 in

313 2024 419 2079 quo
444 2010 723 2063 Dominum
758 2025 932 2064 meum
976 2010 1057 2064 vel
1096 2010 1279 2066 vitiose
1308 2022 1466 2081 alque
1498 2030 1742 2082 perverse
1773 2015 1892 2069 imi-

313 2108 455 2154 tatus
496 2100 649 2155 sum?
675 2101 757 2155 An
784 2100 933 2155 libuit
962 2101 1136 2157 facere
1165 2112 1347 2157 contra
1384 2103 1551 2173 legem
1583 2106 1770 2160 saltem
1800 2106 1902 2161 fal-

311 2194 468 2257 lacia,
497 2194 615 2263 quia
644 2201 917 2263 potentatu
947 2209 1054 2249 non
1083 2205 1339 2264 poteram,
1373 2206 1428 2249 ut
1458 2211 1697 2250 mancam
1729 2197 1897 2255 liber-

310 2295 476 2340 tatem
520 2287 758 2356 captivus
800 2286 1035 2340 imitarer
1074 2284 1317 2341 faciendo
1356 2287 1570 2355 impune
1610 2288 1749 2357 quod
1790 2304 1894 2344 non

308 2378 518 2444 liceret,
566 2379 846 2433 tenebrosa
892 2379 1290 2448 omnipotentiae
1337 2380 1718 2435 similitudine?
1760 2382 1895 2437 Ecce

306 2482 390 2527 cst
424 2472 512 2527 ille
541 2488 725 2526 servus
769 2471 973 2542 fugiens
1002 2473 1282 2527 Dominum
1320 2487 1473 2527 suum
1499 2484 1553 2527 et
1579 2485 1894 2529 consecutus

307 2564 570 2618 umbram.
604 2564 647 2619 Ο
670 2565 916 2634 putredo,
940 2580 973 2619 o
1005 2580 1299 2619 monStrum
1327 2567 1468 2628 vitze,
1489 2574 1543 2620 et
1563 2566 1747 2620 mortis
1774 2582 1894 2636 pro-

306 2656 570 2710 funditas!
618 2655 865 2712 Potuitne
903 2657 1071 2713 libere
1113 2657 1255 2728 quod
1298 2674 1404 2713 non
1432 2658 1644 2726 licebat,
1690 2674 1795 2714 non
1826 2660 1895 2715 ob

306 2748 473 2813 aliud,
511 2747 613 2804 nisi
639 2749 760 2819 quia
787 2764 893 2804 non
924 2749 1152 2804 licebat?

900 2858 1129 2915 CAPUT
1169 2860 1277 2915 Vll.

308 2928 515 2984 Gratias
542 2931 646 3002 agit
671 2930 778 2985 Deo
807 2947 898 3003 pro
924 2933 1212 2985 remissione
1246 2943 1579 3003 peccatorum,
1607 2933 1836 3005 quodque
1862 2950 1894 2987 a

833 3021 1004 3075 multis
1031 3030 1250 3076 servatus
1277 3023 1357 3077 sit.

381 3112 471 3166 £5.
528 3110 662 3179 Quid
716 3113 1003 3168 retribuam
1054 3113 1306 3179 Domino,
1358 3114 1497 3182 quod
1544 3116 1732 3170 recolit
1781 3115 1896 3173 hac

310 3204 568 3259 memoria
599 3219 739 3269 mea,
785 3212 840 3259 et
877 3204 1051 3258 anima
1083 3220 1198 3259 mea
1230 3220 1333 3260 non
1365 3208 1551 3261 metuit
1580 3207 1735 3262 inde?
1760 3207 1893 3263 Dili-

307 3310 427 3365 gam
462 3304 536 3361 te,
562 3296 805 3363 Domine,
836 3304 891 3351 et
915 3297 1110 3365 gratias
1135 3312 1308 3367 agam,
1340 3306 1395 3352 et
1420 3298 1675 3353 confitear
1694 3299 1894 3354 nomini

310 3396 424 3454 tuo,
468 3388 717 3457 quoniam
764 3397 910 3443 tanta
954 3388 1199 3443 dimisisti
1243 3389 1369 3443 mihi
1416 3389 1553 3444 mala
1594 3400 1649 3445 et
1696 3391 1894 3446 nefaria

309 3493 471 3548 opera
498 3494 647 3533 mea.
690 3478 886 3534 Gratia:
916 3487 1020 3533 tua:
1043 3479 1238 3549 deputo
1267 3489 1321 3533 et
1349 3481 1724 3535 misericordiae
1752 3490 1855 3536 tute
1875 3523 1891 3550 ,

308 3570 451 3640 quod
483 3580 693 3639 peccata
739 3586 854 3625 mea
885 3580 1131 3641 tanquam
1174 3572 1395 3641 glaciem
1429 3572 1656 3628 solvisti.
1700 3573 1895 3629 Gratim

309 3672 411 3717 tua:
443 3664 638 3734 deputo
666 3672 721 3718 et
748 3680 1092 3734 quaecumque
1118 3680 1223 3718 non
1251 3665 1349 3720 feci
1380 3666 1517 3720 mala
1552 3683 1564 3719 :
1597 3666 1720 3736 quid
1747 3667 1913 3721 enim-

311 3769 415 3807 non
443 3754 614 3808 facere
646 3754 812 3823 potui,
844 3756 932 3825 qui
960 3757 1116 3810 etiam
1144 3757 1428 3826 gratuitum
1461 3756 1664 3812 facinus
1687 3740 1933 3813 amavi?”

310 3844 377 3899 Et
401 3847 580 3899 omnia
610 3847 738 3900 mihi
757 3846 976 3901 dimissa
997 3863 1117 3903 esse
1138 3850 1305 3903 fateor
1328 3866 1343 3915 ;
1369 3858 1422 3902 et
1437 3866 1554 3919 quae
1571 3866 1685 3905 mea
1708 3860 1895 3921 sponte

307 3936 411 3992 feci
442 3938 601 4001 mala,
626 3948 679 3992 et
702 3954 820 4008 quae
848 3948 900 3993 te
929 3939 1061 3995 duce
1084 3955 1189 3995 non
1212 3940 1330 3996 feci.
1355 3942 1485 4006 Quis
1512 3951 1591 3996 est
1620 3942 1895 3997 hominum

307 4030 395 4098 qui
434 4044 585 4083 suam
631 4030 871 4101 cogitans
916 4030 1293 4096 infirmitatem,
1342 4013 1503 4105 aude?
1542 4034 1745 4088 viribus
1784 4035 1896 4088 suis

310 4121 547 4175 tribuere
567 4124 860 4177 castitatem
878 4131 1034 4193 atque
1052 4124 1405 4180 innocentiam
1428 4110 1577 4179 suam
1598 4141 1613 4190 ;
1641 4128 1698 4180 ut
1718 4128 1897 4182 minus

306 4222 450 4267 amet
480 4222 550 4276 te,
576 4212 726 4282 quasi
754 4214 929 4268 minus
954 4215 1001 4268 ei
1024 4216 1323 4270 necessaria
1349 4214 1509 4269 fuerit
1536 4217 1896 4272 misericordia

309 4303 416 4361 tua,
455 4311 557 4365 qua
589 4296 752 4351 donas
769 4308 981 4366 peccata
1009 4299 1282 4354 conversis
1310 4300 1374 4353 ad
1407 4301 1607 4367 tc?Qui
1633 4302 1773 4357 enim
1802 4317 1896 4357 vo-

308 4398 460 4443 catus
485 4404 511 4440 a
541 4398 594 4444 te
620 4400 834 4445 secutus
861 4400 943 4446 est
970 4408 1154 4448 vocem
1194 4402 1356 4459 tuam,
1389 4403 1443 4449 et
1477 4395 1659 4449 vitavit
1686 4410 1749 4451 ea
1779 4411 1896 4465 qua:

310 4493 395 4532 me
422 4478 493 4531 de
526 4480 728 4548 meipso
753 4482 1121 4537 recordantem
1148 4492 1204 4538 et
1234 4481 1483 4539 fatentem
1513 4485 1655 4554 legit,
1682 4501 1785 4539 non
1812 4502 1897 4542 me

308 4568 550 4623 derideat
578 4570 644 4623 ab
666 4586 732 4625 eo
761 4572 970 4628 medico
992 4590 1189 4643 aegrum
1216 4576 1414 4642 sanari,
1443 4591 1471 4630 a
1498 4592 1602 4647 quo
1626 4578 1725 4632 sibi
1753 4593 1897 4649 prte-

307 4664 489 4716 stitum
513 4672 595 4715 est
612 4673 669 4716 ut
693 4680 800 4719 non
821 4676 1122 4735 aagrotaret,
1146 4668 1230 4722 vel
1255 4668 1431 4738 potius
1457 4678 1506 4722 ut
1538 4670 1709 4724 minus
1730 4686 1900 4739 tegm-

310 4766 443 4811 taret
475 4775 488 4810 :
513 4766 568 4811 et
587 4758 706 4811 ideo
722 4765 774 4812 te
795 4759 1138 4822 tantumdem,
1164 4760 1270 4815 imo
1291 4775 1415 4814 vero
1435 4762 1662 4830 amplius
1681 4762 1857 4832 diligat
1878 4782 1893 4830 ;

306 4850 425 4916 quia
459 4864 557 4918 per
585 4865 743 4919 quem
793 4865 881 4905 me
920 4850 1063 4905 videt
1091 4850 1253 4905 tantis
1281 4862 1614 4921 peccatorum
1658 4870 1895 4909 meorum

308 4938 656 5010 languoribus
684 4944 826 5011 exui,
855 4958 950 5012 per
976 4960 1097 4998 eum
1121 4959 1181 4999 se
1206 4944 1349 4999 videt
1372 4947 1529 5001 tantis
1558 4957 1897 5018 peccatorum

310 5032 653 5104 languoribus
689 5052 794 5091 non
827 5037 1104 5107 implicari.

905 5149 1131 5206 CAPUT
1168 5150 1305 5207 VIII.

445 5218 647 5273 Amavit
674 5221 725 5273 in
746 5225 879 5291 furto
908 5224 1213 5277 consortium
1238 5224 1391 5278 simul
1417 5225 1752 5294 peccantium.

376 5310 466 5367 f6.
497 5311 908 5380 Quem'fructum
936 5313 1097 5370 habui
1118 5316 1281 5371 miser
1298 5315 1583 5386 aliquando
1610 5315 1664 5372 in
1687 5318 1751 5373 iis
1776 5334 1893 5389 quae

1672 327 1875 389 LIBER
1910 326 2277 388 SECUNDUS.

3494 344 3599 404 689.

2013 460 2154 499 nunc
2173 445 2414 500 recolens
2433 446 2694 503 erubesco
2726 448 2900 521 (Rom.
2925 465 2999 517 vr,
3026 450 3138 522 21),
3168 455 3397 513 maxime
3427 457 3478 512 in
3506 461 3597 515 illo

2010 537 2152 593 furto
2178 538 2230 593 in
2257 554 2362 608 quo
2407 540 2579 610 ipsum
2624 540 2822 595 furtum
2851 543 3059 597 amavi?
3096 544 3235 600 Nihil
3263 547 3441 609 aliud;
3470 564 3593 605 cum

2010 638 2063 685 et
2090 631 2262 701 ipsum
2292 641 2431 687 esset
2458 632 2608 699 nihil,
2640 642 2694 689 et
2725 648 2790 688 eo
2827 634 2943 704 ipso
2971 650 3070 705 ego
3112 638 3371 693 miserior.
3418 639 3485 695 Et
3510 651 3596 697 ta-

2008 736 2131 777 men
2158 722 2303 778 solus
2329 722 2381 778 id
2403 739 2506 779 non
2537 725 2801 793 fecissem,
2831 726 2909 781 sic
2935 727 3188 783 recordor
3210 729 3440 785 animum
3470 742 3597 788 tunc

2010 829 2225 879 meum;
2273 816 2417 869 solus
2456 816 2671 870 omnino
2702 817 2752 872 id
2783 833 2888 873 non
2938 817 3205 875 fecissem.
3239 822 3376 892 Ergo
3419 822 3592 878 amavi

2010 904 2081 960 ibi
2110 910 2266 961 etiam
2308 910 2633 962 consortium
2679 925 2891 965 reorum
2936 924 3055 966 cum
3102 913 3295 982 quibus
3350 912 3402 968 id
3449 913 3593 968 feci?

2006 993 2121 1049 Non
2149 1011 2275 1066 ergo
2308 997 2437 1051 nihil
2468 998 2608 1053 aliud
2645 1014 2815 1069 quam.
2844 1000 3040 1056 furtum
3084 1004 3295 1069 amavi;
3328 1004 3435 1060 imo
3462 1020 3591 1060 vero

2008 1084 2139 1140 nihil
2182 1087 2343 1152 aliud,
2388 1089 2507 1158 quia
2538 1098 2591 1143 et
2621 1089 2749 1145 illud
2788 1091 2919 1145 nihil
2963 1102 3061 1147 est.
3095 1093 3228 1161 Quid
3256 1102 3339 1149 est
3366 1109 3549 1149 revera
3581 1096 3608 1151 ?

2007 1175 2135 1244 Quis
2162 1185 2245 1232 cst
2269 1178 2357 1246 qui
2384 1179 2573 1234 doceat
2602 1195 2708 1245 me,
2750 1181 2849 1235 nisi
2879 1182 2967 1252 qui
2996 1182 3257 1239 illuminat
3294 1200 3393 1240 cor
3413 1200 3594 1241 meum

2005 1278 2061 1323 et
2103 1269 2361 1325 discernit
2389 1271 2601 1325 umbras
2630 1272 2787 1343 ejus?
2832 1273 2968 1341 Quid
2995 1282 3079 1330 est
3106 1276 3245 1346 quod
3275 1277 3404 1331 mihi
3448 1277 3595 1333 venit

2006 1360 2059 1414 in
2109 1369 2339 1415 mentem
2385 1378 2647 1431 qmerere,
2696 1373 2751 1418 et
2779 1364 3064 1432 discutere,
3107 1376 3160 1422 et
3205 1368 3593 1424 considerare?

2005 1452 2138 1518 Quia
2178 1454 2221 1507 si
2251 1461 2373 1507 tunc
2404 1470 2635 1509 amarem
2664 1471 2817 1524 poma
2846 1456 2934 1511 illa
2965 1474 3082 1528 qua:
3127 1459 3332 1516 furatus
3365 1476 3504 1527 sum,
3535 1471 3591 1517 ct

2004 1545 2083 1599 eis
2110 1542 2210 1598 frui
2251 1560 2519 1613 cuperem,
2566 1560 2777 1617 possem
2805 1549 2964 1603 etiam
3008 1550 3172 1613 solus,
3213 1552 3256 1605 si
3287 1552 3415 1606 satis
3448 1560 3592 1607 esset

2003 1634 2335 1689 committere
2366 1636 2506 1689 illam
2539 1637 2890 1704 iniquitatem,
2913 1655 3013 1706 qua
3036 1641 3365 1709 pervenirem
3396 1642 3461 1696 ad
3493 1658 3591 1697 vo-

2002 1727 2255 1797 luptatem
2284 1744 2454 1783 meam
2476 1746 2489 1793 ;
2510 1744 2607 1783 nec
2626 1730 3001 1787 confricatione
3029 1734 3361 1789 consciorum
3384 1736 3593 1790 animo-

2000 1836 2118 1874 rum
2152 1820 2497 1875 accenderem
2527 1822 2782 1891 pruritum
2808 1823 3107 1890 cupiditatis
3135 1840 3287 1878 meae.
3325 1824 3430 1879 Sed
3456 1840 3591 1895 quo-

2001 1911 2143 1965 niam
2167 1910 2221 1965 in
2258 1911 2361 1965 illis
2386 1912 2561 1981 pomis
2590 1913 2833 1982 voluptas
2861 1912 2987 1966 mihi
3022 1928 3125 1967 non
3153 1922 3289 1982 erat,
3317 1930 3379 1969 ea
3400 1922 3515 1970 erat
3534 1915 3592 1971 in

2001 2002 2117 2074 ipso
2138 2001 2389 2070 facinore,
2414 2020 2571 2074 quam
2599 2003 2827 2059 faciebat
2840 2005 3164 2060 consortium
3183 2006 3339 2061 simul
3365 2020 3593 2077 peccan-

2002 2095 2131 2149 tium
2144 2132 2160 2149 .

2586 2164 2815 2222 CAPUT
2855 2165 2947 2221 IX.

2391 2255 2693 2327 Contagiosa
2716 2274 2795 2311 res
2821 2257 3022 2313 sodales
3049 2259 3192 2313 mali.

2014 2378 2022 2384 -
2070 2347 2155 2402 l7.
2187 2338 2323 2413 Quid
2353 2358 2461 2403 erat
2486 2348 2578 2404 ille
2597 2348 2819 2403 affectus
2847 2349 3056 2404 animi?
3080 2348 3237 2405 Certe
3262 2350 3403 2406 enim
3430 2352 3593 2422 plane

1997 2438 2167 2506 turpis
2191 2448 2302 2492 erat
2331 2438 2516 2501 nimis;
2549 2449 2602 2493 et
2621 2454 2701 2494 vae
2720 2439 2849 2493 mihi
2873 2448 2987 2494 erat
3011 2442 3100 2510 qui
3124 2440 3385 2496 habebam
3411 2442 3593 2500 illum.

1997 2527 2102 2583 Sed
2126 2538 2298 2584 tamen
2312 2530 2439 2600 quid.
2459 2530 2597 2585 erat?
2614 2532 2810 2587 Delicta
2825 2532 2944 2601 quis
2962 2533 3229 2602 intelligit?
3247 2532 3416 2605 (Psal.
3431 2549 3589 2603 xvm,

1998 2622 2111 2694 15.)
2154 2623 2310 2679 Risus
2331 2633 2465 2690 erat,
2493 2624 2644 2695 quasi
2666 2625 2875 2680 titillato
2896 2626 3079 2691 corde,
3107 2626 3249 2694 quod
3278 2625 3592 2682 fallebamus

1996 2729 2091 2768 eos
2114 2715 2202 2785 qui
2234 2717 2346 2769 haec
2371 2731 2400 2768 a
2428 2715 2580 2769 nobis
2607 2713 2724 2769 fieri
2740 2731 2844 2769 non
2863 2715 3138 2784 putabant,
3166 2724 3221 2771 et
3244 2717 3591 2772 vehementer

1997 2807 2265 2861 nolebant.
2320 2805 2429 2862 Cur
2449 2822 2578 2878 ergo
2619 2822 2687 2863 eo
2732 2822 2817 2863 me
2844 2807 3160 2875 delectabat,
3201 2809 3343 2879 quod
3384 2809 3437 2864 id
3477 2823 3589 2864 non

1998 2900 2250 2955 faciebam
2306 2900 2483 2956 solus?
2542 2902 2622 2955 An
2673 2901 2794 2971 quia
2840 2900 3000 2957 etiam
3040 2916 3195 2956 nemo
3237 2900 3389 2957 facile
3442 2900 3591 2957 solus

1995 2992 2171 3047 ridet?
2230 2991 2398 3047 Nemo
2448 2993 2661 3063 quidem
2712 2992 2896 3060 facile;
2960 2992 3056 3049 sed
3104 3001 3283 3049 tamen
3311 2994 3471 3048 etiam
3496 3006 3590 3048 so-

1996 3084 2079 3139 los
2119 3094 2173 3138 et
2210 3083 2444 3153 singulos
2483 3084 2758 3152 homines,
2799 3100 2920 3141 cum
2972 3087 3105 3141 alius
3154 3102 3311 3142 nemo
3351 3101 3587 3157 praesens

1995 3185 2099 3242 est,
2128 3176 2287 3231 vincit
2310 3177 2447 3231 risus
2469 3176 2776 3247 aliquando,
2802 3178 2845 3231 si
2876 3178 3072 3247 aliquid
3097 3179 3259 3235 nimie
3278 3179 3585 3245 ridiculum,

1997 3268 2079 3323 vel
2118 3268 2362 3323 sensibus
2387 3269 2693 3336 occurrit‘,
2720 3268 2803 3323 vel
2840 3269 3040 3324 animo.
3074 3271 3143 3325 At
3167 3286 3263 3340 ego
3290 3270 3415 3325 illud
3440 3271 3588 3327 solus

1997 3373 2104 3412 non
2136 3359 2386 3425 facerem,
2427 3374 2533 3413 non
2579 3358 2807 3414 facerem
2851 3361 3070 3415 omnino
3115 3361 3282 3416 solus.
3332 3360 3472 3417 Ecce
3506 3370 3590 3417 est

1997 3464 2178 3505 coram
2218 3452 2289 3518 te,
2340 3450 2481 3505 Deus
2525 3466 2694 3516 meus,
2732 3451 2848 3506 viva
2876 3452 3176 3507 recordatio
3203 3453 3394 3507 animae
3427 3468 3582 3508 meae.

1997 3540 2155 3598 Solus
2179 3557 2285 3597 non
2314 3543 2542 3599 facerem
2570 3542 2767 3598 furtum
2798 3544 2945 3612 illud,
2976 3545 3028 3599 in
3071 3560 3176 3614 quo
3206 3561 3291 3601 me
3316 3562 3421 3600 non
3448 3546 3585 3601 libe-

1998 3632 2090 3687 bat
2115 3632 2165 3687 id
2196 3632 2337 3702 quod
2364 3631 2596 3697 furabar,
2615 3634 2708 3689 sed
2724 3634 2845 3704 quia
2872 3632 3085 3689 furabar
3109 3652 3121 3688 :
3144 3635 3285 3706 quod
3303 3652 3388 3689 me
3409 3636 3585 3691 solum

1998 3721 2173 3777 facere
2200 3737 2422 3795 prorsus
2447 3738 2552 3777 non
2584 3723 2772 3778 liberet
2799 3739 2900 3778 nec
2925 3724 3175 3780 facerem.
3220 3725 3265 3780 0
3295 3725 3453 3779 nimis
3496 3726 3584 3779 in-

1998 3815 2156 3871 imica
2179 3816 2688 3883 amicitia,seductio
2717 3818 2910 3873 mentis
2940 3817 3334 3888 investigahilis,
3365 3836 3429 3874 ex
3458 3818 3587 3875 ludo

1999 3917 2052 3962 et
2084 3909 2209 3977 joco
2248 3908 2474 3964 nocendi
2501 3909 2745 3975 aviditas,
2774 3918 2829 3964 et
2854 3911 3014 3965 alieni
3042 3911 3222 3967 damni
3267 3907 3533 3982 appetitus
3564 3929 3581 3979 ;

1999 4000 2143 4055 nulla
2164 4001 2296 4056 lucri
2312 4000 2437 4069 mei,
2466 4002 2610 4057 nulla
2631 4001 2918 4059 ulciscendi
2937 4004 3181 4071 libidine;
3200 4006 3294 4060 sed
3307 4020 3427 4061 cum
3450 4006 3588 4062 dici-

2000 4102 2087 4150 tur
2101 4112 2116 4149 :
2130 4094 2348 4162 Eamus,
2364 4094 2619 4150 faciamus
2641 4110 2658 4161 ;
2688 4103 2741 4149 et
2759 4094 2923 4164 pudet
2937 4110 3043 4151 non
3059 4111 3180 4154 esse
3194 4098 3584 4168 impudentem.

2595 4203 2823 4262 CAPUT
2863 4206 2930 4262 X.

2492 4296 2559 4352 In
2590 4298 2692 4353 Deo
2718 4314 2862 4354 omne
2887 4300 3091 4354 bonum.

2072 4390 2159 4444 18.
2191 4389 2319 4457 Quis
2357 4390 2597 4460 exaperit
2623 4391 2776 4444 istam
2827 4390 3267 4445 tortuosissimam
3313 4399 3367 4447 et
3410 4391 3589 4461 impli-

1999 4482 2322 4537 catissimam
2354 4481 2707 4535 nodositatem
2729 4480 2753 4534 ?
2777 4479 2942 4535 Foeda
2971 4489 3086 4547 est;
3118 4482 3241 4536 nolo
3268 4480 3322 4535 in
3365 4497 3483 4537 eam
3510 4482 3592 4537 in-

2002 4572 2219 4627 tendere
2242 4612 2256 4636 ,
2288 4572 2411 4625 nolo
2437 4586 2554 4626 eam
2594 4570 2793 4627 videre.
2822 4570 2899 4626 Te
2925 4572 3048 4626 volo
3070 4614 3082 4635 ,
3110 4571 3315 4641 justitia
3344 4581 3397 4627 et
3432 4573 3589 4628 inno-

2000 4664 2169 4719 centia
2198 4704 2213 4731 ,
2262 4663 2483 4733 pulchra
2530 4672 2583 4718 et
2631 4662 2823 4718 decora
2870 4662 3105 4718 honestis
3160 4662 3479 4729 luminibus,
3536 4674 3591 4719 et

2002 4757 2282 4814 insatiabili
2312 4756 2575 4811 satietate.
2615 4755 2776 4822 Quies
2804 4765 2885 4811 est
2920 4755 3060 4825 apud
3099 4765 3150 4811 te
3183 4756 3371 4821 valde,
3403 4763 3459 4811 et
3485 4756 3589 4809 vita

2006 4848 2473 4920 imperturbabilis.
2501 4848 2599 4914 Qui
2642 4847 2802 4902 intrat
2838 4848 2891 4901 in
2928 4857 3013 4911 te,
3058 4848 3219 4901 intrat
3258 4847 3308 4900 in
3338 4845 3591 4916 gaudium

2009 4940 2214 4996 Domini
2256 4940 2336 4995 sui
2383 4938 2611 5009 (Matth.
2651 4954 2777 5006 xxv,
2821 4936 2963 5009 2|):
2996 4947 3048 4992 et
3094 4953 3199 4991 non
3255 4937 3495 5004 timebit,
3537 4944 3594 4992 et

2006 5032 2221 5087 habebit
2245 5047 2304 5086 se
2340 5031 2542 5099 optime
2572 5030 2627 5084 in
2653 5030 2873 5099 optimo.
2914 5028 3118 5083 Defluxi
3147 5029 3242 5082 abs
3278 5037 3331 5082 te
3365 5043 3497 5096 ego,
3534 5034 3591 5082 et

2006 5124 2212 5189 erravi,
2242 5123 2382 5178 Deus
2413 5138 2591 5187 meus,
2629 5122 2786 5175 nimis
2811 5120 2999 5176 devius
3044 5136 3071 5173 a
3101 5119 3383 5175 stabilitate
3421 5128 3510 5174 tua
3535 5118 3590 5174 in

2011 5213 2390 5278 adolescentia,
2417 5222 2471 5268 et
2495 5214 2662 5267 factus
2682 5227 2798 5266 sum
2824 5210 2953 5266 mihi
2980 5210 3125 5279 regio
3148 5212 3419 5280 egestatis.

2064 5329 2083 5362 ί
2104 5323 2395 5389 οοαιττεήε,
2412 5325 2551 5389 juxta
2565 5330 2640 5374 Er.
2659 5322 2807 5387 Lugd.
2826 5329 2936 5373 Lov.
2954 5327 3129 5372 Somm.
3148 5326 3203 5371 et
3216 5318 3362 5370 ttond.
3381 5326 3439 5371 Μ.

548 5851 775 5923 Suc'r.
813 5818 1091 5918 Ᾱῠαυετ.
1130 5852 1182 5920 Ι.
