  <div class='ocr_page' id='page_1' title='image "/cluster/home/n/w/nwhite01/storage/ocr_20150623/32/hvd.32044015706328/357.png"; bbox 0 0 4116 6366; ppageno 0'>
   <div class='ocr_carea' id='block_1_1' title="bbox 1567 302 2577 375">
    <p class='ocr_par' dir='ltr' id='par_1_1' title="bbox 1567 302 2577 375">
     <span class='ocr_line' id='line_1_1' title="bbox 1567 302 2577 375; baseline 0.003 -13"><span class='ocrx_word' id='word_1_1' title='bbox 1567 302 2077 365; x_wconf 73' lang='lat' dir='ltr'><strong>CONFESSIONUM</strong></span> <span class='ocrx_word' id='word_1_2' title='bbox 2115 307 2172 366; x_wconf 87' lang='lat' dir='ltr'><strong>S.</strong></span> <span class='ocrx_word' id='word_1_3' title='bbox 2215 307 2577 375; x_wconf 75' lang='lat' dir='ltr'><strong>AUGUSTINI</strong></span> 
     </span>
    </p>
   </div>
   <div class='ocr_carea' id='block_1_2' title="bbox 1299 459 2753 644">
    <p class='ocr_par' dir='ltr' id='par_1_2' title="bbox 1299 459 2753 644">
     <span class='ocr_line' id='line_1_2' title="bbox 1299 459 2753 644; baseline 0.004 -6"><span class='ocrx_word' id='word_1_4' title='bbox 1299 459 1348 467; x_wconf 47' lang='grc'><strong>”’</strong></span> <span class='ocrx_word' id='word_1_5' title='bbox 1454 459 1937 642; x_wconf 81' lang='lat' dir='ltr'><strong>LIBER</strong></span> <span class='ocrx_word' id='word_1_6' title='bbox 2031 459 2753 643; x_wconf 47' lang='lat' dir='ltr'><strong>mare</strong></span> 
     </span>
    </p>
   </div>
   <div class='ocr_carea' id='block_1_3' title="bbox 546 710 3767 814">
    <p class='ocr_par' dir='ltr' id='par_1_3' title="bbox 546 710 3767 814">
     <span class='ocr_line' id='line_1_3' title="bbox 546 710 3767 814; baseline 0.001 -48"><span class='ocrx_word' id='word_1_7' title='bbox 546 722 617 766; x_wconf 83' lang='lat' dir='ltr'><strong>De</strong></span> <span class='ocrx_word' id='word_1_8' title='bbox 647 716 787 766; x_wconf 86' lang='lat' dir='ltr'><strong>annis</strong></span> <span class='ocrx_word' id='word_1_9' title='bbox 817 714 975 769; x_wconf 72' lang='lat' dir='ltr'><strong>tutetis</strong></span> <span class='ocrx_word' id='word_1_10' title='bbox 1005 711 1136 764; x_wconf 83' lang='lat' dir='ltr'><strong>illius</strong></span> <span class='ocrx_word' id='word_1_11' title='bbox 1165 712 1355 762; x_wconf 84' lang='lat' dir='ltr'><strong>decimo</strong></span> <span class='ocrx_word' id='word_1_12' title='bbox 1385 711 1611 773; x_wconf 69' lang='lat' dir='ltr'><strong>septum,</strong></span> <span class='ocrx_word' id='word_1_13' title='bbox 1627 710 1820 782; x_wconf 69' lang='lat' dir='ltr'><strong>decimo</strong></span> <span class='ocrx_word' id='word_1_14' title='bbox 1849 718 2020 783; x_wconf 62' lang='lat' dir='ltr'><strong>octavo</strong></span> <span class='ocrx_word' id='word_1_15' title='bbox 2047 718 2107 784; x_wconf 75' lang='lat' dir='ltr'><strong>et</strong></span> <span class='ocrx_word' id='word_1_16' title='bbox 2136 711 2325 764; x_wconf 87' lang='lat' dir='ltr'><strong>decimo</strong></span> <span class='ocrx_word' id='word_1_17' title='bbox 2357 723 2485 785; x_wconf 75' lang='lat' dir='ltr'><strong>aeuo</strong></span> <span class='ocrx_word' id='word_1_18' title='bbox 2510 717 2765 786; x_wconf 72' lang='lat' dir='ltr'><strong>trmsaais</strong></span> <span class='ocrx_word' id='word_1_19' title='bbox 2785 717 3092 790; x_wconf 67' lang='lat' dir='ltr'><strong>mbagtne,</strong></span> <span class='ocrx_word' id='word_1_20' title='bbox 3232 722 3348 814; x_wconf 48' lang='lat' dir='ltr'><strong>dum</strong></span> 
     </span>
     <span class='ocr_line' id='line_1_4' title="bbox 546 773 3362 814; baseline 0 0"><span class='ocrx_word' id='word_1_21' title='bbox 546 775 771 814; x_wconf 76' lang='lat' dir='ltr'><strong>n-ir-nlnm</strong></span> <span class='ocrx_word' id='word_1_22' title='bbox 806 773 1098 814; x_wconf 63' lang='lat' dir='ltr'><strong>alimlvmu-L</strong></span> <span class='ocrx_word' id='word_1_23' title='bbox 1135 787 1191 814; x_wconf 68' lang='lat' dir='ltr'><strong>se.</strong></span> <span class='ocrx_word' id='word_1_24' title='bbox 1226 773 1463 814; x_wconf 67' lang='lat' dir='ltr'><strong>liliirlinnsi</strong></span> <span class='ocrx_word' id='word_1_25' title='bbox 1499 786 1675 814; x_wconf 71' lang='lat' dir='ltr'><strong>amoris</strong></span> <span class='ocrx_word' id='word_1_26' title='bbox 1707 773 1883 814; x_wconf 72' lang='lat' dir='ltr'><strong>lnmten</strong></span> <span class='ocrx_word' id='word_1_27' title='bbox 1925 781 2182 814; x_wconf 63' lang='grc' dir='ltr'><strong>ιῐνῐιειιίιιηι-</strong></span> <span class='ocrx_word' id='word_1_28' title='bbox 2217 788 2404 814; x_wconf 67' lang='lat' dir='ltr'><strong>nppnnn</strong></span> <span class='ocrx_word' id='word_1_29' title='bbox 2439 790 2487 814; x_wconf 85' lang='grc' dir='ltr'><strong>ιη</strong></span> <span class='ocrx_word' id='word_1_30' title='bbox 2525 778 2880 814; x_wconf 72' lang='lat' dir='ltr'><strong>Mnmnhmm-nm</strong></span> <span class='ocrx_word' id='word_1_31' title='bbox 2919 782 3143 814; x_wconf 68' lang='grc' dir='ltr'><strong>ινιιι-οεπη</strong></span> <span class='ocrx_word' id='word_1_32' title='bbox 3177 798 3261 814; x_wconf 63' lang='lat' dir='ltr'><strong>mn</strong></span> <span class='ocrx_word' id='word_1_33' title='bbox 3282 799 3362 814; x_wconf 70' lang='lat' dir='ltr'><strong>nnc</strong></span> 
     </span>
    </p>
   </div>
   <div class='ocr_carea' id='block_1_4' title="bbox 483 773 3770 862">
    <p class='ocr_par' dir='ltr' id='par_1_4' title="bbox 483 773 3770 862">
     <span class='ocr_line' id='line_1_5' title="bbox 483 773 3770 862; baseline -0.001 -34"><span class='ocrx_word' id='word_1_34' title='bbox 483 775 772 828; x_wconf 79' lang='lat' dir='ltr'><strong>curriculum</strong></span> <span class='ocrx_word' id='word_1_35' title='bbox 805 773 1100 862; x_wconf 47' lang='lat' dir='ltr'><strong>absolxeret,</strong></span> <span class='ocrx_word' id='word_1_36' title='bbox 1135 787 1191 824; x_wconf 86' lang='lat' dir='ltr'><strong>se</strong></span> <span class='ocrx_word' id='word_1_37' title='bbox 1226 773 1474 862; x_wconf 43' lang='lat' dir='ltr'><strong>libidiuqsi&#39;</strong></span> <span class='ocrx_word' id='word_1_38' title='bbox 1499 773 1675 862; x_wconf 66' lang='lat' dir='ltr'><strong>antpris</strong></span> <span class='ocrx_word' id='word_1_39' title='bbox 1701 773 1893 862; x_wconf 47' lang='lat' dir='ltr'><strong>Laqueo.</strong></span> <span class='ocrx_word' id='word_1_40' title='bbox 1925 773 2182 862; x_wconf 58' lang='lat' dir='ltr'><strong>irretitum,</strong></span> <span class='ocrx_word' id='word_1_41' title='bbox 2217 788 2406 862; x_wconf 67' lang='lat' dir='ltr'><strong>necqon</strong></span> <span class='ocrx_word' id='word_1_42' title='bbox 2438 776 2491 862; x_wconf 60' lang='lat' dir='ltr'><strong>in</strong></span> <span class='ocrx_word' id='word_1_43' title='bbox 2524 773 3453 862; x_wconf 33' lang='lat' dir='ltr'><strong>bifiliglimglilllml-jggrgsig‘Et???“</strong></span> <span class='ocrx_word' id='word_1_44' title='bbox 3480 787 3634 840; x_wconf 67' lang='lat' dir='ltr'><strong>fuisse</strong></span> <span class='ocrx_word' id='word_1_45' title='bbox 3669 804 3770 862; x_wconf 45' lang='lat' dir='ltr'><strong>mg.</strong></span> 
     </span>
     <span class='ocr_line' id='line_1_6' title="bbox 483 837 2434 862; baseline 0 0"><span class='ocrx_word' id='word_1_46' title='bbox 483 838 616 862; x_wconf 69' lang='grc' dir='ltr'><strong>...ιι-ιιι</strong></span> <span class='ocrx_word' id='word_1_47' title='bbox 683 837 914 862; x_wconf 54' lang='lat' dir='ltr'><strong>atina-un...</strong></span> <span class='ocrx_word' id='word_1_48' title='bbox 967 843 1114 862; x_wconf 63' lang='lat' dir='ltr'><strong>“nu-um</strong></span> <span class='ocrx_word' id='word_1_49' title='bbox 1152 849 1342 862; x_wconf 62' lang='lat' dir='ltr'><strong>num-nn</strong></span> <span class='ocrx_word' id='word_1_50' title='bbox 1379 848 1407 862; x_wconf 78' lang='grc' dir='ltr'><strong>Λ</strong></span> <span class='ocrx_word' id='word_1_51' title='bbox 1461 848 1575 862; x_wconf 65' lang='lat' dir='ltr'><strong>Iunii</strong></span> <span class='ocrx_word' id='word_1_52' title='bbox 1599 847 1668 862; x_wconf 69' lang='lat' dir='ltr'><strong>non</strong></span> <span class='ocrx_word' id='word_1_53' title='bbox 1734 847 1872 862; x_wconf 66' lang='lat' dir='ltr'><strong>1ccnvu</strong></span> <span class='ocrx_word' id='word_1_54' title='bbox 1947 848 2036 862; x_wconf 78' lang='lat' dir='ltr'><strong>“nn</strong></span> <span class='ocrx_word' id='word_1_55' title='bbox 2066 848 2122 862; x_wconf 69' lang='lat' dir='ltr'><strong>nn</strong></span> <span class='ocrx_word' id='word_1_56' title='bbox 2152 849 2205 862; x_wconf 77' lang='lat' dir='ltr'><strong>nn</strong></span> <span class='ocrx_word' id='word_1_57' title='bbox 2297 850 2320 862; x_wconf 76' lang='grc' dir='ltr'>ιιι</span> <span class='ocrx_word' id='word_1_58' title='bbox 2349 850 2434 862; x_wconf 70' lang='grc' dir='ltr'><strong>η...-</strong></span> 
     </span>
    </p>
   </div>
   <div class='ocr_carea' id='block_1_5' title="bbox 483 827 3769 922">
    <p class='ocr_par' dir='ltr' id='par_1_5' title="bbox 483 827 3769 922">
     <span class='ocr_line' id='line_1_7' title="bbox 483 827 3769 922; baseline 0.003 -34"><span class='ocrx_word' id='word_1_59' title='bbox 483 827 640 889; x_wconf 77' lang='lat' dir='ltr'><strong>minlt.</strong></span> <span class='ocrx_word' id='word_1_60' title='bbox 675 837 917 888; x_wconf 77' lang='lat' dir='ltr'><strong>Adversus</strong></span> <span class='ocrx_word' id='word_1_61' title='bbox 944 827 1116 887; x_wconf 81' lang='lat' dir='ltr'><strong>horum</strong></span> <span class='ocrx_word' id='word_1_62' title='bbox 1150 849 1345 886; x_wconf 88' lang='lat' dir='ltr'><strong>errores</strong></span> <span class='ocrx_word' id='word_1_63' title='bbox 1378 842 1430 884; x_wconf 90' lang='lat' dir='ltr'><strong>et</strong></span> <span class='ocrx_word' id='word_1_64' title='bbox 1461 835 1670 899; x_wconf 73' lang='lat' dir='ltr'><strong>ineptias</strong></span> <span class='ocrx_word' id='word_1_65' title='bbox 1701 827 1898 886; x_wconf 74' lang='lat' dir='ltr'><strong>disserit</strong></span> <span class='ocrx_word' id='word_1_66' title='bbox 1929 827 2220 886; x_wconf 72' lang='lat' dir='ltr'><strong>luculenter.</strong></span> <span class='ocrx_word' id='word_1_67' title='bbox 2255 843 2492 888; x_wconf 74' lang='lat' dir='ltr'><strong>Maternus</strong></span> <span class='ocrx_word' id='word_1_68' title='bbox 2523 851 2609 902; x_wconf 91' lang='lat' dir='ltr'><strong>pro</strong></span> <span class='ocrx_word' id='word_1_69' title='bbox 2643 827 2973 906; x_wconf 20' lang='lat' dir='ltr'><strong>seplacrymras</strong></span> <span class='ocrx_word' id='word_1_70' title='bbox 3005 845 3057 895; x_wconf 84' lang='lat' dir='ltr'><strong>et</strong></span> <span class='ocrx_word' id='word_1_71' title='bbox 3080 827 3488 922; x_wconf 59' lang='grc' dir='ltr'><strong>Ῑβέροηεῖιῇῖδθ</strong></span> <span class='ocrx_word' id='word_1_72' title='bbox 3529 861 3617 901; x_wconf 89' lang='lat' dir='ltr'><strong>sua</strong></span> <span class='ocrx_word' id='word_1_73' title='bbox 3647 853 3769 904; x_wconf 77' lang='lat' dir='ltr'><strong>resi-</strong></span> 
     </span>
     <span class='ocr_line' id='line_1_8' title="bbox 483 898 1426 922; baseline 0 0"><span class='ocrx_word' id='word_1_74' title='bbox 483 901 716 922; x_wconf 62' lang='grc' dir='ltr'><strong>ειζ..-Α--Δέιι</strong></span> <span class='ocrx_word' id='word_1_75' title='bbox 737 901 960 922; x_wconf 56' lang='grc' dir='ltr'><strong>,ἓξ-,ἓ-ιεΔ--ιι</strong></span> <span class='ocrx_word' id='word_1_76' title='bbox 993 912 1121 922; x_wconf 65' lang='grc' dir='ltr'><strong>..ιιι-Λ.</strong></span> <span class='ocrx_word' id='word_1_77' title='bbox 1143 905 1243 922; x_wconf 60' lang='grc' dir='ltr'><strong>ιιι-τι</strong></span> <span class='ocrx_word' id='word_1_78' title='bbox 1275 898 1426 922; x_wconf 56' lang='grc' dir='ltr'><strong>..ΑΓΛ-ιι</strong></span> 
     </span>
    </p>
   </div>
   <div class='ocr_carea' id='block_1_6' title="bbox 481 898 1444 965">
    <p class='ocr_par' dir='ltr' id='par_1_6' title="bbox 481 898 1444 965">
     <span class='ocr_line' id='line_1_9' title="bbox 481 898 1444 965; baseline 0.008 -26"><span class='ocrx_word' id='word_1_79' title='bbox 481 901 720 965; x_wconf 63' lang='lat' dir='ltr'><strong>Wa</strong></span> <span class='ocrx_word' id='word_1_80' title='bbox 733 901 964 954; x_wconf 59' lang='lat' dir='ltr'><strong>divinius</strong></span> <span class='ocrx_word' id='word_1_81' title='bbox 993 905 1246 962; x_wconf 76' lang='lat' dir='ltr'><strong>acceptum</strong></span> <span class='ocrx_word' id='word_1_82' title='bbox 1275 898 1444 949; x_wconf 88' lang='lat' dir='ltr'><strong>refert.</strong></span> 
     </span>
    </p>
   </div>
   <div class='ocr_carea' id='block_1_7' title="bbox 1815 1002 2450 1058">
    <p class='ocr_par' dir='ltr' id='par_1_7' title="bbox 1815 1002 2450 1058">
     <span class='ocr_line' id='line_1_10' title="bbox 1815 1002 2450 1058; baseline 0.002 0"><span class='ocrx_word' id='word_1_83' title='bbox 1815 1002 2450 1058; x_wconf 56' lang='lat' dir='ltr'><strong>catmum</strong></span> 
     </span>
    </p>
   </div>
   <div class='ocr_carea' id='block_1_8' title="bbox 999 1123 1547 1184">
    <p class='ocr_par' dir='ltr' id='par_1_8' title="bbox 999 1123 1547 1184">
     <span class='ocr_line' id='line_1_11' title="bbox 999 1123 1547 1184; baseline -0.004 0"><span class='ocrx_word' id='word_1_84' title='bbox 999 1123 1224 1184; x_wconf 84' lang='lat' dir='ltr'><strong>CAPUT</strong></span> <span class='ocrx_word' id='word_1_85' title='bbox 1264 1123 1547 1182; x_wconf 81' lang='lat' dir='ltr'><strong>PRIMUM.</strong></span> 
     </span>
    </p>
   </div>
   <div class='ocr_carea' id='block_1_9' title="bbox 831 1217 1724 1291">
    <p class='ocr_par' dir='ltr' id='par_1_9' title="bbox 831 1217 1724 1291">
     <span class='ocr_line' id='line_1_12' title="bbox 831 1217 1724 1291; baseline -0.002 -17"><span class='ocrx_word' id='word_1_86' title='bbox 831 1219 1013 1275; x_wconf 84' lang='lat' dir='ltr'><strong>Amore</strong></span> <span class='ocrx_word' id='word_1_87' title='bbox 1036 1236 1182 1291; x_wconf 84' lang='lat' dir='ltr'><strong>quem</strong></span> <span class='ocrx_word' id='word_1_88' title='bbox 1207 1217 1477 1274; x_wconf 76' lang='lat' dir='ltr'><strong>venabatur</strong></span> <span class='ocrx_word' id='word_1_89' title='bbox 1511 1219 1724 1290; x_wconf 82' lang='lat' dir='ltr'><strong>capitur.</strong></span> 
     </span>
    </p>
   </div>
   <div class='ocr_carea' id='block_1_10' title="bbox 451 1291 2064 1382">
    <p class='ocr_par' dir='ltr' id='par_1_10' title="bbox 451 1291 2064 1382">
     <span class='ocr_line' id='line_1_13' title="bbox 451 1291 2064 1382; baseline -0.002 -12"><span class='ocrx_word' id='word_1_90' title='bbox 451 1291 457 1304; x_wconf 54' lang='grc'><strong><em>’</em></strong></span> <span class='ocrx_word' id='word_1_91' title='bbox 555 1316 610 1370; x_wconf 75' lang='grc'><strong>1.</strong></span> <span class='ocrx_word' id='word_1_92' title='bbox 638 1311 772 1380; x_wconf 81' lang='lat' dir='ltr'><strong>Veni</strong></span> <span class='ocrx_word' id='word_1_93' title='bbox 809 1300 1221 1382; x_wconf 74' lang='lat' dir='ltr'><strong>Carthaginem;</strong></span> <span class='ocrx_word' id='word_1_94' title='bbox 1255 1321 1308 1367; x_wconf 87' lang='lat' dir='ltr'><strong>et</strong></span> <span class='ocrx_word' id='word_1_95' title='bbox 1331 1311 1803 1381; x_wconf 84' lang='lat' dir='ltr'><strong>circumstrepebat</strong></span> <span class='ocrx_word' id='word_1_96' title='bbox 1845 1327 1930 1376; x_wconf 84' lang='lat' dir='ltr'><strong>me</strong></span> <span class='ocrx_word' id='word_1_97' title='bbox 1966 1328 2064 1380; x_wconf 79' lang='lat' dir='ltr'><strong>un-</strong></span> 
     </span>
    </p>
   </div>
   <div class='ocr_carea' id='block_1_11' title="bbox 483 1404 2068 1478">
    <p class='ocr_par' dir='ltr' id='par_1_11' title="bbox 483 1404 2068 1478">
     <span class='ocr_line' id='line_1_14' title="bbox 483 1404 2068 1478; baseline -0.003 -16"><span class='ocrx_word' id='word_1_98' title='bbox 483 1407 643 1478; x_wconf 87' lang='lat' dir='ltr'><strong>dique</strong></span> <span class='ocrx_word' id='word_1_99' title='bbox 682 1416 891 1478; x_wconf 77' lang='lat' dir='ltr'><strong>sartago</strong></span> <span class='ocrx_word' id='word_1_100' title='bbox 928 1404 1305 1475; x_wconf 85' lang='lat' dir='ltr'><strong>ﬂagitiosorum</strong></span> <span class='ocrx_word' id='word_1_101' title='bbox 1334 1418 1594 1459; x_wconf 89' lang='lat' dir='ltr'><strong>amorum.</strong></span> <span class='ocrx_word' id='word_1_102' title='bbox 1633 1404 1877 1468; x_wconf 81' lang='lat' dir='ltr'><strong>Nondum</strong></span> <span class='ocrx_word' id='word_1_103' title='bbox 1921 1421 2068 1470; x_wconf 71' lang='lat' dir='ltr'><strong>anta-</strong></span> 
     </span>
    </p>
   </div>
   <div class='ocr_carea' id='block_1_12' title="bbox 479 1497 2066 1570">
    <p class='ocr_par' dir='ltr' id='par_1_12' title="bbox 479 1497 2066 1570">
     <span class='ocr_line' id='line_1_15' title="bbox 479 1497 2066 1570; baseline 0 -16"><span class='ocrx_word' id='word_1_104' title='bbox 479 1499 638 1565; x_wconf 94' lang='lat' dir='ltr'><strong>bam,</strong></span> <span class='ocrx_word' id='word_1_105' title='bbox 669 1507 724 1554; x_wconf 91' lang='lat' dir='ltr'><strong>et</strong></span> <span class='ocrx_word' id='word_1_106' title='bbox 764 1513 944 1552; x_wconf 89' lang='lat' dir='ltr'><strong>amare</strong></span> <span class='ocrx_word' id='word_1_107' title='bbox 984 1497 1228 1556; x_wconf 90' lang='lat' dir='ltr'><strong>amabam</strong></span> <span class='ocrx_word' id='word_1_108' title='bbox 1275 1498 1327 1563; x_wconf 82' lang='grc'><strong>¹,</strong></span> <span class='ocrx_word' id='word_1_109' title='bbox 1359 1506 1412 1552; x_wconf 89' lang='lat' dir='ltr'><strong>et</strong></span> <span class='ocrx_word' id='word_1_110' title='bbox 1452 1498 1738 1553; x_wconf 80' lang='lat' dir='ltr'><strong>secretiore</strong></span> <span class='ocrx_word' id='word_1_111' title='bbox 1781 1499 2066 1570; x_wconf 75' lang='lat' dir='ltr'><strong>indigentia</strong></span> 
     </span>
    </p>
   </div>
   <div class='ocr_carea' id='block_1_13' title="bbox 479 1587 2066 1658">
    <p class='ocr_par' dir='ltr' id='par_1_13' title="bbox 479 1587 2066 1658">
     <span class='ocr_line' id='line_1_16' title="bbox 479 1587 2066 1658; baseline 0.003 -17"><span class='ocrx_word' id='word_1_112' title='bbox 479 1589 698 1652; x_wconf 87' lang='lat' dir='ltr'><strong>oderam</strong></span> <span class='ocrx_word' id='word_1_113' title='bbox 725 1603 808 1643; x_wconf 91' lang='lat' dir='ltr'><strong>me</strong></span> <span class='ocrx_word' id='word_1_114' title='bbox 835 1587 1009 1654; x_wconf 90' lang='lat' dir='ltr'><strong>minus</strong></span> <span class='ocrx_word' id='word_1_115' title='bbox 1043 1587 1384 1658; x_wconf 79' lang='lat' dir='ltr'><strong>indigentem.</strong></span> <span class='ocrx_word' id='word_1_116' title='bbox 1408 1587 1718 1655; x_wconf 62' lang='lat' dir='ltr'><strong>Quaerebam</strong></span> <span class='ocrx_word' id='word_1_117' title='bbox 1746 1589 1885 1658; x_wconf 85' lang='lat' dir='ltr'><strong>quod</strong></span> <span class='ocrx_word' id='word_1_118' title='bbox 1913 1605 2066 1654; x_wconf 83' lang='lat' dir='ltr'><strong>ama-</strong></span> 
     </span>
    </p>
   </div>
   <div class='ocr_carea' id='block_1_14' title="bbox 479 1677 2064 1748">
    <p class='ocr_par' dir='ltr' id='par_1_14' title="bbox 479 1677 2064 1748">
     <span class='ocr_line' id='line_1_17' title="bbox 479 1677 2064 1748; baseline 0.002 -14"><span class='ocrx_word' id='word_1_119' title='bbox 479 1695 594 1735; x_wconf 85' lang='lat' dir='ltr'><strong>rem</strong></span> <span class='ocrx_word' id='word_1_120' title='bbox 614 1723 627 1746; x_wconf 89' lang='lat'><strong>,</strong></span> <span class='ocrx_word' id='word_1_121' title='bbox 666 1694 851 1734; x_wconf 91' lang='lat' dir='ltr'><strong>amans</strong></span> <span class='ocrx_word' id='word_1_122' title='bbox 875 1695 1084 1741; x_wconf 89' lang='lat' dir='ltr'><strong>amare,</strong></span> <span class='ocrx_word' id='word_1_123' title='bbox 1117 1686 1171 1733; x_wconf 88' lang='lat' dir='ltr'><strong>et</strong></span> <span class='ocrx_word' id='word_1_124' title='bbox 1198 1677 1414 1738; x_wconf 89' lang='lat' dir='ltr'><strong>oderam</strong></span> <span class='ocrx_word' id='word_1_125' title='bbox 1453 1680 1813 1748; x_wconf 77' lang='lat' dir='ltr'><strong>securitatem,</strong></span> <span class='ocrx_word' id='word_1_126' title='bbox 1843 1690 1897 1744; x_wconf 84' lang='lat' dir='ltr'><strong>et</strong></span> <span class='ocrx_word' id='word_1_127' title='bbox 1926 1683 2064 1744; x_wconf 88' lang='lat' dir='ltr'><strong>viam</strong></span> 
     </span>
    </p>
   </div>
   <div class='ocr_carea' id='block_1_15' title="bbox 479 1769 2065 1842">
    <p class='ocr_par' dir='ltr' id='par_1_15' title="bbox 479 1769 2065 1842">
     <span class='ocr_line' id='line_1_18' title="bbox 479 1769 2065 1842; baseline 0.003 -17"><span class='ocrx_word' id='word_1_128' title='bbox 479 1771 595 1826; x_wconf 89' lang='lat' dir='ltr'><strong>sine</strong></span> <span class='ocrx_word' id='word_1_129' title='bbox 625 1771 955 1842; x_wconf 86' lang='lat' dir='ltr'><strong>muscipulis.</strong></span> <span class='ocrx_word' id='word_1_130' title='bbox 999 1769 1258 1838; x_wconf 84' lang='lat' dir='ltr'><strong>Quoniam</strong></span> <span class='ocrx_word' id='word_1_131' title='bbox 1291 1769 1457 1825; x_wconf 87' lang='lat' dir='ltr'><strong>fames</strong></span> <span class='ocrx_word' id='word_1_132' title='bbox 1493 1772 1623 1826; x_wconf 89' lang='lat' dir='ltr'><strong>mihi</strong></span> <span class='ocrx_word' id='word_1_133' title='bbox 1666 1782 1778 1838; x_wconf 86' lang='lat' dir='ltr'><strong>erat</strong></span> <span class='ocrx_word' id='word_1_134' title='bbox 1816 1773 1957 1836; x_wconf 88' lang='lat' dir='ltr'><strong>intus</strong></span> <span class='ocrx_word' id='word_1_135' title='bbox 2000 1771 2065 1830; x_wconf 90' lang='lat' dir='ltr'><strong>ab</strong></span> 
     </span>
    </p>
   </div>
   <div class='ocr_carea' id='block_1_16' title="bbox 481 1861 2065 1938">
    <p class='ocr_par' dir='ltr' id='par_1_16' title="bbox 481 1861 2065 1938">
     <span class='ocr_line' id='line_1_19' title="bbox 481 1861 2065 1938; baseline 0.003 -21"><span class='ocrx_word' id='word_1_136' title='bbox 481 1863 735 1928; x_wconf 71' lang='lat' dir='ltr'><strong>interiore</strong></span> <span class='ocrx_word' id='word_1_137' title='bbox 761 1864 881 1924; x_wconf 87' lang='lat' dir='ltr'><strong>cibo</strong></span> <span class='ocrx_word' id='word_1_138' title='bbox 910 1861 1099 1938; x_wconf 84' lang='lat' dir='ltr'><strong>teipse,</strong></span> <span class='ocrx_word' id='word_1_139' title='bbox 1126 1863 1264 1917; x_wconf 88' lang='lat' dir='ltr'><strong>Deus</strong></span> <span class='ocrx_word' id='word_1_140' title='bbox 1295 1879 1464 1932; x_wconf 90' lang='lat' dir='ltr'><strong>meus,</strong></span> <span class='ocrx_word' id='word_1_141' title='bbox 1494 1872 1545 1918; x_wconf 90' lang='lat' dir='ltr'><strong>et</strong></span> <span class='ocrx_word' id='word_1_142' title='bbox 1572 1879 1631 1919; x_wconf 90' lang='lat' dir='ltr'><strong>ea</strong></span> <span class='ocrx_word' id='word_1_143' title='bbox 1659 1863 1796 1930; x_wconf 74' lang='lat' dir='ltr'><strong>fante</strong></span> <span class='ocrx_word' id='word_1_144' title='bbox 1824 1881 1928 1922; x_wconf 90' lang='lat' dir='ltr'><strong>non</strong></span> <span class='ocrx_word' id='word_1_145' title='bbox 1952 1882 2065 1930; x_wconf 85' lang='lat' dir='ltr'><strong>esu-</strong></span> 
     </span>
    </p>
   </div>
   <div class='ocr_carea' id='block_1_17' title="bbox 478 1952 2062 2024">
    <p class='ocr_par' dir='ltr' id='par_1_17' title="bbox 478 1952 2062 2024">
     <span class='ocr_line' id='line_1_20' title="bbox 478 1952 2062 2024; baseline 0.004 -14"><span class='ocrx_word' id='word_1_146' title='bbox 478 1953 681 2020; x_wconf 89' lang='lat' dir='ltr'><strong>ricbam</strong></span> <span class='ocrx_word' id='word_1_147' title='bbox 708 1971 722 2020; x_wconf 90' lang='lat'><strong>;</strong></span> <span class='ocrx_word' id='word_1_148' title='bbox 751 1952 846 2008; x_wconf 88' lang='lat' dir='ltr'><strong>sed</strong></span> <span class='ocrx_word' id='word_1_149' title='bbox 877 1969 1020 2008; x_wconf 86' lang='lat' dir='ltr'><strong>eram</strong></span> <span class='ocrx_word' id='word_1_150' title='bbox 1049 1953 1161 2008; x_wconf 84' lang='lat' dir='ltr'><strong>sine</strong></span> <span class='ocrx_word' id='word_1_151' title='bbox 1191 1953 1456 2008; x_wconf 88' lang='lat' dir='ltr'><strong>desiderio</strong></span> <span class='ocrx_word' id='word_1_152' title='bbox 1485 1955 1855 2012; x_wconf 89' lang='lat' dir='ltr'><strong>alimentorum</strong></span> <span class='ocrx_word' id='word_1_153' title='bbox 1875 1958 2062 2024; x_wconf 79' lang='lat' dir='ltr'><strong>incor-</strong></span> 
     </span>
    </p>
   </div>
   <div class='ocr_carea' id='block_1_18' title="bbox 479 2043 2062 2117">
    <p class='ocr_par' dir='ltr' id='par_1_18' title="bbox 479 2043 2062 2117">
     <span class='ocr_line' id='line_1_21' title="bbox 479 2043 2062 2117; baseline 0.004 -19"><span class='ocrx_word' id='word_1_154' title='bbox 479 2044 803 2115; x_wconf 89' lang='lat' dir='ltr'><strong>ruptibilium</strong></span> <span class='ocrx_word' id='word_1_155' title='bbox 828 2059 840 2096; x_wconf 93' lang='lat'><strong>:</strong></span> <span class='ocrx_word' id='word_1_156' title='bbox 868 2059 973 2098; x_wconf 91' lang='lat' dir='ltr'><strong>non</strong></span> <span class='ocrx_word' id='word_1_157' title='bbox 1001 2043 1120 2114; x_wconf 91' lang='lat' dir='ltr'><strong>quia</strong></span> <span class='ocrx_word' id='word_1_158' title='bbox 1153 2043 1338 2113; x_wconf 89' lang='lat' dir='ltr'><strong>plenus</strong></span> <span class='ocrx_word' id='word_1_159' title='bbox 1376 2043 1454 2098; x_wconf 92' lang='lat' dir='ltr'><strong>eis</strong></span> <span class='ocrx_word' id='word_1_160' title='bbox 1481 2062 1625 2098; x_wconf 84' lang='lat' dir='ltr'><strong>eram</strong></span> <span class='ocrx_word' id='word_1_161' title='bbox 1647 2088 1662 2113; x_wconf 91' lang='lat'><strong>,</strong></span> <span class='ocrx_word' id='word_1_162' title='bbox 1694 2047 1784 2100; x_wconf 89' lang='lat' dir='ltr'><strong>sed</strong></span> <span class='ocrx_word' id='word_1_163' title='bbox 1815 2064 1919 2117; x_wconf 92' lang='lat' dir='ltr'><strong>quo</strong></span> <span class='ocrx_word' id='word_1_164' title='bbox 1949 2050 2062 2110; x_wconf 88' lang='lat' dir='ltr'><strong>ina-</strong></span> 
     </span>
    </p>
   </div>
   <div class='ocr_carea' id='block_1_19' title="bbox 479 2134 2062 2201">
    <p class='ocr_par' dir='ltr' id='par_1_19' title="bbox 479 2134 2062 2201">
     <span class='ocr_line' id='line_1_22' title="bbox 479 2134 2062 2201; baseline 0.003 -11"><span class='ocrx_word' id='word_1_165' title='bbox 479 2136 618 2201; x_wconf 88' lang='lat' dir='ltr'><strong>nior,</strong></span> <span class='ocrx_word' id='word_1_166' title='bbox 643 2151 707 2191; x_wconf 91' lang='lat' dir='ltr'><strong>eo</strong></span> <span class='ocrx_word' id='word_1_167' title='bbox 734 2134 1075 2190; x_wconf 82' lang='lat' dir='ltr'><strong>fastidiosior.</strong></span> <span class='ocrx_word' id='word_1_168' title='bbox 1106 2134 1172 2190; x_wconf 87' lang='lat' dir='ltr'><strong>Et</strong></span> <span class='ocrx_word' id='word_1_169' title='bbox 1202 2135 1322 2194; x_wconf 87' lang='lat' dir='ltr'><strong>ideo</strong></span> <span class='ocrx_word' id='word_1_170' title='bbox 1360 2152 1464 2190; x_wconf 88' lang='lat' dir='ltr'><strong>non</strong></span> <span class='ocrx_word' id='word_1_171' title='bbox 1495 2137 1629 2196; x_wconf 89' lang='lat' dir='ltr'><strong>bene</strong></span> <span class='ocrx_word' id='word_1_172' title='bbox 1653 2138 1862 2194; x_wconf 89' lang='lat' dir='ltr'><strong>valebat</strong></span> <span class='ocrx_word' id='word_1_173' title='bbox 1888 2141 2062 2196; x_wconf 91' lang='lat' dir='ltr'><strong>anima</strong></span> 
     </span>
    </p>
   </div>
   <div class='ocr_carea' id='block_1_20' title="bbox 479 2226 2064 2297">
    <p class='ocr_par' dir='ltr' id='par_1_20' title="bbox 479 2226 2064 2297">
     <span class='ocr_line' id='line_1_23' title="bbox 479 2226 2064 2297; baseline 0.003 -15"><span class='ocrx_word' id='word_1_174' title='bbox 479 2243 635 2291; x_wconf 89' lang='lat' dir='ltr'><strong>mea;</strong></span> <span class='ocrx_word' id='word_1_175' title='bbox 669 2236 722 2281; x_wconf 92' lang='lat' dir='ltr'><strong>et</strong></span> <span class='ocrx_word' id='word_1_176' title='bbox 766 2227 1006 2282; x_wconf 85' lang='lat' dir='ltr'><strong>ulcerosa</strong></span> <span class='ocrx_word' id='word_1_177' title='bbox 1053 2226 1364 2297; x_wconf 84' lang='lat' dir='ltr'><strong>projiciebat</strong></span> <span class='ocrx_word' id='word_1_178' title='bbox 1406 2242 1464 2282; x_wconf 90' lang='lat' dir='ltr'><strong>se</strong></span> <span class='ocrx_word' id='word_1_179' title='bbox 1508 2228 1650 2284; x_wconf 83' lang='lat' dir='ltr'><strong>foras</strong></span> <span class='ocrx_word' id='word_1_180' title='bbox 1692 2229 2064 2287; x_wconf 78' lang='lat' dir='ltr'><strong>miserabiliter</strong></span> 
     </span>
    </p>
   </div>
   <div class='ocr_carea' id='block_1_21' title="bbox 478 2316 2064 2390">
    <p class='ocr_par' dir='ltr' id='par_1_21' title="bbox 478 2316 2064 2390">
     <span class='ocr_line' id='line_1_24' title="bbox 478 2316 2064 2390; baseline 0.004 -18"><span class='ocrx_word' id='word_1_181' title='bbox 478 2317 642 2390; x_wconf 80' lang='lat' dir='ltr'><strong>scalpi</strong></span> <span class='ocrx_word' id='word_1_182' title='bbox 663 2316 817 2380; x_wconf 79' lang='lat' dir='ltr'><strong>avida</strong></span> <span class='ocrx_word' id='word_1_183' title='bbox 842 2323 1089 2374; x_wconf 86' lang='lat' dir='ltr'><strong>contactu</strong></span> <span class='ocrx_word' id='word_1_184' title='bbox 1107 2317 1462 2374; x_wconf 82' lang='lat' dir='ltr'><strong>sensibilium.</strong></span> <span class='ocrx_word' id='word_1_185' title='bbox 1487 2318 1591 2374; x_wconf 88' lang='lat' dir='ltr'><strong>Sed</strong></span> <span class='ocrx_word' id='word_1_186' title='bbox 1615 2320 1659 2374; x_wconf 88' lang='lat' dir='ltr'><strong>si</strong></span> <span class='ocrx_word' id='word_1_187' title='bbox 1679 2337 1785 2376; x_wconf 90' lang='lat' dir='ltr'><strong>non</strong></span> <span class='ocrx_word' id='word_1_188' title='bbox 1808 2321 2064 2380; x_wconf 81' lang='lat' dir='ltr'><strong>haberent</strong></span> 
     </span>
    </p>
   </div>
   <div class='ocr_carea' id='block_1_22' title="bbox 477 2408 2063 2478">
    <p class='ocr_par' dir='ltr' id='par_1_22' title="bbox 477 2408 2063 2478">
     <span class='ocr_line' id='line_1_25' title="bbox 477 2408 2063 2478; baseline 0.006 -16"><span class='ocrx_word' id='word_1_189' title='bbox 477 2409 750 2476; x_wconf 83' lang='lat' dir='ltr'><strong>animam,</strong></span> <span class='ocrx_word' id='word_1_190' title='bbox 792 2424 896 2463; x_wconf 90' lang='lat' dir='ltr'><strong>non</strong></span> <span class='ocrx_word' id='word_1_191' title='bbox 939 2408 1116 2478; x_wconf 88' lang='lat' dir='ltr'><strong>utique</strong></span> <span class='ocrx_word' id='word_1_192' title='bbox 1172 2419 1497 2468; x_wconf 87' lang='lat' dir='ltr'><strong>amarentur.</strong></span> <span class='ocrx_word' id='word_1_193' title='bbox 1548 2411 1743 2466; x_wconf 82' lang='lat' dir='ltr'><strong>Amare</strong></span> <span class='ocrx_word' id='word_1_194' title='bbox 1791 2421 1846 2468; x_wconf 90' lang='lat' dir='ltr'><strong>et</strong></span> <span class='ocrx_word' id='word_1_195' title='bbox 1895 2415 2063 2472; x_wconf 83' lang='lat' dir='ltr'><strong>amari</strong></span> 
     </span>
    </p>
   </div>
   <div class='ocr_carea' id='block_1_23' title="bbox 477 2500 2057 2574">
    <p class='ocr_par' dir='ltr' id='par_1_23' title="bbox 477 2500 2057 2574">
     <span class='ocr_line' id='line_1_26' title="bbox 477 2500 2057 2574; baseline 0.004 -18"><span class='ocrx_word' id='word_1_196' title='bbox 477 2502 630 2558; x_wconf 80' lang='lat' dir='ltr'><strong>dulce</strong></span> <span class='ocrx_word' id='word_1_197' title='bbox 657 2500 787 2562; x_wconf 87' lang='lat' dir='ltr'><strong>mihi</strong></span> <span class='ocrx_word' id='word_1_198' title='bbox 833 2510 969 2571; x_wconf 88' lang='lat' dir='ltr'><strong>erat,</strong></span> <span class='ocrx_word' id='word_1_199' title='bbox 1017 2501 1186 2572; x_wconf 87' lang='lat' dir='ltr'><strong>magis</strong></span> <span class='ocrx_word' id='word_1_200' title='bbox 1227 2502 1271 2558; x_wconf 94' lang='lat' dir='ltr'><strong>si</strong></span> <span class='ocrx_word' id='word_1_201' title='bbox 1312 2511 1366 2555; x_wconf 89' lang='lat' dir='ltr'><strong>et</strong></span> <span class='ocrx_word' id='word_1_202' title='bbox 1407 2504 1634 2558; x_wconf 83' lang='lat' dir='ltr'><strong>amantis</strong></span> <span class='ocrx_word' id='word_1_203' title='bbox 1667 2518 1891 2574; x_wconf 89' lang='lat' dir='ltr'><strong>corpore</strong></span> <span class='ocrx_word' id='word_1_204' title='bbox 1917 2506 2057 2563; x_wconf 80' lang='lat' dir='ltr'><strong>frue-</strong></span> 
     </span>
    </p>
   </div>
   <div class='ocr_carea' id='block_1_24' title="bbox 475 2591 2062 2663">
    <p class='ocr_par' dir='ltr' id='par_1_24' title="bbox 475 2591 2062 2663">
     <span class='ocr_line' id='line_1_27' title="bbox 475 2591 2062 2663; baseline 0.002 -14"><span class='ocrx_word' id='word_1_205' title='bbox 475 2609 584 2658; x_wconf 80' lang='lat' dir='ltr'><strong>rer.</strong></span> <span class='ocrx_word' id='word_1_206' title='bbox 631 2591 832 2654; x_wconf 74' lang='lat' dir='ltr'><strong>Vanam</strong></span> <span class='ocrx_word' id='word_1_207' title='bbox 880 2591 1039 2663; x_wconf 90' lang='lat' dir='ltr'><strong>igitur</strong></span> <span class='ocrx_word' id='word_1_208' title='bbox 1082 2593 1329 2647; x_wconf 68' lang='lat' dir='ltr'><strong>amicitia:</strong></span> <span class='ocrx_word' id='word_1_209' title='bbox 1371 2593 1776 2663; x_wconf 82' lang='lat' dir='ltr'><strong>coinquinabam</strong></span> <span class='ocrx_word' id='word_1_210' title='bbox 1817 2597 2062 2656; x_wconf 85' lang='lat' dir='ltr'><strong>sordibus</strong></span> 
     </span>
    </p>
   </div>
   <div class='ocr_carea' id='block_1_25' title="bbox 477 2684 2062 2756">
    <p class='ocr_par' dir='ltr' id='par_1_25' title="bbox 477 2684 2062 2756">
     <span class='ocr_line' id='line_1_28' title="bbox 477 2684 2062 2756; baseline 0.006 -16"><span class='ocrx_word' id='word_1_211' title='bbox 477 2684 923 2756; x_wconf 76' lang='lat' dir='ltr'><strong>concupisrentia:</strong></span> <span class='ocrx_word' id='word_1_212' title='bbox 946 2725 960 2750; x_wconf 93' lang='lat'><strong>,</strong></span> <span class='ocrx_word' id='word_1_213' title='bbox 991 2685 1384 2755; x_wconf 87' lang='lat' dir='ltr'><strong>candoremque</strong></span> <span class='ocrx_word' id='word_1_214' title='bbox 1423 2685 1542 2756; x_wconf 84' lang='lat' dir='ltr'><strong>ejus</strong></span> <span class='ocrx_word' id='word_1_215' title='bbox 1584 2687 1955 2745; x_wconf 88' lang='lat' dir='ltr'><strong>obnubilabam</strong></span> <span class='ocrx_word' id='word_1_216' title='bbox 1995 2691 2062 2749; x_wconf 83' lang='lat' dir='ltr'><strong>de</strong></span> 
     </span>
    </p>
   </div>
   <div class='ocr_carea' id='block_1_26' title="bbox 476 2783 2059 2856">
    <p class='ocr_par' dir='ltr' id='par_1_26' title="bbox 476 2783 2059 2856">
     <span class='ocr_line' id='line_1_29' title="bbox 476 2783 2059 2856; baseline 0.006 -20"><span class='ocrx_word' id='word_1_217' title='bbox 476 2791 676 2840; x_wconf 84' lang='lat' dir='ltr'><strong>tartaro</strong></span> <span class='ocrx_word' id='word_1_218' title='bbox 699 2783 932 2840; x_wconf 88' lang='lat' dir='ltr'><strong>libidinis</strong></span> <span class='ocrx_word' id='word_1_219' title='bbox 959 2785 980 2814; x_wconf 84' lang='grc'>¹</span> <span class='ocrx_word' id='word_1_220' title='bbox 1005 2800 1020 2850; x_wconf 87' lang='grc'><strong>;</strong></span> <span class='ocrx_word' id='word_1_221' title='bbox 1053 2792 1107 2838; x_wconf 83' lang='lat' dir='ltr'><strong>et</strong></span> <span class='ocrx_word' id='word_1_222' title='bbox 1141 2793 1315 2838; x_wconf 88' lang='lat' dir='ltr'><strong>tamen</strong></span> <span class='ocrx_word' id='word_1_223' title='bbox 1344 2783 1514 2840; x_wconf 79' lang='lat' dir='ltr'><strong>tmdus</strong></span> <span class='ocrx_word' id='word_1_224' title='bbox 1534 2793 1690 2854; x_wconf 89' lang='lat' dir='ltr'><strong>atque</strong></span> <span class='ocrx_word' id='word_1_225' title='bbox 1726 2785 2059 2856; x_wconf 83' lang='lat' dir='ltr'><strong>inhonestus,</strong></span> 
     </span>
    </p>
   </div>
   <div class='ocr_carea' id='block_1_27' title="bbox 476 2875 2058 2947">
    <p class='ocr_par' dir='ltr' id='par_1_27' title="bbox 476 2875 2058 2947">
     <span class='ocr_line' id='line_1_30' title="bbox 476 2875 2058 2947; baseline 0.004 -17"><span class='ocrx_word' id='word_1_226' title='bbox 476 2875 692 2946; x_wconf 82' lang='lat' dir='ltr'><strong>elegans</strong></span> <span class='ocrx_word' id='word_1_227' title='bbox 713 2884 766 2932; x_wconf 90' lang='lat' dir='ltr'><strong>et</strong></span> <span class='ocrx_word' id='word_1_228' title='bbox 785 2875 1021 2932; x_wconf 86' lang='lat' dir='ltr'><strong>urbanus</strong></span> <span class='ocrx_word' id='word_1_229' title='bbox 1042 2891 1160 2932; x_wconf 84' lang='lat' dir='ltr'><strong>esse</strong></span> <span class='ocrx_word' id='word_1_230' title='bbox 1184 2876 1474 2947; x_wconf 77' lang='lat' dir='ltr'><strong>gestiebam</strong></span> <span class='ocrx_word' id='word_1_231' title='bbox 1499 2877 1788 2934; x_wconf 82' lang='lat' dir='ltr'><strong>abundanti</strong></span> <span class='ocrx_word' id='word_1_232' title='bbox 1811 2880 2058 2938; x_wconf 81' lang='lat' dir='ltr'><strong>vanitate.</strong></span> 
     </span>
    </p>
   </div>
   <div class='ocr_carea' id='block_1_28' title="bbox 479 2966 2058 3040">
    <p class='ocr_par' dir='ltr' id='par_1_28' title="bbox 479 2966 2058 3040">
     <span class='ocr_line' id='line_1_31' title="bbox 479 2966 2058 3040; baseline 0.004 -18"><span class='ocrx_word' id='word_1_233' title='bbox 479 2966 583 3023; x_wconf 80' lang='lat' dir='ltr'><strong>Rui</strong></span> <span class='ocrx_word' id='word_1_234' title='bbox 601 2968 762 3030; x_wconf 87' lang='lat' dir='ltr'><strong>etiam</strong></span> <span class='ocrx_word' id='word_1_235' title='bbox 791 2969 844 3024; x_wconf 87' lang='lat' dir='ltr'><strong>in</strong></span> <span class='ocrx_word' id='word_1_236' title='bbox 871 2983 1111 3024; x_wconf 90' lang='lat' dir='ltr'><strong>amorem</strong></span> <span class='ocrx_word' id='word_1_237' title='bbox 1137 2982 1240 3038; x_wconf 89' lang='lat' dir='ltr'><strong>quo</strong></span> <span class='ocrx_word' id='word_1_238' title='bbox 1261 2968 1536 3038; x_wconf 88' lang='lat' dir='ltr'><strong>cupiebam</strong></span> <span class='ocrx_word' id='word_1_239' title='bbox 1563 2970 1698 3040; x_wconf 90' lang='lat' dir='ltr'><strong>capi.</strong></span> <span class='ocrx_word' id='word_1_240' title='bbox 1720 2971 1860 3028; x_wconf 85' lang='lat' dir='ltr'><strong>Deus</strong></span> <span class='ocrx_word' id='word_1_241' title='bbox 1885 2988 2058 3040; x_wconf 89' lang='lat' dir='ltr'><strong>meus,</strong></span> 
     </span>
    </p>
   </div>
   <div class='ocr_carea' id='block_1_29' title="bbox 479 3060 2056 3134">
    <p class='ocr_par' dir='ltr' id='par_1_29' title="bbox 479 3060 2056 3134">
     <span class='ocr_line' id='line_1_32' title="bbox 479 3060 2056 3134; baseline 0.004 -20"><span class='ocrx_word' id='word_1_242' title='bbox 479 3060 842 3118; x_wconf 72' lang='lat' dir='ltr'><strong>misericordia</strong></span> <span class='ocrx_word' id='word_1_243' title='bbox 871 3076 1009 3126; x_wconf 86' lang='lat' dir='ltr'><strong>mea,</strong></span> <span class='ocrx_word' id='word_1_244' title='bbox 1032 3067 1232 3131; x_wconf 83' lang='lat' dir='ltr'><strong>quanto</strong></span> <span class='ocrx_word' id='word_1_245' title='bbox 1253 3060 1373 3115; x_wconf 81' lang='lat' dir='ltr'><strong>felle</strong></span> <span class='ocrx_word' id='word_1_246' title='bbox 1394 3060 1522 3116; x_wconf 88' lang='lat' dir='ltr'><strong>mibi</strong></span> <span class='ocrx_word' id='word_1_247' title='bbox 1551 3063 1861 3118; x_wconf 75' lang='lat' dir='ltr'><strong>suavitatem</strong></span> <span class='ocrx_word' id='word_1_248' title='bbox 1893 3065 2056 3134; x_wconf 85' lang='lat' dir='ltr'><strong>illam,</strong></span> 
     </span>
    </p>
   </div>
   <div class='ocr_carea' id='block_1_30' title="bbox 475 3153 2059 3224">
    <p class='ocr_par' dir='ltr' id='par_1_30' title="bbox 475 3153 2059 3224">
     <span class='ocr_line' id='line_1_33' title="bbox 475 3153 2059 3224; baseline 0.006 -19"><span class='ocrx_word' id='word_1_249' title='bbox 475 3161 530 3207; x_wconf 89' lang='lat' dir='ltr'><strong>et</strong></span> <span class='ocrx_word' id='word_1_250' title='bbox 571 3167 731 3224; x_wconf 83' lang='lat' dir='ltr'><strong>quam</strong></span> <span class='ocrx_word' id='word_1_251' title='bbox 775 3153 946 3209; x_wconf 90' lang='lat' dir='ltr'><strong>bonus</strong></span> <span class='ocrx_word' id='word_1_252' title='bbox 983 3153 1294 3222; x_wconf 81' lang='lat' dir='ltr'><strong>aspersisti!</strong></span> <span class='ocrx_word' id='word_1_253' title='bbox 1343 3153 1462 3222; x_wconf 88' lang='lat' dir='ltr'><strong>quia</strong></span> <span class='ocrx_word' id='word_1_254' title='bbox 1501 3162 1556 3214; x_wconf 87' lang='lat' dir='ltr'><strong>et</strong></span> <span class='ocrx_word' id='word_1_255' title='bbox 1581 3162 1787 3208; x_wconf 88' lang='lat' dir='ltr'><strong>amatus</strong></span> <span class='ocrx_word' id='word_1_256' title='bbox 1825 3171 1968 3221; x_wconf 88' lang='lat' dir='ltr'><strong>sum,</strong></span> <span class='ocrx_word' id='word_1_257' title='bbox 2006 3167 2059 3214; x_wconf 87' lang='lat' dir='ltr'><strong>et</strong></span> 
     </span>
    </p>
   </div>
   <div class='ocr_carea' id='block_1_31' title="bbox 478 3241 2059 3323">
    <p class='ocr_par' dir='ltr' id='par_1_31' title="bbox 478 3241 2059 3323">
     <span class='ocr_line' id='line_1_34' title="bbox 478 3241 2059 3323; baseline 0.003 -24"><span class='ocrx_word' id='word_1_258' title='bbox 478 3243 718 3311; x_wconf 66' lang='lat' dir='ltr'><strong>perveni</strong></span> <span class='ocrx_word' id='word_1_259' title='bbox 745 3244 948 3299; x_wconf 84' lang='lat' dir='ltr'><strong>occulte</strong></span> <span class='ocrx_word' id='word_1_260' title='bbox 977 3243 1044 3298; x_wconf 89' lang='lat' dir='ltr'><strong>ad</strong></span> <span class='ocrx_word' id='word_1_261' title='bbox 1091 3242 1355 3298; x_wconf 78' lang='lat' dir='ltr'><strong>vinculum</strong></span> <span class='ocrx_word' id='word_1_262' title='bbox 1401 3241 1646 3323; x_wconf 82' lang='lat' dir='ltr'><strong>fruendi,</strong></span> <span class='ocrx_word' id='word_1_263' title='bbox 1678 3253 1731 3300; x_wconf 88' lang='lat' dir='ltr'><strong>et</strong></span> <span class='ocrx_word' id='word_1_264' title='bbox 1770 3246 2059 3316; x_wconf 83' lang='lat' dir='ltr'><strong>colligabar</strong></span> 
     </span>
    </p>
   </div>
   <div class='ocr_carea' id='block_1_32' title="bbox 478 3334 2057 3406">
    <p class='ocr_par' dir='ltr' id='par_1_32' title="bbox 478 3334 2057 3406">
     <span class='ocr_line' id='line_1_35' title="bbox 478 3334 2057 3406; baseline 0.006 -19"><span class='ocrx_word' id='word_1_265' title='bbox 478 3334 632 3392; x_wconf 69' lang='lat' dir='ltr'><strong>laetus</strong></span> <span class='ocrx_word' id='word_1_266' title='bbox 660 3335 974 3398; x_wconf 64' lang='lat' dir='ltr'><strong>rerumnosis</strong></span> <span class='ocrx_word' id='word_1_267' title='bbox 1018 3335 1271 3401; x_wconf 79' lang='lat' dir='ltr'><strong>nexibus,</strong></span> <span class='ocrx_word' id='word_1_268' title='bbox 1305 3343 1361 3389; x_wconf 91' lang='lat' dir='ltr'><strong>ut</strong></span> <span class='ocrx_word' id='word_1_269' title='bbox 1403 3335 1640 3391; x_wconf 73' lang='lat' dir='ltr'><strong>crederer</strong></span> <span class='ocrx_word' id='word_1_270' title='bbox 1669 3335 1829 3406; x_wconf 80' lang='lat' dir='ltr'><strong>virgis</strong></span> <span class='ocrx_word' id='word_1_271' title='bbox 1873 3338 2057 3397; x_wconf 78' lang='lat' dir='ltr'><strong>terreis</strong></span> 
     </span>
    </p>
   </div>
   <div class='ocr_carea' id='block_1_33' title="bbox 475 3428 2057 3500">
    <p class='ocr_par' dir='ltr' id='par_1_33' title="bbox 475 3428 2057 3500">
     <span class='ocr_line' id='line_1_36' title="bbox 475 3428 2057 3500; baseline 0.006 -19"><span class='ocrx_word' id='word_1_272' title='bbox 475 3429 779 3484; x_wconf 83' lang='lat' dir='ltr'><strong>ardentibus</strong></span> <span class='ocrx_word' id='word_1_273' title='bbox 805 3429 926 3494; x_wconf 85' lang='lat' dir='ltr'><strong>zeli,</strong></span> <span class='ocrx_word' id='word_1_274' title='bbox 957 3437 1013 3485; x_wconf 87' lang='lat' dir='ltr'><strong>et</strong></span> <span class='ocrx_word' id='word_1_275' title='bbox 1039 3429 1400 3499; x_wconf 85' lang='lat' dir='ltr'><strong>suspicionum</strong></span> <span class='ocrx_word' id='word_1_276' title='bbox 1421 3469 1437 3495; x_wconf 94' lang='lat'><strong>,</strong></span> <span class='ocrx_word' id='word_1_277' title='bbox 1468 3437 1523 3485; x_wconf 88' lang='lat' dir='ltr'><strong>et</strong></span> <span class='ocrx_word' id='word_1_278' title='bbox 1551 3428 1827 3500; x_wconf 88' lang='lat' dir='ltr'><strong>timorum,</strong></span> <span class='ocrx_word' id='word_1_279' title='bbox 1859 3440 1913 3489; x_wconf 89' lang='lat' dir='ltr'><strong>et</strong></span> <span class='ocrx_word' id='word_1_280' title='bbox 1949 3433 2057 3491; x_wconf 84' lang='lat' dir='ltr'><strong>ira-</strong></span> 
     </span>
    </p>
   </div>
   <div class='ocr_carea' id='block_1_34' title="bbox 473 3524 1052 3595">
    <p class='ocr_par' dir='ltr' id='par_1_34' title="bbox 473 3524 1052 3595">
     <span class='ocr_line' id='line_1_37' title="bbox 473 3524 1052 3595; baseline 0.005 -18"><span class='ocrx_word' id='word_1_281' title='bbox 473 3538 593 3578; x_wconf 86' lang='lat' dir='ltr'><strong>rum</strong></span> <span class='ocrx_word' id='word_1_282' title='bbox 615 3532 774 3595; x_wconf 84' lang='lat' dir='ltr'><strong>atque</strong></span> <span class='ocrx_word' id='word_1_283' title='bbox 797 3524 1052 3583; x_wconf 67' lang='lat' dir='ltr'><strong>rixarum.</strong></span> 
     </span>
    </p>
   </div>
   <div class='ocr_carea' id='block_1_35' title="bbox 1096 3615 1424 3676">
    <p class='ocr_par' dir='ltr' id='par_1_35' title="bbox 1096 3615 1424 3676">
     <span class='ocr_line' id='line_1_38' title="bbox 1096 3615 1424 3676; baseline 0.012 -4"><span class='ocrx_word' id='word_1_284' title='bbox 1096 3615 1321 3674; x_wconf 81' lang='lat' dir='ltr'><strong>CAPUT</strong></span> <span class='ocrx_word' id='word_1_285' title='bbox 1361 3619 1424 3676; x_wconf 83' lang='lat' dir='ltr'><strong>ll.</strong></span> 
     </span>
    </p>
   </div>
   <div class='ocr_carea' id='block_1_36' title="bbox 900 3709 1640 3787">
    <p class='ocr_par' dir='ltr' id='par_1_36' title="bbox 900 3709 1640 3787">
     <span class='ocr_line' id='line_1_39' title="bbox 900 3709 1640 3787; baseline 0.011 -25"><span class='ocrx_word' id='word_1_286' title='bbox 900 3709 1098 3764; x_wconf 56' lang='lat' dir='ltr'><strong>Amastit</strong></span> <span class='ocrx_word' id='word_1_287' title='bbox 1122 3715 1406 3782; x_wconf 77' lang='lat' dir='ltr'><strong>spectacula</strong></span> <span class='ocrx_word' id='word_1_288' title='bbox 1431 3717 1640 3787; x_wconf 78' lang='lat' dir='ltr'><strong>tragica.</strong></span> 
     </span>
    </p>
   </div>
   <div class='ocr_carea' id='block_1_37' title="bbox 541 3797 2053 3880">
    <p class='ocr_par' dir='ltr' id='par_1_37' title="bbox 541 3797 2053 3880">
     <span class='ocr_line' id='line_1_40' title="bbox 541 3797 2053 3880; baseline 0.006 -26"><span class='ocrx_word' id='word_1_289' title='bbox 541 3797 597 3856; x_wconf 69' lang='grc'><strong>2.</strong></span> <span class='ocrx_word' id='word_1_290' title='bbox 633 3798 926 3869; x_wconf 80' lang='lat' dir='ltr'><strong>Rapiebant</strong></span> <span class='ocrx_word' id='word_1_291' title='bbox 951 3815 1036 3856; x_wconf 88' lang='lat' dir='ltr'><strong>me</strong></span> <span class='ocrx_word' id='word_1_292' title='bbox 1064 3805 1363 3870; x_wconf 80' lang='lat' dir='ltr'><strong>spectacula</strong></span> <span class='ocrx_word' id='word_1_293' title='bbox 1384 3806 1659 3871; x_wconf 86' lang='lat' dir='ltr'><strong>theatrica,</strong></span> <span class='ocrx_word' id='word_1_294' title='bbox 1689 3807 1842 3877; x_wconf 87' lang='lat' dir='ltr'><strong>plena</strong></span> <span class='ocrx_word' id='word_1_295' title='bbox 1872 3809 2053 3880; x_wconf 77' lang='lat' dir='ltr'><strong>imagi-</strong></span> 
     </span>
    </p>
   </div>
   <div class='ocr_carea' id='block_1_38' title="bbox 473 3890 2050 3970">
    <p class='ocr_par' dir='ltr' id='par_1_38' title="bbox 473 3890 2050 3970">
     <span class='ocr_line' id='line_1_41' title="bbox 473 3890 2050 3970; baseline 0.006 -26"><span class='ocrx_word' id='word_1_296' title='bbox 473 3891 630 3958; x_wconf 83' lang='lat' dir='ltr'><strong>nibus</strong></span> <span class='ocrx_word' id='word_1_297' title='bbox 673 3890 1008 3946; x_wconf 84' lang='lat' dir='ltr'><strong>miseriarum</strong></span> <span class='ocrx_word' id='word_1_298' title='bbox 1056 3907 1334 3960; x_wconf 84' lang='lat' dir='ltr'><strong>mearum,</strong></span> <span class='ocrx_word' id='word_1_299' title='bbox 1380 3906 1434 3951; x_wconf 86' lang='lat' dir='ltr'><strong>et</strong></span> <span class='ocrx_word' id='word_1_300' title='bbox 1460 3897 1732 3954; x_wconf 77' lang='lat' dir='ltr'><strong>fomitibus</strong></span> <span class='ocrx_word' id='word_1_301' title='bbox 1760 3899 1896 3970; x_wconf 83' lang='lat' dir='ltr'><strong>ignis</strong></span> <span class='ocrx_word' id='word_1_302' title='bbox 1925 3902 2050 3958; x_wconf 82' lang='lat' dir='ltr'><strong>mei.</strong></span> 
     </span>
    </p>
   </div>
   <div class='ocr_carea' id='block_1_39' title="bbox 471 3981 2054 4063">
    <p class='ocr_par' dir='ltr' id='par_1_39' title="bbox 471 3981 2054 4063">
     <span class='ocr_line' id='line_1_42' title="bbox 471 3981 2054 4063; baseline 0.008 -26"><span class='ocrx_word' id='word_1_303' title='bbox 471 3981 609 4050; x_wconf 78' lang='lat' dir='ltr'><strong>Quid</strong></span> <span class='ocrx_word' id='word_1_304' title='bbox 635 3990 715 4038; x_wconf 88' lang='lat' dir='ltr'><strong>est</strong></span> <span class='ocrx_word' id='word_1_305' title='bbox 741 3982 883 4051; x_wconf 89' lang='lat' dir='ltr'><strong>quod</strong></span> <span class='ocrx_word' id='word_1_306' title='bbox 912 3982 981 4036; x_wconf 91' lang='lat' dir='ltr'><strong>ibi</strong></span> <span class='ocrx_word' id='word_1_307' title='bbox 1013 3983 1176 4042; x_wconf 78' lang='lat' dir='ltr'><strong>hoino</strong></span> <span class='ocrx_word' id='word_1_308' title='bbox 1202 3987 1313 4042; x_wconf 90' lang='lat' dir='ltr'><strong>vult</strong></span> <span class='ocrx_word' id='word_1_309' title='bbox 1339 3987 1524 4046; x_wconf 84' lang='lat' dir='ltr'><strong>dolere</strong></span> <span class='ocrx_word' id='word_1_310' title='bbox 1542 4031 1558 4058; x_wconf 91' lang='lat'><strong>,</strong></span> <span class='ocrx_word' id='word_1_311' title='bbox 1590 4007 1710 4046; x_wconf 89' lang='lat' dir='ltr'><strong>cum</strong></span> <span class='ocrx_word' id='word_1_312' title='bbox 1739 4003 1944 4063; x_wconf 79' lang='lat' dir='ltr'><strong>spectat</strong></span> <span class='ocrx_word' id='word_1_313' title='bbox 1972 3995 2054 4048; x_wconf 63' lang='lat' dir='ltr'><strong>luo</strong></span> 
     </span>
    </p>
   </div>
   <div class='ocr_carea' id='block_1_40' title="bbox 471 4074 2056 4150">
    <p class='ocr_par' dir='ltr' id='par_1_40' title="bbox 471 4074 2056 4150">
     <span class='ocr_line' id='line_1_43' title="bbox 471 4074 2056 4150; baseline 0.008 -22"><span class='ocrx_word' id='word_1_314' title='bbox 471 4082 656 4128; x_wconf 82' lang='lat' dir='ltr'><strong>ctuosa</strong></span> <span class='ocrx_word' id='word_1_315' title='bbox 681 4080 838 4142; x_wconf 87' lang='lat' dir='ltr'><strong>atque</strong></span> <span class='ocrx_word' id='word_1_316' title='bbox 868 4074 1084 4143; x_wconf 85' lang='lat' dir='ltr'><strong>tragica,</strong></span> <span class='ocrx_word' id='word_1_317' title='bbox 1121 4091 1238 4144; x_wconf 70' lang='lat' dir='ltr'><strong>qua!</strong></span> <span class='ocrx_word' id='word_1_318' title='bbox 1269 4086 1443 4134; x_wconf 82' lang='lat' dir='ltr'><strong>tamen</strong></span> <span class='ocrx_word' id='word_1_319' title='bbox 1473 4081 1582 4150; x_wconf 80' lang='lat' dir='ltr'><strong>pati</strong></span> <span class='ocrx_word' id='word_1_320' title='bbox 1613 4081 1727 4150; x_wconf 86' lang='lat' dir='ltr'><strong>ipse</strong></span> <span class='ocrx_word' id='word_1_321' title='bbox 1755 4083 1956 4139; x_wconf 77' lang='lat' dir='ltr'><strong>nollet?</strong></span> <span class='ocrx_word' id='word_1_322' title='bbox 1986 4085 2056 4140; x_wconf 86' lang='lat' dir='ltr'><strong>Et</strong></span> 
     </span>
    </p>
   </div>
   <div class='ocr_carea' id='block_1_41' title="bbox 473 4166 2052 4246">
    <p class='ocr_par' dir='ltr' id='par_1_41' title="bbox 473 4166 2052 4246">
     <span class='ocr_line' id='line_1_44' title="bbox 473 4166 2052 4246; baseline 0.009 -26"><span class='ocrx_word' id='word_1_323' title='bbox 473 4176 647 4220; x_wconf 89' lang='lat' dir='ltr'><strong>tamen</strong></span> <span class='ocrx_word' id='word_1_324' title='bbox 684 4166 791 4236; x_wconf 88' lang='lat' dir='ltr'><strong>pati</strong></span> <span class='ocrx_word' id='word_1_325' title='bbox 822 4166 937 4220; x_wconf 91' lang='lat' dir='ltr'><strong>vult</strong></span> <span class='ocrx_word' id='word_1_326' title='bbox 961 4181 1027 4221; x_wconf 83' lang='lat' dir='ltr'><strong>ex</strong></span> <span class='ocrx_word' id='word_1_327' title='bbox 1070 4167 1148 4222; x_wconf 89' lang='lat' dir='ltr'><strong>eis</strong></span> <span class='ocrx_word' id='word_1_328' title='bbox 1182 4169 1421 4230; x_wconf 82' lang='lat' dir='ltr'><strong>dolorem</strong></span> <span class='ocrx_word' id='word_1_329' title='bbox 1460 4181 1758 4246; x_wconf 83' lang='lat' dir='ltr'><strong>spectator,</strong></span> <span class='ocrx_word' id='word_1_330' title='bbox 1807 4187 1859 4232; x_wconf 89' lang='lat' dir='ltr'><strong>et</strong></span> <span class='ocrx_word' id='word_1_331' title='bbox 1901 4177 2052 4234; x_wconf 91' lang='lat' dir='ltr'><strong>dolor</strong></span> 
     </span>
    </p>
   </div>
   <div class='ocr_carea' id='block_1_42' title="bbox 471 4257 2050 4329">
    <p class='ocr_par' dir='ltr' id='par_1_42' title="bbox 471 4257 2050 4329">
     <span class='ocr_line' id='line_1_45' title="bbox 471 4257 2050 4329; baseline 0.011 -19"><span class='ocrx_word' id='word_1_332' title='bbox 471 4259 586 4328; x_wconf 88' lang='lat' dir='ltr'><strong>ipse</strong></span> <span class='ocrx_word' id='word_1_333' title='bbox 611 4265 692 4312; x_wconf 89' lang='lat' dir='ltr'><strong>est</strong></span> <span class='ocrx_word' id='word_1_334' title='bbox 715 4257 956 4328; x_wconf 86' lang='lat' dir='ltr'><strong>voluptas</strong></span> <span class='ocrx_word' id='word_1_335' title='bbox 984 4258 1118 4328; x_wconf 87' lang='lat' dir='ltr'><strong>ejus.</strong></span> <span class='ocrx_word' id='word_1_336' title='bbox 1147 4260 1283 4328; x_wconf 84' lang='lat' dir='ltr'><strong>Quid</strong></span> <span class='ocrx_word' id='word_1_337' title='bbox 1309 4271 1409 4329; x_wconf 90' lang='lat' dir='ltr'><strong>est,</strong></span> <span class='ocrx_word' id='word_1_338' title='bbox 1438 4265 1536 4322; x_wconf 85' lang='lat' dir='ltr'><strong>nisi</strong></span> <span class='ocrx_word' id='word_1_339' title='bbox 1562 4268 1879 4326; x_wconf 86' lang='lat' dir='ltr'><strong>miserabilis</strong></span> <span class='ocrx_word' id='word_1_340' title='bbox 1906 4271 2050 4327; x_wconf 86' lang='lat' dir='ltr'><strong>insa-</strong></span> 
     </span>
    </p>
   </div>
   <div class='ocr_carea' id='block_1_43' title="bbox 467 4349 2052 4432">
    <p class='ocr_par' dir='ltr' id='par_1_43' title="bbox 467 4349 2052 4432">
     <span class='ocr_line' id='line_1_46' title="bbox 467 4349 2052 4432; baseline 0.011 -29"><span class='ocrx_word' id='word_1_341' title='bbox 467 4351 554 4404; x_wconf 91' lang='lat' dir='ltr'><strong>nia</strong></span> <span class='ocrx_word' id='word_1_342' title='bbox 579 4349 638 4402; x_wconf 64' lang='lat'><strong>3?</strong></span> <span class='ocrx_word' id='word_1_343' title='bbox 670 4349 802 4416; x_wconf 79' lang='lat' dir='ltr'><strong>Nam</strong></span> <span class='ocrx_word' id='word_1_344' title='bbox 833 4365 896 4408; x_wconf 83' lang='lat' dir='ltr'><strong>eo</strong></span> <span class='ocrx_word' id='word_1_345' title='bbox 921 4352 1088 4424; x_wconf 76' lang='lat' dir='ltr'><strong>magis</strong></span> <span class='ocrx_word' id='word_1_346' title='bbox 1113 4354 1192 4410; x_wconf 88' lang='lat' dir='ltr'><strong>eis</strong></span> <span class='ocrx_word' id='word_1_347' title='bbox 1216 4366 1457 4412; x_wconf 86' lang='lat' dir='ltr'><strong>movetur</strong></span> <span class='ocrx_word' id='word_1_348' title='bbox 1480 4359 1720 4430; x_wconf 83' lang='lat' dir='ltr'><strong>quisque,</strong></span> <span class='ocrx_word' id='word_1_349' title='bbox 1743 4378 1850 4432; x_wconf 91' lang='lat' dir='ltr'><strong>quo</strong></span> <span class='ocrx_word' id='word_1_350' title='bbox 1875 4365 2052 4424; x_wconf 87' lang='lat' dir='ltr'><strong>minus</strong></span> 
     </span>
    </p>
   </div>
   <div class='ocr_carea' id='block_1_44' title="bbox 468 4439 2052 4526">
    <p class='ocr_par' dir='ltr' id='par_1_44' title="bbox 468 4439 2052 4526">
     <span class='ocr_line' id='line_1_47' title="bbox 468 4439 2052 4526; baseline 0.015 -34"><span class='ocrx_word' id='word_1_351' title='bbox 468 4455 497 4492; x_wconf 74' lang='grc' dir='ltr'><strong>ει</strong></span> <span class='ocrx_word' id='word_1_352' title='bbox 546 4439 736 4498; x_wconf 87' lang='lat' dir='ltr'><strong>talibus</strong></span> <span class='ocrx_word' id='word_1_353' title='bbox 765 4439 1039 4506; x_wconf 76' lang='lat' dir='ltr'><strong>atl‘ectibus</strong></span> <span class='ocrx_word' id='word_1_354' title='bbox 1079 4460 1239 4502; x_wconf 90' lang='lat' dir='ltr'><strong>sanus</strong></span> <span class='ocrx_word' id='word_1_355' title='bbox 1281 4457 1364 4502; x_wconf 88' lang='lat' dir='ltr'><strong>est</strong></span> <span class='ocrx_word' id='word_1_356' title='bbox 1392 4465 1405 4502; x_wconf 91' lang='lat'><strong>:</strong></span> <span class='ocrx_word' id='word_1_357' title='bbox 1434 4465 1732 4522; x_wconf 87' lang='lat' dir='ltr'><strong>quanquam</strong></span> <span class='ocrx_word' id='word_1_358' title='bbox 1775 4469 1895 4510; x_wconf 90' lang='lat' dir='ltr'><strong>cum</strong></span> <span class='ocrx_word' id='word_1_359' title='bbox 1936 4458 2052 4526; x_wconf 84' lang='lat' dir='ltr'><strong>ipse</strong></span> 
     </span>
    </p>
   </div>
   <div class='ocr_carea' id='block_1_45' title="bbox 472 4531 2050 4610">
    <p class='ocr_par' dir='ltr' id='par_1_45' title="bbox 472 4531 2050 4610">
     <span class='ocr_line' id='line_1_48' title="bbox 472 4531 2050 4610; baseline 0.013 -27"><span class='ocrx_word' id='word_1_360' title='bbox 472 4531 667 4599; x_wconf 87' lang='lat' dir='ltr'><strong>patitur</strong></span> <span class='ocrx_word' id='word_1_361' title='bbox 686 4573 701 4596; x_wconf 91' lang='lat'><strong>,</strong></span> <span class='ocrx_word' id='word_1_362' title='bbox 730 4531 940 4592; x_wconf 77' lang='lat' dir='ltr'><strong>miseria</strong></span> <span class='ocrx_word' id='word_1_363' title='bbox 967 4551 981 4600; x_wconf 86' lang='lat'><strong>;</strong></span> <span class='ocrx_word' id='word_1_364' title='bbox 1009 4549 1129 4596; x_wconf 87' lang='lat' dir='ltr'><strong>cum</strong></span> <span class='ocrx_word' id='word_1_365' title='bbox 1157 4537 1277 4594; x_wconf 88' lang='lat' dir='ltr'><strong>aliis</strong></span> <span class='ocrx_word' id='word_1_366' title='bbox 1306 4541 1624 4610; x_wconf 89' lang='lat' dir='ltr'><strong>compatitur</strong></span> <span class='ocrx_word' id='word_1_367' title='bbox 1643 4585 1657 4609; x_wconf 92' lang='lat'><strong>,</strong></span> <span class='ocrx_word' id='word_1_368' title='bbox 1685 4544 2050 4606; x_wconf 80' lang='lat' dir='ltr'><strong>misericordia</strong></span> 
     </span>
    </p>
   </div>
   <div class='ocr_carea' id='block_1_46' title="bbox 467 4619 2049 4695">
    <p class='ocr_par' dir='ltr' id='par_1_46' title="bbox 467 4619 2049 4695">
     <span class='ocr_line' id='line_1_49' title="bbox 467 4619 2049 4695; baseline 0.013 -22"><span class='ocrx_word' id='word_1_369' title='bbox 467 4619 572 4676; x_wconf 88' lang='lat' dir='ltr'><strong>dici</strong></span> <span class='ocrx_word' id='word_1_370' title='bbox 611 4621 764 4688; x_wconf 80' lang='lat' dir='ltr'><strong>solet.</strong></span> <span class='ocrx_word' id='word_1_371' title='bbox 797 4620 900 4680; x_wconf 87' lang='lat' dir='ltr'><strong>Sed</strong></span> <span class='ocrx_word' id='word_1_372' title='bbox 938 4625 1107 4694; x_wconf 81' lang='lat' dir='ltr'><strong>qualis</strong></span> <span class='ocrx_word' id='word_1_373' title='bbox 1137 4628 1348 4688; x_wconf 83' lang='lat' dir='ltr'><strong>tandem</strong></span> <span class='ocrx_word' id='word_1_374' title='bbox 1391 4630 1754 4689; x_wconf 88' lang='lat' dir='ltr'><strong>misericordia</strong></span> <span class='ocrx_word' id='word_1_375' title='bbox 1799 4635 1852 4692; x_wconf 89' lang='lat' dir='ltr'><strong>in</strong></span> <span class='ocrx_word' id='word_1_376' title='bbox 1889 4638 2049 4695; x_wconf 87' lang='lat' dir='ltr'><strong>rebus</strong></span> 
     </span>
    </p>
   </div>
   <div class='ocr_carea' id='block_1_47' title="bbox 463 4714 2048 4799">
    <p class='ocr_par' dir='ltr' id='par_1_47' title="bbox 463 4714 2048 4799">
     <span class='ocr_line' id='line_1_50' title="bbox 463 4714 2048 4799; baseline 0.013 -33"><span class='ocrx_word' id='word_1_377' title='bbox 463 4714 604 4770; x_wconf 83' lang='lat' dir='ltr'><strong>lictis</strong></span> <span class='ocrx_word' id='word_1_378' title='bbox 630 4723 682 4777; x_wconf 83' lang='lat' dir='ltr'><strong>et</strong></span> <span class='ocrx_word' id='word_1_379' title='bbox 711 4715 972 4772; x_wconf 82' lang='lat' dir='ltr'><strong>scenicis?</strong></span> <span class='ocrx_word' id='word_1_380' title='bbox 997 4717 1115 4774; x_wconf 89' lang='lat' dir='ltr'><strong>Non</strong></span> <span class='ocrx_word' id='word_1_381' title='bbox 1139 4720 1280 4784; x_wconf 87' lang='lat' dir='ltr'><strong>enim</strong></span> <span class='ocrx_word' id='word_1_382' title='bbox 1311 4721 1374 4776; x_wconf 90' lang='lat' dir='ltr'><strong>ad</strong></span> <span class='ocrx_word' id='word_1_383' title='bbox 1403 4725 1821 4784; x_wconf 84' lang='lat' dir='ltr'><strong>subveniendum</strong></span> <span class='ocrx_word' id='word_1_384' title='bbox 1852 4745 2048 4799; x_wconf 87' lang='lat' dir='ltr'><strong>provo-</strong></span> 
     </span>
    </p>
   </div>
   <div class='ocr_carea' id='block_1_48' title="bbox 459 4805 2049 4881">
    <p class='ocr_par' dir='ltr' id='par_1_48' title="bbox 459 4805 2049 4881">
     <span class='ocr_line' id='line_1_51' title="bbox 459 4805 2049 4881; baseline 0.014 -22"><span class='ocrx_word' id='word_1_385' title='bbox 459 4814 614 4862; x_wconf 87' lang='lat' dir='ltr'><strong>catur</strong></span> <span class='ocrx_word' id='word_1_386' title='bbox 641 4805 852 4874; x_wconf 82' lang='lat' dir='ltr'><strong>auditor</strong></span> <span class='ocrx_word' id='word_1_387' title='bbox 871 4824 891 4857; x_wconf 77' lang='lat'><strong>-.</strong></span> <span class='ocrx_word' id='word_1_388' title='bbox 915 4809 1007 4866; x_wconf 90' lang='lat' dir='ltr'><strong>sed</strong></span> <span class='ocrx_word' id='word_1_389' title='bbox 1039 4819 1240 4870; x_wconf 89' lang='lat' dir='ltr'><strong>tantum</strong></span> <span class='ocrx_word' id='word_1_390' title='bbox 1268 4813 1335 4869; x_wconf 90' lang='lat' dir='ltr'><strong>ad</strong></span> <span class='ocrx_word' id='word_1_391' title='bbox 1362 4815 1648 4876; x_wconf 89' lang='lat' dir='ltr'><strong>dolendum</strong></span> <span class='ocrx_word' id='word_1_392' title='bbox 1679 4819 1964 4878; x_wconf 89' lang='lat' dir='ltr'><strong>invitatur:</strong></span> <span class='ocrx_word' id='word_1_393' title='bbox 1994 4834 2049 4881; x_wconf 89' lang='lat' dir='ltr'><strong>et</strong></span> 
     </span>
    </p>
   </div>
   <div class='ocr_carea' id='block_1_49' title="bbox 457 4897 2046 4985">
    <p class='ocr_par' dir='ltr' id='par_1_49' title="bbox 457 4897 2046 4985">
     <span class='ocr_line' id='line_1_52' title="bbox 457 4897 2046 4985; baseline 0.013 -33"><span class='ocrx_word' id='word_1_394' title='bbox 457 4898 625 4958; x_wconf 85' lang='lat' dir='ltr'><strong>actori</strong></span> <span class='ocrx_word' id='word_1_395' title='bbox 653 4897 674 4928; x_wconf 65' lang='lat'><strong>‘</strong></span> <span class='ocrx_word' id='word_1_396' title='bbox 709 4912 890 4956; x_wconf 88' lang='lat' dir='ltr'><strong>earum</strong></span> <span class='ocrx_word' id='word_1_397' title='bbox 922 4902 1205 4972; x_wconf 81' lang='lat' dir='ltr'><strong>imaginum</strong></span> <span class='ocrx_word' id='word_1_398' title='bbox 1235 4907 1463 4978; x_wconf 86' lang='lat' dir='ltr'><strong>amplius</strong></span> <span class='ocrx_word' id='word_1_399' title='bbox 1484 4909 1650 4975; x_wconf 75' lang='lat' dir='ltr'><strong>favet,</strong></span> <span class='ocrx_word' id='word_1_400' title='bbox 1674 4927 1796 4967; x_wconf 90' lang='lat' dir='ltr'><strong>cum</strong></span> <span class='ocrx_word' id='word_1_401' title='bbox 1819 4917 2046 4985; x_wconf 88' lang='lat' dir='ltr'><strong>amplius</strong></span> 
     </span>
    </p>
   </div>
   <div class='ocr_carea' id='block_1_50' title="bbox 463 4987 2043 5075">
    <p class='ocr_par' dir='ltr' id='par_1_50' title="bbox 463 4987 2043 5075">
     <span class='ocr_line' id='line_1_53' title="bbox 463 4987 2043 5075; baseline 0.013 -31"><span class='ocrx_word' id='word_1_402' title='bbox 463 4987 626 5052; x_wconf 81' lang='lat' dir='ltr'><strong>dolet.</strong></span> <span class='ocrx_word' id='word_1_403' title='bbox 657 4990 724 5050; x_wconf 83' lang='lat' dir='ltr'><strong>Et</strong></span> <span class='ocrx_word' id='word_1_404' title='bbox 753 4991 798 5044; x_wconf 90' lang='lat' dir='ltr'><strong>si</strong></span> <span class='ocrx_word' id='word_1_405' title='bbox 826 4991 1153 5052; x_wconf 82' lang='lat' dir='ltr'><strong>calamitates</strong></span> <span class='ocrx_word' id='word_1_406' title='bbox 1180 4996 1284 5050; x_wconf 79' lang='lat' dir='ltr'><strong>illa:</strong></span> <span class='ocrx_word' id='word_1_407' title='bbox 1312 4997 1588 5056; x_wconf 88' lang='lat' dir='ltr'><strong>hominum</strong></span> <span class='ocrx_word' id='word_1_408' title='bbox 1613 5004 1691 5057; x_wconf 89' lang='lat' dir='ltr'><strong>vel</strong></span> <span class='ocrx_word' id='word_1_409' title='bbox 1713 5005 1940 5075; x_wconf 66' lang='lat' dir='ltr'><strong>antiqua:</strong></span> <span class='ocrx_word' id='word_1_410' title='bbox 1962 5010 2043 5064; x_wconf 88' lang='lat' dir='ltr'><strong>vel</strong></span> 
     </span>
    </p>
   </div>
   <div class='ocr_carea' id='block_1_51' title="bbox 460 5079 2046 5162">
    <p class='ocr_par' dir='ltr' id='par_1_51' title="bbox 460 5079 2046 5162">
     <span class='ocr_line' id='line_1_54' title="bbox 460 5079 2046 5162; baseline 0.015 -29"><span class='ocrx_word' id='word_1_411' title='bbox 460 5079 608 5156; x_wconf 70' lang='lat' dir='ltr'><strong>talsre</strong></span> <span class='ocrx_word' id='word_1_412' title='bbox 634 5083 710 5138; x_wconf 91' lang='lat' dir='ltr'><strong>sic</strong></span> <span class='ocrx_word' id='word_1_413' title='bbox 739 5091 981 5154; x_wconf 81' lang='lat' dir='ltr'><strong>agantur,</strong></span> <span class='ocrx_word' id='word_1_414' title='bbox 1016 5094 1072 5140; x_wconf 82' lang='grc' dir='ltr'><strong>ιιι</strong></span> <span class='ocrx_word' id='word_1_415' title='bbox 1100 5087 1188 5158; x_wconf 90' lang='lat' dir='ltr'><strong>qui</strong></span> <span class='ocrx_word' id='word_1_416' title='bbox 1209 5098 1413 5158; x_wconf 85' lang='lat' dir='ltr'><strong>spectat</strong></span> <span class='ocrx_word' id='word_1_417' title='bbox 1435 5107 1539 5146; x_wconf 88' lang='lat' dir='ltr'><strong>non</strong></span> <span class='ocrx_word' id='word_1_418' title='bbox 1568 5093 1779 5162; x_wconf 88' lang='lat' dir='ltr'><strong>doleat;</strong></span> <span class='ocrx_word' id='word_1_419' title='bbox 1809 5098 2046 5157; x_wconf 84' lang='lat' dir='ltr'><strong>abscedit</strong></span> 
     </span>
    </p>
   </div>
   <div class='ocr_carea' id='block_1_52' title="bbox 458 5153 2044 5258">
    <p class='ocr_par' dir='ltr' id='par_1_52' title="bbox 458 5153 2044 5258">
     <span class='ocr_line' id='line_1_55' title="bbox 458 5153 2044 5258; baseline 0.016 -33"><span class='ocrx_word' id='word_1_420' title='bbox 458 5153 584 5228; x_wconf 83' lang='lat' dir='ltr'><strong>inde</strong></span> <span class='ocrx_word' id='word_1_421' title='bbox 604 5153 875 5236; x_wconf 78' lang='lat' dir='ltr'><strong>fastidiens</strong></span> <span class='ocrx_word' id='word_1_422' title='bbox 901 5184 955 5232; x_wconf 88' lang='lat' dir='ltr'><strong>et</strong></span> <span class='ocrx_word' id='word_1_423' title='bbox 977 5153 1373 5248; x_wconf 73' lang='lat' dir='ltr'><strong>reprehendens</strong></span> <span class='ocrx_word' id='word_1_424' title='bbox 1401 5199 1413 5234; x_wconf 89' lang='lat'><strong>:</strong></span> <span class='ocrx_word' id='word_1_425' title='bbox 1437 5183 1481 5240; x_wconf 91' lang='lat' dir='ltr'><strong>si</strong></span> <span class='ocrx_word' id='word_1_426' title='bbox 1509 5195 1685 5242; x_wconf 89' lang='lat' dir='ltr'><strong>autem</strong></span> <span class='ocrx_word' id='word_1_427' title='bbox 1713 5188 1906 5258; x_wconf 88' lang='lat' dir='ltr'><strong>doleat,</strong></span> <span class='ocrx_word' id='word_1_428' title='bbox 1930 5209 2044 5250; x_wconf 85' lang='lat' dir='ltr'><strong>ma-</strong></span> 
     </span>
    </p>
   </div>
   <div class='ocr_carea' id='block_1_53' title="bbox 461 5264 1534 5345">
    <p class='ocr_par' dir='ltr' id='par_1_53' title="bbox 461 5264 1534 5345">
     <span class='ocr_line' id='line_1_56' title="bbox 461 5264 1534 5345; baseline 0.011 -27"><span class='ocrx_word' id='word_1_429' title='bbox 461 5271 554 5319; x_wconf 87' lang='lat' dir='ltr'><strong>net</strong></span> <span class='ocrx_word' id='word_1_430' title='bbox 577 5264 826 5334; x_wconf 83' lang='lat' dir='ltr'><strong>intentus,</strong></span> <span class='ocrx_word' id='word_1_431' title='bbox 857 5276 911 5322; x_wconf 91' lang='lat' dir='ltr'><strong>et</strong></span> <span class='ocrx_word' id='word_1_432' title='bbox 935 5269 1170 5340; x_wconf 84' lang='lat' dir='ltr'><strong>gaudens</strong></span> <span class='ocrx_word' id='word_1_433' title='bbox 1195 5271 1534 5345; x_wconf 79' lang='lat' dir='ltr'><strong>lacryntatur.</strong></span> 
     </span>
    </p>
   </div>
   <div class='ocr_carea' id='block_1_54' title="bbox 517 5379 2036 5457">
    <p class='ocr_par' dir='ltr' id='par_1_54' title="bbox 517 5379 2036 5457">
     <span class='ocr_line' id='line_1_57' title="bbox 517 5379 2036 5457; baseline 0.017 -33"><span class='ocrx_word' id='word_1_434' title='bbox 517 5379 534 5411; x_wconf 77' lang='grc' dir='ltr'>ι</span> <span class='ocrx_word' id='word_1_435' title='bbox 557 5383 667 5457; x_wconf 44' lang='lat' dir='ltr'><strong>cev.</strong></span> <span class='ocrx_word' id='word_1_436' title='bbox 678 5384 762 5457; x_wconf 51' lang='grc' dir='ltr'><strong>τῇ</strong></span> <span class='ocrx_word' id='word_1_437' title='bbox 772 5379 927 5428; x_wconf 86' lang='lat' dir='ltr'><strong>amari</strong></span> <span class='ocrx_word' id='word_1_438' title='bbox 937 5381 1158 5457; x_wconf 52' lang='lat' dir='ltr'><strong>augebam</strong></span> <span class='ocrx_word' id='word_1_439' title='bbox 1171 5397 1188 5445; x_wconf 90' lang='lat'><em>;</em></span> <span class='ocrx_word' id='word_1_440' title='bbox 1203 5397 1414 5457; x_wconf 77' lang='lat' dir='ltr'><strong>moxque</strong></span> <span class='ocrx_word' id='word_1_441' title='bbox 1425 5402 1442 5457; x_wconf 86' lang='lat'><strong>_:</strong></span> <span class='ocrx_word' id='word_1_442' title='bbox 1465 5399 1637 5457; x_wconf 46' lang='lat' dir='ltr'><strong>«(mana</strong></span> <span class='ocrx_word' id='word_1_443' title='bbox 1652 5393 1838 5457; x_wconf 72' lang='lat' dir='ltr'><strong>ornari;</strong></span> <span class='ocrx_word' id='word_1_444' title='bbox 1854 5405 1904 5448; x_wconf 90' lang='lat' dir='ltr'><strong>at</strong></span> <span class='ocrx_word' id='word_1_445' title='bbox 1929 5400 2036 5451; x_wconf 87' lang='lat' dir='ltr'><strong>Bad.</strong></span> 
     </span>
    </p>
   </div>
   <div class='ocr_carea' id='block_1_55' title="bbox 448 5443 2038 5549">
    <p class='ocr_par' dir='ltr' id='par_1_55' title="bbox 448 5443 2038 5549">
     <span class='ocr_line' id='line_1_58' title="bbox 448 5443 2038 5549; baseline 0.016 -62"><span class='ocrx_word' id='word_1_446' title='bbox 448 5446 556 5549; x_wconf 42' lang='lat' dir='ltr'><strong>rm.</strong></span> <span class='ocrx_word' id='word_1_447' title='bbox 573 5443 656 5549; x_wconf 75' lang='lat' dir='ltr'><strong>Er.l</strong></span> <span class='ocrx_word' id='word_1_448' title='bbox 673 5447 723 5488; x_wconf 89' lang='lat' dir='ltr'><strong>et</strong></span> <span class='ocrx_word' id='word_1_449' title='bbox 741 5449 850 5548; x_wconf 41' lang='lat' dir='ltr'><strong>xtra.</strong></span> <span class='ocrx_word' id='word_1_450' title='bbox 872 5453 982 5491; x_wconf 74' lang='lat' dir='ltr'><strong>cum</strong></span> <span class='ocrx_word' id='word_1_451' title='bbox 998 5450 1104 5494; x_wconf 82' lang='lat' dir='ltr'><strong>Mss.</strong></span> <span class='ocrx_word' id='word_1_452' title='bbox 1122 5443 1208 5508; x_wconf 82' lang='lat' dir='ltr'><strong>pro</strong></span> <span class='ocrx_word' id='word_1_453' title='bbox 1237 5443 1410 5511; x_wconf 69' lang='lat' dir='ltr'><strong>amari,</strong></span> <span class='ocrx_word' id='word_1_454' title='bbox 1425 5450 1606 5502; x_wconf 85' lang='lat' dir='ltr'><strong>habent</strong></span> <span class='ocrx_word' id='word_1_455' title='bbox 1631 5443 1810 5518; x_wconf 81' lang='lat' dir='ltr'><strong>amare,</strong></span> <span class='ocrx_word' id='word_1_456' title='bbox 1820 5443 2038 5525; x_wconf 51' lang='lat' dir='ltr'><strong>’uii-oh‘dé</strong></span> 
     </span>
     <span class='ocr_line' id='line_1_59' title="bbox 467 5513 862 5549; baseline 0.003 -1"><span class='ocrx_word' id='word_1_457' title='bbox 467 5514 584 5549; x_wconf 88' lang='lat' dir='ltr'><strong>oco.</strong></span> <span class='ocrx_word' id='word_1_458' title='bbox 604 5514 633 5549; x_wconf 92' lang='lat' dir='ltr'><strong>e</strong></span> <span class='ocrx_word' id='word_1_459' title='bbox 673 5513 753 5549; x_wconf 90' lang='lat' dir='ltr'><strong>me</strong></span> <span class='ocrx_word' id='word_1_460' title='bbox 773 5515 862 5549; x_wconf 77' lang='lat' dir='ltr'><strong>ius.</strong></span> 
     </span>
    </p>
   </div>
   <div class='ocr_carea' id='block_1_56' title="bbox 467 5508 862 5552">
    <p class='ocr_par' dir='ltr' id='par_1_56' title="bbox 467 5508 862 5552">
     <span class='ocr_line' id='line_1_60' title="bbox 467 5508 862 5552; baseline 0.008 -3"><span class='ocrx_word' id='word_1_461' title='bbox 467 5514 556 5550; x_wconf 80' lang='lat' dir='ltr'><strong>OCO</strong></span> <span class='ocrx_word' id='word_1_462' title='bbox 569 5536 584 5552; x_wconf 80' lang='lat'><em>.</em></span> <span class='ocrx_word' id='word_1_463' title='bbox 604 5508 656 5549; x_wconf 92' lang='lat' dir='ltr'><strong>et</strong></span> <span class='ocrx_word' id='word_1_464' title='bbox 673 5508 862 5552; x_wconf 88' lang='lat' dir='ltr'><strong>melius.</strong></span> 
     </span>
    </p>
   </div>
   <div class='ocr_carea' id='block_1_57' title="bbox 513 5536 2037 5640">
    <p class='ocr_par' dir='ltr' id='par_1_57' title="bbox 513 5536 2037 5640">
     <span class='ocr_line' id='line_1_61' title="bbox 513 5536 2037 5640; baseline 0.02 -32"><span class='ocrx_word' id='word_1_465' title='bbox 674 5536 960 5640; x_wconf 42' lang='grc' dir='ltr'><strong>ξξιξίῠίθχε</strong></span> <span class='ocrx_word' id='word_1_466' title='bbox 982 5580 998 5638; x_wconf 71' lang='grc' dir='ltr'><em>ε</em></span> <span class='ocrx_word' id='word_1_467' title='bbox 1117 5575 1331 5620; x_wconf 73' lang='lat' dir='ltr'><strong>tartareo</strong></span> <span class='ocrx_word' id='word_1_468' title='bbox 1365 5572 1593 5640; x_wconf 79' lang='lat' dir='ltr'><strong>libidine;</strong></span> <span class='ocrx_word' id='word_1_469' title='bbox 1609 5585 1660 5628; x_wconf 89' lang='lat' dir='ltr'><strong>at</strong></span> <span class='ocrx_word' id='word_1_470' title='bbox 1703 5581 1812 5633; x_wconf 86' lang='lat' dir='ltr'><strong>Bad.</strong></span> <span class='ocrx_word' id='word_1_471' title='bbox 1853 5591 1964 5636; x_wconf 80' lang='lat' dir='ltr'><strong>Arn.</strong></span> <span class='ocrx_word' id='word_1_472' title='bbox 1985 5597 2037 5638; x_wconf 84' lang='lat' dir='ltr'><strong>et</strong></span> 
     </span>
    </p>
   </div>
   <div class='ocr_carea' id='block_1_58' title="bbox 447 5625 1137 5681">
    <p class='ocr_par' dir='ltr' id='par_1_58' title="bbox 447 5625 1137 5681">
     <span class='ocr_line' id='line_1_62' title="bbox 447 5625 1137 5681; baseline 0.009 -8"><span class='ocrx_word' id='word_1_473' title='bbox 447 5631 580 5674; x_wconf 70' lang='lat' dir='ltr'><strong>Ias:</strong></span> <span class='ocrx_word' id='word_1_474' title='bbox 605 5632 674 5676; x_wconf 86' lang='lat' dir='ltr'><strong>De</strong></span> <span class='ocrx_word' id='word_1_475' title='bbox 693 5630 878 5676; x_wconf 86' lang='lat' dir='ltr'><strong>tartara</strong></span> <span class='ocrx_word' id='word_1_476' title='bbox 906 5625 1137 5681; x_wconf 76' lang='lat' dir='ltr'><strong>libidinis.</strong></span> 
     </span>
    </p>
   </div>
   <div class='ocr_carea' id='block_1_59' title="bbox 513 5688 1386 5765">
    <p class='ocr_par' dir='ltr' id='par_1_59' title="bbox 513 5688 1386 5765">
     <span class='ocr_line' id='line_1_63' title="bbox 513 5688 1386 5765; baseline 0.015 -31"><span class='ocrx_word' id='word_1_477' title='bbox 513 5688 533 5765; x_wconf 58' lang='grc' dir='ltr'><strong>ξ</strong></span> <span class='ocrx_word' id='word_1_478' title='bbox 554 5695 754 5765; x_wconf 69' lang='lat' dir='ltr'><strong>septem</strong></span> <span class='ocrx_word' id='word_1_479' title='bbox 779 5696 911 5765; x_wconf 55' lang='grc' dir='ltr'><strong>θεεξά</strong></span> <span class='ocrx_word' id='word_1_480' title='bbox 934 5691 1386 5765; x_wconf 42' lang='lat' dir='ltr'><strong>Mtrabitis.</strong></span> 
     </span>
    </p>
   </div>
   <div class='ocr_carea' id='block_1_60' title="bbox 515 5749 1184 5818">
    <p class='ocr_par' dir='ltr' id='par_1_60' title="bbox 515 5749 1184 5818">
     <span class='ocr_line' id='line_1_64' title="bbox 515 5749 1184 5818; baseline 0.009 -18"><span class='ocrx_word' id='word_1_481' title='bbox 515 5749 536 5781; x_wconf 73' lang='grc'><strong>⁸</strong></span> <span class='ocrx_word' id='word_1_482' title='bbox 554 5757 655 5801; x_wconf 85' lang='lat' dir='ltr'><strong>Iun.</strong></span> <span class='ocrx_word' id='word_1_483' title='bbox 676 5757 751 5800; x_wconf 84' lang='lat' dir='ltr'><strong>Er.</strong></span> <span class='ocrx_word' id='word_1_484' title='bbox 773 5757 826 5802; x_wconf 90' lang='lat' dir='ltr'><strong>et</strong></span> <span class='ocrx_word' id='word_1_485' title='bbox 841 5759 970 5818; x_wconf 80' lang='lat' dir='ltr'><strong>Lov.,</strong></span> <span class='ocrx_word' id='word_1_486' title='bbox 987 5755 1184 5808; x_wconf 75' lang='lat' dir='ltr'><strong>auctori.</strong></span> 
     </span>
    </p>
   </div>
   <div class='ocr_carea' id='block_1_61' title="bbox 2251 1127 3765 1212">
    <p class='ocr_par' dir='ltr' id='par_1_61' title="bbox 2251 1127 3765 1212">
     <span class='ocr_line' id='line_1_65' title="bbox 2251 1127 3765 1212; baseline 0.016 -28"><span class='ocrx_word' id='word_1_487' title='bbox 2251 1127 2304 1184; x_wconf 79' lang='lat'><strong>5.</strong></span> <span class='ocrx_word' id='word_1_488' title='bbox 2337 1127 2480 1202; x_wconf 84' lang='lat' dir='ltr'><strong>Ergo</strong></span> <span class='ocrx_word' id='word_1_489' title='bbox 2505 1143 2754 1198; x_wconf 87' lang='lat' dir='ltr'><strong>amantur</strong></span> <span class='ocrx_word' id='word_1_490' title='bbox 2790 1145 2844 1196; x_wconf 90' lang='lat' dir='ltr'><strong>et</strong></span> <span class='ocrx_word' id='word_1_491' title='bbox 2879 1139 3091 1200; x_wconf 82' lang='lat' dir='ltr'><strong>dolores</strong></span> <span class='ocrx_word' id='word_1_492' title='bbox 3121 1143 3178 1200; x_wconf 70' lang='grc'><strong>⁸2</strong></span> <span class='ocrx_word' id='word_1_493' title='bbox 3203 1144 3360 1202; x_wconf 88' lang='lat' dir='ltr'><strong>Certe</strong></span> <span class='ocrx_word' id='word_1_494' title='bbox 3389 1149 3563 1212; x_wconf 87' lang='lat' dir='ltr'><strong>omnis</strong></span> <span class='ocrx_word' id='word_1_495' title='bbox 3603 1150 3765 1208; x_wconf 91' lang='lat' dir='ltr'><strong>homo</strong></span> 
     </span>
    </p>
   </div>
   <div class='ocr_carea' id='block_1_62' title="bbox 2176 1213 3762 1310">
    <p class='ocr_par' dir='ltr' id='par_1_62' title="bbox 2176 1213 3762 1310">
     <span class='ocr_line' id='line_1_66' title="bbox 2176 1213 3762 1310; baseline 0.017 -36"><span class='ocrx_word' id='word_1_496' title='bbox 2176 1221 2408 1291; x_wconf 87' lang='lat' dir='ltr'><strong>gaudere</strong></span> <span class='ocrx_word' id='word_1_497' title='bbox 2437 1213 2566 1281; x_wconf 85' lang='lat' dir='ltr'><strong>vult.</strong></span> <span class='ocrx_word' id='word_1_498' title='bbox 2597 1227 2677 1283; x_wconf 84' lang='lat' dir='ltr'><strong>An</strong></span> <span class='ocrx_word' id='word_1_499' title='bbox 2702 1245 2822 1286; x_wconf 91' lang='lat' dir='ltr'><strong>cum</strong></span> <span class='ocrx_word' id='word_1_500' title='bbox 2850 1233 3105 1300; x_wconf 85' lang='lat' dir='ltr'><strong>miserum</strong></span> <span class='ocrx_word' id='word_1_501' title='bbox 3138 1241 3405 1306; x_wconf 84' lang='lat' dir='ltr'><strong>neminem</strong></span> <span class='ocrx_word' id='word_1_502' title='bbox 3433 1257 3553 1298; x_wconf 85' lang='lat' dir='ltr'><strong>esse</strong></span> <span class='ocrx_word' id='word_1_503' title='bbox 3581 1243 3762 1310; x_wconf 86' lang='lat' dir='ltr'><strong>libeat,</strong></span> 
     </span>
    </p>
   </div>
   <div class='ocr_carea' id='block_1_63' title="bbox 2174 1313 3763 1404">
    <p class='ocr_par' dir='ltr' id='par_1_63' title="bbox 2174 1313 3763 1404">
     <span class='ocr_line' id='line_1_67' title="bbox 2174 1313 3763 1404; baseline 0.016 -38"><span class='ocrx_word' id='word_1_504' title='bbox 2174 1313 2305 1378; x_wconf 87' lang='lat' dir='ltr'><strong>libet</strong></span> <span class='ocrx_word' id='word_1_505' title='bbox 2352 1325 2527 1383; x_wconf 81' lang='lat' dir='ltr'><strong>tamen</strong></span> <span class='ocrx_word' id='word_1_506' title='bbox 2556 1334 2676 1378; x_wconf 89' lang='lat' dir='ltr'><strong>esse</strong></span> <span class='ocrx_word' id='word_1_507' title='bbox 2720 1323 3154 1396; x_wconf 82' lang='lat' dir='ltr'><strong>misericordem;</strong></span> <span class='ocrx_word' id='word_1_508' title='bbox 3194 1331 3334 1402; x_wconf 86' lang='lat' dir='ltr'><strong>quod</strong></span> <span class='ocrx_word' id='word_1_509' title='bbox 3363 1334 3482 1404; x_wconf 87' lang='lat' dir='ltr'><strong>quia</strong></span> <span class='ocrx_word' id='word_1_510' title='bbox 3513 1349 3615 1392; x_wconf 91' lang='lat' dir='ltr'><strong>non</strong></span> <span class='ocrx_word' id='word_1_511' title='bbox 3647 1335 3763 1396; x_wconf 88' lang='lat' dir='ltr'><strong>sine</strong></span> 
     </span>
    </p>
   </div>
   <div class='ocr_carea' id='block_1_64' title="bbox 2172 1404 3760 1486">
    <p class='ocr_par' dir='ltr' id='par_1_64' title="bbox 2172 1404 3760 1486">
     <span class='ocr_line' id='line_1_68' title="bbox 2172 1404 3760 1486; baseline 0.017 -27"><span class='ocrx_word' id='word_1_512' title='bbox 2172 1404 2354 1466; x_wconf 87' lang='lat' dir='ltr'><strong>dolore</strong></span> <span class='ocrx_word' id='word_1_513' title='bbox 2396 1418 2510 1476; x_wconf 90' lang='lat' dir='ltr'><strong>est,</strong></span> <span class='ocrx_word' id='word_1_514' title='bbox 2539 1407 2640 1470; x_wconf 83' lang='lat' dir='ltr'><strong>hac</strong></span> <span class='ocrx_word' id='word_1_515' title='bbox 2673 1430 2777 1476; x_wconf 88' lang='lat' dir='ltr'><strong>una</strong></span> <span class='ocrx_word' id='word_1_516' title='bbox 2804 1431 2962 1480; x_wconf 88' lang='lat' dir='ltr'><strong>causa</strong></span> <span class='ocrx_word' id='word_1_517' title='bbox 2997 1431 3240 1484; x_wconf 80' lang='lat' dir='ltr'><strong>amantur</strong></span> <span class='ocrx_word' id='word_1_518' title='bbox 3279 1424 3532 1484; x_wconf 85' lang='lat' dir='ltr'><strong>dolores?</strong></span> <span class='ocrx_word' id='word_1_519' title='bbox 3560 1428 3626 1484; x_wconf 88' lang='lat' dir='ltr'><strong>Et</strong></span> <span class='ocrx_word' id='word_1_520' title='bbox 3659 1430 3760 1486; x_wconf 87' lang='lat' dir='ltr'><strong>hoc</strong></span> 
     </span>
    </p>
   </div>
   <div class='ocr_carea' id='block_1_65' title="bbox 2173 1497 3761 1589">
    <p class='ocr_par' dir='ltr' id='par_1_65' title="bbox 2173 1497 3761 1589">
     <span class='ocr_line' id='line_1_69' title="bbox 2173 1497 3761 1589; baseline 0.018 -39"><span class='ocrx_word' id='word_1_521' title='bbox 2173 1497 2239 1552; x_wconf 90' lang='lat' dir='ltr'><strong>de</strong></span> <span class='ocrx_word' id='word_1_522' title='bbox 2268 1497 2353 1552; x_wconf 88' lang='lat' dir='ltr'><strong>illa</strong></span> <span class='ocrx_word' id='word_1_523' title='bbox 2385 1517 2518 1556; x_wconf 87' lang='lat' dir='ltr'><strong>vena</strong></span> <span class='ocrx_word' id='word_1_524' title='bbox 2554 1505 2800 1568; x_wconf 56' lang='lat' dir='ltr'><strong>amicitiae</strong></span> <span class='ocrx_word' id='word_1_525' title='bbox 2835 1518 2934 1576; x_wconf 78' lang='lat' dir='ltr'><strong>est.</strong></span> <span class='ocrx_word' id='word_1_526' title='bbox 2974 1511 3082 1576; x_wconf 85' lang='lat' dir='ltr'><strong>Sed</strong></span> <span class='ocrx_word' id='word_1_527' title='bbox 3121 1530 3226 1584; x_wconf 91' lang='lat' dir='ltr'><strong>quo</strong></span> <span class='ocrx_word' id='word_1_528' title='bbox 3264 1517 3445 1572; x_wconf 88' lang='lat' dir='ltr'><strong>vadit?</strong></span> <span class='ocrx_word' id='word_1_529' title='bbox 3473 1536 3578 1589; x_wconf 88' lang='lat' dir='ltr'><strong>quo</strong></span> <span class='ocrx_word' id='word_1_530' title='bbox 3607 1521 3761 1578; x_wconf 82' lang='lat' dir='ltr'><strong>ﬂuit?</strong></span> 
     </span>
    </p>
   </div>
   <div class='ocr_carea' id='block_1_66' title="bbox 2172 1590 3759 1678">
    <p class='ocr_par' dir='ltr' id='par_1_66' title="bbox 2172 1590 3759 1678">
     <span class='ocr_line' id='line_1_70' title="bbox 2172 1590 3759 1678; baseline 0.015 -33"><span class='ocrx_word' id='word_1_531' title='bbox 2172 1590 2368 1662; x_wconf 89' lang='lat' dir='ltr'><strong>Ulquid</strong></span> <span class='ocrx_word' id='word_1_532' title='bbox 2411 1595 2644 1652; x_wconf 87' lang='lat' dir='ltr'><strong>decurrit</strong></span> <span class='ocrx_word' id='word_1_533' title='bbox 2686 1599 2738 1656; x_wconf 90' lang='lat' dir='ltr'><strong>in</strong></span> <span class='ocrx_word' id='word_1_534' title='bbox 2776 1609 3062 1668; x_wconf 82' lang='lat' dir='ltr'><strong>torrentem</strong></span> <span class='ocrx_word' id='word_1_535' title='bbox 3093 1607 3226 1678; x_wconf 88' lang='lat' dir='ltr'><strong>picis</strong></span> <span class='ocrx_word' id='word_1_536' title='bbox 3251 1609 3520 1668; x_wconf 87' lang='lat' dir='ltr'><strong>bullientis</strong></span> <span class='ocrx_word' id='word_1_537' title='bbox 3550 1623 3711 1668; x_wconf 57' lang='lat' dir='ltr'><strong>aestus</strong></span> <span class='ocrx_word' id='word_1_538' title='bbox 3737 1617 3759 1656; x_wconf 78' lang='lat'><strong>-&#39;</strong></span> 
     </span>
    </p>
   </div>
   <div class='ocr_carea' id='block_1_67' title="bbox 2173 1683 3762 1774">
    <p class='ocr_par' dir='ltr' id='par_1_67' title="bbox 2173 1683 3762 1774">
     <span class='ocr_line' id='line_1_71' title="bbox 2173 1683 3762 1774; baseline 0.018 -38"><span class='ocrx_word' id='word_1_539' title='bbox 2173 1683 2431 1742; x_wconf 81' lang='lat' dir='ltr'><strong>immanes</strong></span> <span class='ocrx_word' id='word_1_540' title='bbox 2464 1698 2716 1754; x_wconf 81' lang='lat' dir='ltr'><strong>tetrarum</strong></span> <span class='ocrx_word' id='word_1_541' title='bbox 2750 1693 3027 1758; x_wconf 84' lang='lat' dir='ltr'><strong>libidinum</strong></span> <span class='ocrx_word' id='word_1_542' title='bbox 3049 1741 3064 1764; x_wconf 84' lang='lat'><strong>.</strong></span> <span class='ocrx_word' id='word_1_543' title='bbox 3109 1700 3160 1756; x_wconf 89' lang='lat' dir='ltr'><strong>in</strong></span> <span class='ocrx_word' id='word_1_544' title='bbox 3191 1717 3326 1772; x_wconf 85' lang='lat' dir='ltr'><strong>quos</strong></span> <span class='ocrx_word' id='word_1_545' title='bbox 3371 1705 3482 1774; x_wconf 88' lang='lat' dir='ltr'><strong>ipsa</strong></span> <span class='ocrx_word' id='word_1_546' title='bbox 3525 1717 3762 1764; x_wconf 88' lang='lat' dir='ltr'><strong>mutatur</strong></span> 
     </span>
    </p>
   </div>
   <div class='ocr_carea' id='block_1_68' title="bbox 2170 1778 3759 1858">
    <p class='ocr_par' dir='ltr' id='par_1_68' title="bbox 2170 1778 3759 1858">
     <span class='ocr_line' id='line_1_72' title="bbox 2170 1778 3759 1858; baseline 0.018 -30"><span class='ocrx_word' id='word_1_547' title='bbox 2170 1783 2224 1829; x_wconf 89' lang='lat' dir='ltr'><strong>et</strong></span> <span class='ocrx_word' id='word_1_548' title='bbox 2251 1778 2474 1832; x_wconf 88' lang='lat' dir='ltr'><strong>vertitur</strong></span> <span class='ocrx_word' id='word_1_549' title='bbox 2502 1795 2598 1850; x_wconf 88' lang='lat' dir='ltr'><strong>per</strong></span> <span class='ocrx_word' id='word_1_550' title='bbox 2627 1793 2810 1848; x_wconf 87' lang='lat' dir='ltr'><strong>nutum</strong></span> <span class='ocrx_word' id='word_1_551' title='bbox 2839 1789 3111 1858; x_wconf 85' lang='lat' dir='ltr'><strong>proprium</strong></span> <span class='ocrx_word' id='word_1_552' title='bbox 3143 1793 3209 1848; x_wconf 88' lang='lat' dir='ltr'><strong>de</strong></span> <span class='ocrx_word' id='word_1_553' title='bbox 3238 1795 3444 1852; x_wconf 69' lang='lat' dir='ltr'><strong>caelesti</strong></span> <span class='ocrx_word' id='word_1_554' title='bbox 3472 1801 3759 1857; x_wconf 80' lang='lat' dir='ltr'><strong>serenitate</strong></span> 
     </span>
    </p>
   </div>
   <div class='ocr_carea' id='block_1_69' title="bbox 2171 1866 3758 1954">
    <p class='ocr_par' dir='ltr' id='par_1_69' title="bbox 2171 1866 3758 1954">
     <span class='ocr_line' id='line_1_73' title="bbox 2171 1866 3758 1954; baseline 0.016 -34"><span class='ocrx_word' id='word_1_555' title='bbox 2171 1866 2379 1922; x_wconf 89' lang='lat' dir='ltr'><strong>detorta</strong></span> <span class='ocrx_word' id='word_1_556' title='bbox 2409 1879 2564 1942; x_wconf 87' lang='lat' dir='ltr'><strong>atque</strong></span> <span class='ocrx_word' id='word_1_557' title='bbox 2585 1870 2833 1944; x_wconf 72' lang='lat' dir='ltr'><strong>deiecta?</strong></span> <span class='ocrx_word' id='word_1_558' title='bbox 2860 1877 3186 1948; x_wconf 76' lang='lat' dir='ltr'><strong>Repudiotur</strong></span> <span class='ocrx_word' id='word_1_559' title='bbox 3206 1899 3333 1954; x_wconf 83' lang='lat' dir='ltr'><strong>ergo</strong></span> <span class='ocrx_word' id='word_1_560' title='bbox 3357 1887 3758 1946; x_wconf 88' lang='lat' dir='ltr'><strong>misericordia?</strong></span> 
     </span>
    </p>
   </div>
   <div class='ocr_carea' id='block_1_70' title="bbox 2169 1960 3759 2050">
    <p class='ocr_par' dir='ltr' id='par_1_70' title="bbox 2169 1960 3759 2050">
     <span class='ocr_line' id='line_1_74' title="bbox 2169 1960 3759 2050; baseline 0.019 -38"><span class='ocrx_word' id='word_1_561' title='bbox 2169 1960 2532 2036; x_wconf 79' lang='lat' dir='ltr'><strong>Nequaquam.</strong></span> <span class='ocrx_word' id='word_1_562' title='bbox 2583 1964 2724 2038; x_wconf 77' lang='lat' dir='ltr'><strong>Ergo</strong></span> <span class='ocrx_word' id='word_1_563' title='bbox 2765 1980 3010 2032; x_wconf 86' lang='lat' dir='ltr'><strong>amentur</strong></span> <span class='ocrx_word' id='word_1_564' title='bbox 3057 1974 3269 2034; x_wconf 83' lang='lat' dir='ltr'><strong>dolores</strong></span> <span class='ocrx_word' id='word_1_565' title='bbox 3313 1979 3616 2050; x_wconf 85' lang='lat' dir='ltr'><strong>aliquando.</strong></span> <span class='ocrx_word' id='word_1_566' title='bbox 3650 1984 3759 2041; x_wconf 74' lang='lat' dir='ltr'><strong>Sed</strong></span> 
     </span>
    </p>
   </div>
   <div class='ocr_carea' id='block_1_71' title="bbox 2168 2051 3754 2144">
    <p class='ocr_par' dir='ltr' id='par_1_71' title="bbox 2168 2051 3754 2144">
     <span class='ocr_line' id='line_1_75' title="bbox 2168 2051 3754 2144; baseline 0.019 -40"><span class='ocrx_word' id='word_1_567' title='bbox 2168 2067 2296 2107; x_wconf 88' lang='lat' dir='ltr'><strong>eave</strong></span> <span class='ocrx_word' id='word_1_568' title='bbox 2322 2051 2733 2127; x_wconf 83' lang='lat' dir='ltr'><strong>innnunditiam,</strong></span> <span class='ocrx_word' id='word_1_569' title='bbox 2764 2063 2940 2120; x_wconf 87' lang='lat' dir='ltr'><strong>anima</strong></span> <span class='ocrx_word' id='word_1_570' title='bbox 2971 2081 3108 2135; x_wconf 86' lang='lat' dir='ltr'><strong>mea,</strong></span> <span class='ocrx_word' id='word_1_571' title='bbox 3139 2070 3240 2126; x_wconf 91' lang='lat' dir='ltr'><strong>sub</strong></span> <span class='ocrx_word' id='word_1_572' title='bbox 3269 2079 3443 2128; x_wconf 91' lang='lat' dir='ltr'><strong>tutore</strong></span> <span class='ocrx_word' id='word_1_573' title='bbox 3473 2075 3584 2131; x_wconf 88' lang='lat' dir='ltr'><strong>Deo</strong></span> <span class='ocrx_word' id='word_1_574' title='bbox 3611 2094 3754 2144; x_wconf 88' lang='lat' dir='ltr'><strong>meo,</strong></span> 
     </span>
    </p>
   </div>
   <div class='ocr_carea' id='block_1_72' title="bbox 2169 2141 3759 2234">
    <p class='ocr_par' dir='ltr' id='par_1_72' title="bbox 2169 2141 3759 2234">
     <span class='ocr_line' id='line_1_76' title="bbox 2169 2141 3759 2234; baseline 0.02 -39"><span class='ocrx_word' id='word_1_575' title='bbox 2169 2141 2279 2197; x_wconf 91' lang='lat' dir='ltr'><strong>Deo</strong></span> <span class='ocrx_word' id='word_1_576' title='bbox 2307 2153 2511 2216; x_wconf 87' lang='lat' dir='ltr'><strong>patrum</strong></span> <span class='ocrx_word' id='word_1_577' title='bbox 2541 2157 2876 2219; x_wconf 86' lang='lat' dir='ltr'><strong>nostrorum,</strong></span> <span class='ocrx_word' id='word_1_578' title='bbox 2911 2165 2965 2210; x_wconf 90' lang='lat' dir='ltr'><strong>et</strong></span> <span class='ocrx_word' id='word_1_579' title='bbox 2993 2157 3242 2220; x_wconf 84' lang='lat' dir='ltr'><strong>laudabili</strong></span> <span class='ocrx_word' id='word_1_580' title='bbox 3285 2171 3339 2217; x_wconf 89' lang='lat' dir='ltr'><strong>et</strong></span> <span class='ocrx_word' id='word_1_581' title='bbox 3365 2141 3759 2234; x_wconf 79' lang='lat' dir='ltr'><strong>superexaltato</strong></span> 
     </span>
    </p>
   </div>
   <div class='ocr_carea' id='block_1_73' title="bbox 2169 2231 3752 2322">
    <p class='ocr_par' dir='ltr' id='par_1_73' title="bbox 2169 2231 3752 2322">
     <span class='ocr_line' id='line_1_77' title="bbox 2169 2231 3752 2322; baseline 0.019 -38"><span class='ocrx_word' id='word_1_582' title='bbox 2169 2231 2221 2286; x_wconf 92' lang='lat' dir='ltr'><strong>in</strong></span> <span class='ocrx_word' id='word_1_583' title='bbox 2266 2235 2442 2289; x_wconf 88' lang='lat' dir='ltr'><strong>omnia</strong></span> <span class='ocrx_word' id='word_1_584' title='bbox 2472 2239 2667 2292; x_wconf 73' lang='lat' dir='ltr'><strong>smcula</strong></span> <span class='ocrx_word' id='word_1_585' title='bbox 2711 2239 2883 2314; x_wconf 83' lang='lat' dir='ltr'><strong>(Dan.</strong></span> <span class='ocrx_word' id='word_1_586' title='bbox 2917 2261 2994 2312; x_wconf 87' lang='lat' dir='ltr'><strong>nt,</strong></span> <span class='ocrx_word' id='word_1_587' title='bbox 3017 2246 3152 2322; x_wconf 68' lang='lat'><strong>52);</strong></span> <span class='ocrx_word' id='word_1_588' title='bbox 3180 2255 3308 2308; x_wconf 58' lang='lat' dir='ltr'><strong>cat&#39;e</strong></span> <span class='ocrx_word' id='word_1_589' title='bbox 3347 2231 3752 2322; x_wconf 81' lang='lat' dir='ltr'><strong>immunditiam.</strong></span> 
     </span>
    </p>
   </div>
   <div class='ocr_carea' id='block_1_74' title="bbox 2167 2323 3756 2411">
    <p class='ocr_par' dir='ltr' id='par_1_74' title="bbox 2167 2323 3756 2411">
     <span class='ocr_line' id='line_1_78' title="bbox 2167 2323 3756 2411; baseline 0.019 -32"><span class='ocrx_word' id='word_1_590' title='bbox 2167 2323 2349 2398; x_wconf 88' lang='lat' dir='ltr'><strong>Neque</strong></span> <span class='ocrx_word' id='word_1_591' title='bbox 2377 2329 2518 2396; x_wconf 85' lang='lat' dir='ltr'><strong>enim</strong></span> <span class='ocrx_word' id='word_1_592' title='bbox 2558 2348 2697 2388; x_wconf 90' lang='lat' dir='ltr'><strong>nunc</strong></span> <span class='ocrx_word' id='word_1_593' title='bbox 2727 2351 2831 2392; x_wconf 91' lang='lat' dir='ltr'><strong>non</strong></span> <span class='ocrx_word' id='word_1_594' title='bbox 2863 2339 3151 2408; x_wconf 87' lang='lat' dir='ltr'><strong>misereor;</strong></span> <span class='ocrx_word' id='word_1_595' title='bbox 3181 2345 3274 2400; x_wconf 89' lang='lat' dir='ltr'><strong>sed</strong></span> <span class='ocrx_word' id='word_1_596' title='bbox 3304 2356 3432 2404; x_wconf 90' lang='lat' dir='ltr'><strong>tunc</strong></span> <span class='ocrx_word' id='word_1_597' title='bbox 3452 2349 3504 2404; x_wconf 93' lang='lat' dir='ltr'><strong>in</strong></span> <span class='ocrx_word' id='word_1_598' title='bbox 3533 2352 3756 2411; x_wconf 87' lang='lat' dir='ltr'><strong>theatris</strong></span> 
     </span>
    </p>
   </div>
   <div class='ocr_carea' id='block_1_75' title="bbox 2167 2419 3757 2516">
    <p class='ocr_par' dir='ltr' id='par_1_75' title="bbox 2167 2419 3757 2516">
     <span class='ocr_line' id='line_1_79' title="bbox 2167 2419 3757 2516; baseline 0.02 -46"><span class='ocrx_word' id='word_1_599' title='bbox 2167 2419 2562 2489; x_wconf 88' lang='lat' dir='ltr'><strong>congaudebam</strong></span> <span class='ocrx_word' id='word_1_600' title='bbox 2605 2428 2937 2497; x_wconf 82' lang='lat' dir='ltr'><strong>amantibus,</strong></span> <span class='ocrx_word' id='word_1_601' title='bbox 2995 2448 3114 2490; x_wconf 87' lang='lat' dir='ltr'><strong>cum</strong></span> <span class='ocrx_word' id='word_1_602' title='bbox 3163 2451 3284 2493; x_wconf 89' lang='lat' dir='ltr'><strong>sese</strong></span> <span class='ocrx_word' id='word_1_603' title='bbox 3319 2439 3627 2500; x_wconf 84' lang='lat' dir='ltr'><strong>fruebantur</strong></span> <span class='ocrx_word' id='word_1_604' title='bbox 3660 2462 3757 2516; x_wconf 88' lang='lat' dir='ltr'><strong>per</strong></span> 
     </span>
    </p>
   </div>
   <div class='ocr_carea' id='block_1_76' title="bbox 2165 2506 3756 2599">
    <p class='ocr_par' dir='ltr' id='par_1_76' title="bbox 2165 2506 3756 2599">
     <span class='ocr_line' id='line_1_80' title="bbox 2165 2506 3756 2599; baseline 0.021 -39"><span class='ocrx_word' id='word_1_605' title='bbox 2165 2506 2396 2580; x_wconf 83' lang='lat' dir='ltr'><strong>ﬂagitia,</strong></span> <span class='ocrx_word' id='word_1_606' title='bbox 2427 2516 2668 2584; x_wconf 90' lang='lat' dir='ltr'><strong>quamvis</strong></span> <span class='ocrx_word' id='word_1_607' title='bbox 2712 2517 2827 2574; x_wconf 58' lang='lat' dir='ltr'><strong>haec</strong></span> <span class='ocrx_word' id='word_1_608' title='bbox 2869 2521 3176 2594; x_wconf 82' lang='lat' dir='ltr'><strong>imaginarie</strong></span> <span class='ocrx_word' id='word_1_609' title='bbox 3215 2541 3464 2599; x_wconf 82' lang='lat' dir='ltr'><strong>gererent</strong></span> <span class='ocrx_word' id='word_1_610' title='bbox 3491 2534 3511 2566; x_wconf 81' lang='grc'>³</span> <span class='ocrx_word' id='word_1_611' title='bbox 3539 2534 3590 2590; x_wconf 91' lang='lat' dir='ltr'><strong>in</strong></span> <span class='ocrx_word' id='word_1_612' title='bbox 3631 2537 3756 2593; x_wconf 87' lang='lat' dir='ltr'><strong>ludo</strong></span> 
     </span>
    </p>
   </div>
   <div class='ocr_carea' id='block_1_77' title="bbox 2166 2604 3750 2695">
    <p class='ocr_par' dir='ltr' id='par_1_77' title="bbox 2166 2604 3750 2695">
     <span class='ocr_line' id='line_1_81' title="bbox 2166 2604 3750 2695; baseline 0.02 -41"><span class='ocrx_word' id='word_1_613' title='bbox 2166 2604 2478 2670; x_wconf 88' lang='lat' dir='ltr'><strong>spectaculi.</strong></span> <span class='ocrx_word' id='word_1_614' title='bbox 2511 2605 2641 2672; x_wconf 90' lang='lat' dir='ltr'><strong>Cum</strong></span> <span class='ocrx_word' id='word_1_615' title='bbox 2669 2619 2848 2674; x_wconf 87' lang='lat' dir='ltr'><strong>autem</strong></span> <span class='ocrx_word' id='word_1_616' title='bbox 2885 2628 3005 2670; x_wconf 88' lang='lat' dir='ltr'><strong>sese</strong></span> <span class='ocrx_word' id='word_1_617' title='bbox 3031 2618 3378 2691; x_wconf 84' lang='lat' dir='ltr'><strong>amittebant,</strong></span> <span class='ocrx_word' id='word_1_618' title='bbox 3403 2629 3553 2695; x_wconf 87' lang='lat' dir='ltr'><strong>quasi</strong></span> <span class='ocrx_word' id='word_1_619' title='bbox 3583 2629 3750 2685; x_wconf 79' lang='lat' dir='ltr'><strong>mise-</strong></span> 
     </span>
    </p>
   </div>
   <div class='ocr_carea' id='block_1_78' title="bbox 2166 2690 3753 2778">
    <p class='ocr_par' dir='ltr' id='par_1_78' title="bbox 2166 2690 3753 2778">
     <span class='ocr_line' id='line_1_82' title="bbox 2166 2690 3753 2778; baseline 0.019 -35"><span class='ocrx_word' id='word_1_620' title='bbox 2166 2690 2335 2748; x_wconf 89' lang='lat' dir='ltr'><strong>ricors</strong></span> <span class='ocrx_word' id='word_1_621' title='bbox 2371 2695 2756 2766; x_wconf 89' lang='lat' dir='ltr'><strong>contristabar;</strong></span> <span class='ocrx_word' id='word_1_622' title='bbox 2797 2712 2852 2757; x_wconf 90' lang='lat' dir='ltr'><strong>et</strong></span> <span class='ocrx_word' id='word_1_623' title='bbox 2893 2712 3174 2778; x_wconf 80' lang='lat' dir='ltr'><strong>utrumque</strong></span> <span class='ocrx_word' id='word_1_624' title='bbox 3214 2690 3512 2774; x_wconf 80' lang='lat' dir='ltr'><strong>delectabat</strong></span> <span class='ocrx_word' id='word_1_625' title='bbox 3552 2724 3753 2776; x_wconf 86' lang='lat' dir='ltr'><strong>tamen.</strong></span> 
     </span>
    </p>
   </div>
   <div class='ocr_carea' id='block_1_79' title="bbox 2165 2781 3752 2879">
    <p class='ocr_par' dir='ltr' id='par_1_79' title="bbox 2165 2781 3752 2879">
     <span class='ocr_line' id='line_1_83' title="bbox 2165 2781 3752 2879; baseline 0.02 -43"><span class='ocrx_word' id='word_1_626' title='bbox 2165 2781 2315 2839; x_wconf 84' lang='lat' dir='ltr'><strong>Nunc</strong></span> <span class='ocrx_word' id='word_1_627' title='bbox 2359 2801 2486 2841; x_wconf 90' lang='lat' dir='ltr'><strong>vero</strong></span> <span class='ocrx_word' id='word_1_628' title='bbox 2535 2791 2704 2861; x_wconf 84' lang='lat' dir='ltr'><strong>magis</strong></span> <span class='ocrx_word' id='word_1_629' title='bbox 2755 2793 3014 2854; x_wconf 90' lang='lat' dir='ltr'><strong>misereor</strong></span> <span class='ocrx_word' id='word_1_630' title='bbox 3058 2801 3373 2874; x_wconf 84' lang='lat' dir='ltr'><strong>gaudentem</strong></span> <span class='ocrx_word' id='word_1_631' title='bbox 3415 2807 3466 2860; x_wconf 93' lang='lat' dir='ltr'><strong>in</strong></span> <span class='ocrx_word' id='word_1_632' title='bbox 3520 2809 3752 2879; x_wconf 83' lang='lat' dir='ltr'><strong>ﬂagitio,</strong></span> 
     </span>
    </p>
   </div>
   <div class='ocr_carea' id='block_1_80' title="bbox 2167 2877 3756 2969">
    <p class='ocr_par' dir='ltr' id='par_1_80' title="bbox 2167 2877 3756 2969">
     <span class='ocr_line' id='line_1_84' title="bbox 2167 2877 3756 2969; baseline 0.023 -44"><span class='ocrx_word' id='word_1_633' title='bbox 2167 2887 2324 2942; x_wconf 89' lang='lat' dir='ltr'><strong>quam</strong></span> <span class='ocrx_word' id='word_1_634' title='bbox 2366 2877 2512 2932; x_wconf 83' lang='lat' dir='ltr'><strong>velut</strong></span> <span class='ocrx_word' id='word_1_635' title='bbox 2556 2879 2688 2936; x_wconf 88' lang='lat' dir='ltr'><strong>dura</strong></span> <span class='ocrx_word' id='word_1_636' title='bbox 2735 2898 3046 2956; x_wconf 87' lang='lat' dir='ltr'><strong>perpessum</strong></span> <span class='ocrx_word' id='word_1_637' title='bbox 3077 2889 3398 2959; x_wconf 80' lang='lat' dir='ltr'><strong>detrimento</strong></span> <span class='ocrx_word' id='word_1_638' title='bbox 3446 2877 3756 2969; x_wconf 59' lang='lat' dir='ltr'><strong>perniciosa!</strong></span> 
     </span>
    </p>
   </div>
   <div class='ocr_carea' id='block_1_81' title="bbox 2165 2967 3756 3050">
    <p class='ocr_par' dir='ltr' id='par_1_81' title="bbox 2165 2967 3756 3050">
     <span class='ocr_line' id='line_1_85' title="bbox 2165 2967 3756 3050; baseline 0.02 -32"><span class='ocrx_word' id='word_1_639' title='bbox 2165 2967 2470 3038; x_wconf 87' lang='lat' dir='ltr'><strong>voluptatis,</strong></span> <span class='ocrx_word' id='word_1_640' title='bbox 2506 2982 2561 3026; x_wconf 91' lang='lat' dir='ltr'><strong>et</strong></span> <span class='ocrx_word' id='word_1_641' title='bbox 2586 2974 2873 3038; x_wconf 85' lang='lat' dir='ltr'><strong>amissione</strong></span> <span class='ocrx_word' id='word_1_642' title='bbox 2903 2980 3111 3044; x_wconf 80' lang='lat' dir='ltr'><strong>miserae</strong></span> <span class='ocrx_word' id='word_1_643' title='bbox 3139 2983 3426 3046; x_wconf 72' lang='lat' dir='ltr'><strong>felicitatis.</strong></span> <span class='ocrx_word' id='word_1_644' title='bbox 3447 2967 3580 3047; x_wconf 25' lang='lat' dir='ltr'><strong>illato</strong></span> <span class='ocrx_word' id='word_1_645' title='bbox 3608 3005 3756 3050; x_wconf 88' lang='lat' dir='ltr'><strong>certe</strong></span> 
     </span>
    </p>
   </div>
   <div class='ocr_carea' id='block_1_82' title="bbox 2165 3059 3769 3141">
    <p class='ocr_par' dir='ltr' id='par_1_82' title="bbox 2165 3059 3769 3141">
     <span class='ocr_line' id='line_1_86' title="bbox 2165 3059 3769 3141; baseline 0.019 -30"><span class='ocrx_word' id='word_1_646' title='bbox 2165 3059 2344 3126; x_wconf 83' lang='lat' dir='ltr'><strong>verior</strong></span> <span class='ocrx_word' id='word_1_647' title='bbox 2373 3061 2772 3132; x_wconf 83' lang='lat' dir='ltr'><strong>misericordia;</strong></span> <span class='ocrx_word' id='word_1_648' title='bbox 2805 3069 2896 3124; x_wconf 88' lang='lat' dir='ltr'><strong>sed</strong></span> <span class='ocrx_word' id='word_1_649' title='bbox 2925 3086 3030 3128; x_wconf 89' lang='lat' dir='ltr'><strong>non</strong></span> <span class='ocrx_word' id='word_1_650' title='bbox 3072 3075 3124 3132; x_wconf 88' lang='lat' dir='ltr'><strong>in</strong></span> <span class='ocrx_word' id='word_1_651' title='bbox 3162 3091 3222 3132; x_wconf 89' lang='lat' dir='ltr'><strong>ea</strong></span> <span class='ocrx_word' id='word_1_652' title='bbox 3264 3078 3494 3138; x_wconf 82' lang='lat' dir='ltr'><strong>delectat</strong></span> <span class='ocrx_word' id='word_1_653' title='bbox 3529 3083 3682 3140; x_wconf 87' lang='lat' dir='ltr'><strong>dolor</strong></span> <span class='ocrx_word' id='word_1_654' title='bbox 3708 3086 3769 3141; x_wconf 77' lang='grc'><strong>⁶.’</strong></span> 
     </span>
    </p>
   </div>
   <div class='ocr_carea' id='block_1_83' title="bbox 2166 3149 3752 3244">
    <p class='ocr_par' dir='ltr' id='par_1_83' title="bbox 2166 3149 3752 3244">
     <span class='ocr_line' id='line_1_87' title="bbox 2166 3149 3752 3244; baseline 0.02 -41"><span class='ocrx_word' id='word_1_655' title='bbox 2166 3149 2298 3208; x_wconf 86' lang='lat' dir='ltr'><strong>Nam</strong></span> <span class='ocrx_word' id='word_1_656' title='bbox 2336 3152 2436 3208; x_wconf 89' lang='lat' dir='ltr'><strong>etsi</strong></span> <span class='ocrx_word' id='word_1_657' title='bbox 2467 3157 2790 3226; x_wconf 87' lang='lat' dir='ltr'><strong>approbatur</strong></span> <span class='ocrx_word' id='word_1_658' title='bbox 2826 3161 3003 3222; x_wconf 80' lang='lat' dir='ltr'><strong>oﬂicio</strong></span> <span class='ocrx_word' id='word_1_659' title='bbox 3041 3167 3315 3226; x_wconf 86' lang='lat' dir='ltr'><strong>charitatis</strong></span> <span class='ocrx_word' id='word_1_660' title='bbox 3351 3175 3440 3244; x_wconf 89' lang='lat' dir='ltr'><strong>qui</strong></span> <span class='ocrx_word' id='word_1_661' title='bbox 3469 3173 3613 3231; x_wconf 84' lang='lat' dir='ltr'><strong>dolet</strong></span> <span class='ocrx_word' id='word_1_662' title='bbox 3647 3179 3752 3234; x_wconf 88' lang='lat' dir='ltr'><strong>mi-</strong></span> 
     </span>
    </p>
   </div>
   <div class='ocr_carea' id='block_1_84' title="bbox 2164 3249 3750 3340">
    <p class='ocr_par' dir='ltr' id='par_1_84' title="bbox 2164 3249 3750 3340">
     <span class='ocr_line' id='line_1_88' title="bbox 2164 3249 3750 3340; baseline 0.019 -43"><span class='ocrx_word' id='word_1_663' title='bbox 2164 3258 2377 3311; x_wconf 87' lang='lat' dir='ltr'><strong>serum;</strong></span> <span class='ocrx_word' id='word_1_664' title='bbox 2424 3249 2606 3304; x_wconf 89' lang='lat' dir='ltr'><strong>mallet</strong></span> <span class='ocrx_word' id='word_1_665' title='bbox 2633 3259 2808 3312; x_wconf 86' lang='lat' dir='ltr'><strong>tamen</strong></span> <span class='ocrx_word' id='word_1_666' title='bbox 2855 3256 3034 3330; x_wconf 80' lang='lat' dir='ltr'><strong>utique</strong></span> <span class='ocrx_word' id='word_1_667' title='bbox 3072 3275 3180 3322; x_wconf 82' lang='lat' dir='ltr'><strong>non</strong></span> <span class='ocrx_word' id='word_1_668' title='bbox 3211 3278 3329 3319; x_wconf 89' lang='lat' dir='ltr'><strong>esse</strong></span> <span class='ocrx_word' id='word_1_669' title='bbox 3356 3267 3497 3336; x_wconf 87' lang='lat' dir='ltr'><strong>quod</strong></span> <span class='ocrx_word' id='word_1_670' title='bbox 3523 3269 3750 3340; x_wconf 86' lang='lat' dir='ltr'><strong>doleret,</strong></span> 
     </span>
    </p>
   </div>
   <div class='ocr_carea' id='block_1_85' title="bbox 2162 3334 3750 3420">
    <p class='ocr_par' dir='ltr' id='par_1_85' title="bbox 2162 3334 3750 3420">
     <span class='ocr_line' id='line_1_89' title="bbox 2162 3334 3750 3420; baseline 0.021 -35"><span class='ocrx_word' id='word_1_671' title='bbox 2162 3334 2250 3404; x_wconf 90' lang='lat' dir='ltr'><strong>qui</strong></span> <span class='ocrx_word' id='word_1_672' title='bbox 2278 3339 2605 3404; x_wconf 83' lang='lat' dir='ltr'><strong>germanitus</strong></span> <span class='ocrx_word' id='word_1_673' title='bbox 2632 3341 2939 3400; x_wconf 86' lang='lat' dir='ltr'><strong>misericors</strong></span> <span class='ocrx_word' id='word_1_674' title='bbox 2980 3357 3079 3408; x_wconf 87' lang='lat' dir='ltr'><strong>est.</strong></span> <span class='ocrx_word' id='word_1_675' title='bbox 3109 3350 3164 3405; x_wconf 91' lang='lat' dir='ltr'><strong>Si</strong></span> <span class='ocrx_word' id='word_1_676' title='bbox 3193 3355 3335 3408; x_wconf 85' lang='lat' dir='ltr'><strong>enim</strong></span> <span class='ocrx_word' id='word_1_677' title='bbox 3374 3365 3456 3412; x_wconf 90' lang='lat' dir='ltr'><strong>est</strong></span> <span class='ocrx_word' id='word_1_678' title='bbox 3486 3362 3750 3420; x_wconf 88' lang='lat' dir='ltr'><strong>malevola</strong></span> 
     </span>
    </p>
   </div>
   <div class='ocr_carea' id='block_1_86' title="bbox 2162 3425 3751 3524">
    <p class='ocr_par' dir='ltr' id='par_1_86' title="bbox 2162 3425 3751 3524">
     <span class='ocr_line' id='line_1_90' title="bbox 2162 3425 3751 3524; baseline 0.019 -42"><span class='ocrx_word' id='word_1_679' title='bbox 2162 3425 2556 3498; x_wconf 88' lang='lat' dir='ltr'><strong>benevolentia,</strong></span> <span class='ocrx_word' id='word_1_680' title='bbox 2577 3435 2719 3504; x_wconf 92' lang='lat' dir='ltr'><strong>quod</strong></span> <span class='ocrx_word' id='word_1_681' title='bbox 2747 3436 2859 3499; x_wconf 86' lang='lat' dir='ltr'><strong>ﬁeri</strong></span> <span class='ocrx_word' id='word_1_682' title='bbox 2889 3455 2994 3508; x_wconf 78' lang='lat' dir='ltr'><strong>non</strong></span> <span class='ocrx_word' id='word_1_683' title='bbox 3025 3453 3233 3512; x_wconf 86' lang='lat' dir='ltr'><strong>potest;</strong></span> <span class='ocrx_word' id='word_1_684' title='bbox 3265 3456 3439 3516; x_wconf 86' lang='lat' dir='ltr'><strong>potest</strong></span> <span class='ocrx_word' id='word_1_685' title='bbox 3465 3459 3522 3506; x_wconf 90' lang='lat' dir='ltr'><strong>et</strong></span> <span class='ocrx_word' id='word_1_686' title='bbox 3547 3451 3634 3507; x_wconf 90' lang='lat' dir='ltr'><strong>ille</strong></span> <span class='ocrx_word' id='word_1_687' title='bbox 3660 3457 3751 3524; x_wconf 79' lang='lat' dir='ltr'><strong>qui</strong></span> 
     </span>
    </p>
   </div>
   <div class='ocr_carea' id='block_1_87' title="bbox 2165 3519 3748 3610">
    <p class='ocr_par' dir='ltr' id='par_1_87' title="bbox 2165 3519 3748 3610">
     <span class='ocr_line' id='line_1_91' title="bbox 2165 3519 3748 3610; baseline 0.018 -36"><span class='ocrx_word' id='word_1_688' title='bbox 2165 3519 2427 3580; x_wconf 86' lang='lat' dir='ltr'><strong>veraciter</strong></span> <span class='ocrx_word' id='word_1_689' title='bbox 2451 3525 2836 3599; x_wconf 84' lang='lat' dir='ltr'><strong>Sinceriterque</strong></span> <span class='ocrx_word' id='word_1_690' title='bbox 2863 3533 3144 3592; x_wconf 89' lang='lat' dir='ltr'><strong>miseretur</strong></span> <span class='ocrx_word' id='word_1_691' title='bbox 3161 3579 3176 3604; x_wconf 97' lang='lat'><strong>,</strong></span> <span class='ocrx_word' id='word_1_692' title='bbox 3217 3553 3412 3610; x_wconf 89' lang='lat' dir='ltr'><strong>cupere</strong></span> <span class='ocrx_word' id='word_1_693' title='bbox 3438 3557 3557 3600; x_wconf 86' lang='lat' dir='ltr'><strong>esse</strong></span> <span class='ocrx_word' id='word_1_694' title='bbox 3583 3546 3748 3603; x_wconf 85' lang='lat' dir='ltr'><strong>mise-</strong></span> 
     </span>
    </p>
   </div>
   <div class='ocr_carea' id='block_1_88' title="bbox 2161 3617 3750 3706">
    <p class='ocr_par' dir='ltr' id='par_1_88' title="bbox 2161 3617 3750 3706">
     <span class='ocr_line' id='line_1_92' title="bbox 2161 3617 3750 3706; baseline 0.018 -40"><span class='ocrx_word' id='word_1_695' title='bbox 2161 3629 2252 3669; x_wconf 90' lang='lat' dir='ltr'><strong>ros</strong></span> <span class='ocrx_word' id='word_1_696' title='bbox 2280 3625 2337 3670; x_wconf 92' lang='lat' dir='ltr'><strong>ut</strong></span> <span class='ocrx_word' id='word_1_697' title='bbox 2363 3617 2693 3686; x_wconf 81' lang='lat' dir='ltr'><strong>misereatur.</strong></span> <span class='ocrx_word' id='word_1_698' title='bbox 2727 3622 3025 3686; x_wconf 85' lang='lat' dir='ltr'><strong>Nonnullus</strong></span> <span class='ocrx_word' id='word_1_699' title='bbox 3061 3629 3239 3702; x_wconf 86' lang='lat' dir='ltr'><strong>itaque</strong></span> <span class='ocrx_word' id='word_1_700' title='bbox 3267 3632 3421 3690; x_wconf 89' lang='lat' dir='ltr'><strong>dolor</strong></span> <span class='ocrx_word' id='word_1_701' title='bbox 3452 3639 3750 3706; x_wconf 86' lang='lat' dir='ltr'><strong>approban-</strong></span> 
     </span>
    </p>
   </div>
   <div class='ocr_carea' id='block_1_89' title="bbox 2161 3706 3743 3800">
    <p class='ocr_par' dir='ltr' id='par_1_89' title="bbox 2161 3706 3743 3800">
     <span class='ocr_line' id='line_1_93' title="bbox 2161 3706 3743 3800; baseline 0.018 -40"><span class='ocrx_word' id='word_1_702' title='bbox 2161 3706 2282 3774; x_wconf 87' lang='lat' dir='ltr'><strong>dus,</strong></span> <span class='ocrx_word' id='word_1_703' title='bbox 2315 3710 2492 3766; x_wconf 89' lang='lat' dir='ltr'><strong>nullus</strong></span> <span class='ocrx_word' id='word_1_704' title='bbox 2516 3713 2772 3776; x_wconf 87' lang='lat' dir='ltr'><strong>amandus</strong></span> <span class='ocrx_word' id='word_1_705' title='bbox 2801 3726 2902 3772; x_wconf 89' lang='lat' dir='ltr'><strong>est.</strong></span> <span class='ocrx_word' id='word_1_706' title='bbox 2929 3717 3041 3778; x_wconf 85' lang='lat' dir='ltr'><strong>Hoc</strong></span> <span class='ocrx_word' id='word_1_707' title='bbox 3068 3722 3208 3780; x_wconf 84' lang='lat' dir='ltr'><strong>enim</strong></span> <span class='ocrx_word' id='word_1_708' title='bbox 3233 3732 3305 3788; x_wconf 88' lang='lat' dir='ltr'><strong>tu,</strong></span> <span class='ocrx_word' id='word_1_709' title='bbox 3331 3726 3554 3784; x_wconf 84' lang='lat' dir='ltr'><strong>Domine</strong></span> <span class='ocrx_word' id='word_1_710' title='bbox 3581 3730 3743 3800; x_wconf 89' lang='lat' dir='ltr'><strong>Deus,</strong></span> 
     </span>
    </p>
   </div>
   <div class='ocr_carea' id='block_1_90' title="bbox 2161 3799 3748 3888">
    <p class='ocr_par' dir='ltr' id='par_1_90' title="bbox 2161 3799 3748 3888">
     <span class='ocr_line' id='line_1_94' title="bbox 2161 3799 3748 3888; baseline 0.02 -39"><span class='ocrx_word' id='word_1_711' title='bbox 2161 3799 2252 3867; x_wconf 88' lang='lat' dir='ltr'><strong>qui</strong></span> <span class='ocrx_word' id='word_1_712' title='bbox 2280 3800 2483 3857; x_wconf 89' lang='lat' dir='ltr'><strong>animas</strong></span> <span class='ocrx_word' id='word_1_713' title='bbox 2509 3818 2678 3872; x_wconf 89' lang='lat' dir='ltr'><strong>amas,</strong></span> <span class='ocrx_word' id='word_1_714' title='bbox 2712 3805 2867 3879; x_wconf 88' lang='lat' dir='ltr'><strong>longe</strong></span> <span class='ocrx_word' id='word_1_715' title='bbox 2894 3809 3104 3880; x_wconf 86' lang='lat' dir='ltr'><strong>latoque</strong></span> <span class='ocrx_word' id='word_1_716' title='bbox 3133 3815 3314 3886; x_wconf 90' lang='lat' dir='ltr'><strong>purius</strong></span> <span class='ocrx_word' id='word_1_717' title='bbox 3340 3833 3499 3887; x_wconf 87' lang='lat' dir='ltr'><strong>quam</strong></span> <span class='ocrx_word' id='word_1_718' title='bbox 3529 3837 3627 3877; x_wconf 87' lang='lat' dir='ltr'><strong>nos</strong></span> <span class='ocrx_word' id='word_1_719' title='bbox 3649 3865 3662 3888; x_wconf 90' lang='lat'><strong>,</strong></span> <span class='ocrx_word' id='word_1_720' title='bbox 3693 3831 3748 3880; x_wconf 89' lang='lat' dir='ltr'><strong>et</strong></span> 
     </span>
    </p>
   </div>
   <div class='ocr_carea' id='block_1_91' title="bbox 2163 3889 3744 3974">
    <p class='ocr_par' dir='ltr' id='par_1_91' title="bbox 2163 3889 3744 3974">
     <span class='ocr_line' id='line_1_95' title="bbox 2163 3889 3744 3974; baseline 0.018 -32"><span class='ocrx_word' id='word_1_721' title='bbox 2163 3889 2615 3963; x_wconf 88' lang='lat' dir='ltr'><strong>incorruptibilius</strong></span> <span class='ocrx_word' id='word_1_722' title='bbox 2641 3899 2909 3956; x_wconf 88' lang='lat' dir='ltr'><strong>misereris</strong></span> <span class='ocrx_word' id='word_1_723' title='bbox 2928 3943 2944 3970; x_wconf 94' lang='lat'><strong>,</strong></span> <span class='ocrx_word' id='word_1_724' title='bbox 2971 3904 3114 3974; x_wconf 90' lang='lat' dir='ltr'><strong>quod</strong></span> <span class='ocrx_word' id='word_1_725' title='bbox 3145 3906 3290 3962; x_wconf 88' lang='lat' dir='ltr'><strong>nullo</strong></span> <span class='ocrx_word' id='word_1_726' title='bbox 3319 3908 3502 3967; x_wconf 88' lang='lat' dir='ltr'><strong>dolore</strong></span> <span class='ocrx_word' id='word_1_727' title='bbox 3534 3915 3744 3970; x_wconf 83' lang='lat' dir='ltr'><strong>saucia-</strong></span> 
     </span>
    </p>
   </div>
   <div class='ocr_carea' id='block_1_92' title="bbox 2160 3982 3021 4060">
    <p class='ocr_par' dir='ltr' id='par_1_92' title="bbox 2160 3982 3021 4060">
     <span class='ocr_line' id='line_1_96' title="bbox 2160 3982 3021 4060; baseline 0.016 -24"><span class='ocrx_word' id='word_1_728' title='bbox 2160 3982 2255 4038; x_wconf 91' lang='lat' dir='ltr'><strong>ris.</strong></span> <span class='ocrx_word' id='word_1_729' title='bbox 2286 3983 2354 4038; x_wconf 88' lang='lat' dir='ltr'><strong>Et</strong></span> <span class='ocrx_word' id='word_1_730' title='bbox 2381 3986 2447 4040; x_wconf 89' lang='lat' dir='ltr'><strong>ad</strong></span> <span class='ocrx_word' id='word_1_731' title='bbox 2476 3987 2591 4043; x_wconf 63' lang='lat' dir='ltr'><strong>haec</strong></span> <span class='ocrx_word' id='word_1_732' title='bbox 2619 3989 2736 4060; x_wconf 90' lang='lat' dir='ltr'><strong>quis</strong></span> <span class='ocrx_word' id='word_1_733' title='bbox 2760 3991 3021 4050; x_wconf 83' lang='lat' dir='ltr'><strong>idoneus?</strong></span> 
     </span>
    </p>
   </div>
   <div class='ocr_carea' id='block_1_93' title="bbox 2231 4076 3740 4167">
    <p class='ocr_par' dir='ltr' id='par_1_93' title="bbox 2231 4076 3740 4167">
     <span class='ocr_line' id='line_1_97' title="bbox 2231 4076 3740 4167; baseline 0.019 -38"><span class='ocrx_word' id='word_1_734' title='bbox 2231 4076 2282 4140; x_wconf 72' lang='grc'><strong>4.</strong></span> <span class='ocrx_word' id='word_1_735' title='bbox 2315 4077 2382 4132; x_wconf 84' lang='lat' dir='ltr'><strong>At</strong></span> <span class='ocrx_word' id='word_1_736' title='bbox 2409 4095 2507 4150; x_wconf 86' lang='lat' dir='ltr'><strong>ego</strong></span> <span class='ocrx_word' id='word_1_737' title='bbox 2531 4090 2654 4142; x_wconf 90' lang='lat' dir='ltr'><strong>tunc</strong></span> <span class='ocrx_word' id='word_1_738' title='bbox 2681 4083 2843 4140; x_wconf 89' lang='lat' dir='ltr'><strong>miser</strong></span> <span class='ocrx_word' id='word_1_739' title='bbox 2863 4085 3044 4145; x_wconf 78' lang='lat' dir='ltr'><strong>dolere</strong></span> <span class='ocrx_word' id='word_1_740' title='bbox 3069 4091 3335 4161; x_wconf 89' lang='lat' dir='ltr'><strong>amabam,</strong></span> <span class='ocrx_word' id='word_1_741' title='bbox 3361 4103 3415 4151; x_wconf 92' lang='lat' dir='ltr'><strong>et</strong></span> <span class='ocrx_word' id='word_1_742' title='bbox 3437 4100 3740 4167; x_wconf 69' lang='lat' dir='ltr'><strong>quaerebam</strong></span> 
     </span>
    </p>
   </div>
   <div class='ocr_carea' id='block_1_94' title="bbox 2159 4170 3741 4249">
    <p class='ocr_par' dir='ltr' id='par_1_94' title="bbox 2159 4170 3741 4249">
     <span class='ocr_line' id='line_1_98' title="bbox 2159 4170 3741 4249; baseline 0.019 -32"><span class='ocrx_word' id='word_1_743' title='bbox 2159 4173 2216 4218; x_wconf 88' lang='lat' dir='ltr'><strong>ut</strong></span> <span class='ocrx_word' id='word_1_744' title='bbox 2265 4177 2403 4222; x_wconf 87' lang='lat' dir='ltr'><strong>esset</strong></span> <span class='ocrx_word' id='word_1_745' title='bbox 2455 4170 2596 4242; x_wconf 91' lang='lat' dir='ltr'><strong>quod</strong></span> <span class='ocrx_word' id='word_1_746' title='bbox 2639 4171 2919 4246; x_wconf 88' lang='lat' dir='ltr'><strong>dolerem,</strong></span> <span class='ocrx_word' id='word_1_747' title='bbox 2969 4180 3178 4249; x_wconf 84' lang='lat' dir='ltr'><strong>quando</strong></span> <span class='ocrx_word' id='word_1_748' title='bbox 3222 4183 3352 4238; x_wconf 88' lang='lat' dir='ltr'><strong>mihi</strong></span> <span class='ocrx_word' id='word_1_749' title='bbox 3403 4187 3455 4241; x_wconf 91' lang='lat' dir='ltr'><strong>in</strong></span> <span class='ocrx_word' id='word_1_750' title='bbox 3504 4205 3741 4247; x_wconf 70' lang='lat' dir='ltr'><strong>aerumna</strong></span> 
     </span>
    </p>
   </div>
   <div class='ocr_carea' id='block_1_95' title="bbox 2158 4255 3741 4348">
    <p class='ocr_par' dir='ltr' id='par_1_95' title="bbox 2158 4255 3741 4348">
     <span class='ocr_line' id='line_1_99' title="bbox 2158 4255 3741 4348; baseline 0.019 -40"><span class='ocrx_word' id='word_1_751' title='bbox 2158 4255 2351 4326; x_wconf 83' lang='lat' dir='ltr'><strong>aliena,</strong></span> <span class='ocrx_word' id='word_1_752' title='bbox 2386 4269 2439 4314; x_wconf 90' lang='lat' dir='ltr'><strong>et</strong></span> <span class='ocrx_word' id='word_1_753' title='bbox 2465 4260 2615 4329; x_wconf 82' lang='lat' dir='ltr'><strong>falsa,</strong></span> <span class='ocrx_word' id='word_1_754' title='bbox 2643 4273 2696 4317; x_wconf 91' lang='lat' dir='ltr'><strong>et</strong></span> <span class='ocrx_word' id='word_1_755' title='bbox 2723 4265 3014 4333; x_wconf 77' lang='lat' dir='ltr'><strong>saltatorie,</strong></span> <span class='ocrx_word' id='word_1_756' title='bbox 3047 4285 3106 4326; x_wconf 86' lang='lat' dir='ltr'><strong>ea</strong></span> <span class='ocrx_word' id='word_1_757' title='bbox 3138 4274 3306 4342; x_wconf 83' lang='lat' dir='ltr'><strong>magis</strong></span> <span class='ocrx_word' id='word_1_758' title='bbox 3334 4276 3578 4348; x_wconf 88' lang='lat' dir='ltr'><strong>placebat</strong></span> <span class='ocrx_word' id='word_1_759' title='bbox 3600 4283 3741 4339; x_wconf 87' lang='lat' dir='ltr'><strong>actio</strong></span> 
     </span>
    </p>
   </div>
   <div class='ocr_carea' id='block_1_96' title="bbox 2158 4347 3737 4442">
    <p class='ocr_par' dir='ltr' id='par_1_96' title="bbox 2158 4347 3737 4442">
     <span class='ocr_line' id='line_1_100' title="bbox 2158 4347 3737 4442; baseline 0.021 -43"><span class='ocrx_word' id='word_1_760' title='bbox 2158 4347 2464 4419; x_wconf 79' lang='lat' dir='ltr'><strong>histrionis,</strong></span> <span class='ocrx_word' id='word_1_761' title='bbox 2507 4370 2696 4426; x_wconf 87' lang='lat' dir='ltr'><strong>meque</strong></span> <span class='ocrx_word' id='word_1_762' title='bbox 2741 4358 3006 4418; x_wconf 86' lang='lat' dir='ltr'><strong>alliciebat</strong></span> <span class='ocrx_word' id='word_1_763' title='bbox 3045 4365 3430 4438; x_wconf 80' lang='lat' dir='ltr'><strong>vehementius,</strong></span> <span class='ocrx_word' id='word_1_764' title='bbox 3462 4389 3563 4442; x_wconf 88' lang='lat' dir='ltr'><strong>qua</strong></span> <span class='ocrx_word' id='word_1_765' title='bbox 3601 4376 3737 4432; x_wconf 88' lang='lat' dir='ltr'><strong>mihi</strong></span> 
     </span>
    </p>
   </div>
   <div class='ocr_carea' id='block_1_97' title="bbox 2157 4439 3738 4522">
    <p class='ocr_par' dir='ltr' id='par_1_97' title="bbox 2157 4439 3738 4522">
     <span class='ocr_line' id='line_1_101' title="bbox 2157 4439 3738 4522; baseline 0.019 -29"><span class='ocrx_word' id='word_1_766' title='bbox 2157 4439 2404 4511; x_wconf 72' lang='lat' dir='ltr'><strong>lacrymm</strong></span> <span class='ocrx_word' id='word_1_767' title='bbox 2433 4447 2852 4505; x_wconf 80' lang='lat' dir='ltr'><strong>excutiebantur.</strong></span> <span class='ocrx_word' id='word_1_768' title='bbox 2883 4451 3016 4520; x_wconf 87' lang='lat' dir='ltr'><strong>Quid</strong></span> <span class='ocrx_word' id='word_1_769' title='bbox 3041 4465 3219 4512; x_wconf 89' lang='lat' dir='ltr'><strong>autem</strong></span> <span class='ocrx_word' id='word_1_770' title='bbox 3245 4460 3433 4515; x_wconf 90' lang='lat' dir='ltr'><strong>mirum</strong></span> <span class='ocrx_word' id='word_1_771' title='bbox 3460 4439 3577 4518; x_wconf 77' lang='lat' dir='ltr'><strong>cum</strong></span> <span class='ocrx_word' id='word_1_772' title='bbox 3600 4465 3738 4522; x_wconf 77' lang='lat' dir='ltr'><strong>infe-</strong></span> 
     </span>
    </p>
   </div>
   <div class='ocr_carea' id='block_1_98' title="bbox 2156 4531 3739 4622">
    <p class='ocr_par' dir='ltr' id='par_1_98' title="bbox 2156 4531 3739 4622">
     <span class='ocr_line' id='line_1_102' title="bbox 2156 4531 3739 4622; baseline 0.02 -38"><span class='ocrx_word' id='word_1_773' title='bbox 2156 4531 2226 4585; x_wconf 84' lang='lat' dir='ltr'><strong>lix</strong></span> <span class='ocrx_word' id='word_1_774' title='bbox 2257 4548 2418 4603; x_wconf 83' lang='lat' dir='ltr'><strong>pecus</strong></span> <span class='ocrx_word' id='word_1_775' title='bbox 2446 4537 2699 4594; x_wconf 89' lang='lat' dir='ltr'><strong>abcrrans</strong></span> <span class='ocrx_word' id='word_1_776' title='bbox 2725 4557 2755 4596; x_wconf 90' lang='lat' dir='ltr'><strong>a</strong></span> <span class='ocrx_word' id='word_1_777' title='bbox 2781 4558 2939 4615; x_wconf 84' lang='lat' dir='ltr'><strong>grege</strong></span> <span class='ocrx_word' id='word_1_778' title='bbox 2963 4556 3070 4616; x_wconf 88' lang='lat' dir='ltr'><strong>tuo,</strong></span> <span class='ocrx_word' id='word_1_779' title='bbox 3103 4558 3156 4605; x_wconf 89' lang='lat' dir='ltr'><strong>et</strong></span> <span class='ocrx_word' id='word_1_780' title='bbox 3175 4550 3451 4622; x_wconf 85' lang='lat' dir='ltr'><strong>impatiens</strong></span> <span class='ocrx_word' id='word_1_781' title='bbox 3478 4560 3739 4616; x_wconf 62' lang='lat' dir='ltr'><strong>custodia:</strong></span> 
     </span>
    </p>
   </div>
   <div class='ocr_carea' id='block_1_99' title="bbox 2159 4630 3738 4709">
    <p class='ocr_par' dir='ltr' id='par_1_99' title="bbox 2159 4630 3738 4709">
     <span class='ocr_line' id='line_1_103' title="bbox 2159 4630 3738 4709; baseline 0.021 -33"><span class='ocrx_word' id='word_1_782' title='bbox 2159 4633 2264 4680; x_wconf 65' lang='lat' dir='ltr'><strong>tua:</strong></span> <span class='ocrx_word' id='word_1_783' title='bbox 2313 4630 2450 4699; x_wconf 90' lang='lat' dir='ltr'><strong>turpi</strong></span> <span class='ocrx_word' id='word_1_784' title='bbox 2497 4632 2674 4688; x_wconf 85' lang='lat' dir='ltr'><strong>scabie</strong></span> <span class='ocrx_word' id='word_1_785' title='bbox 2719 4633 2989 4693; x_wconf 81' lang='lat' dir='ltr'><strong>foedarer?</strong></span> <span class='ocrx_word' id='word_1_786' title='bbox 3029 4641 3097 4704; x_wconf 83' lang='lat' dir='ltr'><strong>Et</strong></span> <span class='ocrx_word' id='word_1_787' title='bbox 3143 4644 3265 4705; x_wconf 87' lang='lat' dir='ltr'><strong>inde</strong></span> <span class='ocrx_word' id='word_1_788' title='bbox 3309 4657 3460 4704; x_wconf 84' lang='lat' dir='ltr'><strong>erant</strong></span> <span class='ocrx_word' id='word_1_789' title='bbox 3491 4650 3738 4709; x_wconf 81' lang='lat' dir='ltr'><strong>dolorum</strong></span> 
     </span>
    </p>
   </div>
   <div class='ocr_carea' id='block_1_100' title="bbox 2156 4724 3738 4805">
    <p class='ocr_par' dir='ltr' id='par_1_100' title="bbox 2156 4724 3738 4805">
     <span class='ocr_line' id='line_1_104' title="bbox 2156 4724 3738 4805; baseline 0.02 -37"><span class='ocrx_word' id='word_1_790' title='bbox 2156 4729 2404 4786; x_wconf 88' lang='lat' dir='ltr'><strong>amores,</strong></span> <span class='ocrx_word' id='word_1_791' title='bbox 2452 4735 2558 4778; x_wconf 88' lang='lat' dir='ltr'><strong>non</strong></span> <span class='ocrx_word' id='word_1_792' title='bbox 2606 4724 2798 4794; x_wconf 88' lang='lat' dir='ltr'><strong>quibus</strong></span> <span class='ocrx_word' id='word_1_793' title='bbox 2843 4729 2998 4785; x_wconf 90' lang='lat' dir='ltr'><strong>altius</strong></span> <span class='ocrx_word' id='word_1_794' title='bbox 3047 4744 3394 4805; x_wconf 87' lang='lat' dir='ltr'><strong>penetrarer;</strong></span> <span class='ocrx_word' id='word_1_795' title='bbox 3440 4756 3547 4796; x_wconf 87' lang='lat' dir='ltr'><strong>non</strong></span> <span class='ocrx_word' id='word_1_796' title='bbox 3593 4745 3738 4800; x_wconf 88' lang='lat' dir='ltr'><strong>enim</strong></span> 
     </span>
    </p>
   </div>
   <div class='ocr_carea' id='block_1_101' title="bbox 2156 4809 3738 4905">
    <p class='ocr_par' dir='ltr' id='par_1_101' title="bbox 2156 4809 3738 4905">
     <span class='ocr_line' id='line_1_105' title="bbox 2156 4809 3738 4905; baseline 0.02 -45"><span class='ocrx_word' id='word_1_797' title='bbox 2156 4809 2397 4866; x_wconf 88' lang='lat' dir='ltr'><strong>amabam</strong></span> <span class='ocrx_word' id='word_1_798' title='bbox 2448 4814 2568 4868; x_wconf 90' lang='lat' dir='ltr'><strong>talia</strong></span> <span class='ocrx_word' id='word_1_799' title='bbox 2597 4820 2842 4888; x_wconf 85' lang='lat' dir='ltr'><strong>perpeti,</strong></span> <span class='ocrx_word' id='word_1_800' title='bbox 2893 4825 3065 4891; x_wconf 85' lang='lat' dir='ltr'><strong>qualia</strong></span> <span class='ocrx_word' id='word_1_801' title='bbox 3093 4839 3372 4896; x_wconf 86' lang='lat' dir='ltr'><strong>spectare;</strong></span> <span class='ocrx_word' id='word_1_802' title='bbox 3410 4834 3502 4889; x_wconf 87' lang='lat' dir='ltr'><strong>sed</strong></span> <span class='ocrx_word' id='word_1_803' title='bbox 3544 4837 3738 4905; x_wconf 88' lang='lat' dir='ltr'><strong>quibus</strong></span> 
     </span>
    </p>
   </div>
   <div class='ocr_carea' id='block_1_102' title="bbox 2153 4900 3736 4996">
    <p class='ocr_par' dir='ltr' id='par_1_102' title="bbox 2153 4900 3736 4996">
     <span class='ocr_line' id='line_1_106' title="bbox 2153 4900 3736 4996; baseline 0.019 -44"><span class='ocrx_word' id='word_1_804' title='bbox 2153 4900 2344 4956; x_wconf 89' lang='lat' dir='ltr'><strong>auditis</strong></span> <span class='ocrx_word' id='word_1_805' title='bbox 2371 4911 2424 4958; x_wconf 90' lang='lat' dir='ltr'><strong>et</strong></span> <span class='ocrx_word' id='word_1_806' title='bbox 2455 4904 2611 4972; x_wconf 82' lang='lat' dir='ltr'><strong>ﬁctis,</strong></span> <span class='ocrx_word' id='word_1_807' title='bbox 2643 4916 2892 4980; x_wconf 90' lang='lat' dir='ltr'><strong>tanquam</strong></span> <span class='ocrx_word' id='word_1_808' title='bbox 2923 4913 2974 4970; x_wconf 93' lang='lat' dir='ltr'><strong>in</strong></span> <span class='ocrx_word' id='word_1_809' title='bbox 3003 4919 3282 4986; x_wconf 78' lang='lat' dir='ltr'><strong>superﬁcie</strong></span> <span class='ocrx_word' id='word_1_810' title='bbox 3307 4922 3526 4980; x_wconf 79' lang='lat' dir='ltr'><strong>radener</strong></span> <span class='ocrx_word' id='word_1_811' title='bbox 3599 4943 3736 4996; x_wconf 85' lang='lat' dir='ltr'><strong>quos</strong></span> 
     </span>
    </p>
   </div>
   <div class='ocr_carea' id='block_1_103' title="bbox 2153 5000 3736 5085">
    <p class='ocr_par' dir='ltr' id='par_1_103' title="bbox 2153 5000 3736 5085">
     <span class='ocr_line' id='line_1_107' title="bbox 2153 5000 3736 5085; baseline 0.018 -39"><span class='ocrx_word' id='word_1_812' title='bbox 2153 5000 2328 5049; x_wconf 89' lang='lat' dir='ltr'><strong>tamen</strong></span> <span class='ocrx_word' id='word_1_813' title='bbox 2370 5000 2516 5067; x_wconf 90' lang='lat' dir='ltr'><strong>quasi</strong></span> <span class='ocrx_word' id='word_1_814' title='bbox 2549 5016 2748 5071; x_wconf 85' lang='lat' dir='ltr'><strong>ungues</strong></span> <span class='ocrx_word' id='word_1_815' title='bbox 2789 5006 3136 5076; x_wconf 83' lang='lat' dir='ltr'><strong>scalpentiutn</strong></span> <span class='ocrx_word' id='word_1_816' title='bbox 3178 5013 3412 5073; x_wconf 74' lang='lat' dir='ltr'><strong>fervidus</strong></span> <span class='ocrx_word' id='word_1_817' title='bbox 3443 5025 3650 5085; x_wconf 76' lang='lat' dir='ltr'><strong>mutor,</strong></span> <span class='ocrx_word' id='word_1_818' title='bbox 3682 5029 3736 5074; x_wconf 88' lang='lat' dir='ltr'><strong>et</strong></span> 
     </span>
    </p>
   </div>
   <div class='ocr_carea' id='block_1_104' title="bbox 2153 5088 3728 5176">
    <p class='ocr_par' dir='ltr' id='par_1_104' title="bbox 2153 5088 3728 5176">
     <span class='ocr_line' id='line_1_108' title="bbox 2153 5088 3728 5176; baseline 0.019 -36"><span class='ocrx_word' id='word_1_819' title='bbox 2153 5088 2338 5154; x_wconf 82' lang='lat' dir='ltr'><strong>tabes,</strong></span> <span class='ocrx_word' id='word_1_820' title='bbox 2381 5099 2435 5146; x_wconf 89' lang='lat' dir='ltr'><strong>et</strong></span> <span class='ocrx_word' id='word_1_821' title='bbox 2477 5093 2651 5150; x_wconf 90' lang='lat' dir='ltr'><strong>sanies</strong></span> <span class='ocrx_word' id='word_1_822' title='bbox 2700 5097 2912 5156; x_wconf 88' lang='lat' dir='ltr'><strong>horrida</strong></span> <span class='ocrx_word' id='word_1_823' title='bbox 2957 5106 3401 5176; x_wconf 78' lang='lat' dir='ltr'><strong>consequebatur.</strong></span> <span class='ocrx_word' id='word_1_824' title='bbox 3442 5110 3584 5167; x_wconf 89' lang='lat' dir='ltr'><strong>Talis</strong></span> <span class='ocrx_word' id='word_1_825' title='bbox 3625 5115 3728 5170; x_wconf 89' lang='lat' dir='ltr'><strong>vita</strong></span> 
     </span>
    </p>
   </div>
   <div class='ocr_carea' id='block_1_105' title="bbox 2156 5185 3267 5261">
    <p class='ocr_par' dir='ltr' id='par_1_105' title="bbox 2156 5185 3267 5261">
     <span class='ocr_line' id='line_1_109' title="bbox 2156 5185 3267 5261; baseline 0.021 -29"><span class='ocrx_word' id='word_1_826' title='bbox 2156 5195 2294 5246; x_wconf 88' lang='lat' dir='ltr'><strong>mea,</strong></span> <span class='ocrx_word' id='word_1_827' title='bbox 2328 5185 2580 5258; x_wconf 85' lang='lat' dir='ltr'><strong>numquid</strong></span> <span class='ocrx_word' id='word_1_828' title='bbox 2607 5188 2710 5246; x_wconf 85' lang='lat' dir='ltr'><strong>vita</strong></span> <span class='ocrx_word' id='word_1_829' title='bbox 2741 5200 2873 5261; x_wconf 86' lang='lat' dir='ltr'><strong>erat,</strong></span> <span class='ocrx_word' id='word_1_830' title='bbox 2907 5193 3046 5252; x_wconf 87' lang='lat' dir='ltr'><strong>Deus</strong></span> <span class='ocrx_word' id='word_1_831' title='bbox 3073 5201 3267 5258; x_wconf 82' lang='lat' dir='ltr'><strong>meus?</strong></span> 
     </span>
    </p>
   </div>
   <div class='ocr_carea' id='block_1_106' title="bbox 2211 5402 3724 5481">
    <p class='ocr_par' dir='ltr' id='par_1_106' title="bbox 2211 5402 3724 5481">
     <span class='ocr_line' id='line_1_110' title="bbox 2211 5402 3724 5481; baseline 0.019 -33"><span class='ocrx_word' id='word_1_832' title='bbox 2211 5402 2475 5481; x_wconf 37' lang='lat' dir='ltr'><strong>{theologi</strong></span> <span class='ocrx_word' id='word_1_833' title='bbox 2493 5411 2600 5456; x_wconf 74' lang='grc' dir='ltr'><strong>ιον.</strong></span> <span class='ocrx_word' id='word_1_834' title='bbox 2621 5406 2819 5481; x_wconf 75' lang='lat' dir='ltr'><strong>legunt:</strong></span> <span class='ocrx_word' id='word_1_835' title='bbox 2837 5419 3210 5481; x_wconf 71' lang='lat' dir='ltr'><strong>I.aeryr_me_crgo</strong></span> <span class='ocrx_word' id='word_1_836' title='bbox 3223 5429 3443 5472; x_wconf 79' lang='lat' dir='ltr'><strong>amantur</strong></span> <span class='ocrx_word' id='word_1_837' title='bbox 3460 5429 3506 5473; x_wconf 78' lang='lat' dir='ltr'><strong>et</strong></span> <span class='ocrx_word' id='word_1_838' title='bbox 3521 5424 3724 5477; x_wconf 71' lang='lat' dir='ltr'><strong>dolores.</strong></span> 
     </span>
    </p>
   </div>
   <div class='ocr_carea' id='block_1_107' title="bbox 2148 5464 3322 5544">
    <p class='ocr_par' dir='ltr' id='par_1_107' title="bbox 2148 5464 3322 5544">
     <span class='ocr_line' id='line_1_111' title="bbox 2148 5464 3322 5544; baseline 0.018 -34"><span class='ocrx_word' id='word_1_839' title='bbox 2148 5464 2296 5514; x_wconf 84' lang='lat' dir='ltr'><strong>Abest</strong></span> <span class='ocrx_word' id='word_1_840' title='bbox 2314 5479 2404 5513; x_wconf 82' lang='lat' dir='ltr'><strong>vox</strong></span> <span class='ocrx_word' id='word_1_841' title='bbox 2423 5464 2654 5531; x_wconf 75' lang='lat' dir='ltr'><strong>[acrymaz</strong></span> <span class='ocrx_word' id='word_1_842' title='bbox 2673 5464 2701 5519; x_wconf 74' lang='grc' dir='ltr'>Ξ</span> <span class='ocrx_word' id='word_1_843' title='bbox 2719 5479 2824 5521; x_wconf 75' lang='lat' dir='ltr'><strong>Mss.</strong></span> <span class='ocrx_word' id='word_1_844' title='bbox 2847 5483 2897 5523; x_wconf 90' lang='lat' dir='ltr'><strong>et</strong></span> <span class='ocrx_word' id='word_1_845' title='bbox 2915 5464 3026 5525; x_wconf 53' lang='lat' dir='ltr'><strong>Eild.</strong></span> <span class='ocrx_word' id='word_1_846' title='bbox 3042 5464 3322 5544; x_wconf 67' lang='lat' dir='ltr'><strong>plerisque.</strong></span> 
     </span>
    </p>
   </div>
   <div class='ocr_carea' id='block_1_108' title="bbox 2207 5549 3720 5621">
    <p class='ocr_par' dir='ltr' id='par_1_108' title="bbox 2207 5549 3720 5621">
     <span class='ocr_line' id='line_1_112' title="bbox 2207 5549 3720 5621; baseline 0.017 -26"><span class='ocrx_word' id='word_1_847' title='bbox 2207 5549 2227 5578; x_wconf 81' lang='grc'>²</span> <span class='ocrx_word' id='word_1_848' title='bbox 2253 5556 2305 5597; x_wconf 88' lang='lat' dir='ltr'><strong>m</strong></span> <span class='ocrx_word' id='word_1_849' title='bbox 2326 5555 2484 5610; x_wconf 68' lang='lat' dir='ltr'><strong>(estus,</strong></span> <span class='ocrx_word' id='word_1_850' title='bbox 2501 5553 2639 5613; x_wconf 80' lang='lat' dir='ltr'><strong>juxta</strong></span> <span class='ocrx_word' id='word_1_851' title='bbox 2660 5555 2805 5604; x_wconf 67' lang='lat' dir='ltr'><strong>ttond.</strong></span> <span class='ocrx_word' id='word_1_852' title='bbox 2825 5569 2934 5605; x_wconf 83' lang='lat' dir='ltr'><strong>cum</strong></span> <span class='ocrx_word' id='word_1_853' title='bbox 2950 5559 2982 5606; x_wconf 82' lang='grc'><strong>5</strong></span> <span class='ocrx_word' id='word_1_854' title='bbox 2997 5565 3124 5619; x_wconf 62' lang='lat' dir='ltr'><strong>Mss,</strong></span> <span class='ocrx_word' id='word_1_855' title='bbox 3148 5570 3199 5612; x_wconf 90' lang='lat' dir='ltr'><strong>et</strong></span> <span class='ocrx_word' id='word_1_856' title='bbox 3218 5572 3347 5615; x_wconf 73' lang='lat' dir='ltr'><strong>Mart.</strong></span> <span class='ocrx_word' id='word_1_857' title='bbox 3369 5581 3476 5617; x_wconf 84' lang='lat' dir='ltr'><strong>cum</strong></span> <span class='ocrx_word' id='word_1_858' title='bbox 3496 5569 3525 5617; x_wconf 70' lang='grc' dir='ltr'>Ξ</span> <span class='ocrx_word' id='word_1_859' title='bbox 3542 5577 3643 5619; x_wconf 83' lang='lat' dir='ltr'><strong>Mss.</strong></span> <span class='ocrx_word' id='word_1_860' title='bbox 3663 5579 3720 5621; x_wconf 69' lang='lat' dir='ltr'><strong>at.</strong></span> 
     </span>
    </p>
   </div>
   <div class='ocr_carea' id='block_1_109' title="bbox 2207 5630 3718 5704">
    <p class='ocr_par' dir='ltr' id='par_1_109' title="bbox 2207 5630 3718 5704">
     <span class='ocr_line' id='line_1_113' title="bbox 2207 5630 3718 5704; baseline 0.017 -26"><span class='ocrx_word' id='word_1_861' title='bbox 2207 5630 2228 5666; x_wconf 79' lang='grc'>³</span> <span class='ocrx_word' id='word_1_862' title='bbox 2250 5639 2549 5692; x_wconf 80' lang='lat' dir='ltr'><strong>Cererentur,</strong></span> <span class='ocrx_word' id='word_1_863' title='bbox 2570 5635 2709 5697; x_wconf 81' lang='lat' dir='ltr'><strong>juxta</strong></span> <span class='ocrx_word' id='word_1_864' title='bbox 2731 5643 2804 5686; x_wconf 82' lang='lat' dir='ltr'><strong>Er.</strong></span> <span class='ocrx_word' id='word_1_865' title='bbox 2824 5641 2971 5702; x_wconf 82' lang='lat' dir='ltr'><strong>Lugd.</strong></span> <span class='ocrx_word' id='word_1_866' title='bbox 3007 5649 3114 5693; x_wconf 84' lang='lat' dir='ltr'><strong>Lov.</strong></span> <span class='ocrx_word' id='word_1_867' title='bbox 3141 5654 3310 5696; x_wconf 79' lang='lat' dir='ltr'><strong>50mm.</strong></span> <span class='ocrx_word' id='word_1_868' title='bbox 3334 5657 3462 5700; x_wconf 72' lang='lat' dir='ltr'><strong>Mart.</strong></span> <span class='ocrx_word' id='word_1_869' title='bbox 3487 5652 3628 5701; x_wconf 72' lang='lat' dir='ltr'><strong>llond.</strong></span> <span class='ocrx_word' id='word_1_870' title='bbox 3663 5661 3718 5704; x_wconf 77' lang='lat' dir='ltr'><strong>tt.</strong></span> 
     </span>
    </p>
   </div>
   <div class='ocr_carea' id='block_1_110' title="bbox 2202 5714 3720 5792">
    <p class='ocr_par' dir='ltr' id='par_1_110' title="bbox 2202 5714 3720 5792">
     <span class='ocr_line' id='line_1_114' title="bbox 2202 5714 3720 5792; baseline 0.02 -33"><span class='ocrx_word' id='word_1_871' title='bbox 2202 5714 2218 5743; x_wconf 68' lang='grc' dir='ltr'>δ</span> <span class='ocrx_word' id='word_1_872' title='bbox 2248 5714 2352 5762; x_wconf 81' lang='lat' dir='ltr'><strong>uad.</strong></span> <span class='ocrx_word' id='word_1_873' title='bbox 2377 5723 2487 5792; x_wconf 33' lang='lat' dir='ltr'><strong>Am.”</strong></span> <span class='ocrx_word' id='word_1_874' title='bbox 2496 5724 2567 5765; x_wconf 82' lang='lat' dir='ltr'><strong>Er.</strong></span> <span class='ocrx_word' id='word_1_875' title='bbox 2591 5725 2642 5792; x_wconf 80' lang='lat' dir='ltr'><strong>et</strong></span> <span class='ocrx_word' id='word_1_876' title='bbox 2669 5725 2782 5792; x_wconf 79' lang='lat' dir='ltr'><strong>t.ov.</strong></span> <span class='ocrx_word' id='word_1_877' title='bbox 2804 5734 2820 5792; x_wconf 90' lang='lat'><strong>_:</strong></span> <span class='ocrx_word' id='word_1_878' title='bbox 2843 5721 3117 5792; x_wconf 59' lang='lat' dir='ltr'><strong>Delectatur</strong></span> <span class='ocrx_word' id='word_1_879' title='bbox 3141 5741 3256 5792; x_wconf 88' lang='lat' dir='ltr'><strong>cor;</strong></span> <span class='ocrx_word' id='word_1_880' title='bbox 3285 5741 3495 5784; x_wconf 85' lang='lat' dir='ltr'><strong>nostram</strong></span> <span class='ocrx_word' id='word_1_881' title='bbox 3513 5748 3632 5786; x_wconf 87' lang='lat' dir='ltr'><strong>vero</strong></span> <span class='ocrx_word' id='word_1_882' title='bbox 3647 5735 3720 5788; x_wconf 80' lang='lat' dir='ltr'><strong>le-</strong></span> 
     </span>
    </p>
   </div>
   <div class='ocr_carea' id='block_1_111' title="bbox 2143 5778 2946 5840">
    <p class='ocr_par' dir='ltr' id='par_1_111' title="bbox 2143 5778 2946 5840">
     <span class='ocr_line' id='line_1_115' title="bbox 2143 5778 2946 5840; baseline 0.01 -14"><span class='ocrx_word' id='word_1_883' title='bbox 2143 5780 2346 5828; x_wconf 76' lang='lat' dir='ltr'><strong>ctiouetn</strong></span> <span class='ocrx_word' id='word_1_884' title='bbox 2367 5778 2627 5840; x_wconf 76' lang='lat' dir='ltr'><strong>praeferunt</strong></span> <span class='ocrx_word' id='word_1_885' title='bbox 2647 5789 2746 5830; x_wconf 74' lang='lat' dir='ltr'><strong>Mss.</strong></span> <span class='ocrx_word' id='word_1_886' title='bbox 2770 5789 2820 5831; x_wconf 81' lang='lat' dir='ltr'><strong>et</strong></span> <span class='ocrx_word' id='word_1_887' title='bbox 2837 5789 2946 5834; x_wconf 81' lang='lat' dir='ltr'><strong>Arn.</strong></span> 
     </span>
    </p>
   </div>
  </div>
