4116 6366
508 336 609 399 687

504 457 655 522 ritas,
697 464 750 510 et
786 455 1019 509 veritas:
1047 466 1101 510 et
1142 452 1361 507 multum
1408 468 1523 505 eam
1564 448 1813 504 dicebant
1851 448 2002 513 mihi,
2035 458 2090 503 et

502 562 766 619 nusquam
789 557 902 601 erat
930 546 982 600 in
1012 546 1123 609 eis;
1151 543 1243 599 sed
1271 543 1396 598 falsa
1426 542 1797 613 loquebantur,
1816 558 1921 595 non
1950 541 2017 596 de
2039 548 2090 596 te

505 648 731 700 tantum,
760 640 848 709 qui
888 654 1013 694 vere
1042 638 1248 693 Veritas
1288 652 1345 692 es
1366 680 1378 702 ,
1412 637 1509 693 scd
1538 638 1695 691 etiam
1728 636 1793 689 de
1827 635 1942 691 istis
1976 636 2089 689 ele-

507 732 703 787 mentis
744 732 896 800 hujus
926 730 1105 785 mundi
1149 738 1390 784 creatura
1438 741 1542 791 tua,
1581 728 1647 783 de
1689 728 1879 797 quibus
1926 728 2089 783 etiam

502 839 631 879 vera
657 824 894 878 dicentes
920 822 1262 893 philosophos
1285 820 1575 889 transgredi
1604 819 1759 873 debui
1777 835 1885 889 prae
1906 834 2089 873 amore

508 926 620 981 tuo,
664 916 737 968 mi
768 916 922 969 Pater
950 930 1153 967 summe
1194 913 1350 977 boue,
1383 909 1716 981 pulchritudo
1747 911 2086 979 pulchrorum

513 1005 771 1059 omnium.
805 1003 847 1059 Ο
880 1003 1107 1069 Veritas,
1138 1002 1364 1067 Veritas,
1394 1018 1549 1069 quam
1579 1001 1762 1055 intime
1790 1001 1946 1055 etiam
1978 1010 2088 1055 tum

512 1097 755 1150 medullae
777 1097 935 1149 animi
968 1097 1070 1151 mei
1099 1094 1435 1165 suspirabant
1471 1092 1582 1159 tibi,
1610 1110 1728 1147 cum
1756 1104 1803 1147 te
1832 1094 1903 1147 illi
1932 1108 2089 1147 sona—

509 1197 626 1242 rent
662 1187 790 1239 mihi
820 1185 1123 1255 frequenter
1144 1194 1195 1239 et
1235 1184 1592 1253 multipliciter
1614 1200 1740 1237 voce
1770 1184 1901 1250 sola,
1934 1193 1987 1238 et
2025 1183 2089 1237 li-

509 1280 614 1333 liris
645 1280 824 1334 multis
854 1288 906 1333 et
932 1278 1261 1347 ingentibus!
1288 1279 1352 1330 Et
1380 1278 1463 1329 illa
1491 1286 1643 1329 erant
1666 1275 1865 1330 fercula
1900 1276 1951 1329 in
1975 1276 2089 1345 qui-

507 1372 601 1425 bus
628 1372 753 1425 mihi
786 1372 1035 1425 esurienti
1067 1380 1137 1433 Ic,
1172 1370 1538 1424 inferebantur
1563 1359 1660 1438 pro
1689 1377 1739 1421 te
1762 1368 1838 1420 sol
1869 1375 1921 1420 ct
1942 1368 2083 1434 luna,

507 1465 721 1533 pulchra
747 1480 903 1532 opera
938 1472 1059 1529 tua;
1091 1463 1183 1519 sed
1217 1472 1389 1516 tamen
1409 1478 1568 1531 opera
1602 1469 1708 1525 tua,
1738 1476 1840 1515 non
1872 1470 1944 1523 tu,
1988 1476 2087 1515 nec

506 1559 615 1624 ipsa
642 1556 829 1625 prima.
872 1556 1053 1609 Priora
1096 1555 1236 1609 enim
1282 1554 1571 1623 Spiritualia
1598 1568 1757 1621 opera
1788 1563 1892 1616 tua,
1927 1568 2087 1620 quam

503 1646 600 1698 ista
632 1662 907 1716 corporea,
940 1648 1181 1716 quamvis
1207 1645 1374 1699 lucida
1405 1654 1459 1698 et
1487 1646 1742 1699 caalestia.
1778 1648 1844 1699 At
1870 1661 1969 1714 ego
1992 1661 2087 1700 nec

504 1739 678 1806 priora
711 1738 934 1803 illa,sed
984 1738 1225 1807 teipsam,
1257 1745 1329 1801 te,
1370 1736 1608 1801 Veritas,
1652 1736 1704 1789 in
1736 1752 1840 1804 qua
1873 1752 1976 1790 non
2006 1746 2088 1791 est

503 1831 846 1885 commutatio
889 1846 988 1885 nec
1027 1832 1279 1884 momenti
1313 1830 1649 1884 obumbratio
1679 1828 1877 1902 (Jacobi
1907 1846 1940 1893 ι,
1979 1831 2083 1899 l7),

504 1924 802 1976 esuriebam
830 1931 885 1975 et
912 1923 1192 1989 siticbam;
1226 1933 1278 1976 et
1313 1922 1716 1990 apponebantur
1746 1922 1916 1974 adhuc
1957 1920 2087 1975 mihi

506 2014 557 2064 in
600 2012 702 2066 illis
748 2012 962 2066 ferculis
1007 2012 1370 2081 phantasmata
1416 2010 1712 2079 Splendida,
1750 2012 1940 2079 quibus
1974 2011 2084 2079 jam

504 2104 694 2157 melius
721 2114 833 2157 erat
859 2120 1038 2156 amare
1059 2104 1213 2157 istum
1240 2102 1426 2169 solem,
1453 2104 1637 2156 saltem
1668 2103 1781 2155 istis
1807 2104 1972 2156 oculis
1997 2118 2087 2157 ve.

505 2210 647 2259 rum,
677 2212 832 2264 quam
882 2196 968 2249 illa
1021 2195 1146 2249 falsa
1183 2196 1360 2249 animo
1400 2196 1622 2264 decepto
1650 2211 1745 2265 per
1786 2197 1986 2250 oculos.
2021 2196 2088 2251 Et

505 2300 681 2341 tamen
706 2330 719 2351 ,
760 2288 879 2357 quia
920 2298 969 2342 te
1010 2288 1276 2357 putabam,
1319 2288 1740 2353 manducabam;
1783 2304 1887 2342 non
1934 2289 2088 2343 avide

502 2378 736 2447 quidem,
768 2378 887 2448 quia
928 2394 1027 2432 nec
1070 2379 1311 2447 sapiebas
1353 2379 1402 2431 in
1435 2394 1527 2432 ore
1551 2394 1670 2432 meo
1691 2379 1842 2432 sicuti
1871 2394 1959 2442 es;
1994 2394 2087 2433 ue-

503 2486 607 2539 que
635 2471 775 2524 enim
804 2479 854 2523 tu
886 2486 1005 2525 eras
1032 2470 1278 2540 ﬁgmenta
1318 2471 1405 2524 illa
1440 2470 1648 2534 inania;
1680 2486 1777 2525 nec
1816 2472 2088 2525 nutriebar

503 2565 599 2627 eis,
630 2562 723 2617 sed
755 2562 1109 2617 exhauriebar
1136 2564 1322 2633 magis.
1370 2562 1530 2616 Cibus
1570 2563 1620 2615 in
1649 2562 1849 2615 somnis
1878 2562 2087 2615 similli-

505 2668 623 2707 mus
644 2664 725 2709 est
756 2654 889 2707 cibis
921 2653 1267 2721 vigilantium,
1300 2668 1403 2722 quo
1432 2662 1604 2706 tamen
1627 2651 1952 2705 dormientes
1980 2666 2085 2704 non

503 2748 744 2811 aluntur;
773 2746 1043 2801 dormiunt
1063 2746 1202 2800 enim
1236 2765 1248 2799 :
1274 2755 1327 2799 at
1347 2746 1431 2799 illa
1464 2761 1562 2799 nec
1590 2745 1781 2799 similia
1801 2754 1949 2798 erant
1976 2745 2086 2800 ullo

504 2836 663 2891 modo
692 2838 805 2902 tibi,
840 2838 977 2890 sicut
1007 2852 1144 2891 nunc
1182 2836 1310 2889 mihi
1342 2837 1514 2905 locuta
1537 2852 1632 2901 es;
1665 2835 1784 2905 quia
1824 2836 1907 2889 illa
1935 2846 2087 2889 erant

503 2931 796 2999 corporalia
827 2930 1215 2999 phantasmata,
1243 2930 1367 2983 falsa
1391 2945 1635 2997 corpora,
1652 2930 1840 2998 quibus
1858 2930 2085 2983 certiora

506 3031 632 3075 sunt
660 3038 781 3075 vera
808 3036 1028 3090 corpora
1053 3022 1147 3073 ista
1180 3036 1296 3090 qmc
1326 3021 1564 3075 videmus
1589 3022 1705 3075 visu
1732 3036 1945 3083 carneo,
1974 3022 2085 3075 sive

508 3114 743 3168 ccelcstia
774 3113 889 3167 sive
918 3098 1183 3167 terrestria
1215 3130 1227 3165 :
1257 3128 1373 3166 cum
1397 3113 1686 3182 pecudibus
1709 3122 1761 3167 ct
1789 3114 2086 3168 volatilibus

505 3205 747 3259 videmus
774 3205 915 3269 hmc;
941 3215 996 3259 et
1036 3206 1261 3258 certiora
1290 3213 1427 3266 sunt,
1462 3220 1618 3274 quam
1670 3220 1792 3259 cum
1814 3205 2086 3275 imagina-

505 3312 627 3350 mur
646 3311 726 3350 ea.
772 3296 840 3350 Et
880 3311 1063 3350 rursus
1093 3297 1289 3349 certius
1340 3295 1690 3365 imaginamur
1720 3311 1803 3360 ca,
1837 3312 1993 3365 quam
2020 3312 2085 3350 ex

505 3389 583 3443 eis
607 3389 936 3459 suspicantur
956 3389 1057 3443 alia
1080 3389 1377 3458 grandiora,
1400 3399 1452 3443 et
1480 3390 1703 3455 inﬁnita,
1729 3405 1846 3459 quae
1869 3392 2085 3449 omnino

507 3480 647 3533 nulla
679 3488 821 3547 sunt,
853 3480 1094 3550 qualibus
1132 3497 1229 3550 ego
1272 3490 1395 3533 tunc
1439 3481 1695 3549 paseebar
1720 3481 1962 3535 inanibus
1988 3497 2003 3546 ;
2032 3490 2087 3536 et

506 3590 611 3627 non
644 3573 915 3643 pascebar.
949 3574 1018 3627 At
1046 3584 1120 3639 tu,
1158 3588 1309 3627 amor
1336 3588 1505 3636 meus,
1533 3574 1581 3626 in
1625 3589 1783 3642 quem
1812 3573 2001 3627 deﬁcio
2027 3585 2084 3628 ut

501 3665 654 3721 fbrtis
690 3667 810 3730 sim,
840 3681 939 3719 nec
968 3666 1064 3719 ista
1104 3680 1327 3733 corpora
1368 3682 1425 3719 es
1461 3682 1577 3735 qua:
1612 3666 1852 3719 videmus
1874 3707 1887 3731 ,
1919 3680 2086 3734 quan-

502 3774 660 3827 quam
683 3758 734 3810 in
762 3758 926 3822 cmlo;
966 3772 1065 3811 nec
1089 3772 1148 3811 ea
1177 3772 1235 3811 es
1262 3772 1380 3826 qute
1423 3772 1529 3810 non
1569 3756 1811 3810 videmus
1842 3756 1932 3822 ibi,
1961 3757 2083 3826 quia

505 3865 560 3907 tu
590 3854 684 3906 ista
714 3850 1029 3917 condidisti,
1060 3866 1155 3903 nec
1195 3851 1246 3903 in
1289 3849 1510 3903 summis
1546 3850 1649 3902 tuis
1692 3849 2081 3902 conditionibus

502 3941 668 3995 habes
696 3942 733 3993 ί.
766 3940 973 4006 Quanto
1011 3954 1139 4008 ergo
1171 3940 1323 4007 longe
1351 3955 1409 3993 es
1440 3955 1468 3991 a
1495 3939 1950 4009 phantasmatibus
1978 3938 2082 3994 illis

502 4032 655 4096 meis,
701 4029 1157 4101 phantasmatibus
1198 4045 1479 4099 corporum
1537 4045 1656 4099 quae
1708 4030 1926 4084 omnino
1974 4047 2079 4087 non

502 4121 655 4175 sunt!
682 4120 872 4189 quibus
904 4122 1157 4173 certiores
1187 4129 1307 4172 sunt
1353 4118 1642 4188 phantasia:
1677 4136 1959 4189 corporum
1986 4138 2080 4176 eo-

501 4229 619 4267 rum
648 4229 765 4283 qua:
786 4222 941 4279 sunt;
982 4220 1036 4267 et
1079 4212 1155 4265 eis
1199 4211 1423 4265 certiora
1466 4226 1710 4279 corpora,
1742 4227 1859 4281 quas
1905 4220 2079 4268 tamen

501 4319 731 4359 nones:
761 4302 855 4357 sed
894 4317 993 4357 nee
1022 4303 1194 4355 anima
1237 4317 1314 4366 es,
1347 4317 1465 4371 quac
1498 4302 1604 4355 vita
1645 4311 1727 4356 est
1772 4317 2077 4371 corporum.

500 4396 624 4449 ldeo
648 4394 838 4449 melior
866 4394 969 4447 vita
998 4408 1281 4462 corporum
1324 4393 1623 4462 certiorque
1649 4408 1808 4462 quam
1834 4409 2075 4464 corpora.

499 4486 604 4540 Sed
636 4494 689 4540 tu
712 4486 815 4538 vita
843 4500 899 4539 es
918 4486 1234 4548 animarum,
1253 4484 1360 4537 vita
1382 4484 1629 4552 vitarum,
1658 4484 1839 4539 vivens
1869 4495 1919 4541 te
1940 4472 2074 4557 ipsa,

495 4586 548 4631 et
578 4592 680 4633 non
712 4575 950 4641 mutaris,
975 4575 1080 4629 vita
1106 4576 1295 4628 animte
1321 4588 1475 4628 mete.

567 4667 653 4720 Η.
700 4665 798 4721 Ubi
822 4680 949 4735 ergo
975 4664 1105 4719 mihi
1150 4676 1275 4719 tunc
1320 4680 1457 4729 eras,
1490 4674 1543 4718 et
1586 4680 1744 4735 quam
1786 4665 1981 4737 longe?
2010 4667 2080 4723 Et

494 4759 649 4829 longe
677 4757 1051 4828 peregrinabar
1079 4757 1173 4811 abs
1195 4766 1267 4823 te,
1308 4757 1554 4811 exclusus
1575 4764 1630 4811 et
1664 4772 1695 4810 a
1724 4758 1931 4827 siliquis
1955 4774 2078 4827 por-

492 4866 698 4915 corum,
751 4864 883 4919 quos
926 4849 993 4903 de
1038 4849 1241 4919 siliquis
1286 4850 1566 4919 pascebam
1625 4848 1791 4921 (Luc.
1834 4867 1924 4918 xv,
1959 4852 2073 4923 l6).

492 4940 700 5005 Quanto
744 4941 886 4995 enim
924 4940 1171 4994 meliores
1202 4939 1668 5009 grammaticorum
1703 4950 1756 4994 et
1800 4952 2076 5010 poetarum

493 5030 718 5094 fabellae,
742 5044 899 5099 quam
928 5030 1012 5083 illa
1037 5029 1315 5098 decipula?
1337 5028 1467 5082 Nam
1494 5044 1681 5083 versus
1707 5038 1760 5083 et
1784 5045 1995 5086 carmen
2023 5040 2078 5088 ct

490 5122 676 5177 Medea
694 5122 878 5176 volans
900 5122 1137 5176 utiliores
1157 5130 1300 5175 certe
1320 5163 1333 5187 ,
1364 5137 1519 5189 quam
1556 5120 1787 5191 quinque
1814 5124 2075 5181 elementa

494 5216 641 5269 varie
662 5214 854 5278 fucata,
882 5222 1095 5282 pr0pter
1124 5214 1355 5283 quinque
1389 5222 1536 5266 antra
1570 5213 1927 5283 tenebrarum,
1957 5232 2075 5287 quae

493 5305 709 5357 omnino
726 5304 867 5357 nulla
888 5313 1027 5369 sunt,
1046 5303 1356 5359 etoccidunt
1374 5302 1699 5358 credentem.
1714 5302 1845 5359 Nam
1863 5321 2074 5362 versum

493 5402 549 5451 et
573 5409 789 5449 carmen
811 5395 968 5448 etiam
993 5394 1057 5448 ad
1086 5409 1211 5448 vera
1238 5393 1505 5463 pulmenta
1522 5394 1544 5426 ³
1572 5396 1851 5450 transfero.
1880 5396 2077 5453 Volan-

498 5495 604 5541 tem
632 5496 809 5542 autem
838 5486 1077 5541 Medeam
1104 5486 1203 5540 etsi
1248 5486 1555 5555 cantabam,
1586 5502 1694 5543 non
1738 5489 2070 5558 asserebam;

555 5687 573 5718 ί

553 5685 948 5813 'girc’a‘tzgsef'eum
985 5746 1092 5795 Bad.
1129 5754 1226 5813 Am.
1248 5754 1362 5813 _Arn.
1397 5749 1482 5798 ubi
1513 5757 1585 5799 Er.
1622 5756 1674 5799 et
1704 5756 1813 5801 ιον.
1838 5750 2078 5813 reddunt,

488 5810 749 5874 ιλεηιεηια·
775 5809 911 5875 Angl.
932 5818 1151 5875 quatuor,
1178 5807 1429 5860 bulmenta.

1588 332 2104 391 (ZONFESSIONUM
2144 334 2200 390 S.
2242 332 2606 391 AUGUSTINI

3680 336 3787 400 688

2194 449 2291 503 etsi
2314 448 2514 503 cantari
2537 447 2835 513 audiebam,
2868 463 2973 503 non
3004 448 3289 506 credebam
3317 470 3327 505 :
3356 451 3443 508 illa
3470 462 3645 509 autem
3667 470 3783 511 crc-

2194 538 2322 593 didi.
2363 540 2472 606 Va},
2503 539 2614 593 vm!
2648 540 2844 609 quibus
2870 540 3122 611 gradibus
3154 541 3410 598 deductus
3439 559 3555 599 sum
3587 545 3636 599 in
3663 562 3783 615 pro-

2193 632 2353 686 funda
2376 632 2565 686 inferi?
2588 632 2793 701 Quippe
2822 634 3068 689 laborans
3094 644 3148 689 et
3183 645 3414 691 :cstuaus
3441 638 3616 708 inepia
3646 640 3779 708 veri,

2194 739 2313 778 cum
2346 735 2414 789 te,
2445 725 2585 779 Deus
2606 740 2756 778 meus
2788 724 2903 796 (tibi
2929 726 3071 780 enim
3101 726 3380 793 conﬁteor,
3404 729 3491 798 qui
3516 744 3603 784 me
3625 730 3783 786 mise-

2193 828 2339 873 ratus
2363 832 2421 871 es
2443 826 2497 872 et
2524 817 2759 871 nondum
2790 818 3185 890 confitentem),
3218 834 3337 872 cum
3367 829 3417 874 te
3448 835 3554 874 non
3584 837 3780 877 secun-

2193 905 2315 961 dum
2342 908 2665 962 intellectum
2686 909 2894 973 mentis,
2920 924 3025 978 quo
3050 924 3134 963 me
3157 920 3411 978 prazstare
3430 911 3643 965 voluisti
3670 913 3781 967 bel-

2192 999 2312 1065 luis,
2364 1002 2457 1056 sed
2505 1002 2795 1057 secundum
2845 1017 3061 1056 sensum
3108 1004 3285 1059 carnis
3333 1020 3651 1073 quaererem.
3701 1006 3779 1062 Tu

2192 1101 2368 1145 autem
2397 1106 2516 1146 eras
2546 1093 2771 1147 interior
2802 1094 2987 1147 intimo
3028 1108 3167 1161 tneo,
3197 1104 3251 1148 et
3285 1096 3527 1163 superior
3568 1110 3778 1152 summo

2191 1198 2332 1237 meo.
2364 1183 2569 1239 Oll‘endi
2598 1185 2739 1238 illam
2767 1184 2783 1215 ¹
2810 1185 3088 1240 mulierem
3110 1185 3365 1240 audacem
3384 1227 3396 1250 ,
3423 1186 3632 1256 inopem
3657 1204 3781 1258 pru-

2190 1274 2402 1340 dentiae,
2436 1275 2658 1345 :cnigtna
2684 1276 3006 1343 Salomonis,
3036 1276 3307 1331 sedentem
3336 1293 3497 1348 super
3518 1279 3702 1332 sellam
3727 1280 3777 1333 in

2191 1365 2414 1434 foribus,
2446 1377 2499 1422 et
2522 1368 2787 1422 dicentem
2814 1386 2825 1420 :
2860 1367 3030 1422 Panes
3063 1370 3282 1422 occultos
3313 1368 3520 1422 libenter
3549 1370 3706 1435 edite,
3731 1380 3778 1425 et

2190 1476 2374 1529 aquam
2399 1460 2595 1514 dulcem
2633 1462 2872 1533 furtivam
2903 1461 3049 1515 bibite
3075 1460 3255 1532 (Prov.
3282 1477 3355 1525 Ix,
3385 1460 3493 1534 l7).
3526 1460 3655 1529 Qua:
3695 1480 3779 1518 me

2191 1551 2423 1617 seduxit,
2457 1552 2577 1621 quia
2600 1552 2799 1606 invenit
2826 1552 2954 1606 foris
2984 1552 3311 1607 habitantem
3342 1553 3393 1606 in
3421 1554 3577 1607 oculo
3602 1555 3777 1607 carnis

2190 1657 2343 1708 mete,
2370 1652 2423 1697 et
2448 1644 2568 1696 talia
2594 1642 2946 1697 ruminantem
2968 1643 3106 1713 apud
3140 1659 3247 1709 me,
3269 1643 3445 1713 qualia
3473 1658 3569 1714 per
3589 1643 3735 1697 illum
3755 1645 3776 1677 ³

2189 1746 2485 1788 vorasscm.

2821 1822 3049 1879 CAPUT
3089 1821 3201 1878 VII.

2260 1914 2505 1970 Doctrina
2535 1916 2937 1971 Manichaeorum
2958 1919 3179 1972 absurda
3205 1920 3285 1972 cui
3309 1918 3702 1991 suffragabatur.

2262 2010 2347 2064 12.
2378 2010 2687 2066 Nesciebam
2711 2012 2853 2067 enim
2884 2012 3023 2066 aliud
3059 2028 3183 2067 vere
3213 2013 3351 2082 quod
3384 2023 3497 2078 est;
3536 2024 3589 2068 et
3629 2015 3776 2083 quasi

2190 2100 2401 2155 acutulc
2437 2102 2690 2155 movebar
2724 2112 2781 2155 ut
2816 2102 3134 2171 suifragarcr
3166 2104 3342 2156 stultis
3377 2103 3772 2173 deceptoribus,

2190 2208 2309 2247 cum
2346 2210 2374 2246 a
2421 2210 2505 2248 me
2547 2206 2846 2264 quaererent
2872 2197 3011 2250 unde
3040 2196 3271 2260 malum;
3311 2206 3363 2251 et
3393 2206 3566 2251 utrum
3611 2198 3777 2252 forma

2190 2269 2443 2353 corporea
2470 2286 2605 2340 Deus
2630 2287 2868 2341 finiretur
2897 2298 2950 2342 et
2973 2289 3199 2343 haberet
3213 2289 3436 2358 capillos
3463 2299 3513 2343 et
3544 2306 3774 2359 ungues;

2190 2384 2244 2428 et
2272 2385 2447 2430 utrum
2472 2377 2603 2445 justi
2628 2378 2964 2431 existimandi
2985 2380 3269 2447 essentqui
3297 2379 3553 2433 haberent
3585 2395 3777 2435 uxores

2191 2469 2384 2523 multas
2413 2469 2588 2534 simul,
2623 2479 2675 2523 et
2702 2470 3007 2525 occiderent
3036 2471 3297 2538 homines,
3330 2482 3382 2527 et
3411 2473 3778 2529 sacriﬁcarent

2190 2560 2255 2615 de
2295 2562 2631 2615 animalibus.
2664 2564 2864 2628 Quibus
2910 2580 3084 2617 rerum
3129 2564 3341 2634 ignarus
3386 2566 3771 2635 perturbabar;

2190 2658 2242 2705 et
2279 2653 2532 2708 recedens
2558 2669 2587 2707 a
2617 2656 2856 2718 veritate,
2885 2656 2960 2709 ire
2992 2655 3044 2708 in
3076 2671 3192 2709 eam
3225 2656 3354 2710 mihi
3378 2657 3630 2723 videbar;
3655 2659 3778 2728 quia

2190 2759 2296 2797 non
2326 2761 2573 2800 noveram
2600 2748 2797 2800 malum
2829 2762 2931 2799 non
2960 2762 3078 2801 esse
3104 2748 3201 2801 nisi
3231 2750 3580 2817 privationem
3613 2751 3771 2817 boni,

2189 2852 2356 2905 usque
2385 2836 2449 2890 ad
2472 2838 2611 2907 quod
2643 2840 2861 2893 omnino
2888 2852 3115 2893 nonest.
3146 2840 3296 2905 Quod
3342 2841 3480 2896 unde
3516 2844 3774 2911 viderem,

2189 2927 2339 2994 cujus
2380 2928 2559 2982 videre
2588 2944 2756 2999 usque
2785 2930 2849 2983 ad
2889 2946 3082 3000 corpus
3112 2941 3228 2985 erat
3269 2933 3458 2999 oculis,
3504 2945 3557 2988 et
3599 2936 3777 2992 animo

2190 3035 2358 3089 usque
2386 3020 2449 3074 ad
2494 3021 2847 3089 phantasma?
2893 3023 2958 3077 Et
3002 3040 3107 3077 non
3157 3039 3410 3079 noveram
3456 3027 3619 3080 Deum
3660 3044 3791 3095 esse,

2189 3112 2453 3179 spiritum,
2484 3129 2584 3167 non
2608 3116 2691 3168 cui
2710 3115 2945 3168 membra
2967 3126 3145 3170 essent
3168 3132 3261 3185 per
3280 3118 3488 3188 longum
3515 3130 3565 3173 et
3589 3121 3776 3190 latum,

2188 3216 2287 3255 nec
2345 3203 2429 3256 cui
2474 3218 2592 3259 esse
2653 3204 2821 3259 moles
2874 3214 3017 3260 esset
3063 3224 3076 3260 :
3119 3208 3240 3277 quia
3302 3210 3469 3263 moles
3512 3211 3562 3263 in
3628 3224 3779 3280 parte

2189 3291 2365 3345 minor
2404 3303 2485 3347 est
2515 3310 2673 3363 quam
2704 3296 2752 3348 in
2788 3305 2895 3349 toto
2930 3312 3057 3363 suo;
3086 3310 3137 3352 et
3166 3300 3209 3352 si
3242 3299 3441 3353 inﬁnita
3474 3302 3573 3366 sit,
3607 3304 3780 3356 minor

2189 3392 2267 3436 cst
2292 3384 2341 3437 in
2366 3385 2537 3453 aliqua
2570 3396 2716 3455 parte
2743 3398 2893 3441 certo
2930 3389 3103 3458 spatio
3131 3390 3367 3454 deﬁnita,
3394 3408 3549 3462 quam
3581 3409 3675 3462 per
3701 3396 3779 3447 in-

2188 3476 2422 3543 finitum;
2449 3490 2501 3532 et
2539 3496 2641 3533 non
2686 3490 2767 3535 est
2809 3491 2915 3536 tota
2955 3483 3165 3552 ubique,
3196 3483 3332 3539 sicut
3364 3487 3615 3555 spiritus,
3644 3489 3780 3543 sicut

2189 3568 2346 3623 Deus.
2378 3570 2444 3624 Et
2487 3573 2610 3640 quid
2652 3572 2704 3626 in
2732 3573 2886 3628 nobis
2915 3584 3081 3641 esset,
3125 3577 3415 3632 secundum
3446 3580 3586 3648 quod
3629 3596 3777 3635 esse-

2186 3675 2304 3713 mus
2336 3662 2535 3717 similes
2566 3664 2672 3717 Deo
2700 3674 2753 3718 et
2793 3675 2937 3720 recte
2966 3666 3017 3719 in
3048 3666 3325 3737 Scriptura
3348 3670 3367 3701 ³
3396 3671 3691 3727 diceremur
3710 3674 3779 3727 ad

2185 3751 2451 3823 imaginem
2482 3754 2573 3807 Dei
2597 3754 2743 3821 (Gen.
2772 3772 2808 3821 ι,
2835 3756 2951 3829 ‘27),
2980 3774 3196 3827 prorsus
3222 3762 3554 3831 ignorabam.

2260 3843 2346 3896 15.
2388 3844 2452 3896 Et
2495 3860 2599 3898 non
2637 3861 2885 3900 noveram
2923 3848 3179 3917 justitiam
3223 3867 3404 3905 veram
3442 3854 3773 3925 interiorem,

2185 3950 2290 3988 non
2320 3952 2385 3988 ex
2412 3938 2792 3992 consuetudine
2816 3939 3161 4008 judicantem,
3194 3943 3285 3997 sed
3314 3960 3375 3997 ex
3401 3945 3519 4015 lege
3541 3948 3778 4004 rectissi-

2185 4043 2269 4081 ma
2299 4026 2320 4058 ⁸
2361 4029 2449 4083 Dei
2485 4031 2893 4100 omnipotentis,
2934 4048 3034 4103 qua
3075 4034 3433 4091 formarentur
3481 4054 3656 4094 mores
3686 4056 3774 4096 re-

2184 4119 2396 4188 gionum
2426 4130 2479 4174 et
2508 4121 2713 4175 dierum
2740 4139 2836 4192 pro
2861 4125 3163 4194 regionibus
3188 4135 3242 4181 et
3265 4127 3482 4194 diebus;
3513 4145 3633 4184 eum
3660 4132 3775 4203 ipsa

2186 4209 2379 4279 ubique
2408 4226 2469 4265 ac
2496 4227 2707 4281 semper
2733 4223 2906 4281 esset,
2938 4231 3043 4269 non
3069 4217 3193 4271 alibi
3223 4219 3321 4271 alia
3346 4261 3359 4284 ,
3392 4236 3491 4275 nec
3523 4222 3655 4277 alias
3678 4225 3776 4278 ali-

2184 4308 2296 4367 ter;
2326 4303 2614 4356 seeundum
2641 4320 2797 4374 quam
2828 4307 2956 4375 justi
2994 4320 3175 4363 essent
3200 4311 3486 4377 Abraham,
3520 4322 3574 4368 et
3602 4315 3769 4384 Isaac,

2184 4400 2237 4446 et
2264 4392 2458 4459 Jacob,
2491 4405 2543 4448 et
2568 4395 2777 4467 Moyses
2798 4439 2810 4459 ,
2843 4408 2897 4452 et
2926 4399 3119 4465 David,
3149 4410 3203 4455 et
3236 4402 3310 4456 illi
3349 4418 3534 4458 omnes
3570 4404 3773 4462 laudati

2183 4497 2275 4538 ore
2304 4484 2394 4538 Dei
2427 4502 2438 4536 :
2468 4485 2561 4539 sed
2590 4502 2683 4541 eos
2709 4487 2777 4541 ab
2805 4489 3064 4557 imperitis
3093 4492 3318 4559 judicari
3356 4494 3564 4563 iniquos
3584 4537 3597 4559 ,
3626 4497 3773 4566 judi-

2183 4576 2428 4630 Cantibus
2457 4592 2523 4630 ex
2552 4577 2785 4633 humano
2811 4580 2927 4647 die,
2956 4593 3010 4635 et
3038 4583 3311 4638 universos
3336 4599 3510 4639 mores
3552 4587 3767 4644 humani

2180 4668 2389 4736 generis
2427 4683 2490 4721 ex
2531 4679 2678 4737 parte
2718 4672 2879 4725 moris
2918 4674 2999 4727 sui
3042 4675 3409 4745 metientibus,
3440 4687 3689 4750 tanquam
3724 4684 3769 4736 si

2181 4759 2298 4827 quis
2312 4759 2518 4813 nescius
2531 4760 2583 4813 in
2600 4764 2941 4819 armamentis
2959 4766 3083 4835 quid
3097 4767 3181 4821 cui
3208 4769 3446 4825 membro
3462 4785 3782 4841 accommo-,

2180 4848 2359 4903 datum
2386 4850 2474 4918 sit,
2506 4866 2659 4907 ocrea
2687 4855 2813 4909 velit
2833 4867 2989 4926 caput
3011 4861 3241 4930 contegi,
3269 4869 3325 4916 et
3340 4863 3491 4932 galea
3512 4865 3791 4930 calceari;

2181 4950 2234 4995 et
2256 4952 2545 4997 murmuret
2568 4945 2709 5013 quod
2738 4962 2842 5001 non
2872 4958 2994 5017 apte
3018 4952 3334 5006 conveniat:
3362 4964 3454 5008 aut
3478 4955 3530 5009 in
3559 4971 3661 5010 uno
3681 4956 3767 5011 die

2180 5031 2377 5088 indicto
2406 5049 2434 5087 a
2467 5036 2843 5104 pomeridianis
2879 5039 3025 5094 horis
3058 5043 3299 5110 justitio,
3331 5045 3606 5114 quisquam
3650 5058 3765 5102 sto-

2179 5124 2454 5180 machetur
2500 5142 2604 5180 non
2653 5127 2754 5183 sibi
2799 5131 3018 5187 concedi
3060 5132 3187 5201 quid
3230 5136 3418 5189 venale
3447 5152 3761 5207 proponere,

2178 5216 2298 5285 quia
2327 5231 2482 5271 mane
2506 5232 2815 5273 concessum
2842 5231 2924 5276 est
2965 5240 2978 5275 :
3018 5231 3111 5277 aut
3146 5226 3199 5279 in
3244 5242 3346 5280 una
3386 5226 3547 5283 domo
3588 5228 3767 5287 videat

2179 5305 2371 5374 aliquid
2403 5308 2613 5361 tractari
2643 5310 2896 5365 manibus
2925 5327 2955 5365 a
2984 5328 3248 5384 quoquam
3279 5331 3431 5372 servo
3451 5357 3467 5384 ,
3500 5320 3641 5389 quod
3679 5320 3765 5376 fa-

2242 5439 2258 5470 ¹
2284 5448 2335 5489 In
2351 5437 2656 5508 illam,juxta
2676 5448 2750 5492 Er.
2783 5444 2932 5508 Lugd.
2962 5452 3080 5496 Ven.
3114 5452 3225 5498 ιον.
3265 5455 3437 5501 Somm.
3472 5452 3593 5503 Dub.
3628 5460 3761 5507 um.

2178 5499 2297 5551 Flor.
2320 5510 2371 5550 et
2390 5499 2533 5551 ttondI
2559 5511 2611 5551 M.

2240 5565 2260 5593 ⁸
2278 5573 2370 5613 Per
2392 5562 2543 5624 illam,
2561 5564 2699 5626 juxta
2722 5574 2795 5617 Er.
2819 5578 2871 5618 et
2886 5576 3004 5620 Ven.
3026 5578 3080 5619 Μ.

2176 5686 2207 5714 α
2241 5627 2349 5714 ἰέἓσ
2368 5626 2773 5714 iiii-ﬁnitae?
2792 5630 3245 5714 ζῇςέετέηξιῖζίιξεηζξε
3262 5634 3642 5714 {fierem-1:-
3658 5647 3759 5691 λιιι·

2177 5686 2342 5799 2ιῆ188.
2362 5686 2499 5798 ᾖξιον.
2537 5686 2589 5738 et
2623 5686 2770 5739 editio
2807 5686 3309 5746 Florentina't'crunt:
3334 5706 3387 5747 ιι
3410 5706 3533 5749 recte
3559 5686 3619 5749 in
3639 5686 3761 5755 sort;-

2178 5763 2336 5800 vura.
2405 5788 2415 5798 .

2212 5764 2336 5800 tura.
2362 5764 2415 5798 Μ.

2178 5764 2208 5815 Ρ
2240 5814 2260 5844 δ
2278 5820 2484 5871 Quatuor
2502 5822 2625 5879 Mss,
2647 5814 2915 5870 lcclissinm.
