4116 6366
409 349 516 408 689

413 478 538 522 cere
581 477 686 519 non
728 461 932 518 siuatur
973 459 1059 531 qui
1102 455 1288 529 pocula
1328 454 1594 511 ministrat
1631 471 1644 508 ε
1685 461 1776 508 aut
1801 451 1996 522 aliquid

413 567 536 631 post
563 555 819 626 praesepia
850 553 961 608 fieri
982 593 996 616 ,
1027 551 1168 621 quod
1203 559 1326 604 ante
1356 561 1592 602 mensam
1618 543 1995 616 prohibeatur;

413 657 470 704 et
489 647 810 717 indignetur,
838 659 958 697 eum
986 642 1055 696 sit
1081 656 1240 696 unum
1271 637 1624 693 habitaculum
1650 643 1707 692 et
1726 651 1826 688 una
1850 633 2002 687 fami-

412 739 484 795 lia
503 779 522 807 ,
556 753 659 794 non
689 737 885 806 ubique
922 743 1081 805 atque
1109 732 1355 788 omnibus
1380 729 1517 784 idem
1547 729 1723 784 tribui.
1765 725 1854 783 Sic
1881 736 2002 781 sunt

415 832 501 888 isti
529 831 616 902 qui
642 829 1005 898 indignantur,
1031 841 1151 881 cum
1177 823 1443 878 audierint
1462 821 1551 875 illo
1572 819 1766 875 szeculo
1788 819 2000 874 licuisse

412 926 567 998 justis
591 921 792 992 aliquid
813 963 827 986 ,
859 919 998 986 quod
1035 918 1134 971 isto
1163 930 1264 969 non
1297 914 1418 968 licet
1447 913 1635 982 justis;
1669 919 1722 964 et
1747 909 1864 980 quia
1896 908 2001 962 illis

413 1015 557 1070 aliud
589 1011 841 1083 pr:.ccepit
866 1011 1026 1071 Deus,
1057 1009 1172 1062 istis
1195 1005 1334 1060 aliud
1362 1021 1458 1076 pro
1481 1002 1858 1072 temporalibus
1880 1016 2004 1055 cau-

414 1113 510 1173 sis,
534 1123 654 1162 cum
677 1105 848 1160 eidem
867 1103 1083 1174 justitize
1106 1102 1313 1170 utrique
1339 1097 1616 1154 servierint
1643 1114 1655 1150 :
1682 1110 1800 1150 cum
1825 1095 1874 1148 in
1899 1109 2002 1148 uno

415 1201 651 1266 homine,
684 1208 738 1253 et
768 1198 818 1252 in
843 1211 948 1252 uno
970 1195 1076 1258 die,
1106 1202 1160 1248 et
1183 1193 1236 1247 in
1259 1191 1377 1246 unis
1404 1189 1606 1244 aedibus
1630 1188 1844 1242 videant
1863 1185 2002 1240 aliud

415 1297 501 1349 alii
544 1293 787 1348 membro
825 1304 1116 1359 congruere
1136 1330 1151 1355 ,
1183 1297 1234 1342 e’t
1264 1285 1404 1340 aliud
1429 1282 1738 1354 jamdudum
1767 1279 2000 1345 licuisse,

414 1395 536 1455 post
563 1385 751 1439 horam
783 1399 886 1436 non
913 1382 1109 1446 licere;
1150 1377 1398 1448 quiddam
1441 1376 1492 1429 in
1529 1374 1618 1428 illo
1651 1372 1844 1442 angulo
1883 1386 2002 1440 per-

413 1478 550 1531 mitti
575 1484 670 1531 aut
690 1474 862 1544 juberi
882 1516 899 1542 ,
931 1471 1073 1543 quod
1101 1472 1152 1525 in
1179 1470 1282 1525 isto
1303 1470 1443 1537 juste
1465 1474 1673 1520 vetetur
1698 1472 1750 1518 et
1773 1461 2008 1516 vindice-

415 1579 521 1625 tur.
552 1569 817 1640 Numquid
841 1567 1044 1638 justitia
1069 1565 1212 1619 varia
1243 1571 1325 1618 est
1345 1571 1397 1617 et
1417 1558 1716 1616 mutabilis?
1747 1556 1849 1612 Sed
1876 1565 2007 1611 tem-

415 1678 544 1731 pora
566 1662 758 1730 quibus
781 1657 1047 1730 praesidet,
1071 1672 1176 1711 non
1203 1655 1398 1725 pariter
1417 1659 1576 1717 eunt;
1607 1658 1845 1718 tempora
1864 1647 2004 1702 enim

415 1764 561 1808 sunt.
595 1753 851 1808 Homines
877 1758 1054 1804 autem
1080 1762 1305 1820 quorum
1332 1745 1436 1798 vita
1466 1758 1627 1812 super
1657 1750 1851 1795 terram
1880 1738 2004 1793 bre-

413 1847 498 1900 vis
523 1854 627 1910 est,
656 1845 778 1914 quia
807 1858 964 1898 sensu
999 1855 1102 1895 non
1126 1839 1304 1893 valent
1326 1850 1512 1891 causas
1532 1842 1817 1888 contexere
1842 1845 2008 1885 saecu-

414 1938 592 1993 lorum
622 1937 878 2007 priorum,
910 1933 1240 2000 aliarumque
1263 1929 1498 2000 gentium
1524 1940 1654 1996 quas
1675 1922 1880 1992 experti
1903 1937 2006 1974 non

417 2038 564 2094 sunt,
595 2043 713 2081 cum
745 2025 827 2079 his
857 2038 988 2095 quas
1019 2021 1222 2093 experti
1253 2028 1410 2084 sunt;
1443 2018 1494 2071 in
1535 2031 1638 2070 uno
1672 2024 1847 2068 autem
1887 2027 2008 2066 cor-

417 2135 584 2190 pore,
615 2119 696 2174 vel
726 2117 813 2172 die
835 2159 851 2184 ,
891 2115 977 2170 vel
1014 2114 1208 2177 domo,
1250 2110 1402 2165 facile
1429 2116 1648 2178 possunt
1677 2105 1854 2159 videre
1884 2103 2009 2174 quid

420 2213 507 2268 cui
537 2213 806 2277 membro,
837 2209 1028 2280 quibus
1054 2205 1363 2270 momentis,
1395 2202 1584 2273 quibus
1615 2199 1854 2270 partibus
1889 2213 2011 2266 per-

421 2304 635 2358 sonisve
661 2309 918 2372 congruat
949 2317 961 2352 :
998 2300 1049 2353 in
1072 2298 1176 2352 illis
1201 2294 1556 2356 offenduntur,
1589 2293 1672 2344 bis
1699 2290 1954 2344 serviunt.

493 2395 582 2449 M.
624 2393 748 2448 Haec
782 2407 881 2461 ego
912 2399 1037 2444 tunc
1063 2387 1383 2452 nesciebam,
1416 2393 1468 2439 et
1499 2397 1603 2436 non
1641 2381 2008 2443 advertebam;

419 2498 474 2544 et
493 2487 756 2544 feriebant
775 2485 1006 2553 undique
1027 2483 1124 2536 ista
1149 2479 1331 2534 oculos
1353 2492 1521 2540 meos,
1546 2484 1598 2529 et
1620 2491 1723 2527 non
1743 2472 2005 2526 videbam.

420 2579 488 2636 Et
511 2577 788 2635 cantabam
818 2575 1074 2638 carmina,
1107 2580 1162 2626 ct
1186 2587 1290 2624 non
1323 2567 1450 2622 mihi
1484 2566 1676 2620 licebat
1701 2580 1897 2634 ponere
1926 2579 2016 2631 pe-

419 2672 546 2728 dem
573 2668 861 2741 quemlibet
887 2665 1139 2727 ubilibet,
1173 2662 1269 2718 sed
1310 2661 1361 2715 in
1390 2659 1494 2713 alio
1519 2666 1677 2728 atque
1706 2655 1812 2710 alio
1839 2663 2014 2709 metro

421 2765 578 2820 aliter
603 2777 760 2833 atque
785 2761 970 2824 aliter;
1003 2766 1056 2812 et
1080 2759 1130 2810 in
1162 2771 1263 2808 uno
1292 2754 1469 2823 aliquo
1495 2766 1676 2812 versu,
1711 2764 1814 2804 non
1837 2747 2013 2802 enmi—

422 2856 524 2912 bus
549 2857 680 2912 locis
705 2852 950 2909 eumdem
982 2850 1194 2920 pedem.
1228 2848 1293 2902 Et
1331 2862 1418 2900 ars
1449 2846 1560 2916 ipsa
1595 2858 1698 2913 qua
1735 2845 2012 2908 canebam,

423 2943 546 3004 non'
563 2946 790 3002 habebat
819 2944 961 2998 aliud
988 2941 1138 3008 alibi,
1169 2941 1262 2995 sed
1288 2939 1463 2993 omnia
1493 2937 1671 2990 simul.
1704 2933 1772 2989 Et
1803 2949 1908 2988 non
1939 2934 2018 2987 in-

426 3041 616 3097 tuebar
637 3037 894 3109 justitiam
926 3035 1008 3089 cui
1037 3033 1297 3088 servirent
1323 3029 1445 3084 boni
1477 3037 1528 3082 et
1557 3026 1724 3082 sancti
1751 3024 2013 3090 homines,

424 3131 584 3203 longe
603 3128 950 3185 excellentius
970 3134 1128 3195 atque
1149 3122 1426 3179 sublimius
1450 3120 1646 3174 habere
1666 3117 1818 3172 simul
1842 3116 2016 3170 omnia

427 3241 548 3296 qua:
575 3223 826 3295 praecepit
857 3223 906 3288 ¹,
937 3230 993 3276 et
1026 3219 1167 3273 nulla
1207 3233 1272 3271 ex
1305 3224 1452 3284 parte
1480 3212 1706 3276 variari,
1753 3219 1806 3265 et
1843 3220 2017 3264 tamen

426 3319 590 3373 variis
616 3315 943 3386 temporibus
965 3328 1071 3368 non
1093 3311 1270 3365 omnia
1297 3307 1472 3372 simul,
1504 3305 1597 3360 sed
1620 3304 1827 3374 pmpria
1848 3303 2021 3358 distri-

429 3412 682 3467 bueutem
712 3424 774 3464 ac
802 3407 1220 3476 principientem.
1269 3402 1338 3455 Et
1365 3396 1816 3468 reprehendebam
1847 3409 2021 3449 caecus

433 3506 552 3575 pios
581 3512 788 3573 patres;
821 3515 925 3554 non
962 3499 1132 3552 solum
1162 3497 1296 3551 sicut
1324 3494 1465 3548 Deus
1497 3491 1710 3559 juberet
1749 3499 1906 3558 atque
1936 3488 2020 3542 iti-

434 3597 662 3666 spiraret
704 3602 915 3649 utentes
959 3588 1347 3662 praesentibus,
1400 3599 1584 3638 verum
1632 3595 1842 3652 quoque
1887 3580 2022 3634 sicut

432 3688 575 3745 Deus
598 3685 861 3743 revelaret
886 3683 1060 3739 futura
1089 3679 1524 3751 praenuntiantes.

1029 3794 1254 3852 CAPUT
1289 3791 1426 3848 VIII.

433 3891 625 3950 Contra
643 3890 954 3948 Manichaee:
980 3887 1098 3941 dicit
1127 3900 1239 3956 quae
1268 3882 1466 3954 ﬂagitia
1489 3894 1686 3949 semper
1707 3874 2020 3943 detestanda,

1028 3993 1141 4048 qua:
1171 3975 1416 4048 facinora.

510 4097 598 4154 15.
638 4093 900 4166 Numquid
927 4089 1209 4162 aliquando
1229 4096 1321 4143 aut
1345 4084 1536 4140 alicubi
1563 4083 1813 4154 injustum
1839 4091 1921 4136 est
1941 4080 2024 4135 di-

436 4191 602 4263 ligere
627 4189 792 4244 Deum
829 4204 894 4243 ex
923 4193 1031 4240 toto
1051 4182 1231 4247 corde,
1251 4192 1306 4236 et
1323 4196 1388 4235 ex
1410 4187 1518 4233 tota
1539 4177 1738 4244 anima,
1757 4187 1810 4230 et
1829 4190 1895 4230 ex
1918 4182 2026 4228 tota

437 4289 638 4349 mente,
657 4289 712 4335 et
730 4278 951 4349 diligere
966 4275 1266 4346 proximum
1289 4281 1537 4341 tanquam
1560 4267 1826 4336 seipsum?
1847 4267 2026 4335 Itaque

437 4371 636 4444 ﬂagitia
673 4387 791 4442 qua:
825 4377 951 4424 sunt
974 4373 1155 4422 contra
1188 4373 1429 4418 naturam
1449 4402 1465 4428 ,
1505 4359 1698 4428 ubique
1727 4371 1789 4411 ac
1814 4370 2026 4425 semper

437 4464 750 4520 detestanda
779 4471 935 4532 atque
965 4457 1227 4530 punienda
1258 4463 1402 4518 sunt,
1431 4452 1606 4522 qualia
1633 4449 2026 4505 Sodomitarum

438 4558 671 4616 fuerunt.
702 4558 829 4626 Qua:
855 4559 898 4611 si
921 4571 1105 4611 omnes
1127 4562 1312 4626 gentes
1339 4551 1602 4611 facerent,
1631 4545 1822 4609 eodem
1849 4541 2030 4598 crimi-

437 4652 524 4707 nis
561 4659 712 4706 reatu
751 4650 925 4703 divina
969 4649 1085 4718 lege
1131 4653 1464 4709 tenerentur,
1495 4656 1612 4713 quae
1650 4655 1755 4693 non
1800 4637 1877 4692 sic
1905 4635 2028 4691 fecit

440 4741 688 4798 homines
728 4749 785 4792 ut
818 4755 876 4793 se
907 4740 996 4793 illo
1027 4745 1300 4793 uterentur
1337 4735 1514 4790 modo.
1559 4732 1795 4788 Violatur
1833 4729 2029 4801 quippe

441 4833 558 4903 ipsa
582 4829 811 4885 societas
835 4845 953 4899 quae
977 4843 1094 4881 cum
1121 4829 1230 4881 Deo
1257 4827 1408 4880 nobis
1436 4839 1554 4880 esse
1583 4823 1759 4886 debet,
1789 4835 1910 4876 cum
1936 4834 2028 4874 ea-

442 4927 565 4981 dem
588 4932 798 4990 natura,
820 4921 970 4990 cujus
991 4920 1079 4974 ille
1099 4927 1280 4974 auctor
1303 4927 1401 4985 est,
1429 4916 1662 4970 libidinis
1687 4913 2030 4984 perversitate

446 5017 717 5089 polluitur.
749 5015 879 5084 Quae
922 5023 1098 5067 autem
1143 5020 1326 5066 contra
1370 5022 1551 5063 mores
1595 5005 1867 5060 hominum
1907 5010 2033 5058 sunt

447 5109 678 5180 flagitia,
710 5122 808 5178 pro
837 5119 1044 5160 morum
1071 5103 1376 5158 diversitate
1400 5098 1609 5154 vitanda
1643 5106 1798 5162 sunt;
1839 5105 1895 5150 ut
1935 5111 2031 5164 pa-

449 5213 593 5258 ctum
621 5204 760 5258 inter
779 5217 838 5258 se
857 5199 1085 5256 civitatis
1107 5205 1198 5252 aut
1215 5195 1388 5267 gentis
1411 5192 1790 5249 consuetudine
1814 5190 1898 5244 vel
1917 5190 2033 5258 lege

450 5297 716 5352 firmatum
736 5337 750 5361 ,
785 5294 927 5350 nulla
965 5292 1102 5347 civis
1135 5299 1228 5344 aut
1251 5285 1516 5358 peregrini
1543 5283 1759 5339 libidine
1784 5281 2031 5336 violetur.

453 5390 647 5460 Turpis
672 5389 812 5445 enim
840 5387 1015 5444 omnis
1053 5397 1177 5456 pars
1214 5390 1298 5438 est
1335 5396 1433 5436 suo
1477 5378 1724 5433 universo
1763 5391 1867 5430 non
1901 5388 2032 5429 con-

453 5500 668 5556 gruens.
707 5483 842 5539 Cum
872 5491 1050 5537 autem
1078 5481 1218 5534 Deus
1255 5475 1451 5546 aliquid
1487 5481 1671 5528 contra
1706 5485 1909 5525 morem
1946 5474 2038 5522 aut

455 5587 666 5652 pactum
705 5575 1060 5646 quorumlibet
1083 5573 1266 5643 jubet,
1296 5569 1397 5625 etsi
1427 5579 1692 5632 nunquam
1731 5561 1802 5617 ibi
1843 5560 2034 5614 factum

521 5694 540 5726 ι
561 5690 687 5753 Apud
704 5696 814 5740 Lov.
833 5685 1020 5753 additur
1205 5698 1222 5746 ;
1237 5683 1325 5753 sed
1343 5695 1403 5753 ea
1435 5693 1532 5753 vos
1548 5678 1688 5729 abest
1702 5689 1732 5726 a
1746 5669 2041 5753 atss._e2tAplAeL-

456 5733 624 5817 risque
632 5733 1039 5817 "mafgqiiia‘iiiiie
1054 5733 1132 5798 hic
1145 5733 1363 5797 laudatur
1380 5744 1584 5802 Justitia,
1618 5753 1712 5791 non
1746 5744 1823 5788 est
1855 5733 1947 5786 alia
1977 5733 2039 5783 ab

457 5812 564 5880 φεύ
580 5824 679 5866 Deo
692 5813 778 5877 qui
795 5812 1040 5876 praecepit.

1759 335 1960 395 LIBER
1998 333 2290 394 TERTIUS

3581 331 3684 394 690

2108 460 2210 518 est,
2240 449 2534 506 faciendum
2561 457 2644 506 est
2673 468 2684 505 :
2715 459 2770 506 et
2795 450 2838 506 si
2868 450 3144 517 omissum,
3173 450 3601 520 instaurandum;
3633 461 3691 510 et

2109 543 2152 597 si
2185 543 2477 598 institutum
2507 559 2608 598 non
2633 553 2766 611 erat,
2795 543 3178 598 instituendum
3199 552 3299 599 est.
3327 545 3380 599 Si
3406 545 3550 599 enim
3576 544 3688 614 regi

2110 634 2229 688 licet
2257 635 2306 688 in
2336 635 2546 689 civitate
2575 636 2656 690 cui
2686 646 2890 706 regnat,
2918 635 3107 704 jubere
3131 635 3326 706 aliquid
3351 635 3490 705 quod
3516 649 3690 704 neque

2107 735 2231 780 ante
2261 727 2404 780 illum
2435 727 2710 797 quisquam
2733 768 2746 793 ,
2779 741 2878 781 nec
2919 725 3032 795 ipse
3073 740 3303 795 unquam
3341 725 3604 795 jusserat;
3636 734 3692 780 ct

2109 835 2214 874 non
2243 830 2424 874 contra
2456 821 2761 875 societatem
2792 818 3019 874 civitatis
3047 817 3096 872 ei
3125 816 3553 887 obtemperatur,
3582 817 3692 871 imo

2109 919 2290 965 contra
2325 912 2630 967 societatem
2655 929 2757 966 non
2779 913 3175 981 obtemperatur
3196 928 3208 965 :
3231 910 3478 980 generale
3498 911 3691 980 quippe

2111 1010 2317 1072 pactum
2353 1014 2432 1057 cst
2472 1004 2740 1058 societatis
2779 1003 3024 1058 humanae
3058 1002 3276 1056 obedire
3301 1002 3514 1071 regibus
3540 1004 3690 1057 suis:

2109 1104 2305 1164 quanto
2327 1097 2492 1166 magis
2511 1097 2617 1151 Deo
2636 1095 2898 1166 regnatori
2922 1097 3178 1150 universze
3197 1103 3453 1150 creatura!
3476 1109 3603 1155 sua»,
3626 1093 3690 1148 ad

2109 1200 2170 1239 ea
2197 1202 2312 1254 qua:
2329 1187 2563 1256 jusserit,
2581 1187 3032 1242 sinedubitationc
3056 1186 3391 1242 serviendum
3410 1187 3527 1240 est?
3549 1186 3693 1240 Sicut

2109 1278 2248 1332 enim
2267 1278 2317 1332 iu
2339 1282 2682 1348 potestatibus
2702 1282 2968 1336 societatis
2992 1282 3254 1346 humanae,
3276 1282 3444 1350 major
3460 1290 3693 1350 poti-stas

2109 1371 2300 1424 minori
2323 1370 2388 1424 ad
2409 1372 2759 1427 obediendum
2785 1375 3139 1443 praeponitur;
3172 1373 3240 1426 ita
3267 1373 3402 1428 Deus
3424 1373 3690 1426 omnibus.

2181 1462 2270 1516 16.
2303 1463 2431 1517 Item
2458 1464 2508 1517 in
2536 1464 2874 1528 facinoribus,
2905 1464 2993 1519 ubi
3020 1464 3179 1518 libido
3206 1473 3286 1518 est
3307 1464 3552 1523 nocendi.
3582 1465 3694 1516 sive

2111 1578 2206 1633 per
2231 1559 2625 1624 contumeliam,
2654 1559 2766 1613 sive
2795 1574 2889 1628 per
2915 1557 3196 1627 injuriam;
3227 1567 3279 1611 et
3306 1567 3584 1626 utrumque
3613 1556 3696 1610 vel

2112 1653 2398 1710 ulciscendi
2427 1667 2614 1719 causa,
2655 1652 2789 1706 sicut
2828 1651 3042 1705 inimico
3083 1651 3356 1712 inimicus;
3398 1652 3479 1702 vel
3525 1649 3696 1718 adipi-

2115 1747 2296 1803 scendi
2323 1745 2543 1815 alicujus
2566 1752 2714 1800 extra
2735 1744 3020 1804 commodi,
3047 1743 3183 1796 sicut
3207 1742 3340 1796 latro
3366 1742 3585 1806 viatori;
3615 1740 3696 1793 vel

2113 1838 2342 1896 evitandi
2385 1839 2543 1904 mali,
2589 1837 2725 1892 sicut
2762 1836 2811 1891 ci
2855 1837 2944 1906 qui
2989 1835 3235 1899 timetur;
3275 1834 3355 1887 vel
3391 1833 3692 1897 invidendo,

2113 1935 2249 1990 sicut
2275 1931 2496 1988 feliciori
2524 1931 2800 1994 miserior;
2832 1939 2921 1982 aut
2952 1928 3004 1982 in
3035 1928 3213 1998 aliquo
3251 1934 3616 1996 prosperatus,
3647 1925 3696 1979 ei

2114 2043 2270 2096 quem
2299 2025 2398 2079 sibi
2425 2024 2620 2093 aequari
2651 2023 2800 2077 timet
2839 2032 2931 2076 aut
2970 2020 3226 2090 aequalem
3267 2019 3442 2083 dolet;
3475 2018 3554 2071 vel
3585 2018 3696 2071 sola

2118 2117 2388 2186 voluptate
2422 2114 2578 2168 alieni
2613 2113 2768 2178 mali,
2801 2113 2937 2166 sicut
2974 2119 3300 2180 spectatores
3327 2109 3694 2179 gladiatorum,

2115 2218 2205 2262 aut
2247 2207 2525 2269 irrisores,
2574 2214 2666 2260 aut
2709 2205 2949 2258 illusores
2992 2203 3393 2271 quorumlibet:
3427 2201 3539 2254 hmc
3579 2208 3702 2253 sunt

2116 2301 2286 2370 capita
2319 2298 2610 2368 iniquitatis
2631 2339 2642 2360 ,
2674 2312 2793 2366 qua:
2831 2295 3088 2365 pullulant
3129 2292 3454 2362 principnndi
3498 2301 3550 2344 et
3577 2305 3700 2361 spe-

2117 2393 2291 2446 ctandi
2313 2379 2370 2446 et
2397 2389 2656 2443 sentiendi
2685 2387 2928 2448 libidine,
2961 2395 3051 2438 aut
3077 2400 3209 2449 una,
3243 2393 3330 2436 aut
3370 2381 3570 2434 duabus
3609 2396 3701 2434 ea-

2117 2500 2254 2548 rum,
2277 2480 2544 2535 autsimul
2570 2477 2850 2542 omnibus;
2879 2486 2932 2530 et
2955 2475 3145 2528 vivitur
3169 2473 3304 2526 male
3328 2472 3582 2525 adversus
3605 2470 3701 2524 tria

2118 2584 2172 2628 et
2203 2582 2403 2642 septem
2427 2613 2441 2635 ,
2482 2569 2788 2639 psalterium
2828 2568 3010 2622 decem
3049 2564 3365 2618 chordarum
3394 2562 3703 2632 decalogum

2119 2676 2266 2720 tuum
2287 2708 2302 2732 ,
2336 2666 2474 2720 Deus
2501 2663 2755 2718 altissime
2783 2669 2836 2715 et
2865 2660 3184 2714 dulcissime.
3232 2657 3337 2711 Sed
3367 2672 3483 2726 qu:e
3510 2655 3701 2724 flagitia

2119 2757 2173 2812 in
2203 2767 2252 2812 te
2276 2757 2365 2828 qui
2393 2771 2494 2810 non
2523 2751 2917 2821 corrumperis?
2945 2759 3036 2804 aut
3061 2765 3177 2819 quae.
3198 2749 3458 2821 adversus
3491 2757 3540 2800 tc
3575 2746 3704 2800 faci—

2119 2866 2250 2906 nora
2271 2891 2285 2916 ,
2314 2849 2399 2904 cui
2426 2849 2604 2904 noceri
2636 2862 2741 2903 non
2777 2845 2986 2915 potest?
3021 2842 3126 2898 Sed
3162 2842 3263 2895 hoc
3303 2841 3539 2894 vindicas
3565 2837 3705 2908 quod

2122 2943 2176 2998 in
2205 2958 2261 2996 se
2291 2942 2536 2996 homines
2563 2945 2906 3010 perpetrant,
2933 2938 3054 3005 quia
3087 2934 3244 2988 etiam
3273 2947 3392 2984 cum
3420 2930 3472 2984 in
3503 2938 3555 2984 te
3583 2943 3709 2998 pee-
3775 2978 3796 2996 ,

2122 3043 2277 3097 cant,
2318 3035 2476 3103 impie
2506 3031 2704 3086 faciunt
2741 3030 2795 3084 in
2825 3027 3028 3080 animas
3061 3039 3216 3091 suas,
3246 3032 3292 3079 el
3327 3023 3576 3076 mentitur
3622 3021 3705 3073 iii-

2124 3126 2317 3195 iquitas
2334 3125 2453 3188 sibi,
2470 3124 2581 3177 sive
2600 3118 2992 3189 corrumpendo
3013 3132 3073 3171 ac
3097 3113 3446 3186 pervertendo
3468 3124 3708 3167 naturam

2125 3232 2274 3272 suam
2304 3231 2460 3286 quam
2504 3225 2561 3268 tu
2604 3213 2770 3268 fecisti
2814 3221 2871 3266 et
2914 3209 3204 3271 ordinasti,
3241 3207 3326 3262 vel
3365 3205 3711 3260 immoderate

2125 3308 2321 3363 utendo
2341 3307 2610 3362 concessis
2633 3307 2812 3372 rebus,
2843 3303 2926 3356 vel
2955 3302 3006 3355 in
3035 3317 3138 3354 non
3165 3314 3415 3353 concessa
3438 3296 3711 3366 flagraudo

2126 3401 2178 3454 in
2202 3415 2322 3455 eum
2343 3413 2495 3452 usum
2518 3397 2605 3464 qui
2627 3404 2708 3452 est
2727 3402 2912 3452 contra
2934 3400 3207 3456 naturam;
3236 3399 3323 3443 aut
3343 3389 3418 3443 rei
3443 3396 3710 3454 tenentur,

2126 3492 2305 3544 animo
2344 3500 2398 3544 et
2434 3489 2607 3543 verbis
2642 3489 2926 3542 saevientes
2966 3483 3220 3537 adversus
3257 3491 3342 3548 te,
3377 3487 3432 3536 et
3461 3480 3715 3533 adversus

2127 3581 2397 3635 stimulum
2442 3580 2812 3644 ealcitrantes;
2862 3587 2953 3632 aut
2995 3589 3117 3632 cum
3164 3573 3414 3640 disruptis
3462 3570 3714 3624 limitibus

2128 3672 2373 3727 humanae
2400 3672 2698 3736 societatis,
2730 3670 2974 3724 laetantur
3002 3666 3230 3723 audaces
3269 3662 3495 3737 privatis
3530 3660 3714 3716 conci-

2128 3764 2430 3818 Iiationibus
2450 3773 2540 3818 aut
2561 3762 3000 3831 diremptionibus
3019 3800 3034 3826 ,
3067 3768 3220 3829 prout
3240 3758 3468 3828 quidque
3489 3753 3713 3810 delectae

2128 3856 2264 3910 verit
2293 3864 2382 3908 aut
2406 3853 2707 3910 offenderit.
2743 3854 2809 3907 Et
2833 3867 2894 3907 ea
2922 3851 3054 3906 fiunt
3078 3866 3199 3905 cum
3225 3859 3279 3903 tu
3306 3849 3710 3919 derelinqucris,

2129 3948 2249 4004 fons
2276 3948 2426 4013 vitai,
2462 3948 2550 4017 qui
2577 3962 2635 4002 es
2661 3962 2794 4000 unus
2821 3955 2873 4000 et
2901 3958 3058 3998 verus
3082 3951 3290 3997 creator
3317 3949 3371 3996 et
3396 3951 3570 3995 rector
3597 3941 3714 3994 uni-

2129 4042 2424 4106 versitatis;
2450 4049 2502 4095 et
2536 4039 2734 4110 privata
2761 4037 3006 4106 superbia
3032 4036 3266 4106 diligitur
3294 4035 3345 4088 in
3373 4042 3523 4104 parte
3550 4048 3712 4086 unum

2131 4134 2342 4190 falsum.
2371 4133 2554 4205 Itaque
2581 4135 2773 4203 pietate
2798 4133 2980 4186 humili
3012 4131 3214 4185 reditur
3241 4130 3292 4184 in
3322 4136 3374 4184 te
3396 4171 3410 4195 ,
3441 4137 3496 4183 et
3518 4141 3716 4199 purgas

2131 4241 2229 4281 nos
2273 4241 2304 4280 a
2343 4223 2724 4280 consuetudine
2765 4223 2938 4290 mala,
2984 4231 3037 4276 et
3075 4220 3335 4291 propitius
3384 4233 3441 4274 es
3486 4219 3717 4289 peccatis

2131 4317 2531 4384 confitentium,
2571 4325 2624 4370 et
2663 4314 2879 4370 exaudis
2915 4315 3139 4383 gemitus
3168 4311 3584 4381 compeditorum
3611 4352 3625 4374 ,
3663 4317 3718 4363 et

2133 4408 2295 4462 solvis
2323 4423 2354 4461 a
2384 4407 2608 4462 vinculis
2644 4422 2761 4475 quae
2803 4405 2954 4458 nobis
2991 4403 3242 4469 fecimus,
3272 4402 3315 4454 si
3341 4402 3449 4471 jam
3482 4415 3587 4454 non
3613 4399 3720 4453 eri-

2133 4513 2318 4570 gamus
2362 4497 2619 4552 adversus
2667 4504 2718 4550 te
2757 4509 2952 4549 cornua
2998 4494 3140 4547 falsae
3171 4492 3457 4556 libertatis,
3496 4490 3715 4543 avaritia

2132 4593 2254 4662 plus
2291 4589 2553 4653 habendi,
2599 4597 2652 4642 et
2690 4587 2885 4641 damno
2928 4596 3094 4639 totum
3136 4583 3444 4648 amittendi;
3479 4579 3717 4651 amplius

2135 4681 2363 4739 amando
2388 4679 2660 4751 proprium
2688 4688 2952 4743 nostrum,
2981 4691 3136 4747 quam
3161 4685 3212 4730 te
3231 4674 3468 4730 omnium
3494 4673 3714 4726 bonum.

2739 4809 2964 4866 CAPUT
3001 4808 3095 4866 IX.

2206 4930 2490 4987 Discrimen
2527 4927 2658 4981 inter
2691 4934 2894 4997 peccata
2914 4964 2928 4988 ,
2972 4934 3017 4977 et
3047 4923 3173 4976 inter
3199 4921 3297 4976 Dei
3314 4919 3568 4992 judicium
3601 4927 3650 4973 et
3751 4903 3756 4906 ’

2805 5015 3080 5069 hominum.
3738 5006 3740 5020 ⁵

2210 5138 2300 5193 17.
2339 5135 2446 5192 Sed
2473 5135 2612 5189 inter
2635 5130 2829 5200 ﬂagitia
2857 5137 2910 5184 et
2936 5128 3167 5183 facinora
3191 5133 3245 5181 et
3271 5133 3376 5180 tam
3417 5123 3610 5179 multas
3639 5123 3724 5177 in-

2141 5232 2389 5302 iquitates
2408 5269 2424 5295 ,
2454 5237 2580 5283 sunt
2605 5234 2823 5297 peccata
2853 5220 3261 5293 proficientium,
3281 5233 3400 5288 quae
3422 5232 3452 5270 a
3479 5217 3614 5272 bene
3635 5214 3724 5286 ju-

2141 5320 2438 5378 dieantibus
2465 5327 2520 5373 et
2544 5317 2912 5386 vituperantur
2940 5329 3008 5368 ex
3044 5311 3222 5384 regula
3265 5305 3631 5380 perfectionis,
3668 5314 3728 5361 et

2144 5411 2424 5468 laudantur
2445 5424 2539 5478 spe
2559 5407 2743 5476 frugis,
2770 5405 2905 5460 sicut
2928 5404 3092 5458 herba
3115 5400 3330 5472 segetis.
3353 5400 3422 5454 Et
3440 5407 3562 5453 sunt
3578 5413 3725 5468 quae-

2146 5505 2266 5559 dam
2294 5501 2485 5556 similia
2511 5500 2593 5555 vel
2619 5499 2816 5567 flagitio
2839 5497 2920 5549 vel
2951 5495 3201 5558 facinori,
3232 5503 3284 5548 et
3319 5507 3422 5548 non
3453 5499 3578 5546 sunt
3601 5504 3724 5559 pec-

2147 5604 2298 5659 cata;
2329 5594 2450 5662 quia
2475 5605 2575 5644 nec
2603 5597 2656 5642 te
2675 5585 2948 5641 offendunt
2970 5585 3248 5638 Dominum
3272 5584 3436 5637 Deum
3459 5595 3722 5648 nostrum,

2146 5702 2247 5744 nec
2285 5685 2484 5741 sociale
2511 5682 2836 5738 consortium
2870 5696 2884 5733 :
2913 5693 3036 5733 cum
3072 5676 3418 5732 conciliantur
3455 5675 3629 5744 aliqua
3669 5675 3722 5730 in

2149 5793 2307 5837 usum
2342 5778 2465 5834 vita
2487 5789 2720 5846 congrua
2746 5771 3004 5843 tempori,
3035 5778 3090 5826 et
3117 5769 3373 5825 incertum
3405 5778 3488 5824 est
3513 5782 3580 5822 an
3605 5767 3724 5823 libi-
