4116 6366
485 349 591 412 891

392 527 396 530 ,
467 467 610 524 ‘dine
641 465 904 532 habendi;
933 475 1024 521 aut
1060 463 1351 538 puniuntur
1382 461 1677 532 corrigendi
1716 459 1889 516 studio
1917 467 2066 530 pote-

486 569 624 617 state
653 559 923 625 ordinata,
957 563 1010 614 et
1056 558 1313 614 incertum
1348 563 1428 612 cst
1463 571 1531 610 an
1572 554 1786 610 libidine
1819 552 2064 608 nocendi.

484 651 650 710 Multa
681 646 857 724 itaque
892 651 1027 709 facta
1057 668 1174 724 qua:
1213 651 1513 708 hominibus
1542 647 1886 722 improbanda
1919 649 2065 704 vidc-

485 755 691 816 rentur,
713 748 1014 804 testimonio
1031 755 1120 802 tuo
1137 746 1421 818 approbata
1438 751 1589 812 sunt;
1614 751 1666 800 et
1680 743 1842 798 multa
1860 741 2065 796 laudata

463 839 555 896 -ab
575 841 896 905 hominibus,
929 847 981 895 te
1011 845 1148 894 teSte
1174 839 1490 894 damnantur
1518 856 1531 892 :
1561 853 1680 891 cum
1708 851 1849 906 saepe
1884 850 1940 890 se
1972 831 2068 888 ali-

484 941 570 991 ter
596 933 754 989 habet
783 935 985 1003 species
1016 931 1165 999 facti,
1199 939 1252 987 et
1279 930 1429 987 aliter
1457 929 1696 986 facientis
1721 929 1955 993 animus,
1987 937 2066 982 at-

483 1039 589 1094 que
628 1023 880 1078 articulus
911 1023 1101 1078 occulti
1133 1023 1402 1093 temporis.
1449 1023 1581 1078 Cum
1618 1037 1743 1077 vero
1777 1020 1970 1092 aliquid
2012 1031 2063 1075 tu

482 1125 703 1185 repente
737 1115 1040 1169 inusitatum
1078 1123 1132 1169 ct
1161 1115 1502 1186 improvisum
1540 1115 1800 1184 imperas,
1832 1113 1987 1168 etiam
2020 1113 2064 1166 si

482 1206 585 1261 hoc
611 1206 891 1277 aliquando
918 1208 1162 1274 vetuisti,
1202 1209 1441 1279 quamvis
1481 1223 1694 1263 causam
1739 1203 1944 1275 imperii
1993 1206 2063 1259 tui

481 1313 579 1368 pro
607 1307 845 1370 tempore
874 1300 1104 1354 occ'uites
1125 1342 1140 1368 ,
1177 1308 1230 1355 et
1259 1300 1498 1370 quamvis
1535 1307 1715 1354 contra
1758 1306 1963 1367 pactum
1997 1297 2065 1352 sit

481 1389 777 1458 aliquorum
811 1391 1082 1446 hominum
1109 1391 1408 1457 societatis;
1437 1392 1555 1462 quis
1595 1390 1796 1445 dubitet
1834 1400 1951 1445 esse
1984 1389 2061 1443 fa-

480 1480 746 1543 ciendum,
775 1483 986 1552 quando
1013 1499 1072 1551 ea
1100 1482 1239 1551 justa
1267 1489 1348 1538 est
1374 1483 1600 1539 societas
1625 1482 1919 1546 hominum,
1945 1498 2063 1550 qure

479 1572 644 1626 servit
676 1572 807 1627 tibi?
844 1573 946 1628 Sed
984 1575 1120 1630 beati
1151 1575 1236 1644 qui
1280 1579 1329 1630 te
1359 1576 1646 1646 imperasse
1683 1577 1872 1629 sciunt.
1906 1573 2063 1628 Fiunt

481 1663 622 1717 enim
657 1666 832 1719 omnia
862 1681 891 1720 a
932 1665 1285 1721 servientibus
1320 1667 1442 1730 tibi,
1481 1666 1565 1721 vel
1600 1667 1664 1719 ad
1700 1665 2059 1722 exhibendum

477 1755 618 1825 quod
639 1756 704 1810 ad
729 1771 962 1827 praesens
983 1773 1116 1827 opus
1135 1766 1234 1822 est,
1258 1758 1340 1813 vel
1360 1757 1424 1813 ad
1447 1759 1618 1812 futura
1641 1759 2058 1828 praenuntianda.

1118 1889 1345 1946 CAPUT
1386 1891 1456 1946 X.

691 1997 860 2071 Nugae
890 1999 1288 2056 Manichworum
1317 2001 1380 2055 de
1408 2011 1554 2056 terrae
1580 2003 1846 2075 fructibus.

545 2115 634 2172 18.
675 2115 799 2172 Haec
824 2131 922 2186 ego
947 2117 1190 2172 nesciens
1212 2160 1226 2182 ,
1257 2117 1538 2171 irridebam
1567 2115 1685 2173 illos
1710 2127 1920 2174 sanctos
1945 2133 2057 2174 scr-

472 2221 570 2263 vos
594 2218 646 2263 ct
671 2207 964 2277 PrOphetas
990 2216 1126 2262 tuos.
1157 2207 1226 2261 Et
1245 2207 1370 2278 quid
1391 2209 1608 2278 agebam
1630 2225 1750 2264 cum
1773 2210 2056 2265 irridebam

473 2312 594 2362 eos,
627 2298 727 2352 nisi
757 2307 814 2352 ut
845 2298 1096 2353 irriderer
1123 2297 1217 2354 abs
1250 2309 1330 2363 te;
1373 2301 1568 2354 sensim
1609 2310 1766 2371 atque
1807 2302 2056 2372 paulatim

470 2388 756 2457 perductus
786 2387 851 2442 ad
882 2404 973 2443 eas
1001 2403 1166 2459 nugas
1187 2431 1202 2456 ,
1238 2396 1294 2443 ut
1329 2390 1600 2446 crederem
1647 2391 1800 2446 ficum
1847 2392 2058 2462 plorare

472 2496 593 2536 cum
623 2481 956 2551 decerpitur,
1006 2491 1058 2536 et
1097 2492 1322 2537 matrem
1368 2482 1483 2552 ejus
1521 2482 1764 2539 arborem
1811 2485 2058 2558 iacrymis

470 2569 694 2627 lacteis?
721 2573 889 2638 Quam
917 2579 1091 2627 tamen
1124 2574 1277 2627 ticum
1305 2573 1348 2625 si
1375 2573 1694 2629 comedisset
1721 2574 1909 2646 aliquis
1933 2591 2058 2631 san-

470 2673 588 2720 ctus
607 2708 622 2734 ,
649 2665 822 2721 alieno
847 2681 996 2725 sane.
1030 2680 1135 2719 non
1161 2680 1256 2720 suo
1287 2665 1489 2720 scelere
1516 2666 1842 2736 decerptam,
1867 2669 2058 2725 misce-

469 2767 555 2816 ret
578 2759 897 2823 visceribus,
929 2768 983 2814 et
1008 2757 1283 2813 anhelaret
1311 2758 1377 2813 de
1403 2759 1489 2812 illa
1519 2761 1768 2829 angelos,
1799 2762 1904 2815 imo
1931 2775 2057 2817 vero

468 2849 761 2919 particulas
791 2851 914 2913 Dei,
945 2849 1208 2920 gemendo
1239 2850 1292 2904 in
1314 2847 1552 2905 oratione
1581 2861 1736 2920 atque
1764 2853 2052 2908 ructando:

471 2955 589 3011 quae
616 2940 885 3010 particula:
910 2942 1102 2995 summi
1129 2949 1183 2996 ct
1204 2943 1312 2997 veri
1335 2942 1426 2996 Dei
1452 2942 1627 3013 ligatm
1649 2943 1870 2999 fuissent
1896 2947 1945 3000 in
1971 2949 2057 3003 illo

468 3045 661 3102 pomo,
689 3033 788 3086 nisi
817 3032 972 3087 electi
1001 3033 1170 3086 sancti
1198 3032 1357 3088 dente
1391 3047 1452 3088 ac
1479 3045 1664 3089 ventre
1703 3037 2053 3093 solverentur.

467 3120 541 3177 Et
575 3120 772 3176 credidi
809 3123 971 3176 miser
997 3122 1165 3193 magis
1193 3137 1314 3178 esse
1342 3123 1760 3181 misericordiam
1796 3138 2056 3196 prsestan-

467 3211 592 3269 dam
621 3211 876 3268 fructibus
907 3222 1060 3268 terra:
1080 3256 1095 3281 ,
1128 3229 1283 3285 quam
1313 3215 1616 3272 hominibus
1636 3259 1651 3284 ,
1685 3226 1902 3289 propter
1926 3235 2058 3288 quos

412 3362 416 3363 ν
467 3313 834 3361 nascerentur.
875 3305 934 3360 Si
962 3305 1080 3376 quis
1105 3307 1245 3362 enim
1280 3309 1520 3363 esuriens
1559 3319 1795 3379 peteret,
1833 3311 1921 3381 qui
1952 3311 2059 3365 Ma-

467 3393 713 3452 nichzeus
735 3411 840 3452 non
861 3405 1034 3463 esset,
1064 3398 1213 3467 quasi
1238 3399 1449 3469 capitali
1474 3400 1736 3472 supplicio
1759 3400 2058 3459 damnanda

464 3485 710 3546 buccella
736 3489 1023 3555 videretur,
1052 3491 1096 3546 si
1124 3491 1172 3546 ei
1200 3490 1435 3548 daretur.

1098 3599 1323 3660 CAPUT
1361 3603 1452 3661 XI.

737 3699 985 3760 Planctus
1013 3713 1062 3758 et
1085 3706 1334 3760 somnium
1369 3707 1543 3762 matris
1567 3707 1628 3764 de
1654 3709 1783 3778 filio.

535 3812 625 3869 i9.
657 3813 726 3870 Et
749 3815 938 3872 misisti
967 3831 1181 3874 manum
1215 3825 1356 3877 tuam
1381 3833 1446 3874 ex
1468 3819 1595 3883 aito,
1624 3830 1678 3876 et
1709 3821 1776 3878 de
1799 3823 1896 3879 hac
1934 3839 2057 3893 pro-

462 3903 624 3962 funda
653 3907 876 3977 caligine
923 3907 1107 3963 eruisti
1135 3908 1366 3966 animam
1394 3925 1565 3966 meam
1583 3911 1751 3980 (Psal.
1772 3929 1948 3976 cxuu,
1975 3917 2050 3989 7),

464 4011 586 4053 cum
610 4011 705 4066 pro
725 4013 810 4064 me
836 3997 986 4062 fleret
999 3998 1064 4053 ad
1096 4006 1149 4053 te
1177 4007 1346 4056 mater
1370 4016 1485 4056 mea
1508 4001 1680 4058 ﬁdelis
1701 4013 1808 4072 tua,
1827 4009 2054 4076 amplius

463 4100 623 4156 quam
651 4086 778 4142 flent
804 4097 1000 4156 matres
1026 4103 1282 4158 corporea
1313 4089 1518 4146 funera.
1550 4087 1771 4150 Videbat
1797 4097 1938 4152 enim
1962 4099 2052 4156 illa

460 4188 690 4234 mortem
716 4194 889 4240 meam
919 4196 986 4236 ex
1013 4181 1112 4236 ﬁde
1131 4189 1186 4236 et
1203 4181 1409 4250 Spiritu,
1441 4199 1600 4253 quem
1629 4184 1854 4243 habebat
1874 4205 1937 4244 ex
1970 4199 2049 4258 te;

463 4279 520 4326 et
538 4269 795 4326 exaudisti
815 4286 952 4338 eam,
989 4273 1227 4328 Domine.
1271 4273 1542 4332 Exaudisti
1572 4292 1710 4344 eam,
1740 4295 1838 4336 nec
1855 4281 2052 4351 despe-

460 4360 587 4416 xisti
612 4361 875 4433 lacrymas
900 4363 1036 4432 ejus,
1066 4379 1186 4419 cum
1221 4366 1543 4434 proﬂuentes
1578 4368 1812 4438 rigarth
1853 4381 2050 4429 terram

461 4452 562 4508 sub
583 4453 750 4507 oculis
769 4453 904 4523 ejus,
934 4454 986 4508 in
1021 4454 1167 4510 omni
1194 4456 1310 4511 loco
1339 4458 1593 4514 orationis
1619 4459 1762 4530 ejus;
1791 4464 2051 4522 exaudisti

461 4559 602 4600 eam.
648 4543 779 4598 Nam
809 4545 949 4600 unde
979 4545 1109 4600 illud
1149 4549 1438 4616 somnium,
1467 4565 1571 4619 quo
1597 4567 1715 4607 eam
1743 4557 2051 4614 consolatus

461 4651 540 4704 cs,
569 4647 626 4693 ut
652 4639 828 4694 vivere
852 4655 937 4696 me
961 4640 1276 4697 concederet
1297 4643 1312 4673 ί
1329 4653 1380 4700 et
1399 4642 1594 4700 habere
1608 4660 1786 4703 secum
1808 4651 2050 4707 eamdem

460 4749 702 4788 mensam
731 4735 781 4788 in
823 4734 1014 4801 domo;
1060 4737 1200 4806 quod
1228 4738 1366 4794 nolle
1412 4751 1668 4809 coeperat,
1705 4758 1956 4800 aversaris
1995 4757 2050 4802 et

461 4827 730 4883 detestans
759 4827 1116 4897 blasphemiae
1159 4836 1355 4884 erroris
1383 4833 1522 4888 mei?
1547 4833 1690 4889 Vidit
1718 4837 1860 4891 enim
1896 4845 2045 4893 stan-

459 4927 568 4976 tem
595 4935 652 4975 se
681 4921 731 4974 in
758 4922 986 4992 quadam
1033 4923 1211 4992 regula
1257 4924 1450 4994 lignea,
1491 4933 1547 4980 et
1570 4926 1937 4984 advenientem
1979 4932 2047 4987 ad

461 5027 522 5067 se
540 5012 789 5082 juvenem
810 5013 1167 5084 splendidum,
1199 5014 1421 5070 hilarem
1450 5026 1606 5088 atque
1631 5021 1951 5078 arridentem
1972 5025 2045 5079 si-

457 5103 534 5170 bi,
561 5118 681 5159 cum
720 5105 809 5159 illa
851 5113 995 5160 esset
1035 5120 1268 5162 monens
1293 5115 1349 5162 et
1374 5123 1604 5164 maerore
1646 5112 1885 5169 confecta
1914 5133 1926 5170 :
1957 5117 2047 5187 qui

459 5209 581 5249 cum
605 5209 794 5250 causas
818 5194 1096 5265 quaesisset
1119 5197 1186 5252 ab
1205 5213 1268 5253 ea
1295 5199 1560 5255 maestitia
1582 5217 1693 5257 sure
1711 5205 2046 5274 quotidianae-

457 5301 687 5356 rumque
708 5287 1084 5358 iacrymarum,
1105 5289 1350 5353 docendi,
1369 5299 1428 5345 ut
1444 5292 1659 5360 assolet,
1683 5309 1785 5351 non
1810 5296 2047 5356 discendi

459 5379 650 5449 gratia,
681 5387 842 5449 atque
880 5379 966 5434 illa
996 5382 1357 5452 respondisset
1397 5383 1746 5454 perditionem
1788 5405 1960 5448 meam
1987 5409 2047 5452 se

525 5558 545 5593 ι
564 5556 779 5625 [omnis
792 5558 904 5610 ΒΜ.
923 5568 1026 5611 Am.
1046 5567 1122 5610 Er.
1143 5567 1209 5625 et
1225 5566 1336 5614 ιον.
1358 5571 1467 5615 :Ile
1495 5577 1658 5618 secum
1678 5570 1924 5625 crederet:
1956 5575 2048 5625 sed

459 5619 728 5694 tegendum
761 5634 869 5671 cum
904 5631 1007 5673 Mss.
1044 5613 1310 5694 potioribus
1343 5639 1355 5674 :
1493 5613 1920 5694 éﬁéaéiéfvlii’
1935 5613 2046 5692 cui;

635 5692 708 5734 ne
725 5697 885 5759 secum
917 5686 1212 5759 concederet.
1242 5712 1303 5723 —-
1331 5687 1481 5739 Editio
1510 5686 1949 5759 Florentina'legit,
1970 5686 2046 5750 ἦῆ

461 5757 626 5813 “curn
653 5747 1046 5813 crederet,qnam
1063 5747 1324 5804 lectionem
1333 5759 1500 5804 tuetur
1522 5760 1807 5810 auctoritate
1817 5747 2042 5813 mm:

445 5812 538 5880 ‘lir.
557 5813 861 5861 Mensorum.
893 5811 1015 5860 etii
1039 5813 1379 5864 Μῶλυ-ωε.
1446 5823 1499 5866 M.

1577 335 2092 400 CONFESSIONUM
2130 335 2191 394 S.
2231 337 2592 399 AUGUSTINI

3652 341 3758 399 092

2175 457 2457 530 plangere;
2481 460 2703 531 jussisse
2719 459 2862 516 illum
2883 474 2986 533 quo
3011 473 3192 517 secura
3217 467 3378 529 esset,
3395 469 3554 531 atque
3576 459 3758 517 admo-

2173 568 2351 607 nuisse
2372 559 2428 608 ut
2455 554 2752 609 attenderet
2781 563 2834 610 et
2866 553 3089 621 videret,
3118 554 3205 610 ubi
3235 559 3378 608 esset
3398 553 3504 620 illa,
3543 552 3613 608 ibi
3637 567 3755 610 esse

2171 653 2225 699 et
2256 661 2356 698 me.
2390 644 2540 712 Quod
2571 646 2654 700 illa
2684 645 2770 700 ubi
2797 646 3038 711 attendit,
3059 645 3192 700 vidit
3218 661 3304 700 me
3325 646 3472 715 juxta
3499 660 3557 700 se
3584 645 3638 700 in
3663 662 3753 704 ea-

2171 735 2291 791 dem
2317 735 2494 808 rcguia
2525 745 2768 792 stantem.
2799 731 2950 793 Unde
2978 736 3099 803 hoc,
3129 736 3225 791 nisi
3253 736 3373 808 quia
3404 739 3554 797 erant
3600 752 3754 792 aures

2172 837 2276 884 tua:
2301 829 2366 886 ad
2393 846 2484 884 cor
2503 829 2655 900 ejus?
2677 827 2721 885 Ο
2743 839 2795 884 ιιι
2817 872 2832 900 ,
2860 829 2997 885 bone
3018 829 3374 900 omnipotens,
3397 828 3483 899 qui
3511 828 3586 883 sic
3602 844 3752 884 curas

2171 937 2598 995 unumquemque
2623 931 2880 989 nostrum,
2912 934 3161 995 tanquam
3190 923 3360 978 solum
3389 937 3572 992 cures;
3602 929 3653 978 et
3679 924 3752 978 sic

2169 1033 2375 1095 omnes,
2393 1025 2636 1090 tanquam
2667 1015 2931 1090 singulos!

2238 1108 2327 1164 20.
2360 1103 2510 1165 Unde
2545 1109 2671 1164 illud
2717 1109 2897 1178 etiam,
2947 1107 3089 1182 quod
3144 1125 3261 1165 cum
3311 1109 3437 1163 mihi
3488 1121 3755 1164 narrasset

2169 1199 2339 1270 ipsum
2368 1201 2560 1270 visum,
2583 1211 2637 1257 et
2663 1217 2760 1273 ego
2799 1199 2865 1256 ad
2902 1201 2952 1256 id
2981 1200 3192 1257 trahere
3233 1216 3475 1268 conarer,
3503 1210 3554 1254 ut
3585 1201 3668 1255 illa
3699 1220 3752 1255 se

2170 1295 2343 1364 potius
2369 1311 2472 1350 non
2504 1295 2814 1368 desperaret
2835 1294 3060 1350 futuram
3083 1310 3200 1350 esse
3219 1294 3360 1364 quod
3384 1311 3556 1361 erant;
3587 1296 3750 1348 conti-

2168 1402 2274 1441 nuo
2321 1388 2434 1444 sine
2473 1389 2644 1460 aliqua
2683 1385 3032 1455 hzesitatione,
3064 1385 3205 1456 Non,
3239 1388 3425 1458 inquit,
3473 1405 3571 1440 non
3624 1387 3750 1439 enim

2167 1479 2291 1535 mihi
2314 1477 2499 1536 dictum
2526 1483 2619 1551 est,
2643 1479 2740 1537 Ubi
2765 1481 2870 1550 ille,
2896 1479 2964 1535 ibi
2991 1491 3038 1535 et
3062 1480 3264 1549 tu;sed,
3279 1477 3380 1538 Ubi
3401 1490 3474 1546 tu,
3493 1479 3560 1532 ibi
3574 1491 3615 1533 et
3646 1479 3748 1531 ille.

2167 1576 2435 1631 Confiteor
2456 1575 2567 1643 tibi,
2595 1569 2836 1642 Domine,
2863 1571 3282 1631 recordatiOnem
3305 1589 3477 1628 meam
3502 1579 3750 1642 quantum

2166 1671 2366 1736 recolo,
2397 1667 2536 1739 quod
2569 1683 2709 1739 sa-pe
2735 1683 2839 1722 non
2869 1659 3022 1732 tacui,
3043 1665 3268 1736 amplius
3291 1680 3375 1721 me
3404 1663 3505 1718 isto
3529 1680 3623 1734 per
3639 1679 3751 1716 ma-

2169 1767 2302 1815 trem
2330 1760 2632 1831 vigilantem
2665 1775 2919 1830 responso
2949 1769 3058 1823 tuo,
3083 1755 3223 1830 quod
3252 1765 3354 1810 tam
3387 1755 3554 1810 vicina
3587 1755 3750 1809 inter-

2165 1853 2476 1924 prctationis
2513 1852 2740 1908 falsitate
2782 1845 2988 1907 turbata
3019 1868 3122 1906 non
3149 1858 3252 1918 est,
3283 1858 3337 1906 et
3362 1858 3467 1903 tam
3493 1850 3598 1904 cito
3625 1847 3754 1902 vidit

2164 1942 2305 2014 quod
2324 1941 2606 1999 videndum
2639 1944 2752 2012 fuit,
2785 1943 2925 2014 quod
2955 1959 3054 2014 ego
3080 1950 3242 2010 certe,
3279 1954 3560 2012 antequam
3591 1939 3754 1996 dixis-

2163 2043 2265 2100 set,
2299 2050 2402 2088 non
2421 2035 2656 2090 videram
2680 2051 2692 2101 ;
2721 2031 2880 2090 etiam
2912 2043 3018 2089 tum
3041 2043 3361 2090 commotum
3386 2033 3566 2100 fuisse,
3593 2050 3748 2105 quam

2163 2121 2280 2196 ipso
2305 2125 2532 2194 somnio,
2562 2142 2665 2196 quo
2691 2125 2900 2180 femina:
2927 2123 3027 2195 piae
3054 2125 3301 2196 gaudium
3333 2133 3479 2179 tanto
3510 2133 3628 2195 post
3669 2123 3750 2178 fu-

2164 2225 2362 2285 turum,
2396 2217 2463 2272 ad
2491 2218 2912 2274 consolationem
2956 2227 3080 2272 tunc
3128 2217 3405 2288 prtesentis
3442 2216 3750 2272 sollicitudi-

2164 2310 2268 2378 nis,
2299 2318 2443 2364 tanto
2472 2320 2593 2366 ante
2619 2309 2925 2384 prmdictum
2955 2319 3053 2365 est.
3085 2307 3214 2364 Nam
3244 2325 3434 2363 novem
3462 2309 3630 2363 ferme
3659 2324 3750 2363 an-

2163 2402 2217 2456 ni
2258 2401 2426 2458 secuti
2453 2413 2594 2471 sunt,
2625 2403 2814 2474 quibus
2842 2418 2939 2473 ego
2960 2401 3011 2456 in
3042 2401 3130 2456 illo
3159 2402 3282 2456 limo
3311 2399 3558 2472 profundi
3585 2415 3646 2454 ac
3667 2409 3747 2455 te-

2163 2495 2341 2549 nebris
2363 2494 2624 2561 falsitatis,
2653 2511 2771 2550 cum
2801 2510 2943 2568 saepe
2972 2510 3188 2565 surgere
3211 2510 3452 2560 conarer,
3477 2502 3528 2548 et
3543 2494 3750 2564 gravius

2162 2585 2429 2654 alliderer,
2461 2587 2726 2642 volutatus
2748 2601 2862 2640 sum
2898 2605 2910 2640 :
2939 2602 3058 2642 cum
3087 2595 3264 2640 tamen
3288 2585 3371 2642 illa
3400 2586 3552 2640 vidua
3583 2594 3748 2656 casta,

2163 2669 2247 2746 pia
2279 2677 2544 2743 ctsobria,
2569 2678 2751 2748 quales
2780 2693 2947 2742 amas,
2975 2677 3085 2747 jam
3113 2677 3323 2748 quidem
3369 2692 3464 2747 Spe
3502 2678 3746 2749 alacrior,

2163 2767 2255 2822 sed
2278 2765 2404 2823 ﬂetu
2435 2778 2487 2824 et
2526 2770 2724 2839 gemitu
2764 2786 2865 2824 non
2895 2770 3127 2840 segnior,
3161 2785 3264 2824 non
3295 2770 3561 2827 desineret
3607 2771 3748 2830 horis

2163 2861 2406 2917 omnibus
2440 2864 2972 2918 orationumsuarum
3018 2861 3085 2918 dc
3125 2879 3209 2918 me
3255 2865 3507 2935 plangere
3553 2863 3618 2918 ad
3667 2874 3747 2931 te;

2164 2965 2215 3008 et
2244 2955 2508 3010 intrabant
2554 2957 2603 3010 in
2650 2965 2988 3028 COllSpCCllllll
3026 2966 3171 3012 tuum
3202 2973 3384 3028 preces
3421 2958 3554 3028 ejus,
3588 2968 3642 3014 et
3668 2975 3748 3014 me

2162 3056 2339 3104 tamen
2383 3051 2685 3107 dimittebas
2753 3051 2928 3108 adhuc
2967 3051 3107 3106 volvi
3154 3059 3210 3107 et
3268 3051 3462 3107 involvi
3502 3049 3591 3108 ilia
3621 3051 3769 3107 caii-'

2161 3145 2302 3215 giue.

2795 3257 3025 3315 CAPUT
3065 3257 3185 3314 ΧΠ.

2168 3389 2331 3456 Quale
2356 3407 2651 3463 responsum
2673 3403 2832 3447 muter
2859 3392 3122 3466 Augustini
3149 3394 3341 3466 accepit
3357 3393 3616 3466 aquodam
3639 3395 3749 3467 epi-

2584 3501 2734 3556 sCOpo
2753 3486 2813 3540 de
2827 3487 2982 3560 ipsius
2997 3488 3330 3543 conversione.

2240 3621 2326 3678 21.
2355 3623 2421 3678 Et
2463 3623 2654 3679 dedisti
2700 3625 2927 3680 alterum
2970 3639 3286 3696 responsum
3332 3624 3564 3692 interim,
3607 3623 3749 3695 quod

2163 3715 2363 3770 recolo.
2386 3714 2518 3770 Nam
2539 3726 2592 3771 et
2626 3718 2788 3772 multa
2811 3726 3086 3786 praetereo,
3115 3726 3335 3786 propter
3355 3718 3496 3788 quod
3525 3731 3748 3788 propero

2161 3807 2227 3864 ad
2249 3824 2309 3863 ea
2331 3824 2449 3880 qum
2474 3825 2557 3863 me
2580 3809 2744 3882 magis
2774 3818 2959 3879 uigent
2979 3808 3218 3864 conﬁteri
3246 3809 3360 3875 tibi,
3384 3819 3438 3864 et
3460 3810 3620 3866 multa
3642 3825 3745 3866 non

2160 3904 2397 3958 memini.
2455 3904 2651 3960 Dedisti
2678 3920 2803 3975 ergo
2833 3906 3056 3961 alterum
3089 3922 3182 3978 per
3207 3907 3537 3964 sacerdotem
3578 3917 3743 3970 tuum,

2160 3995 2439 4064 quemdam
2468 3995 2771 4066 episcopum
2815 3997 3066 4051 nutritum
3098 3998 3152 4050 in
3181 3998 3440 4063 Ecclesia,
3469 4007 3523 4053 et
3546 3999 3748 4053 exerci-

2161 4095 2326 4142 tatum
2358 4089 2407 4143 in
2437 4088 2608 4144 Libris
2644 4089 2764 4143 tuis.
2793 4089 2960 4157 Quem
2999 4104 3118 4145 cum
3148 4089 3233 4144 illa
3269 4089 3466 4145 femina
3511 4099 3746 4159 rogasset

2157 4187 2215 4233 ut
2263 4179 2567 4251 dignaretur
2611 4193 2818 4236 mecum
2862 4181 3120 4252 colloqui,
3161 4189 3214 4236 et
3251 4182 3495 4237 refellere
3538 4197 3745 4236 errores

2159 4289 2328 4339 meos,
2351 4282 2404 4330 et
2429 4274 2690 4331 dedocere
2716 4290 2800 4330 me
2828 4276 2986 4339 maia,
3018 4291 3080 4330 ac
3110 4275 3304 4330 docere
3334 4272 3470 4328 bona
3498 4274 3745 4346 (faciebat

2156 4366 2298 4420 enim
2332 4367 2452 4432 hoc,
2486 4367 2528 4421 si
2573 4382 2706 4437 quos
2735 4366 2869 4422 forte
2916 4366 3132 4422 idoneos
3187 4366 3529 4436 inuenisset);
3577 4363 3744 4418 noluit

2157 4458 2263 4522 ille,
2295 4459 2579 4528 prudenter
2616 4475 2760 4524 sane,
2800 4469 3052 4530 quantum
3099 4461 3238 4515 sensi
3268 4467 3466 4529 postea.
3505 4447 3743 4526 Respon-

2155 4545 2232 4604 dit
2256 4549 2396 4605 enim
2422 4565 2506 4604 me
2530 4550 2701 4620 adhuc
2727 4565 2846 4606 esse
2882 4550 3187 4618 indocilem,
3233 4567 3296 4605 eo
3340 4547 3480 4619 quod
3531 4550 3743 4604 innatus

2156 4655 2328 4696 essem
2360 4641 2594 4696 novitate
2627 4640 2846 4697 haeresis
2877 4641 3034 4707 illius,
3067 4651 3120 4697 et
3140 4643 3405 4697 nonnullis
3448 4644 3741 4713 qumstiutic

2153 4733 2630 4803 coiisjam'multos
2655 4735 2926 4805 imperitos
2957 4738 3328 4805 exagitassem,
3369 4736 3506 4789 sicut
3536 4731 3617 4788 illa
3666 4735 3741 4789 in-

2150 4821 2418 4880 dicaverat
2439 4826 2507 4880 ei.
2541 4823 2647 4881 Sed
2671 4825 2796 4890 sine,
2830 4823 3019 4896 inquit,
3045 4825 3187 4880 illum
3214 4827 3302 4890 ibi,
3327 4836 3372 4880 et
3401 4829 3597 4879 tantum
3621 4835 3741 4895 νωθῆ

2152 4929 2243 4990 pro
2281 4936 2337 4974 eo
2375 4915 2688 4973 Dominum:
2713 4918 2820 4989 ipse
2846 4919 3052 4990 legendo
3078 4919 3283 4987 reperiet
3316 4919 3426 4988 quis
3471 4917 3554 4970 ille
3576 4919 3636 4970 sit
3659 4935 3736 4969 er-

2149 5027 2254 5071 ror,
2282 5021 2327 5064 et
2355 5019 2542 5081 quanta
2567 5011 2816 5081 impietas.
2867 5010 3033 5066 Simul
3070 5011 3230 5066 etiam
3263 5012 3496 5064 narravit
3525 5025 3581 5063 se
3608 5019 3740 5078 que-

2151 5117 2253 5172 que
2284 5101 2557 5171 parvulum
2582 5117 2612 5156 a
2640 5102 2852 5157 seducta
2899 5110 3066 5157 matre
3100 5113 3194 5156 sua
3220 5101 3400 5156 datum
3431 5101 3589 5155 fdisse
3635 5089 3741 5153 Ma-

2151 5196 2388 5263 nichreis,
2431 5205 2486 5251 et
2530 5209 2717 5251 omnes
2746 5211 2876 5266 pene
2902 5205 3008 5250 non
3058 5195 3250 5266 legisse
3301 5201 3524 5260 tantum,
3557 5203 3740 5248 verum

2151 5288 2311 5343 etiam
2349 5287 2677 5358 scriptitasse
2706 5286 2868 5341 libros
2892 5299 3112 5349 eorum;
3162 5286 3368 5356 sibique
3407 5283 3738 5355 apparuisse,

2151 5382 2297 5438 nullo
2337 5391 2522 5436 contra
2569 5379 2870 5450 disputante
2897 5389 2949 5435 ct
2982 5380 3350 5444 convincente,
3399 5393 3556 5448 quam
3598 5389 3744 5433 esset

2150 5471 2239 5529 illa
2269 5483 2411 5529 secta
2440 5473 2714 5543 fugienda;
2744 5473 2917 5542 itaque
2948 5473 3162 5543 fugisse.
3183 5473 3311 5539 Qum
3334 5487 3454 5526 cum
3473 5471 3556 5525 ille
3581 5470 3744 5525 dixis-

2150 5575 2249 5631 set,
2281 5575 2436 5636 atque
2467 5566 2550 5621 illa
2585 5566 2746 5620 nollet
2785 5567 3141 5635 acquiescere,
3185 5565 3280 5620 sed
3325 5565 3542 5618 instaret
3576 5568 3743 5632 magis

2151 5659 2505 5731 deprecando,
2533 5670 2586 5714 et
2615 5659 2837 5713 ubertim
2867 5658 3062 5724 ﬂendo,
3097 5668 3152 5713 ut
3179 5675 3265 5713 me
3294 5658 3519 5723 videret,
3547 5667 3601 5712 et
3624 5673 3743 5711 me—

2150 5769 2270 5810 cum
2295 5751 2611 5808 dissereret:
2632 5747 2718 5807 ille
2735 5751 2842 5822 jam
2869 5748 3312 5810 substom..cbans
3337 5749 3494 5805 ttedio
3525 5789 3542 5818 ,
3583 5747 3740 5820 Vade,
