4116 6366
385 401 489 456 693

385 517 574 588 inquit,
603 528 638 571 α
664 532 780 582 me;
809 516 880 571 ita
907 516 1043 571 vivas
1076 531 1092 568 :
1123 507 1233 585 ﬁeri
1254 514 1270 547 ‘
1301 530 1402 569 non
1432 522 1589 585 potest
1612 524 1666 568 nt
1686 507 1821 585 ﬁlius
1849 517 1969 572 ista-

383 619 496 664 rum
521 611 856 682 lacrymarum
878 617 1064 679 pct‘eat.
1094 609 1246 678 Quod
1280 607 1366 664 illa
1396 608 1466 665 ita
1488 624 1546 664 se
1576 611 1863 682 accepisse,
1891 611 1972 667 in-

447 713 464 755 ί
485 727 561 772 Er.
581 715 728 785 Lugd.
746 729 864 772 Ven.
885 728 996 772 Lov.
1031 719 1153 771 Flor.
1176 727 1227 772 et
1244 721 1387 770 ttond.
1407 718 1520 787 ﬁeri
1534 719 1677 774 enim.
1698 730 1752 773 M.

1729 397 1928 453 LIBER
1967 395 2310 466 QUARTUS.

3552 417 3656 478 696

2047 530 2156 576 -ter
2176 522 2433 593 colloquia
2469 538 2561 578 sua
2594 540 2804 584 mecum
2830 541 2976 597 saepe
3009 528 3408 602 recordabatur,
3434 547 3499 591 ac
3520 534 3564 593 si
3591 535 3661 592 de

2073 613 2209 670 coelo
2224 616 2508 673 sonuisset.

445 827 606 892 _\'isum
630 833 706 875 est
724 827 802 892 hic
825 825 1357 892 ascribere‘A‘ugustini
1371 823 1530 892 locum
1549 838 1610 876 ex
1624 825 1788 892 ,ηιξηρ
1810 833 1975 892 contra
1995 826 2200 892 Litteras
2230 819 2446 892 Petiliam
2468 819 2866 892 donatistge,_cap.
2891 821 2947 871 17
2967 835 3024 892 τηε
3051 829 3121 892 tte
3145 824 3294 874 etiam
3322 824 3662 890 presbyterum

391 894 413 934 ἀ
430 887 581 937 fuisse
606 888 965 936 Manichaeorum
976 923 998 951 ,Α
1009 883 1092 936 vel
1109 881 1257 936 falsus
1280 884 1360 935 vel
1383 884 1557 951 fallens
1574 887 2082 951 mirabilitemeritate
2095 882 2707 951 oont_endat.__t'erbatertii
2733 881 2858 951 libri
2878 881 3235 951 Confessionum
3266 881 3513 946 mearum',
3553 903 3664 951 quze

391 970 414 998 ι
431 963 520 1012 per
543 951 723 1012 seipsa,
749 956 800 999 et
815 951 880 998 de
903 949 1068 1000 multis
1089 956 1202 998 ante
1225 957 1279 1013 et
1300 955 1470 1013 postea
1490 949 1630 1013 dictis
1651 949 2173 1013 maniiestissima_sunt
2195 946 2492 1013 legentibus,
2502 946 2594 994 sub
2609 959 2706 1013 quo
2723 947 2771 995 ei
2781 946 3500 1013 videturintellectuproponat
3515 946 3666 1013 otique

391 1031 412 1059 α
431 1009 633 1075 arguat,
647 1020 740 1075 etc.
756 1029 777 1055 δ)
807 1020 1030 1075 Quaenam
1055 1025 1172 1075 vero
1195 1011 1290 1060 sint
1302 1009 1463 1061 verba
1492 1011 1599 1070 illa,
1618 1026 1728 1075 quae
1750 1026 1837 1061 suo
1861 1013 2026 1062 avulsa
2048 1010 2152 1075 loco
2178 1018 2402 1075 proterye
2427 1009 2832 1075 interpretabatur
2857 1009 3128 1075 Petilianus,
3154 1009 3291 1075 nobis
3313 1009 3663 1075 incompertum

385 1081 458 1123 est
474 1073 692 1130 {fortean
717 1074 805 1122 ista
829 1086 856 1122 c

859 1073 998 1133 apitis
1015 1074 1143 1122 sexti
1167 1085 1178 1121 :
1203 1079 1345 1121 «Nam
1367 1085 1563 1122 versum
1588 1068 1854 1124 et'carmen
1882 1076 2029 1123 etiam
2053 1071 2109 1120 ad
2136 1068 2249 1120 vera
2275 1068 2518 1133 pulmenta
2539 1068 2826 1120 transiero.»
2858 1072 2973 1132 Quip

385 1086 486 1130 θεῖς
509 1086 692 1122 tortean
717 1086 805 1122 tsm
829 1086 883 1122 C11
903 1086 998 1122 nus
1015 1086 1143 1122 sexu
1167 1086 1178 1121 Σ
1203 1086 1345 1121 «nam
1367 1086 1563 1122 "CI'SUIII
1588 1086 1638 1124 ει
1660 1086 1854 1122 carmen
1882 1086 2029 1123 etiam
2053 1086 2109 1120 {Kl
2136 1086 2249 1120 vera
2275 1086 2518 1133 [iUllllClllil
2539 1086 2826 1120 ιωιιδῐενο.»
2858 1086 2973 1132 ιριιψ
2995 1086 3037 1120 )e

382 1135 490 1186 lieri
514 1136 623 1185 data
641 1088 968 1198 «proﬂabat
989 1135 1281 1199 Augustino,
1304 1141 1361 1185 ut
1383 1135 1552 1184 videre
1578 1143 1654 1185 est
1677 1136 1725 1185 in
1750 1136 1971 1198 ejusdem
1995 1133 2104 1185 libri
2127 1141 2290 1183 contra
2325 1132 2539 1181 Petiliam
2562 1133 2761 1181 Litteras
2781 1133 2939 1195 capite
2964 1086 3037 1182 δϐ.

2995 1085 3038 1120 ›ε
3062 1073 3292 1123 amatoria
3313 1072 3546 1125 maleficia
3562 1087 3647 1126 ma

1148 1249 3636 1282 —-d-é——-———————-—-———-——————————~——___—

1357 1355 1834 1467 LIBER
1932 1355 2030 1482 ρ
2054 1347 2370 1462 [ΓΑΒ
2391 1347 2720 1462 TU'S.

443 1569 594 1639 Pudet
612 1569 924 1639 Augustinum
941 1581 998 1618 se
1016 1568 1377 1639 Manichaeorum
1394 1573 1543 1639 sectae
1561 1565 1800 1639 addictum
1821 1562 1986 1639 fuisse.
2005 1575 2105 1639 ppr.
2120 1563 2434 1639 npvcntiiu‘m,
2455 1571 2602 1627 atque
2622 1564 2747 1639 alios
2781 1579 2952 1639 secum
2979 1569 3032 1639 in
3066 1571 3296 1622 eumdem
3313 1583 3531 1624 errorem
3559 1589 3670 1639 per.

380 1633 615 1697 traxisse»;
638 1625 738 1697 tuin
757 1631 900 1680 etiam
918 1629 1214 1697 consuluisse
1233 1629 1596 1697 mathematicos
1613 1633 1695 1697 :_et
1712 1628 1914 1697 amicum
1933 1625 2023 1697 sibi
2042 1625 2233 1697 interea
2254 1629 2416 1697 inerte
2429 1625 2737 1687 pra-Frcptum,
2757 1631 2994 1697 acerbiori
3011 1645 3153 1697 quam
3171 1648 3362 1697 aequum
3374 1644 3506 1688 esset
3522 1625 3667 1689 animi

378 1692 552 1756 dolore
584 1685 732 1744 fuisse
767 1695 1270 1756 prosecutum;cujus
1302 1693 1571 1756 occasione,
1609 1691 1671 1756 de
1706 1701 1826 1736 vana
1863 1695 1912 1736 et
1943 1687 2021 1756 de
2057 1685 2211 1756 solida
2243 1685 2600 1756 amicitianon
2619 1703 2630 1750 ι
2651 1685 2766 1756 auea
2800 1691 2929 1739 dicit.
2973 1685 3261 1744 mentionem
3293 1685 3402 1748 facit
3437 1685 3668 1756 libroruin

379 1754 442 1801 (le
468 1754 677 1820 pulchro
701 1747 779 1820 ρι’
799 1761 942 1820 Apto,
971 1768 1000 1804 a
1031 1747 1110 1820 se:
1138 1747 1264 1804 anno
1298 1755 1454 1804 :etatis
1485 1753 1723 1820 vigesimo
1771 1756 1914 1799 sexto
1934 1754 2030 1820 aut
2061 1747 2296 1820 vigesimo
2318 1750 2553 1820 Aseptimo
2585 1747 2995 1820 conscriptorum;
3032 1767 3220 1807 necnon
3249 1747 3398 1820 quam,
3419 1747 3668 1813 facilinc-V

378 1817 512 1877 gotio
545 1809 1030 1868 liberalium'artium
1061 1813 1212 1867 libros
1244 1824 1392 1880 atque
1431 1809 1698 1864 Aristotelis
1727 1812 2034 1875 categorias,
2067 1821 2192 1858 anno
2220 1811 2376 1860 anatis
2408 1809 2564 1862 ferme
2599 1809 2852 1878 vigesimo,
2889 1809 3126 1877 per'sesc
3159 1809 3481 1875 intellexerit.

1847 1937 2217 1994 «mea»

873 2069 1102 2130 CAPUT
1129 2067 1413 2129 PRIMUM.

653 2165 907 2233 Quamdiu
934 2175 978 2222 et
1003 2166 1250 2238 quomodo
1278 2165 1408 2219 alios
1425 2162 1697 2218 seduxerit.

455 2257 507 2314 Ι.
534 2257 639 2313 Per
660 2257 799 2313 idem
842 2269 1048 2328 tempus
1074 2268 1331 2312 annorum
1361 2271 1571 2321 novem,
1591 2253 1656 2309 ab
1690 2245 1976 2322 undevige-

381 2350 519 2405 simo
533 2363 673 2404 anno
695 2351 865 2406 :etatis
886 2361 1035 2414 mete,
1061 2359 1227 2420 usque
1245 2347 1309 2404 ad
1334 2347 1858 2419 duodetrigesimum,
1889 2360 1974 2400 se-

379 2442 704 2497 ducebamur
726 2454 780 2497 et
808 2441 1190 2498 seducebamus
1217 2485 1230 2511 ,
1280 2437 1396 2496 falsi
1435 2449 1592 2512 atque
1637 2439 1880 2495 fallentes
1921 2438 1973 2493 in

378 2537 541 2591 variis
562 2537 962 2607 cupiditatibus;
998 2544 1052 2592 et
1082 2537 1252 2607 palam
1271 2546 1366 2606 per
1391 2535 1657 2591 doctrinas
1687 2545 1818 2605 quas
1843 2531 1975 2586 libe-

379 2629 521 2684 rales
550 2637 758 2695 vocant,
784 2630 993 2685 occulte
1020 2637 1194 2685 autem
1241 2627 1373 2683 falso
1421 2625 1635 2682 nomine
1684 2623 1971 2697 religionis.

380 2723 481 2778 Hic
509 2723 740 2792 superbi,
774 2721 844 2777 ibi
867 2721 1253 2793 superstitiosi,
1286 2721 1478 2792 ubique
1494 2719 1636 2774 vani.
1665 2717 1774 2774 l-lac
1804 2734 1975 2789 popu-

381 2816 508 2870 laris
531 2815 710 2887 gloria:
739 2821 1001 2871 sectantes
1026 2815 1355 2879 inanilatem,
1384 2821 1550 2880 usque
1575 2812 1640 2866 ad
1690 2809 1975 2865 theatricos

379 2908 616 2976 plausus,
638 2913 692 2961 et
719 2905 1046 2960 contentiosa
1071 2904 1307 2960 carmina
1336 2903 1374 2971 ί,
1410 2911 1461 2959 ει
1481 2919 1704 2974 agonem
1749 2918 1976 2957 corona-

381 3013 500 3054 rum
531 2999 798 3054 febcaru‘m
826 3007 878 3054 et
899 2998 1318 3069 Spectaculorum
1336 3014 1520 3066 nugas,
1539 3006 1591 3051 et
1617 2996 1975 3066 intemperan-

383 3092 512 3146 tiam
542 3090 817 3146 libidinum
850 3109 863 3146 :
897 3091 1017 3146 illac
1047 3097 1222 3145 autem
1254 3090 1463 3161 purgari
1490 3104 1587 3144 nos
1612 3089 1677 3143 ab
1723 3089 1835 3144 istis
1862 3104 1975 3143 sor-

380 3181 536 3237 diints
566 3191 890 3253 expetentes,
923 3197 1042 3237 cum
1079 3182 1156 3237 eis
1199 3182 1287 3252 qui
1317 3181 1710 3251 appellarentur
1739 3179 1896 3235 electi
1924 3189 1978 3236 et

381 3276 570 3343 sancti,
603 3273 912 3331 affet-remus
939 3290 1110 3342 escas,
1143 3269 1210 3330 de
1253 3275 1443 3346 quibus
1489 3273 1716 3329 nobisin
1765 3272 1976 3329 ofﬁcina

381 3359 662 3439 aqualicull
694 3367 774 3422 sui
802 3365 1117 3423 fabricarent
1147 3368 1361 3438 angelos
1393 3377 1445 3422 et
1479 3357 1607 3422 deos
1635 3381 1727 3438 per
1756 3383 1888 3438 quos
1918 3368 1979 3422 li-

383 3460 722 3526 beraremur;
752 3457 805 3516 et
830 3461 1071 3515 sectabar
1097 3460 1193 3514 ista
1224 3466 1381 3530 atque
1414 3459 1668 3514 faciebam
1696 3475 1814 3513 cum
1841 3459 1977 3513 ami-

380 3551 459 3605 cis
491 3551 653 3618 meis,
692 3561 789 3622 per
828 3561 912 3605 me
961 3565 1024 3605 ac
1069 3566 1274 3604 mecum
1302 3547 1556 3621 deceptis.
1607 3542 1867 3605 irrideant
1893 3566 1978 3605 me

383 3651 717 3713 arrogantes,
757 3649 810 3697 et
848 3641 1082 3696 nondum
1125 3641 1410 3696 salubriter
1448 3641 1699 3712 prostrati
1725 3651 1780 3696 et
1808 3631 1921 3695 elisi
1948 3657 1977 3696 a

383 3739 460 3800 te,
497 3735 635 3788 Deus
662 3743 956 3805 meus;ego
981 3743 1154 3789 tamen
1177 3736 1430 3789 conﬁtear
1454 3731 1548 3789 tibi
1579 3731 1838 3788 dedecora
1862 3749 1976 3788 mea

381 3827 432 3882 in
465 3827 620 3884 laude
650 3835 757 3882 tua.
786 3825 912 3882 Sine
953 3843 1058 3895 me,
1088 3825 1331 3894 obsecro,
1361 3831 1416 3882 et
1446 3823 1512 3880 da
1541 3825 1670 3880 mihi
1697 3823 1979 3882 circumire

383 3921 635 3990 pnesenti
666 3919 920 3996 memoria
953 3918 1249 3988 praeteritos
1275 3918 1526 3973 circuitus
1554 3919 1748 3973 erroris
1773 3917 1895 3984 mei,
1926 3928 1981 3974 et

381 4011 660 4068 immolare
708 3996 800 4067 tibi
849 4011 1072 4067 hostiam
1113 4010 1462 4082 iubilationis'.
1509 4003 1645 4080 Quid
1690 4012 1830 4066 enim
1861 4028 1978 4066 sum

381 4119 481 4176 ego
527 4105 655 4160 mihi
697 4105 812 4161 sine
841 4115 912 4174 te,
945 4103 1047 4160 nisi
1068 4103 1172 4160 dux
1203 4105 1253 4159 in
1287 4103 1554 4176 praeceps?
1581 4103 1687 4159 Aut
1714 4103 1836 4176 quid
1861 4120 1976 4160 sum

382 4213 505 4254 cum
542 4201 668 4254 mihi
697 4199 833 4254 bene
863 4209 964 4267 est,
997 4197 1098 4254 nisi
1136 4215 1329 4271 sugens
1360 4191 1442 4254 lac
1470 4209 1650 4265 tuum;
1680 4206 1770 4253 aut
1797 4197 1979 4254 fruens

381 4295 434 4345 te
461 4291 579 4345 cibo
596 4291 681 4361 qui
712 4305 815 4344 non
838 4289 1230 4361 corrumpitur?
1254 4291 1319 4344 Et
1337 4291 1456 4360 quis
1480 4289 1638 4345 homo
1659 4298 1740 4344 est
1758 4289 1981 4362 quilibet
2065 4345 2080 4354 _

379 4379 563 4445 homo,
593 4395 712 4437 cum
737 4383 806 4438 ‘sit
829 4379 1022 4438 homo?
1052 4381 1157 4438 Sed
1201 4380 1455 4436 irrideant
1479 4395 1576 4436 nos
1604 4377 1768 4437 fortes
1802 4390 1856 4437 et
1882 4397 1979 4454 p0-

383 4481 576 4539 tentes,
617 4487 716 4530 nos
743 4479 917 4529 autem
946 4474 1141 4529 iniirmi
1183 4482 1237 4528 et
1278 4473 1463 4546 inopes
1493 4473 1841 4530 conﬁteamur
1863 4473 1975 4531 tibi.

944 4557 1170 4623 CAPUT
1210 4564 1276 4623 ll.

382 4655 704 4715 Rhetoricam
747 4659 909 4727 docet,
952 4659 1279 4715 concubinam
1311 4661 1461 4733 fovet,
1502 4669 1551 4715 et
1589 4663 1870 4732 aruspicem
1896 4663 1982 4732 qui

703 4754 961 4812 victariam
1001 4753 1338 4824 promittebat,
1368 4756 1657 4810 contemnit.

451 4844 509 4899 2.
542 4843 806 4901 Docebam
828 4846 878 4898 in
900 4843 1001 4900 illis
1016 4845 1168 4900 annis
1187 4853 1354 4900 artem
1379 4843 1723 4913 rhetoricam,
1746 4855 1800 4902 et
1817 4846 1980 4903 victo-

379 4937 580 4991 riosam
602 4935 980 5008 loquacitatem
998 4937 1166 4992 victus
1188 4935 1473 5007 cupiditate
1488 4938 1802 4994 vendebam.
1817 4939 1980 4995 Male-

379 5026 503 5081 bam
537 5033 733 5092 tamen,
753 5025 996 5095 Domine,
1022 5038 1076 5083 tu
1098 5029 1223 5095 scis,
1256 5028 1426 5083 bonos
1450 5029 1646 5085 habere
1671 5030 1978 5101 discipulos,

379 5122 520 5180 sicut
540 5121 870 5192 appellantur
900 5119 1051 5178 boni:
1078 5131 1132 5180 et
1146 5139 1239 5179 eos
1251 5124 1365 5179 sine
1381 5123 1502 5179 dolo
1523 5123 1776 5179 docebam
1797 5124 1983 5196 dolos;

381 5231 488 5270 non
514 5215 706 5286 quibus
730 5225 912 5272 contra
951 5224 1111 5287 caput
1138 5217 1438 5273 innocentis
1479 5227 1718 5288 agerent,
1752 5218 1847 5273 sed
1883 5218 1982 5274 ali-

382 5303 597 5377 quando
621 5323 715 5376 pro
735 5306 906 5379 capite
923 5309 1178 5363 nocentis.
1200 5309 1284 5374 Et,
1307 5309 1464 5371 Deus,
1481 5308 1656 5362 vidisti
1683 5308 1750 5363 de
1772 5308 1983 5379 longin-

382 5389 492 5468 quo
531 5398 823 5469 lapsantem
849 5399 899 5453 in
931 5399 1156 5467 lubrico,
1185 5407 1240 5454 et
1265 5399 1320 5454 in
1338 5397 1503 5453 multo
1526 5395 1670 5453 fumo
1688 5398 1982 5455 scintillan-

380 5496 490 5546 tem
519 5487 676 5544 ﬁdem
707 5501 900 5556 meam,
931 5505 1088 5562 quam
1130 5484 1443 5546 exhibebam
1476 5489 1528 5545 in
1559 5491 1650 5544 illo
1674 5491 1980 5561 magisterio

383 5581 728 5653 diligentibus
774 5582 1083 5648 vanitatem,
1128 5589 1182 5638 et
1219 5582 1578 5653 qurerentibus
1625 5582 1977 5649 mendacium,

382 5675 562 5731 socius
601 5683 806 5730 eorum.
838 5671 894 5738 In
922 5673 1026 5732 illis
1051 5677 1205 5732 annis
1248 5692 1404 5731 unam
1445 5675 1723 5741 habebam,
1775 5692 1881 5731 non
1917 5693 1981 5732 eo

382 5766 526 5838 quod
556 5767 850 5837 legitimum
873 5776 1114 5834 vocatur,
1133 5767 1377 5838 conjugio
1397 5768 1684 5839 cognitam,
1707 5767 1800 5824 sed
1822 5783 1980 5839 quam

447 5882 466 5914 ⁸
489 5880 600 5931 Bad.
622 5888 722 5932 Am.
742 5886 818 5932 Er.
839 5889 891 5934 et
905 5888 1038 5946 hom,
1057 5881 1335 5933 certamina.

2077 2065 2418 2139 indagaverat
2436 2085 2601 2143 vagus
2625 2071 2802 2144 ardor,
2835 2075 2986 2152 inops
3012 2075 3339 2154 prudentiae;
3381 2087 3475 2144 sed
3495 2103 3657 2147 unam

2081 2166 2278 2227 tamen,
2306 2163 2353 2218 ei
2381 2178 2590 2234 quoque
2612 2175 2827 2224 servans
2857 2163 2954 2225 tori
2986 2171 3145 2229 ﬁdem
3177 2192 3190 2229 :
3220 2175 3272 2230 in
3294 2193 3396 2248 qua
3426 2193 3556 2236 sane
3584 2196 3671 2238 ex-

2079 2253 2285 2322 perirer
2300 2257 2540 2327 exemplo
2558 2273 2696 2326 meo,
2722 2261 2844 2332 quid
2861 2256 3079 2322 distaret
3101 2267 3236 2330 inter
3248 2270 3537 2342 coniugalis
3555 2273 3669 2342 pla-

2081 2346 2168 2400 citi
2199 2348 2413 2403 modum
2449 2351 2588 2420 quod
2621 2352 2932 2410 ﬁederatum
2972 2369 3115 2414 esset
3162 2364 3450 2429 generandi
3477 2366 3664 2436 gratia,

2080 2444 2137 2492 et
2179 2449 2389 2508 pactum
2436 2441 2696 2498 libidinosi
2728 2447 2942 2515 amoris,
2976 2447 3060 2503 ubi
3086 2452 3258 2520 proles
3285 2455 3442 2508 etiam
3483 2464 3668 2512 contra

2080 2537 2261 2584 votum
2288 2533 2536 2601 nascitur,
2570 2537 2806 2606 quamvis
2829 2538 2935 2608 jam
2968 2550 3082 2594 nata
3101 2553 3253 2611 cogat
3277 2560 3335 2600 se
3357 2545 3524 2617 diligi.

2153 2625 2202 2680 5.
2239 2621 2436 2681 Recolo
2466 2629 2655 2693 etiam,
2688 2645 2809 2686 cum
2840 2633 2966 2687 mihi
2994 2634 3236 2692 theatrici
3263 2640 3514 2694 carminis
3551 2655 3671 2698 eer-

2082 2721 2260 2771 tamen
2276 2717 2406 2773 inire
2426 2720 2726 2788 placuisset,
2742 2723 3021 2780 mandasse
3034 2727 3162 2781 mihi
3184 2731 3362 2786 nescio
3373 2747 3530 2801 quem
3544 2748 3670 2788 aru-

2082 2809 2301 2879 spicem,
2324 2809 2448 2881 quid
2478 2812 2525 2867 ei
2544 2815 2670 2869 dare
2692 2815 2950 2871 mercedis
2981 2809 3241 2876 veileniut
3262 2822 3556 2891 vincerem;
3577 2841 3664 2884 me

2083 2913 2259 2958 autem
2309 2904 2447 2960 foeda
2491 2906 2574 2961 illa
2607 2919 2940 2965 sacramenta
2967 2916 3286 2972 detestatum
3314 2925 3368 2970 et
3395 2917 3670 2974 abomina-

2088 3003 2197 3052 tum
2226 2997 2585 3068 respondisse,
2608 3015 2708 3056 nec
2733 2993 2776 3056 si
2812 3016 3005 3058 corona
3021 3003 3108 3058 illa
3124 3015 3266 3062 esset
3295 3008 3662 3072 immortaliter

2083 3103 2264 3156 aurea,
2295 3108 2530 3148 muscam
2554 3110 2649 3164 pro
2668 3094 2886 3152 victoria
2903 3114 3017 3154 mea
3031 3101 3207 3154 necari
3230 3117 3314 3156 me
3335 3103 3530 3159 sinere.
3559 3103 3667 3161 Ne-

2083 3193 2296 3240 caturus
2327 3186 2468 3241 enim
2501 3197 2616 3242 erat
2637 3188 2722 3244 ille
2745 3183 2798 3242 in
2829 3191 3101 3246 sacriﬁciis
3130 3195 3242 3248 suis
3270 3196 3586 3263 animantia,
3618 3205 3672 3254 et

2083 3276 2189 3331 illis
2212 3277 2499 3334 honoribus
2527 3279 2839 3336 invitaturus
2868 3282 2994 3336 mihi
3019 3283 3365 3355 suifragatura
3403 3285 3664 3342 dtemonia

2086 3368 2378 3424 videbatur.
2411 3367 2516 3425 Sed
2546 3370 2646 3426 hoc
2677 3388 2886 3443 quoque
2927 3375 3124 3429 malum
3164 3391 3270 3434 non
3304 3393 3370 3434 ex
3397 3386 3480 3431 tua
3510 3380 3670 3434 casti-

2087 3465 2195 3516 tate
2213 3459 2231 3493 ί
2260 3461 2528 3533 repudiavi
2553 3506 2567 3530 ,
2593 3463 2730 3518 Deus
2760 3465 2936 3520 cordis
2958 3467 3081 3521 mei.
3112 3467 3228 3522 Non
3249 3470 3390 3523 enim
3418 3485 3598 3527 amare
3616 3481 3668 3528 te

2086 3567 2360 3620 noveram,
2389 3559 2477 3626 qui
2499 3556 2598 3610 nisi
2626 3555 2855 3628 fulgores
2875 3574 3162 3630 corporeus
3179 3561 3410 3630 cogitare
3430 3576 3538 3617 non
3567 3577 3666 3618 no-

2087 3657 2287 3698 veram.
2312 3644 2526 3701 Talibus
2539 3647 2680 3701 enim
2700 3637 2960 3718 ﬁgmentis
2983 3650 3254 3718 suspirans
3275 3651 3470 3720 anima,
3491 3668 3668 3709 nonne

2086 3734 2378 3792 fornicatur
2405 3739 2499 3794 abs
2528 3747 2599 3806 te,
2630 3749 2683 3794 et
2727 3737 2841 3796 ﬁdit
2871 3741 2922 3796 in
2963 3741 3127 3806 falsis,
3156 3753 3209 3798 et
3245 3746 3412 3814 pascit
3439 3745 3665 3802 ventos?

2089 3827 2194 3883 Sed
2222 3829 2472 3885 videlicet
2518 3830 2805 3886 sacriﬁcari
2837 3849 2934 3905 pro
2981 3849 3065 3889 me
3092 3835 3286 3890 nollem
3314 3836 3666 3904 daemonibus,

2087 3919 2279 3989 quibus
2306 3937 2390 3976 me
2421 3922 2507 3976 illa
2533 3923 2912 3994 superstitione
2958 3925 3071 3996 ipse
3115 3925 3498 3984 sacriﬁcabam.
3530 3927 3668 3995 Quid

2087 4020 2169 4068 est
2197 4013 2337 4068 enim
2387 4013 2550 4079 aliud,
2581 4023 2750 4071 ventos
2803 4034 3004 4087 pascere
3035 4016 3195 4090 (Osee
3234 4034 3328 4084 ιιι,
3377 4017 3474 4092 1).
3509 4035 3669 4090 quam

2087 4103 2230 4172 ipsos
2253 4119 2499 4173 pascere;
2531 4104 2631 4161 hoc
2652 4115 2732 4161 est
2755 4147 2768 4171 ,
2798 4105 3029 4163 errando
3056 4108 3135 4164 eis
3159 4122 3280 4165 esse
3306 4109 3558 4180 voluptati
3590 4117 3672 4172 at-

2087 4209 2190 4266 que
2219 4193 2452 4253 derisui?

2670 4283 2896 4350 CAPUT
2937 4291 3024 4350 ill.

2089 4383 2164 4439 Ab
2203 4385 2494 4456 astrologia,
2528 4385 2610 4438 cui
2635 4383 2832 4439 deditus
2866 4395 2992 4453 erat,
3021 4403 3111 4456 per
3149 4401 3317 4442 senem
3341 4387 3604 4444 medicina!
3624 4395 3672 4443 et

2519 4493 2685 4532 rerum
2712 4478 2927 4548 peritum
2955 4486 3238 4546 revocatur,

2160 4581 2212 4644 ιι.
2265 4579 2496 4660 ideoque
2536 4590 2657 4647 illos
2688 4581 2874 4660 planos
2898 4591 2919 4622 ²
2941 4627 2956 4658 ,
2985 4605 3118 4661 quos
3147 4592 3552 4648 mathematicos
3574 4606 3672 4648 vo-

2090 4690 2233 4748 cant,
2260 4681 2414 4752 plane
2431 4682 2708 4740 consulere
2729 4697 2836 4736 non
2852 4681 3171 4738 desistebam
3195 4721 3212 4751 ,
3229 4683 3372 4754 quod
3383 4684 3532 4754 quasi
3549 4682 3672 4739 nul-

2091 4773 2202 4830 lum
2231 4773 2308 4828 eis
2347 4783 2490 4830 esset
2517 4773 2852 4839 sacriﬁcium,
2881 4781 2936 4829 et
2961 4775 3120 4830 nullae
3146 4789 3331 4844 preces
3349 4775 3415 4829 ad
3445 4775 3672 4845 aliquem

2094 4857 2335 4939 Spiritum
2372 4867 2439 4921 ob
2473 4859 2848 4925 divinationem
2882 4864 3279 4935 dirigerentur:
3313 4865 3455 4935 quod
3493 4872 3670 4920 tamen

2089 4958 2372 5014 christiana
2390 4967 2443 5014 et
2467 4974 2591 5014 vera
2621 4959 2790 5030 pietas
2826 4965 3213 5027 consequenter
3238 4956 3448 5026 repellit
3489 4965 3544 5011 et
3576 4956 3673 5011 da-

2095 5061 2259 5107 mnat.
2286 5047 2489 5106 Bonum
2523 5061 2604 5108 est
2628 5049 3029 5106 enim-conﬁteri
3068 5049 3179 5115 tibi,
3216 5050 3457 5113 Domine,
3490 5059 3545 5103 et
3593 5049 3674 5104 di-

2090 5159 2234 5210 cere,-
2252 5144 2491 5198 Miserere
2503 5143 2600 5198 mei
2619 5160 2638 5209 ;
2659 5157 2784 5196 cura
2797 5141 3020 5194 animum
3031 5147 3211 5208 meam,
3229 5140 3462 5212 quoniam
3475 5140 3676 5210 peccavi
3709 5161 3721 5202 ε

2091 5237 2180 5291 tibi
2213 5235 2382 5308 (Psal.
2419 5253 2506 5303 XL,
2538 5235 2635 5306 5);
2665 5249 2837 5304 neque
2865 5233 2930 5288 ad
2957 5229 3222 5290 licentiam
3251 5231 3502 5302 peccandi
3527 5229 3674 5288 abuti

2094 5321 2418 5400 indulgentia
2447 5337 2556 5396 tua,
2582 5327 2676 5384 sed
2701 5325 3012 5382 meminisse
3035 5323 3315 5380 dominium
3335 5323 3502 5394 vocis,
3532 5321 3663 5380 Ecce

2153 5509 2169 5570 ξ
2190 5505 2298 5558 Bad.
2319 5511 2418 5570 (tm.
2440 5509 2495 5570 et
2508 5508 2583 5553 Er.
2602 5497 3183 5570 substituuntgchart'tqte.

2151 5569 2170 5600 ²
2193 5577 2240 5618 in
2257 5565 2541 5630 quibusdam
2557 5557 2864 5623 editionibus,
2877 5557 3185 5630 planetarios.
3200 5565 3268 5611 ιιι
3280 5562 3330 5630 tu
3342 5561 3446 5622 ipa
3461 5558 3675 5630 editione

2086 5613 2450 5695 υ)γᾷἦὶἒᾷἐίἇῴ
2467 5662 2481 5687 ,
2642 5613 3046 5695 typographorum
3077 5613 3377 5695 oscitantiani
3394 5636 3408 5682 ;
3425 5624 3673 5695 "quando-

2122 5689 2283 5743 uidem
2301 5691 2350 5740 in
2366 5683 2872 5746 suis'ctistigalionlbu's
2888 5687 3021 5736 aiunt
3032 5688 3214 5735 rectius
3228 5684 3380 5735 videri
3398 5683 3488 5746 sibi
3506 5683 3677 5746 legen-

2122 5709 2283 5743 niuem
2301 5709 2350 5740 Ui
2366 5709 2466 5741 SUIS
2481 5709 2872 5741 wsu'rauouuius
2888 5709 3021 5736 utuui.
3033 5709 3214 5735 wuuua
3232 5709 3380 5735 uucn
3398 5709 3488 5734 διυι
3506 5709 3674 5746 Iugum

2086 5709 2201 5807 dum
2227 5753 2417 5818 plmtos,
2438 5753 2485 5801 id
2505 5760 2581 5818 est
2596 5727 2884 5818 ﬁnlxistorcs
2901 5784 2914 5807 ,
2945 5757 3039 5812 quo
3057 5749 3250 5796 nomine
3279 5745 3545 5818 appellatos
3559 5743 3674 5818 olim

2087 5805 2238 5869 fuisse
2257 5805 2634 5876 Mathematicus,
2952 5805 3049 5860 {ioc
3069 5823 3211 5880 porro
3237 5805 3416 5880 noiuen
3446 5805 3674 5880 alia-suad-

2090 5883 2228 5934 bibet
2245 5881 2534 5946 Augustinus
2550 5912 2564 5940 ,
2584 5871 2636 5929 ut
2652 5871 2776 5930 libro
2791 5877 2823 5926 5
2839 5882 3002 5928 contra
3036 5871 3339 5924 Academicis
3355 5905 3371 5934 ,
3404 5882 3508 5936 cap.
3535 5871 3607 5923 t5.
