4116 6366
491 293 595 354 695

493 431 651 472 sanus
677 419 842 487 factus
859 433 946 484 es;
971 419 1086 491 jam
1107 419 1212 475 noli
1239 436 1462 490 peccare,
1491 434 1554 473 ne
1582 418 1704 487 quid
1737 415 1825 469 tibi
1857 409 2073 466 deterius

497 507 753 580 contingat
781 507 960 580 (Joan.
990 526 1047 578 v,
1078 512 1197 582 Ν).
1228 512 1396 580 Quam
1421 522 1580 567 totam
1612 512 1685 567 illi
1707 512 2070 568 salubritatem

495 599 798 656 interﬁcere
823 611 1104 670 conantur,
1132 620 1252 659 cum
1298 606 1483 660 dicunt
1509 622 1523 658 :
1551 606 1626 660 De
1667 605 1803 662 caelo
1848 606 1938 661 tibi
1991 614 2073 677 est

498 691 819 748 inevitabilis
849 710 1007 751 causa
1036 696 1320 767 peccandi;
1363 706 1437 765 et,
1470 698 1649 754 Venus
1680 699 1779 756 hoc
1816 699 1958 763 fecit,
1981 710 2072 755 aut

500 783 780 853 Saturnus,
809 795 899 841 aut
923 792 1079 843 Mars.
1107 788 1339 856 Scilicet,
1367 801 1424 844 ut
1459 790 1619 846 homo
1659 791 1774 847 sine
1799 794 1950 862 culpa
1979 795 2066 862 sit,

498 890 623 931 caro
643 886 695 930 et
722 881 934 948 sanguis
963 889 1016 934 et
1032 881 1255 949 superba
1282 882 1536 953 putredo;
1562 883 1853 952 culpandus
1881 887 1950 940 sit
1972 901 2069 941 au-

497 976 604 1024 tem
631 970 751 1024 cmli
780 985 842 1024 ac
866 971 1095 1025 siderum
1125 983 1333 1028 creator
1355 983 1408 1029 et
1432 975 1723 1030 ordinator.
1755 977 1822 1032 Et
1847 978 1964 1050 quis
1989 987 2072 1034 est

497 1060 605 1127 hic,
639 1063 739 1117 nisi
770 1063 906 1117 Deus
951 1073 1151 1131 noster,
1183 1065 1415 1120 suavitas
1455 1075 1510 1122 et
1533 1069 1681 1137 origo
1710 1069 1948 1137 justitiac,
1979 1071 2069 1140 qui

500 1151 683 1206 reddis
708 1153 990 1224 unicuique
1032 1155 1320 1210 secundum
1351 1173 1511 1226 opera
1559 1158 1676 1228 ejus
1701 1159 1922 1232 (Matth.
1954 1177 2066 1229 xvr,

443 1230 458 1241 ’
491 1241 620 1314 27),
669 1251 724 1298 et
759 1259 853 1299 cor
900 1246 1183 1302 contritum
1237 1256 1291 1304 et
1340 1249 1672 1307 humiliatum
1698 1230 2068 1323 non'spernisf

490 1335 506 1401 (
533 1331 679 1388 Psal.
707 1351 756 1400 L,
793 1334 903 1406 l9.)

564 1426 617 1478 5.
648 1425 778 1480 Erat
817 1442 883 1482 eo
931 1437 1166 1499 tempore
1214 1435 1297 1487 vir
1339 1450 1499 1504 sagax
1533 1433 1605 1507 (a)
1633 1478 1648 1503 ,
1679 1436 1900 1493 medica:
1939 1440 2067 1496 artis

501 1515 877 1585 peritissimus,
922 1530 1081 1591 atque
1121 1523 1175 1577 in
1203 1538 1264 1578 ea
1292 1526 1669 1594 nobilissimus,
1702 1529 1792 1599 qui
1818 1545 1914 1600 pro
1942 1545 2071 1586 con-

489 1607 605 1661 sule
631 1608 648 1639 ι
676 1623 833 1664 manu
857 1625 949 1665 sua
979 1628 1228 1670 coronam
1257 1617 1398 1671 illam
1429 1621 1770 1689 agonisticam
1800 1623 2070 1694 imposue-

488 1705 572 1752 rat
598 1714 702 1754 non
744 1715 875 1755 sano
910 1705 1068 1774 capiti
1099 1722 1239 1774 meo,
1273 1709 1369 1764 sed
1416 1726 1520 1765 non
1550 1721 1609 1766 nt
1651 1715 1906 1770 medicus.
1937 1717 2066 1773 Nam

485 1788 627 1845 illius
655 1795 824 1848 morbi
855 1803 907 1850 tu
940 1808 1172 1867 sanator,
1195 1803 1285 1872 qui
1314 1803 1517 1859 resistis
1556 1810 1818 1878 superbis,
1853 1811 2066 1868 humili-

485 1879 586 1936 bus
629 1893 805 1939 autem
836 1886 931 1942 das
957 1890 1179 1958 gratiam
1206 1892 1261 1962 (Ι
1289 1891 1429 1948 Petr.
1477 1912 1530 1960 v,
1559 1897 1649 1970 5).
1679 1898 1944 1971 Numquid
1987 1913 2056 1958 ta-

487 1988 611 2028 men
639 1975 796 2030 etiam
827 1994 920 2047 per
945 1980 1089 2035 illum
1133 1997 1316 2038 senem
1345 1985 1556 2042 defuisti
1601 1989 1752 2056 mihi,
1793 2002 1883 2047 aut
1907 1993 2056 2049 desti-

490 2062 600 2117 tisti
627 2066 827 2122 mederi
853 2071 1043 2125 animae
1090 2075 1258 2128 mea}?
1287 2074 1418 2141 Quia
1461 2079 1601 2132 enim
1635 2079 1802 2136 factus
1845 2084 1891 2138 ei
1921 2101 2064 2141 eram

488 2151 820 2226 familiarior,
847 2170 899 2214 et
919 2162 1032 2230 ejus
1062 2167 1398 2220 sermonibus
1425 2167 1444 2238 (
1461 2180 1613 2223 erant
1639 2171 1781 2226 enim
1809 2173 1923 2229 sine
1948 2191 2042 2231 ver

489 2246 678 2302 borum
705 2252 844 2306 cultu
869 2254 1145 2312 vivacitate
1182 2261 1561 2317 sententiarum
1606 2263 1826 2334 jucundi
1856 2276 1911 2323 et
1948 2285 2070 2340 gra-

489 2339 614 2410 ves)
661 2344 903 2400 assiduus
943 2356 994 2402 et
1031 2349 1168 2405 fixus
1195 2351 1552 2422 inhzerebam;
1600 2358 1687 2412 ubi
1715 2339 1968 2429 cognovit
2003 2378 2067 2418 ex

489 2430 755 2502 colloquio
777 2450 897 2490 meo
924 2437 1071 2493 libris
1086 2443 1535 2510 genethliacorum
1556 2463 1675 2504 esse
1698 2467 1784 2506 me
1809 2452 2066 2520 deditum,

486 2521 713 2593 benigne
742 2541 803 2580 ac
847 2536 1065 2596 paterne
1093 2535 1297 2589 monuit
1326 2545 1382 2590 ut
1427 2551 1519 2592 eos
1563 2540 1868 2609 abjicerem,
1900 2561 2069 2615 neque

485 2629 668 2671 curam
696 2628 978 2690 etoperam
1008 2625 1164 2680 rebus
1191 2628 1408 2684 utilibus
1432 2635 1801 2700 necessariam,
1821 2637 1893 2690 illi
1923 2640 2058 2693 vani-

491 2707 584 2761 tati
610 2707 802 2764 frustra
836 2713 1197 2783 impenderem
1219 2736 1232 2772 :
1256 2720 1435 2775 dicens
1464 2724 1532 2778 ita
1560 2740 1616 2779 se
1639 2726 1779 2780 illam
1799 2728 2067 2800 didicisse,

495 2807 555 2854 ut
581 2801 697 2872 ejus
726 2807 1104 2873 professionem
1131 2812 1314 2880 primis
1341 2815 1494 2869 annis
1520 2819 1698 2873 anatis
1723 2835 1832 2875 suae
1861 2822 2069 2879 deferre

485 2891 759 2962 voluisset,
806 2914 906 2967 qua
937 2891 1095 2956 vitam
1128 2903 1375 2975 degeret;
1417 2915 1471 2962 et
1499 2909 1542 2963 si
1588 2910 1959 2982 Hippocratem
1985 2917 2069 2972 in-

488 2983 803 3053 tellexisset,
860 2998 913 3044 et
959 2991 1076 3047 illas
1122 2997 1302 3066 utique
1344 2999 1546 3054 litteras
1586 3006 1820 3072 potuisse
1873 3008 2071 3064 intelli-

489 3087 616 3141 gere
641 3077 662 3108 ²
697 3094 711 3132 :
761 3088 814 3132 et
835 3088 1010 3137 tamen
1038 3100 1141 3140 non
1163 3088 1232 3141 ob
1251 3089 1409 3144 aliam
1433 3107 1646 3148 causam
1690 3113 1746 3152 se
1783 3110 1982 3168 postea,
2009 3104 2071 3157 il-

487 3161 556 3218 lis
578 3166 796 3235 relictis,
821 3171 1133 3230 medicinam
1155 3190 1474 3249 assecutum,
1499 3185 1598 3240 nisi
1625 3189 1765 3258 quod
1782 3207 1870 3245 eas
1893 3191 2068 3249 falsis-

487 3255 650 3312 simas
703 3267 1086 3335 comperisset,
1128 3278 1181 3324 et
1225 3272 1387 3328 nollet
1422 3277 1503 3330 vir
1542 3255 1718 3348 gravis
1744 3281 2068 3353 decipiendis

488 3346 792 3408 hominibus
819 3358 1014 3414 victum
1037 3378 1292 3431 quaerere.
1316 3366 1382 3420 At
1403 3378 1476 3436 tu,
1502 3346 1692 3440 inquit,
1715 3391 1813 3444 quo
1837 3346 1950 3431 tein
1975 3379 2055 3432 ho-

488 3442 707 3498 minibus
723 3449 1020 3517 sustentas',
1050 3455 1349 3512 rhetoricam
1366 3469 1540 3526 tenes;
1567 3463 1698 3518 hanc
1717 3442 1884 3520 autem
1914 3470 2059 3539 falla-

486 3534 619 3588 ciam
647 3535 800 3593 libero
818 3544 1002 3605 studio,
1025 3563 1124 3600 non
1143 3551 1430 3604 necessitate
1450 3553 1522 3606 rei
1541 3555 1810 3622 familiaris
1825 3563 2066 3628 sectaris;

503 3641 600 3696 quo
618 3631 778 3701 magis
799 3633 922 3687 mihi
958 3644 1002 3688 te
1023 3648 1216 3706 oportet
1245 3639 1308 3695 de
1328 3642 1418 3695 illa
1449 3645 1670 3712 credere,
1704 3649 1790 3718 qui
1827 3667 1937 3704 eam
1965 3661 2067 3707 tam

487 3723 708 3790 perfecte
741 3724 930 3780 discere
961 3730 1229 3795 elaboravi,
1254 3750 1406 3803 quam
1425 3751 1486 3789 ea:
1511 3753 1568 3790 ea
1584 3739 1694 3793 sola
1713 3741 1874 3795 vivere
1909 3744 2064 3798 volui.

483 3811 528 3864 A
557 3827 662 3880 quo
687 3830 784 3884 ego
808 3832 925 3872 cum
973 3823 1282 3889 qumsissem
1305 3843 1423 3896 quae
1455 3844 1610 3884 causa
1639 3847 1764 3902 ergo
1793 3834 1990 3890 faceret
2011 3846 2069 3892 ut

491 3903 657 3957 multa
702 3905 825 3961 inde
853 3924 977 3964 vera
1026 3917 1523 3986 pronuntiarentur;
1570 3924 1843 3992 respondit
1871 3926 1980 3992 ille,
2010 3937 2068 3983 ut

488 3997 678 4063 potuit,
711 3999 815 4051 vim
847 4005 1004 4057 sortis
1027 4003 1129 4062 hoc
1158 4007 1331 4065 facere
1362 4012 1413 4066 in
1445 4030 1621 4070 rerum
1649 4026 1834 4073 natura
1873 4038 2074 4094 usque-,

484 4102 699 4188 quaque
743 4091 1007 4148 diffusam.
1041 4098 1096 4153 Si
1137 4102 1274 4156 enim
1307 4103 1374 4160 de
1404 4109 1606 4176 paginis
1632 4109 1653 4141 ⁸
1702 4123 1872 4180 poetae
1898 4091 2067 4188 cujus-

488 4179 628 4247 piam
678 4181 832 4254 longe
870 4186 1013 4241 aliud
1058 4194 1307 4249 canentis
1348 4206 1506 4267 atque
1551 4179 1894 4274 intendentis,
1943 4179 2062 4264 eum

489 4268 625 4325 forte
655 4275 772 4343 quis
796 4279 1042 4346 consulit,
1066 4282 1378 4340 mirabiliter
1402 4303 1666 4347 consonus
1686 4297 1897 4366 negotio
1923 4289 2065 4368 saepe

485 4379 673 4420 versus
725 4368 919 4435 exiret;
978 4374 1274 4430 mirandum
1325 4395 1429 4434 non
1469 4397 1586 4437 esse
1632 4385 1861 4456 dicebat,
1910 4391 1954 4446 si
1999 4408 2062 4446 ex

485 4459 662 4514 anima
690 4459 940 4533 humana,
967 4467 1238 4537 superiore
1282 4471 1458 4542 aliquo
1491 4473 1763 4546 instinctu,
1793 4483 2065 4538 nesciente

495 4548 620 4622 quid
664 4556 712 4606 in
740 4571 795 4604 se
823 4557 990 4621 ﬁeret,
1025 4575 1129 4614 non
1154 4570 1268 4616 arte
1305 4563 1398 4619 sed
1424 4575 1567 4622 sorte
1613 4580 1829 4626 sonaret
1865 4575 2062 4645 aliquid

480 4644 622 4714 quod
642 4645 1012 4720 interrogantis
1037 4652 1196 4710 rebus
1222 4654 1477 4728 factisque
1499 4663 1826 4720 concineret.

559 4739 611 4792 6.
645 4738 714 4792 Et
753 4740 852 4794 hoc
879 4743 1087 4810 quidem
1119 4746 1185 4800 ab
1215 4747 1304 4800 illo
1345 4750 1427 4805 vel
1457 4766 1551 4820 per
1579 4753 1728 4808 illum
1768 4763 2060 4825 procurasti

488 4827 642 4882 mihi.
671 4830 737 4882 Et
761 4831 886 4900 quid
915 4834 1026 4899 ipse
1066 4845 1245 4902 postea
1289 4853 1384 4905 per
1422 4856 1507 4895 me
1545 4842 1715 4912 ipsum
1743 4862 2054 4916 quaererem.

480 4916 540 4974 in
568 4921 825 4977 memoria
847 4937 967 4980 mea
987 4923 1286 4982 delineasti.
1311 4928 1460 4986 Tunc
1477 4943 1652 4989 autem
1680 4951 1780 4993 nec
1799 4939 1933 5008 ipse,
1963 4957 2062 5000 nec

540 5082 559 5114 ί
581 5090 676 5133 Pro
691 5083 912 5152 consule,
942 5087 1079 5148 juxta
1095 5092 1170 5136 Er.
1203 5088 1350 5152 Lugd.
1370 5097 1487 5140 Ven.
1524 5093 1766 5144 Benedict.
1803 5100 2061 5149 Proconsul

475 5154 661 5209 emant:
679 5160 766 5198 sua
785 5184 799 5209 ,
828 5149 968 5209 juxta
988 5154 1094 5198 nov.
1130 5157 1185 5199 Μ.

541 5207 1053 5292 ξ-εἱῖιιηξρὲιᾶιιιηηοιξξη
1084 5213 1359 5292 MSs._Angl.
1391 5239 1453 5249 —
1483 5214 1736 5292 sip_etiam
1748 5218 2056 5292 ju'xtatitttss.

476 5263 892 5356 ἓῗξῐμῗῗῖἷιθωη
922 5273 954 5321 5
984 5282 1106 5333 MSS”
1131 5282 1183 5325 θῐ
1199 5263 1344 5326 Βοηὸ.
1369 5289 1478 5326 cum
1511 5275 1543 5324 4
1776 5263 1898 5343 tum-—
1898 5263 2072 5356 ἀέξῃ..

476 5325 780 5424 iam]
1094 5325 1104 5333 '
1949 5325 2064 5422 π,

541 5396 1416 5474 ,ξιέξὲίῖηέἰὲν.1¹¹³ίῖ¹-ιονο9ιβο“ἀο.
1446 5405 1501 5448 M-
1542 5463 1568 5474 ..
2020 5468 2047 5474 ,ν

540 5596 714 5676 gaLSCil
723 5599 837 5676 icct,
850 5601 1149 5676 t‘indieianus
1163 5617 1224 5676 ex
1245 5606 1439 5676 nomine
1449 5615 1618 5676 postea
1620 5609 1908 5676 designatus
1917 5614 2038 5665 lib.7

737 5663 798 5711 ab
817 5665 1081 5730 augustino
1100 5665 1320 5718 laudatus
1348 5668 1398 5718 in
1428 5657 1570 5732 E'pist.
1592 5657 2037 5735 ἱδέξὶἶῗδξῖάύενῖὧ·

1578 285 2087 350 CONFESSIONUM
2123 285 2182 344 S.
2209 287 2593 353 'AUGUSTINI

3669 302 3776 360 696

2184 409 2527 469 charissimus
2573 428 2723 471 meus
2764 413 3086 484 Nebridius,
3133 417 3445 485 adolescens
3484 421 3640 477 valde
3671 421 3768 478 bo-

2134 577 2144 586 .
2177 515 2280 556 nus
2304 513 2359 558 et
2387 505 2539 560 valde
2581 515 2768 563 cautus
2794 509 2811 540 ι
2835 548 2853 576 ,
2881 507 3111 565 irridens
3143 518 3307 565 totum
3338 512 3464 568 illud
3492 513 3771 570 divinatio-

2179 594 2262 649 nis
2290 611 2476 665 genus,
2509 598 2831 666 persuadere
2857 601 2989 655 mihi
3018 610 3310 671 potuerunt
3337 612 3396 660 ut
3424 605 3539 662 haec
3565 608 3766 677 abjice-

2177 701 2292 742 rem
2323 705 2336 741 :
2367 689 2616 758 quoniam
2663 707 2750 747 me
2795 693 3024 763 amplius
3065 693 3305 763 ipsorum
3349 706 3625 753 auctorum
3652 716 3770 756 mo-

2176 778 2337 834 vebat
2357 781 2643 837 auctoritas
2667 798 2681 848 ;
2708 791 2762 838 et
2795 785 2995 838 nullum
3025 795 3232 841 certum
3271 789 3426 858 quale
3450 792 3754 858 quaerebam

2176 869 2550 928 documentum
2564 874 2738 930 adhuc
2757 875 3083 943 inveneram,
3099 894 3204 948 quo
3217 879 3346 934 mihi
3365 880 3482 935 sine
3507 882 3768 954 ambigui-

2177 968 2283 1016 tate
2303 973 2616 1034 appareret,
2648 981 2766 1036 quae
2793 967 2860 1022 ab
2890 967 2968 1023 eis
2991 969 3248 1025 consultis
3276 985 3402 1026 vera
3441 972 3764 1044 dicerentur,

2179 1053 2313 1112 forte
2341 1057 2424 1113 vel
2470 1066 2634 1124 sorte,
2665 1075 2770 1114 non
2799 1070 2914 1116 arte
2962 1062 3324 1131 inspectorum
3350 1065 3584 1121 siderum
3611 1066 3737 1123 diei.

2758 1151 2986 1208 CAPUT
3025 1153 3114 1209 ιν.

2187 1235 2412 1293 Norbam
2451 1249 2499 1296 et
2533 1241 2835 1308 baptismum
2872 1245 3022 1298 amici
3059 1256 3254 1313 narrat,
3277 1264 3424 1320 quem
3458 1250 3612 1304 etiam
3661 1254 3767 1308 suis

2244 1333 2494 1387 erroribus
2523 1334 2829 1400 involverat;
2855 1353 3008 1404 eoque
3029 1349 3189 1393 morte
3223 1342 3438 1403 sublato,
3469 1343 3608 1398 dolet
3647 1363 3766 1416 gra-

2244 1423 2460 1478 vissime.
2493 1424 2742 1482 Mirabilis
2769 1428 2988 1499 eﬂicacia
3020 1433 3318 1485 sacramenti
3337 1431 3608 1505 Baptismi.

2247 1512 2298 1568 7.
2339 1514 2396 1568 In
2429 1515 2531 1570 illis
2574 1518 2747 1581 annis,
2779 1535 2884 1588 quo
2912 1519 3140 1590 primum
3173 1531 3411 1592 tempore
3442 1525 3494 1579 in
3536 1527 3762 1582 munici-

2175 1606 2264 1674 pio
2291 1620 2395 1676 quo
2425 1616 2576 1662 natus
2613 1624 2732 1663 sum
2766 1609 2959 1666 docere
2995 1627 3282 1682 cmperam,
3330 1629 3760 1686 comparaveram

2172 1695 2402 1750 amicum
2441 1699 2691 1754 societate
2721 1700 3016 1756 studiorum
3056 1703 3215 1757 nimis
3251 1704 3491 1770 charum,
3523 1721 3760 1762 eoa-vum

2173 1785 2304 1840 mihi
2330 1795 2383 1841 et
2409 1788 2788 1845 conﬂorentem
2821 1791 2952 1846 ﬂore
2978 1792 3368 1848 adolescentiae.
3401 1795 3604 1851 Mecum
3633 1813 3764 1867 puer

2173 1887 2432 1944 creverat,
2475 1892 2530 1935 et
2564 1884 2760 1950 pariter
2802 1882 2854 1937 in
2895 1883 3131 1938 scholam
3177 1885 3428 1950 ieramus,
3461 1889 3764 1958 pariterque

2179 1969 2490 2028 luseramus.
2529 1971 2632 2028 Sed
2674 1974 2909 2030 nondum
2950 1977 3171 2032 eratsic
3209 1979 3433 2046 amicus,
3461 1996 3764 2051 quanquam

2175 2076 2244 2117 ne
2267 2069 2392 2117 tunc
2415 2063 2631 2132 quidem
2657 2065 2815 2120 sicuti
2847 2076 2929 2122 est
2953 2083 3076 2122 vera
3106 2069 3371 2136 amicitia;
3400 2072 3520 2141 quia
3547 2088 3656 2127 non
3681 2082 3766 2130 est

2175 2169 2320 2220 vera,
2365 2157 2467 2210 nisi
2509 2172 2629 2212 cum
2672 2174 2792 2212 eam
2837 2168 2894 2214 tu
2933 2161 3229 2231 agglutinas
3274 2163 3414 2218 inter
3444 2163 3764 2221 inhaerentes

2175 2245 2289 2313 tibi,
2318 2246 2575 2304 charitate
2595 2249 2696 2303 dill‘
2696 2266 2789 2306 usa
2818 2251 2870 2305 in
2892 2253 3142 2308 cordibus
3164 2255 3362 2311 nostris
3387 2272 3482 2326 per
3509 2257 3762 2327 Spiritum

2175 2349 2416 2394 sanctum
2447 2342 2538 2411 qui
2571 2342 2725 2397 datus
2759 2352 2840 2398 est
2869 2344 3022 2398 nobis
3047 2343 3223 2417 (Rom.
3260 2363 3315 2411 v,
3345 2348 3423 2414 5).
3451 2347 3558 2404 Sed
3588 2359 3762 2406 tamen

2173 2431 2344 2487 dulcis
2358 2442 2473 2488 erat
2496 2435 2672 2500 nimis,
2701 2445 2880 2492 coacta
2899 2439 2918 2468 ²
2949 2436 3155 2494 fervore
3177 2441 3420 2508 parilium
3439 2443 3758 2498 studiorum.

2174 2523 2306 2579 Nam
2336 2535 2389 2580 et
2413 2541 2442 2578 a
2469 2525 2574 2582 fide
2608 2543 2756 2595 vera,
2789 2544 2946 2598 quam
2973 2545 3079 2584 non
3113 2533 3439 2600 germanitus
3474 2542 3528 2588 et
3555 2537 3763 2604 penitus

2175 2614 2485 2670 adolescens
2517 2619 2749 2684 tenebat,
2781 2618 3101 2675 deflexeram
3139 2636 3238 2692 ego
3264 2637 3386 2677 eum
3415 2624 3469 2678 in
3503 2627 3762 2694 supersti-

2175 2706 2338 2760 tiosas
2363 2707 2578 2762 fabellas
2605 2715 2658 2763 et
2693 2709 3040 2778 perniciosas,
3084 2722 3300 2782 propter
3322 2729 3453 2784 quas
3481 2716 3764 2788 plangebat

2175 2811 2263 2853 me
2288 2807 2476 2852 mater.
2497 2799 2698 2854 Mecum
2724 2800 2832 2868 jam
2863 2801 3078 2855 errabat
3098 2802 3149 2856 in
3178 2803 3355 2857 animo
3383 2803 3541 2858 homo
3567 2805 3678 2872 ille,
3709 2815 3764 2861 et

2177 2904 2284 2942 non
2310 2898 2514 2960 poterat
2535 2891 2709 2944 anima
2740 2907 2858 2945 mea
2884 2892 2999 2946 sine
3027 2893 3138 2946 illo.
3168 2893 3235 2947 Et
3259 2909 3383 2950 ecce
3405 2903 3460 2948 tu
3480 2896 3761 2952 imminens

2175 2979 2337 3034 dorso
2391 2980 2728 3050 fugitivorum
2771 2991 3017 3049 tuorum,
3060 2985 3200 3040 Deus
3241 2986 3500 3041 ultionum
3544 2997 3600 3042 et
3644 2987 3763 3043 fons

2175 3072 2656 3128 misericordiarum
2691 3074 2869 3139 simul,
2899 3075 2991 3144 qui
3017 3077 3316 3132 convertis'
3344 3093 3443 3133 nos
3471 3079 3538 3133 ad
3570 3089 3622 3135 te
3647 3082 3754 3134 mi-

2175 3163 2251 3218 ris
2276 3164 2479 3230 modis;
2519 3180 2644 3220 ecce
2670 3165 2935 3220 abstulisti
2968 3167 3237 3222 hominem
3259 3167 3326 3224 de
3361 3169 3461 3224 bac
3479 3170 3610 3237 vita,
3637 3187 3761 3226 cum

2175 3255 2261 3309 vix
2296 3256 2614 3326 explevisset
2645 3273 2841 3312 annum
2869 3259 2920 3312 in
2946 3260 3185 3324 amicitia
3223 3275 3363 3326 mea,
3396 3263 3582 3318 suavi‘
3621 3265 3752 3321 mibi

2175 3360 2336 3416 super
2355 3363 2540 3402 omnes
2561 3351 2850 3404 suavitates
2881 3350 3023 3404 illius
3047 3351 3168 3405 vitae
3197 3367 3350 3407 meae.

2245 3438 2300 3493 8.
2339 3437 2468 3506 Quis
2493 3439 2677 3493 laudes
2700 3449 2816 3494 tuas
2840 3449 3117 3495 enumerat
3149 3456 3305 3504 unus,
3331 3442 3384 3496 in
3414 3457 3474 3499 se
3496 3459 3604 3500 uno
3630 3461 3759 3515 quas

2175 3540 2424 3601 expertus
2453 3531 2565 3586 est?
2591 3532 2726 3599 Quid
2757 3543 2880 3587 tunc
2905 3533 3094 3600 fecisti,
3140 3535 3280 3590 Deus
3309 3552 3476 3603 meus,
3510 3547 3565 3593 et
3601 3555 3756 3610 quam

2176 3620 2557 3690 investigabilis
2583 3623 2804 3694 abyssns
2826 3624 3145 3693 judiciorum
3177 3627 3427 3682 tuorum?
3454 3629 3585 3683 Cum
3615 3632 3755 3686 enim

2174 3713 2441 3770 laboraret
2465 3715 2554 3770 ille
2581 3715 2831 3782 febribus,
2851 3717 3017 3786 jacuit
3038 3718 3129 3772 diu
3159 3719 3275 3774 sine
3298 3735 3457 3776 sensu
3485 3721 3537 3776 in
3564 3723 3757 3779 sudore

2175 3803 2338 3881 letali.
2367 3807 2434 3860 Et
2471 3823 2590 3860 cum
2617 3807 3014 3876 desperaretur,
3046 3809 3338 3879 baptizatus
3381 3822 3464 3867 est
3491 3815 3752 3881 nesciens,

2175 3879 2263 3950 me
2288 3913 2393 3950 non
2414 3907 2654 3961 curante,
2680 3907 2733 3954 et
2753 3911 3107 3968 praesumente
3127 3902 3177 3956 id
3200 3905 3429 3959 retinere
3455 3908 3630 3974 potius
3647 3907 3759 3962 ani—

2175 4003 2316 4042 mam
2343 3988 2458 4058 ejus
2476 3989 2613 4060 quod
2641 4005 2669 4043 a
2699 4006 2782 4045 me
2811 4002 3106 4062 acceperat,
3141 4008 3248 4048 non
3267 3997 3407 4064 quod
3439 3997 3491 4052 in
3514 3999 3756 4054 nescien-

2175 4080 2241 4134 tis
2279 4095 2503 4150 corpore
2529 4083 2706 4137 ﬁebat.
2734 4083 2916 4154 Longe
2949 4095 3124 4139 autem
3159 4086 3312 4140 aliter
3339 4097 3485 4154 erat;
3516 4105 3637 4144 nam
3674 4106 3757 4146 re-

2087 4192 2096 4201 ·
2173 4181 2382 4228 creatus
2419 4183 2501 4229 est
2539 4181 2592 4229 et
2632 4176 2810 4230 salvus
2850 4176 3040 4232 factus.
3092 4177 3388 4251 Statimque
3436 4191 3492 4235 ut
3532 4183 3755 4252 primum

2172 4278 2294 4318 cum
2321 4281 2386 4322 eo
2415 4267 2555 4337 loqui
2595 4268 2739 4336 potui
2768 4270 2936 4338 (potui
2970 4278 3147 4324 autem
3188 4287 3311 4326 mox
3342 4281 3399 4327 ut
3436 4274 3526 4328 ille
3563 4277 3751 4344 potuit,

2171 4359 2382 4426 quando
2410 4375 2515 4414 non
2546 4358 2901 4424 discedebam,
2925 4369 2978 4414 et
3003 4362 3163 4418 nimis
3194 4363 3552 4433 pendebamus
3574 4381 3639 4420 ex
3667 4367 3750 4420 in-

2171 4447 2386 4518 vicem),
2431 4450 2624 4504 tentavi
2659 4451 2796 4519 apud
2833 4452 2979 4507 illum
3016 4452 3259 4522 irridere,
3294 4463 3539 4525 tanquam
3580 4466 3634 4512 et
3662 4458 3752 4512 illo

2172 4535 2392 4592 irrisuro
2441 4555 2645 4594 mecum
2692 4529 3016 4610 Baptismum
3057 4559 3214 4613 quem
3257 4556 3533 4615 acceperat
3576 4559 3756 4606 mente

2169 4637 2327 4698 atque
2348 4645 2506 4685 sensu
2526 4633 2944 4700 absentissimus,
2970 4635 3062 4690 sed
3087 4645 3265 4692 tamen
3282 4639 3390 4708 jam
3408 4655 3467 4696 se
3486 4643 3756 4712 accepisse

2169 4719 2442 4775 didicerat.
2475 4724 2544 4777 At
2581 4724 2671 4779 ille
2701 4725 2771 4779 ita
2801 4740 2888 4780 me
2917 4726 3196 4782 exhorruit
3224 4739 3281 4783 ut
3321 4729 3615 4794 inimicum,
3653 4733 3751 4786 ad-

2171 4813 2478 4882 monuitque
2507 4814 2733 4870 mirabili
2762 4825 2816 4871 et
2838 4818 3113 4886 repentina
3145 4819 3405 4887 libertate,
3440 4831 3499 4876 ut
3537 4823 3581 4877 si
3616 4825 3747 4877 ami-

2170 4917 2263 4958 cus
2289 4918 2408 4959 esse
2435 4906 2647 4972 vellem,
2680 4908 2802 4962 talia
2831 4910 2930 4965 sibi
2958 4911 3140 4966 dicere
3169 4911 3490 4967 desinerem.
3523 4915 3633 4985 Ego
3659 4932 3750 4970 au-

2170 5002 2276 5048 tem
2312 4995 2637 5064 stupefactus
2665 5007 2824 5069 atque
2855 5003 3114 5068 turbatus,
3156 5001 3339 5058 distuli
3364 5021 3550 5060 omnes
3576 5017 3751 5063 motus

2170 5099 2337 5150 meos,
2381 5096 2436 5141 ut
2462 5088 2856 5147 convalesceret
2891 5097 3056 5165 prius,
3096 5108 3346 5168 essetque
3379 5097 3599 5154 idoneus
3626 5099 3752 5152 viri-

2166 5175 2266 5231 bus
2295 5179 2611 5235 valetudinis
2654 5197 2774 5237 cum
2804 5200 2910 5254 quo
2934 5203 3091 5258 agere
3116 5205 3325 5259 possem
3365 5190 3505 5261 quod
3534 5191 3746 5246 vellem.

2232 5309 2249 5374 ξ
2269 5315 2436 5374 Castus
2452 5345 2468 5371 ,
2483 5312 2623 5374 juxta
2641 5322 2771 5366 Mart.
2791 5329 2900 5368 cum
2915 5319 2948 5368 5
2962 5327 3069 5371 Mss.
3104 5328 3160 5372 Μ.

2171 5369 2215 5446 :j
2228 5369 2462 5446 'sicrtttss.’
2483 5369 2679 5446 plures,
2702 5385 2752 5427 et
2769 5379 2942 5446 melius
2959 5369 3364 5446 nostraiopinione
3379 5385 3550 5436 diCillll‘
3567 5393 3749 5446 οοαειας

2167 5429 2217 5506 id
2238 5440 2317 5482 est
2333 5429 2676 5506 coagmentata
2691 5429 3087 5505 amicitiaiquam
3095 5429 3544 5506 ἱδὲεᾶζῖἷᾶρῖᾞῆ
3569 5429 3749 5498 ἶῖῶἑᾶ

2165 5498 2338 5572 Levan.
2349 5499 2679 5572 praetulerint.
2699 5526 2762 5537 —
2793 5498 2922 5572 Mart.
2946 5498 3059 5572 cum
3073 5509 3106 5558 5
3123 5498 3252 5572 Mss,
3267 5517 3428 5559 coacto
3443 5511 3645 5572 fervore.
3691 5518 3743 5572 tu.

2231 5557 2317 5633 {in
2335 5557 2459 5633 add,
2473 5570 2596 5633 _Am.
2623 5567 2710 5633 rx.
2748 5571 2800 5614 et
2832 5571 2942 5615 Lov.
2963 5579 2978 5616 ;
2997 5557 3250 5633 {sanarique
3274 5557 3570 5633 mare“.
3607 5557 3750 5623 paulo

2165 5620 2453 5731 (attgd
2473 5629 2583 5673 ιον.
2623 5623 2799 5687 legere
2833 5635 2941 5678 est:
2967 5620 3119 5694 super
3149 5620 3313 5684 oneres
3346 5620 3591 5695 cieitates,
3626 5620 3749 5696 pro;

2157 5692 2248 5732 8116’
2256 5694 2266 5728 l
2273 5692 2418 5731 states
2424 5719 2433 5730 .

2233 5744 2252 5772 ὀ
2269 5750 2342 5792 Er.
2363 5744 2506 5807 Ludg.
2526 5754 2645 5796 Ven.
2668 5754 2800 5811 Lov.,
2822 5755 2971 5803 suaet.
