4116 6366
497 358 601 423 699

498 482 681 537 deram
699 479 751 533 in
773 490 985 532 arenam
1004 468 1231 531 animam
1252 470 1449 537 meant,
1473 464 1739 537 diligendo
1762 468 2078 520 meriturum

498 590 560 631 ac
589 573 633 628 si
663 588 767 626 non
790 566 1149 624 moriturum?
1177 562 1401 617 Maxime
1431 560 1623 631 quippe
1651 570 1737 613 me
1764 556 2081 627 reparabant

498 677 657 736 atque
686 660 999 718 recreabant
1024 659 1245 712 aliorum
1272 654 1563 708 amicorum
1585 648 1793 716 salatia,
1823 656 1944 703 cum
1972 646 2086 717 qui-

500 758 600 814 bus
628 755 869 811 amabam
899 752 1036 823 quod
1064 765 1157 821 pro
1186 756 1236 803 te
1257 747 1498 801 amabam
1521 764 1532 798 :
1558 748 1611 799 et
1636 742 1735 797 hoc
1757 752 1869 797 erat
1895 743 2080 812 ingens

501 847 676 903 fabula
702 856 755 901 et
784 845 997 915 longum
1044 840 1396 901 mendacium,
1442 837 1590 906 cujus
1618 830 1913 889 adulterina
1951 848 2084 888 con-

501 940 779 995 fricatione
805 932 1241 1004 corrumpebatur
1271 944 1419 985 mens
1450 932 1627 983 nostra
1655 928 1896 999 prttriens
1917 926 1967 979 in
1991 940 2085 979 au-

503 1032 671 1086 ribus.
706 1028 811 1084 Sed
859 1026 947 1080 illa
978 1024 1107 1079 mihi
1150 1022 1323 1077 fabula
1352 1036 1456 1075 non
1495 1018 1837 1081 moriebatur,
1880 1018 1924 1071 si
1966 1017 2083 1087 quis

502 1125 794 1177 amicorum
828 1134 1065 1173 meorum
1094 1124 1408 1170 moreretur.
1439 1113 1551 1167 Alia
1593 1116 1746 1167 erant
1780 1127 1898 1182 qua:
1930 1111 1979 1163 in
2007 1111 2084 1165 eis

502 1216 732 1287 amplius
758 1212 1035 1283 capiebant
1063 1210 1295 1264 animum
1334 1225 1344 1259 :
1374 1205 1599 1277 colloqui
1629 1213 1682 1259 et
1710 1204 1998 1287 cor-ridere,
2031 1209 2084 1257 et

504 1308 737 1364 vicissim
777 1304 1029 1360 benevole
1050 1300 1299 1371 obsequi;
1334 1299 1487 1354 simul
1514 1297 1690 1368 legere
1721 1278 1883 1351 libro's
1912 1295 2082 1349 dulci-

503 1402 712 1471 loquos,
759 1397 915 1452 simul
946 1395 1147 1466 nugari,
1177 1400 1231 1448 et
1271 1393 1426 1448 simul
1471 1391 1765 1455 honestari;
1804 1389 2085 1444 dissentire

503 1490 767 1548 interdum
799 1490 913 1544 sine
936 1487 1081 1550 odio,
1112 1497 1358 1554 tanquam
1385 1483 1497 1551 ipse
1520 1474 1677 1534 homo
1705 1496 1903 1545 secum,
1928 1487 2085 1548 atque

504 1583 620 1655 ipsa
684 1581 955 1637 rarissima
1022 1576 1352 1633 dissensione
1416 1573 1632 1628 condire
1708 1570 2085 1626 consensiones

503 1675 788 1747 plurimas;
816 1671 1008 1726 docere
1034 1667 1229 1739 aliquid
1272 1665 1515 1730 invicem,
1559 1666 1647 1718 aut
1677 1662 1880 1717 discere
1910 1662 1975 1717 ab
2002 1662 2085 1716 in-

503 1767 673 1822 vicem
695 1806 711 1831 ,
758 1754 1060 1819 desiderare
1090 1758 1337 1813 absentes
1363 1772 1483 1811 cum
1526 1755 1786 1819 molestia,
1818 1753 2087 1822 suscipere

507 1858 782 1912 venientes
808 1864 930 1907 cum
961 1851 1139 1905 laetitia
1190 1867 1202 1904 :
1240 1847 1321 1901 his
1349 1856 1505 1917 atque
1534 1843 1835 1914 lmjusmodi
1867 1843 2030 1913 signis
2054 1858 2086 1898 a

508 1949 669 2005 corde
696 1946 985 2001 amantium
1020 1952 1074 1999 et
1118 1940 1503 1998 redamantium
1541 1937 1948 2009 procedentibus
1992 1946 2087 2006 per

507 2054 589 2106 os,
618 2054 713 2109 per
741 2038 995 2107 linguam,
1028 2049 1123 2105 per
1144 2033 1344 2095 oculos,
1374 2032 1427 2086 et
1466 2030 1610 2086 mille
1650 2039 1825 2084 motus
1849 2028 2087 2099 gratissi-

508 2144 645 2199 mos,
671 2128 822 2201 quasi
847 2118 1114 2181 fomitibus
1140 2121 1370 2178 conï¬‚are
1399 2119 1626 2189 animos,
1672 2126 1726 2175 et
1760 2135 1825 2175 ex
1849 2118 2088 2191 pluribus

507 2234 669 2276 unum
690 2218 879 2272 facere.

1109 2302 1333 2360 CAPUT
1372 2300 1463 2358 IX.

638 2402 715 2465 De
739 2402 958 2455 humana
983 2399 1227 2453 amicitia.
1259 2395 1447 2451 Beatus
1472 2396 1557 2467 qui
1580 2404 1716 2450 amat
1744 2397 1796 2450 in
1822 2394 1951 2449 Deo.

579 2516 666 2571 M.
689 2514 799 2569 line
824 2521 904 2569 est
928 2511 1067 2583 quod
1090 2510 1321 2579 diligitur
1346 2510 1397 2564 in
1424 2510 1630 2577 amicis,
1658 2516 1713 2563 et
1740 2508 1817 2563 sic
1833 2507 2082 2578 diligitur,

510 2616 567 2662 ut
596 2622 684 2661 rea
715 2606 814 2661 sibi
844 2605 912 2660 sit
951 2604 1179 2658 humana
1208 2601 1555 2669 conscientia,
1603 2600 1647 2654 si
1692 2615 1794 2654 non
1832 2598 2087 2654 amaverit

509 2697 892 2757 redamantem,
923 2702 1014 2748 aut
1040 2693 1086 2748 si
1123 2702 1389 2747 amantem
1422 2706 1523 2745 non
1550 2690 1922 2757 redaniavcrit,
1956 2688 2086 2744 nihil

505 2802 749 2860 qumrens
775 2802 835 2841 ex
864 2785 977 2854 ejus
998 2799 1220 2854 corpore
1247 2793 1437 2853 praeter
1462 2781 1653 2836 indicia
1682 2781 2081 2836 benevolentiie.

508 2880 641 2935 llinc
670 2878 757 2935 ille
788 2878 977 2941 luctus,
1029 2876 1073 2929 si
1112 2875 1230 2944 quis
1274 2874 1564 2936 moriatur;
1593 2882 1647 2928 et
1676 2872 1907 2926 tenebrae
1937 2872 2087 2925 dolo-

506 2987 645 3037 rum,
674 2978 729 3025 et
755 2984 906 3024 versa
933 2966 1211 3021 dulcedine
1254 2966 1304 3019 in
1350 2963 1752 3019 amaritudinem
1794 2979 1884 3018 cor
1914 2961 2086 3016 madi-

505 3064 651 3125 dum,
675 3070 728 3116 et
755 3076 821 3116 ex
861 3059 1051 3114 amissa
1093 3057 1197 3111 vita
1240 3056 1577 3111 morientium
1605 3069 1750 3109 mors
1775 3053 2081 3108 viventium.

507 3155 700 3209 Beatus
739 3151 827 3221 qui
869 3159 1011 3203 amat
1050 3157 1121 3215 te,
1165 3157 1219 3203 et
1253 3147 1481 3202 amicum
1518 3147 1569 3200 in
1613 3154 1686 3210 te,
1728 3153 1781 3200 et
1813 3145 2085 3199 inimicum

507 3253 722 3314 propter
767 3252 836 3299 te.
882 3242 1037 3296 Solus
1073 3234 1218 3295 enim
1249 3239 1449 3295 nullum
1494 3237 1714 3292 charum
1743 3236 1954 3303 amittit,
2000 3235 2086 3290 cui

505 3351 693 3393 omnes
719 3336 769 3389 in
789 3335 874 3389 illo
896 3333 1041 3389 cbari
1067 3343 1209 3398 sunt,
1237 3332 1325 3401 qui
1347 3346 1451 3384 non
1480 3330 1759 3386 amittitur.
1788 3330 1983 3398 thuis
2004 3335 2087 3383 est

506 3428 627 3493 iste,
660 3427 760 3482 nisi
789 3426 926 3481 Deus
947 3432 1147 3491 noster,
1169 3423 1309 3477 Deus
1324 3423 1411 3492 qui
1434 3422 1557 3477 fecit
1581 3420 1773 3477 caelum
1795 3429 1848 3475 et
1866 3430 2081 3487 terram,

505 3528 560 3577 et
601 3519 784 3588 implet
815 3532 895 3583 ea,
943 3517 1064 3587 quia
1096 3514 1361 3583 implendo
1404 3530 1468 3570 ea
1513 3512 1635 3569 fecit
1676 3514 1781 3569 ea?
1826 3513 1900 3568 Te
1929 3528 2084 3568 nemo

504 3613 718 3678 amittit,
766 3613 866 3667 nisi
890 3612 979 3682 qui
1018 3611 1236 3665 dimittit
1271 3628 1283 3664 :
1314 3620 1366 3665 et
1400 3611 1487 3680 qui
1517 3610 1753 3675 dimittit,
1782 3624 1887 3680 quo
1909 3610 1968 3676 it,
1995 3618 2085 3665 aut

502 3720 608 3776 quo
656 3703 804 3775 fugit,
837 3704 938 3758 nisi
983 3717 1013 3755 a
1058 3711 1108 3757 te
1146 3701 1351 3771 placido
1388 3701 1455 3756 ad
1486 3709 1536 3756 te
1578 3701 1812 3756 iratum?
1838 3700 1966 3755 Nam
1998 3700 2084 3756 ubi

502 3812 611 3852 non
636 3796 834 3851 invenit
864 3794 1033 3864 legem
1063 3805 1204 3848 tuam
1234 3794 1288 3847 in
1317 3807 1473 3862 ptena
1514 3792 1645 3847 sua?
1675 3792 1742 3847 Et
1761 3792 1843 3847 lex
1877 3800 1962 3847 tua
1990 3808 2083 3848 ve-

502 3888 654 3955 ritas,
672 3895 726 3942 et
752 3886 945 3942 veritas
967 3892 1043 3940 tu.

1104 3974 1332 4032 CAPUT
1371 3974 1438 4031 Î§.

542 4070 744 4127 Labiles
771 4078 1035 4135 creatura,
1067 4084 1157 4122 nec
1183 4068 1235 4121 in
1257 4068 1328 4121 eis
1350 4074 1509 4137 potest
1529 4065 1700 4120 anima
1725 4066 2045 4136 requiescere.

578 4188 666 4243 15.
698 4186 839 4241 Deus
869 4185 1143 4249 virtutum,
1172 4190 1421 4238 converte
1445 4195 1561 4246 nos,
1580 4188 1633 4237 et
1653 4180 1873 4236 ostende
1893 4179 2082 4235 faciem

502 4285 647 4333 tuam
678 4284 731 4332 et
770 4276 898 4330 salvi
925 4274 1124 4330 erimus
1158 4273 1323 4345 (Psal.
1358 4287 1548 4341 Lxxu,
1578 4273 1656 4344 4).
1689 4272 1818 4326 Nam
1846 4282 2085 4342 Quoquo-

504 4380 718 4424 versum
757 4380 816 4422 se
855 4367 1076 4421 verterit
1102 4366 1274 4419 anima
1303 4364 1549 4430 hominis,
1581 4363 1649 4418 ad
1670 4363 1882 4418 dolores
1913 4364 2086 4433 figitur

504 4461 629 4517 alibl
671 4467 1020 4531 prreterQuam
1053 4459 1103 4512 in
1136 4464 1224 4524 te;
1275 4457 1483 4511 tametsi
1530 4456 1706 4526 [igitur
1750 4456 1803 4509 in
1850 4454 2084 4525 pulchris

503 4562 652 4611 extra
679 4563 730 4609 te
766 4562 820 4608 et
844 4560 992 4608 extra
1018 4567 1095 4608 se.
1127 4552 1462 4621 Quae'tamen
1493 4551 1635 4605 nulla
1666 4558 1843 4606 essent
1879 4549 1979 4604 nisi
2000 4563 2087 4604 es-

500 4657 623 4703 sent
662 4648 758 4702 abs
799 4656 869 4715 te,
914 4660 1032 4717 qua:
1060 4648 1304 4701 oriuntur
1349 4654 1403 4701 et
1457 4644 1723 4713 occidunt,
1774 4651 1829 4699 et
1864 4642 2086 4699 oriende

501 4740 648 4810 quasi
676 4754 794 4795 esse
834 4738 1110 4808 incipiunt,
1145 4746 1200 4792 et
1241 4745 1489 4791 crescunt
1531 4746 1588 4790 ut
1630 4735 1986 4804 perficiantur,
2028 4743 2085 4790 el

502 4832 735 4904 perfecta
780 4842 1065 4888 senescunt
1093 4837 1147 4886 et
1176 4831 1441 4887 intereunt
1476 4849 1489 4885 :
1519 4839 1573 4885 et
1599 4845 1702 4883 non
1734 4822 1750 4861 á½·
1782 4830 1956 4884 omnia
1997 4844 2084 4884 se-

500 4933 752 4992 nescunt,
798 4935 852 4980 et
896 4922 1074 4979 omnia
1103 4922 1388 4977 intereunt.
1436 4921 1575 4992 Ergo
1603 4937 1722 4975 cum
1766 4922 2008 4975 oriuntur
2032 4928 2087 4976 et

502 5009 724 5072 tendunt
750 5033 902 5083 esse;
927 5032 1030 5088 quo
1054 5016 1223 5087 magis
1242 5016 1484 5071 celeriter
1509 5023 1756 5070 crescunt
1783 5022 1838 5067 ut
1867 5014 1990 5077 sint,
2020 5028 2086 5069 eo

506 5110 672 5178 magis
704 5108 955 5163 festinant
997 5115 1053 5161 ut
1081 5123 1184 5161 non
1232 5104 1340 5160 sint
1381 5124 1393 5160 :
1427 5106 1505 5159 sic
1552 5110 1633 5159 est
1658 5098 1846 5158 modus
1875 5118 2081 5157 eorum.

504 5198 732 5253 Tantum
757 5196 944 5253 dedisti
976 5198 1076 5263 eis,
1104 5199 1224 5269 quia
1253 5206 1430 5268 partes
1460 5204 1583 5251 sunt
1608 5212 1804 5260 rerum,
1834 5211 1950 5266 quae
1978 5211 2086 5251 non

504 5299 628 5344 sunt
669 5306 854 5344 omnes
908 5288 1099 5354 simul;
1154 5288 1248 5343 sed
1300 5286 1607 5343 decedendo
1648 5300 1710 5341 ae
1754 5285 2085 5341 succedendo

506 5393 666 5453 agunt
693 5398 879 5437 omnes
909 5383 1232 5448 universum,
1264 5380 1414 5452 cujus
1460 5390 1635 5451 partes
1666 5388 1807 5435 sunt.
1842 5378 1981 5436 Ecce
2008 5381 2087 5435 sic

507 5475 776 5546 peragitur
804 5485 858 5531 et
901 5492 1078 5532 sermo
1108 5486 1290 5532 noster
1334 5492 1429 5548 per
1467 5476 1614 5548 signa
1662 5476 1923 5532 sonantia.
1971 5474 2085 5531 Non

506 5571 649 5626 enim
679 5568 781 5623 erit
805 5577 947 5624 totus
974 5584 1171 5635 sermo,
1204 5569 1247 5624 si
1284 5585 1443 5624 unum
1485 5568 1703 5625 verbum
1735 5584 1840 5623 non
1864 5566 2088 5622 decedat

506 5675 627 5716 eum
656 5662 891 5716 sonuerit
922 5669 1100 5731 partes
1142 5676 1285 5726 suas,
1318 5669 1376 5716 ut
1410 5659 1655 5717 succedat
1697 5658 1857 5714 aliud.
1886 5654 2087 5714 Laudet

570 5796 587 5828 á½·
614 5802 872 5864 sequimur
893 5800 1031 5864 uss;
1055 5793 1106 5842 in
1130 5792 1239 5843 Edd.
1264 5805 1424 5864 porro,
1446 5792 1635 5846 sublata
1666 5793 1948 5856 negatione,
1964 5789 2088 5854 legi-

505 5864 588 5910 tur
610 5872 622 5907 :
654 5861 834 5909 Etcum
855 5861 1014 5908 omnia
1028 5863 1292 5909 mactant.

1616 347 2127 409 CONFESSIONUM
2166 347 2224 404 S.
2267 344 2629 404 AUGUSTINI

3655 347 3763 405 Ï„Î¿Î¿

2190 470 2243 518 te
2272 476 2335 517 ex
2365 461 2467 517 illis
2492 464 2665 515 anima
2694 470 2833 529 mea,
2857 462 2998 519 Deus
3020 468 3229 518 creator
3254 463 3523 530 omnium;
3547 463 3642 519 sed
3662 478 3763 523 non

2190 556 2243 610 in
2287 556 2365 609 eis
2412 555 2660 624 inligatur
2695 554 2899 624 glutine
2923 556 3119 609 amoris
3158 570 3258 626 per
3294 568 3487 611 sensus
3511 558 3764 627 corporis.

2191 646 2335 701 Eunt
2359 645 2501 701 enim
2546 660 2650 715 quo
2677 645 2842 709 ibant,
2889 654 3079 700 utnon
3118 630 3288 712 sin'tâ€˜,
3332 657 3385 701 et
3420 648 3765 708 conscindunt

2191 748 2306 793 eam
2337 738 2615 794 desideriis
2642 738 3053 807 pestilentiosis;
3087 738 3334 807 quoniam
3353 738 3465 808 ipsa
3493 753 3612 794 esse
3636 741 3766 807 vult,

2190 832 2244 887 et
2274 832 2610 903 requiescere
2636 838 2776 885 amat
2814 828 2866 885 in
2894 831 2972 885 eis
3014 845 3133 900 quae
3173 838 3333 884 amat.
3367 830 3422 884 In
3455 831 3557 885 illis
3594 839 3767 889 autem

2193 936 2299 980 non
2325 932 2406 980 est
2445 924 2530 978 ubi
2559 941 2571 977 :
2617 924 2739 993 quia
2790 937 2893 977 non
2926 930 3083 985 stant,
3117 922 3354 992 fugiunt;
3383 932 3436 976 et
3464 924 3582 993 quis
3607 938 3669 978 ea
3691 939 3771 978 se-

2190 1018 2367 1088 quitur
2395 1030 2552 1071 sensu
2580 1015 2792 1071 carnis?
2839 1022 2929 1069 aut
2972 1016 3091 1085 quis
3129 1029 3189 1069 ea
3234 1014 3659 1081 comprehendit,
3690 1017 3773 1071 vel

2192 1095 2310 1162 cum
2343 1116 2536 1178 pricsto
2587 1107 2749 1162 sunt?
2790 1105 2995 1161 Tardus
3037 1113 3117 1160 est
3160 1107 3301 1160 enim
3349 1121 3537 1160 sensus
3579 1108 3773 1172 carnis,

2191 1202 2440 1271 quoniam
2470 1214 2658 1255 sensus
2683 1200 2859 1255 carnis
2888 1206 2989 1264 est,
3021 1208 3075 1253 et
3118 1198 3231 1266 ipse
3275 1207 3356 1251 est
3399 1197 3595 1252 modus
3639 1198 3773 1267 ejus.

2156 1290 2393 1350 -Sufï¬‚cit
2422 1293 2488 1348 ad
2535 1293 2674 1347 aliud
2717 1291 2783 1347 ad
2823 1292 2964 1363 quod
2991 1291 3162 1346 factus
3190 1300 3271 1345 est
3300 1308 3313 1344 :
3344 1291 3409 1347 ad
3443 1291 3571 1344 illud
3600 1298 3775 1345 autem

2192 1390 2297 1439 non
2329 1383 2539 1449 sufï¬cit,
2575 1391 2631 1438 ut
2659 1393 2835 1438 teneat
2865 1383 3280 1438 transcurrentia
3330 1382 3398 1436 ab
3426 1382 3576 1436 initio
3598 1382 3779 1436 debito

2191 1482 2358 1547 usque
2387 1476 2452 1530 ad
2495 1476 2649 1530 finem
2672 1475 2929 1530 debitum.
2962 1474 3018 1528 Î¹Î¹Î¹
3050 1475 3213 1528 verbo
3238 1475 3378 1527 enim
3408 1482 3498 1528 tuo
3524 1488 3616 1544 per
3635 1472 3778 1543 quod

2191 1581 2459 1639 creantur,
2490 1570 2561 1626 ibi
2591 1568 2809 1625 audiunt
2844 1568 3035 1635 :Hinc,
3068 1577 3123 1623 et
3148 1567 3442 1638 hucusque.

2804 1680 3030 1739 CAPUT
3068 1674 3159 1736 XI.

2267 1795 2450 1851 Omnia
2488 1803 2655 1851 creata
2679 1803 2797 1850 sunt
2823 1792 3100 1848 instabilia.
3140 1791 3295 1847 Solus
3328 1784 3464 1846 Deus
3491 1786 3704 1846 stabilis.

2264 1913 2353 1970 16.
2399 1912 2516 1968 Noli
2544 1927 2665 1969 esse
2707 1927 2863 1976 vana,
2895 1910 3071 1965 anima
3122 1924 3260 1975 mea,
3303 1916 3358 1964 et
3394 1908 3779 1963 obsurdescere

2193 2007 2248 2062 in
2277 2020 2407 2061 aure
2433 2005 2632 2073 cordis,
2684 2004 2909 2059 tumultu
2944 2002 3191 2057 vanitatis
3219 2010 3341 2057 tua}.
3389 2000 3525 2056 Audi
3580 2010 3633 2055 et
3676 2008 3777 2057 tu:

2198 2098 2429 2154 Verbum
2459 2098 2631 2168 ipsum
2649 2098 2842 2152 clamat
2872 2105 2927 2150 ut
2952 2095 3174 2159 redeas;
3204 2094 3342 2150 etibi
3365 2102 3448 2148 est
3470 2094 3617 2148 locus
3630 2093 3781 2162 quie-

2194 2192 2263 2245 tis
2293 2189 2738 2259 imperturbabilis
2758 2229 2773 2254 ,
2806 2188 2895 2242 ubi
2938 2200 3042 2241 non
3079 2186 3343 2241 deseritur
3373 2201 3543 2250 amor,
3576 2185 3620 2238 si
3664 2185 3778 2253 ipse

2193 2296 2302 2336 non
2328 2281 2558 2337 deserat.
2589 2280 2727 2334 Ecce
2751 2279 2837 2333 illa
2880 2277 3181 2340 discedunt,
3222 2286 3281 2333 ut
3317 2277 3419 2335 alia
3467 2276 3775 2343 succedant,

2194 2384 2247 2430 et
2270 2374 2517 2429 omnibus
2545 2373 2657 2428 suis
2696 2372 2935 2442 partibus
2960 2378 3170 2425 constet
3218 2369 3397 2424 inï¬ma
3440 2370 3777 2425 universitas.

2192 2466 2457 2539 Numquid
2503 2482 2602 2538 ego
2648 2466 2825 2536 aliquo
2877 2463 3116 2529 discedo,
3149 2463 3223 2517 ait
3252 2462 3486 2517 Verbum
3534 2462 3664 2517 Dei?
3702 2463 3781 2517 lbi

2197 2565 2299 2635 fige
2339 2561 2667 2617 mansionem
2711 2570 2851 2613 tuam
2886 2576 2899 2611 :
2930 2556 3001 2612 ibi
3025 2554 3341 2611 commenda
3371 2554 3625 2623 quidquid
3655 2553 3782 2610 inde

2195 2656 2378 2722 habes,
2411 2654 2585 2708 anima
2618 2666 2758 2714 mea,
2802 2650 2992 2704 saltem
3027 2647 3244 2717 fatigata
3275 2645 3516 2701 fallaciis.
3561 2644 3783 2700 Veritati

2193 2746 2507 2804 commenda
2535 2742 2786 2815 quidquid
2808 2742 2901 2795 tibi
2927 2750 3008 2797 est
3036 2755 3065 2793 a
3091 2738 3335 2803 veritate,
3369 2747 3422 2791 et
3461 2751 3565 2790 non
3591 2736 3782 2806 perdes

2195 2837 2393 2908 aliquid
2434 2853 2447 2900 ;
2488 2843 2543 2891 et
2571 2835 2916 2888 reï¬‚orescent
2969 2833 3141 2900 putria
3188 2838 3310 2892 tua,
3359 2836 3414 2882 et
3455 2827 3783 2882 sanabuntur

2194 2943 2381 2983 omnes
2419 2929 2700 2997 languores
2731 2924 2827 2991 tui,
2858 2935 2913 2978 et
2941 2922 3078 2976 ï¬‚uxa
3112 2930 3196 2975 tua
3233 2918 3691 2984 rcformabuntur,
3726 2927 3781 2973 et

2193 3022 2610 3083 renovabuntur,
2641 3022 2695 3072 et
2714 3016 3145 3085 constt-ingemat
3164 3011 3231 3066 ad
3254 3022 3305 3067 te
3336 3019 3428 3065 :et
3456 3025 3564 3064 non
3600 3019 3653 3065 te
3684 3010 3776 3075 de:

2195 3122 2387 3186 ponent
2416 3128 2521 3183 quo
2546 3110 2905 3174 descendunt;
2944 3107 3040 3162 sed
3074 3106 3288 3161 stabunt
3314 3114 3522 3171 tecum,
3562 3115 3616 3160 et
3654 3119 3781 3174 per-

2193 3207 2483 3263 manebunt
2504 3204 2568 3259 ad
2591 3217 2805 3273 semper
2824 3206 3051 3255 stantem
3078 3213 3141 3253 ae
3168 3207 3564 3268 permanentem
3590 3196 3777 3250 Deum.

2265 3301 2351 3353 l7.
2384 3297 2578 3367 thuid
2603 3306 2849 3365 perversa
2877 3292 3115 3363 sequeris
3133 3304 3349 3345 carnem
3377 3288 3556 3345 tuam?
3586 3289 3703 3359 ipsa
3730 3298 3782 3344 te

2193 3399 2444 3461 sequatur
2470 3399 2748 3442 conversa.
2777 3382 3038 3453 Quidquid
3062 3397 3155 3453 per
3174 3382 3317 3436 illam
3343 3381 3529 3445 sentis,
3555 3383 3606 3434 in
3633 3388 3784 3448 parte

2192 3492 2306 3547 eSt;
2337 3491 2389 3537 et
2419 3482 2629 3552 ignoras
2657 3487 2820 3533 totum
2850 3475 3001 3546 cujus
3041 3475 3122 3528 ha:
3158 3481 3333 3542 partes
3368 3483 3522 3537 sunt;
3552 3480 3606 3526 et
3628 3472 3781 3527 dele-

2196 3582 2341 3632 ctant
2368 3581 2420 3628 te
2452 3580 2645 3626 tamen.
2677 3568 2781 3625 Sed
2826 3568 2869 3621 si
2914 3566 2980 3621 ad
3025 3572 3191 3620 totum
3220 3562 3780 3634 comprehendendum

2193 3672 2335 3720 esset
2378 3664 2597 3717 idoneus
2640 3670 2830 3714 sensus
2856 3656 3032 3713 carnis
3068 3664 3204 3721 tuae,
3247 3667 3314 3709 ac
3350 3669 3455 3709 non
3493 3663 3547 3709 et
3583 3654 3695 3722 ipse
3724 3654 3781 3709 in

2192 3766 2342 3827 parte
2364 3751 2596 3808 universi
2617 3749 2910 3819 accepisset
2930 3763 3025 3817 pro
3044 3760 3201 3815 pinna
3221 3754 3308 3800 tua
3321 3744 3520 3814 justum
3539 3743 3778 3810 modum,

2190 3848 2356 3902 velles
2394 3852 2455 3899 ut
2497 3842 2747 3898 transiret
2782 3838 3033 3910 quidquid
3074 3837 3254 3893 existit
3292 3838 3344 3891 in
3378 3836 3691 3904 praesentia,
3724 3845 3784 3891 ut

2191 3939 2361 4008 magis
2388 3935 2481 3991 tibi
2511 3934 2685 3988 omnia
2727 3932 3017 4002 placerent.
3057 3928 3190 3983 Nam
3219 3937 3274 3983 et
3313 3926 3454 3997 quod
3492 3926 3781 3996 loquimur,

2191 4044 2288 4100 per
2315 4026 2561 4083 eumdem
2589 4038 2805 4079 sensum
2839 4020 3013 4075 carnis
3051 4018 3230 4083 audis;
3264 4027 3318 4072 et
3355 4033 3460 4071 non
3495 4018 3573 4071 vis
3603 4017 3783 4087 utique

2192 4129 2335 4175 stare
2363 4118 2613 4190 syllabas,
2642 4114 2736 4170 sed
2767 4110 3115 4177 transvolare,
3145 4117 3204 4163 ut
3221 4108 3340 4163 aliae
3359 4107 3595 4174 veniant,
3623 4115 3677 4162 et
3700 4114 3783 4161 to-

2194 4221 2303 4269 tum
2333 4212 2538 4267 audias.
2582 4208 2679 4275 Ita,
2722 4214 2933 4274 semper
2962 4202 3140 4258 omnia
3173 4200 3363 4271 quibus
3393 4215 3555 4253 unum
3583 4198 3781 4268 aliquid

2192 4314 2429 4371 constat,
2462 4312 2515 4357 et
2539 4316 2647 4355 non
2677 4297 2835 4353 simul
2861 4305 2983 4352 sunt
3007 4295 3185 4349 omnia
3212 4308 3273 4349 ea
3308 4292 3501 4362 quibus
3528 4298 3735 4345 constat
3760 4305 3778 4345 :

2193 4399 2312 4468 plus
2338 4396 2605 4451 delectant
2629 4389 2806 4445 omnia
2832 4402 2992 4458 quam
3019 4385 3227 4456 singula
3246 4424 3260 4449 ,
3292 4384 3337 4439 si
3362 4384 3568 4454 possint
3593 4380 3781 4436 sentiri

2193 4491 2391 4546 omnia.
2425 4486 2530 4543 Sed
2558 4487 2711 4554 longe
2744 4482 2826 4537 his
2851 4482 3039 4536 melior
3071 4479 3162 4549 qui
3203 4478 3327 4534 fecit
3352 4478 3558 4541 omnia,
3584 4483 3639 4531 et
3664 4475 3782 4545 ipse

2193 4586 2277 4638 est
2315 4584 2453 4638 Deus
2490 4588 2707 4646 noster;
2738 4586 2793 4634 et
2817 4591 2924 4631 non
2951 4573 3204 4641 discedit,
3241 4572 3360 4643 quia
3400 4586 3501 4626 nec
3537 4568 3781 4626 succedi-

2192 4685 2279 4732 tur
2303 4676 2372 4731 ei.

2806 4758 3032 4816 CAPUT
3069 4756 3186 4813 XII.

2194 4860 2351 4915 Amor
2379 4870 2480 4913 non
2508 4855 2840 4928 improbatur,
2868 4855 3018 4908 modo
3045 4854 3099 4907 in
3126 4851 3207 4906 his
3241 4865 3357 4923 quo
3389 4850 3608 4923 placent,
3644 4864 3781 4905 ante-

2830 4958 2943 5000 mus
2966 4945 3151 5000 Deum.

2266 5060 2352 5119 â€˜18.
2382 5060 2437 5117 Si
2466 5060 2677 5132 placent
2703 5066 2924 5129 corpora
2948 5100 2962 5124 ,
2991 5056 3156 5112 Deum
3188 5064 3253 5110 ex
3283 5054 3386 5110 illis
3410 5053 3562 5109 lauda
3584 5095 3598 5120 ,
3635 5061 3690 5108 et
3716 5054 3783 5108 â€˜in

2193 5155 2450 5213 artificem
2475 5166 2660 5209 eorum
2689 5158 2938 5220 retorque
2965 5152 3234 5213 amorem;
3257 5162 3325 5202 ne
3352 5146 3404 5201 iu
3436 5146 3519 5200 his
3548 5154 3667 5216 quae
3691 5143 3786 5199 tibi

2195 5251 2421 5321 placent,
2446 5256 2501 5302 tu
2528 5242 2826 5315 displiceas.
2847 5242 2901 5298 Si
2928 5242 3139 5313 placent
3159 5241 3372 5307 animae,
3396 5240 3447 5295 in
3471 5241 3581 5295 Deo
3602 5254 3786 5293 ameno

2199 5352 2311 5397 tur:
2332 5340 2453 5411 quia
2470 5347 2522 5394 et
2538 5339 2665 5407 ipsae
2684 5332 2966 5390 mutabiles
2981 5340 3122 5400 sunt,
3139 5342 3193 5388 et
3208 5334 3257 5387 in
3274 5332 3365 5387 illo
3383 5332 3501 5386 fixae
3518 5329 3785 5386 stabiliun-

2195 5443 2313 5501 tur;
2338 5433 2568 5503 alioquin
2590 5431 2726 5486 irent
2746 5439 2798 5485 et
2824 5430 3074 5499 perirent.
3102 5428 3155 5482 In
3180 5426 3272 5481 illo
3292 5442 3419 5498 ergo
3436 5433 3705 5486 amentur;
3729 5429 3786 5476 et

2195 5541 2321 5596 rape
2346 5525 2411 5578 ad
2435 5538 2553 5578 eum
2578 5531 2749 5577 tecum
2779 5536 2909 5590 quas
2940 5526 3109 5589 potes,
3138 5525 3191 5573 et
3219 5516 3306 5573 die
3330 5519 3408 5573 eis
3429 5532 3441 5572 :
3464 5515 3609 5569 Hunc
3634 5526 3782 5566 ame-

2199 5616 2501 5685 mus,hunc
2518 5628 2785 5679 amemus;
2815 5612 2927 5683 ipse
2958 5608 3080 5666 fecit
3110 5610 3251 5677 lucc,
3280 5620 3332 5666 et
3360 5624 3462 5663 non
3492 5614 3575 5662 est
3604 5605 3779 5675 longe.

2193 5711 2308 5769 Non
2337 5712 2475 5767 enim
2499 5708 2621 5763 fecit
2642 5715 2797 5777 atque
2818 5706 2967 5773 abiit,
2991 5703 3085 5759 sed
3103 5720 3167 5759 ex
3190 5704 3281 5758 illo
3299 5705 3346 5758 in
3368 5700 3458 5757 illo
3479 5706 3624 5755 sunt.
3646 5696 3785 5754 Ecce

2258 5848 2277 5880 Î¹
2305 5852 2409 5895 uss.
2435 5845 2713 5894 Î¹Î¹Î¹Î¸ÎµÏ‚ÎµÎ¹Î¹Î·Î¹
2735 5834 3317 5905 ÎµÎ·á½ºÎ·Ï†Î¹Î¿á¿–Î±Î¹Î·Î±Î·á½°Î¹Î¹.
