2058 3183
180 184 229 214 'IOI

180 242 226 272 ubi
241 246 282 271 est
291 242 311 277 ί,
323 242 367 272 ubi
382 242 452 279 sapit
464 243 573 271 veritas.
586 242 697 271 lntimus
709 242 782 271 cordi
798 245 855 275 est;
869 241 915 270 sed
929 249 975 270 cor

181 289 280 318 erravit
294 289 328 318 ab
341 297 383 318 eo.
400 289 494 317 Redite
503 310 511 323 ,
524 290 741 325 praevaricatores
750 309 757 322 ,
771 288 804 316 ad
819 295 876 321 cor,
892 292 919 315 et
932 287 974 315 in-

181 335 282 364 bacrete
296 335 332 363 illi
343 335 388 371 qui
401 334 464 363 fecit
476 343 533 362 vos.
545 335 617 363 State
631 342 691 362 cum
705 342 747 367 eo,
760 338 786 362 et
798 333 900 361 stabitis
912 342 918 360 :
932 340 975 361 re-

180 383 309 418 quiescite
325 382 350 409 in
366 389 414 415 eo,
439 386 465 409 et
487 381 568 417 quieti
587 382 670 408 eritis.
692 382 749 414 Quo
762 381 805 407 itis
820 379 845 407 in
861 379 973 414 aspera?

180 437 232 464 quo
247 429 309 456 itis?
325 429 425 456 Bonum
440 428 508 464 quod
525 429 619 455 amatis
631 450 637 461 ,
655 427 687 454 ah
702 428 745 455 illo
759 432 798 455 est
812 437 816 453 ε
830 427 875 454 scd
890 434 973 462 quan-

181 481 236 503 tum
256 480 296 503 est
315 475 347 503 ad
369 475 440 502 illum
452 497 458 508 ,
474 475 571 502 bonum
587 479 625 502 est
639 479 664 502 et
679 482 777 507 suave;
794 474 839 501 sed
854 480 973 503 amarum

179 522 321 557 eritjuste,
330 522 388 557 quia
397 521 491 557 injuste.
502 527 605 549 amatur
617 522 722 549 deserto
735 521 787 554 illo,
800 520 925 556 quidquid
939 521 972 548 ab

179 567 225 595 illo
239 571 290 595 est.
307 566 364 601 Quo
378 567 453 594 vobis
466 567 551 594 adhuc
567 572 591 594 et
606 567 691 594 adhuc,
704 567 839 594 ambulare
852 567 907 594 vias
920 566 971 593 dif-

179 613 261 640 ﬁciles
272 617 298 641 et
308 613 469 641 laboriosas?
481 614 537 642 Non
552 618 592 641 est
604 613 707 649 requies
719 614 761 640 ubi
773 613 890 648 qna‘ritis
901 621 969 641 eam.

178 660 296 693 Quaerite
310 660 380 696 quod
395 661 511 696 quaeritis
525 670 530 687 ε
543 661 589 688 sed
604 661 638 687 ibi
659 669 709 687 non
724 665 765 688 est
778 660 821 687 ubi
842 659 969 695 quaeritis.

177 706 286 734 Beatam
310 707 389 733 vitam
412 707 529 742 qnan'itis
554 707 579 733 in
602 708 710 742 regione
734 707 843 740 mortis;
864 714 917 733 non
931 710 972 733 est

177 752 241 780 illic.
258 752 397 786 Quomodo
410 752 480 779 enim
496 751 570 780 beata
586 752 648 785 vita,
661 753 704 780 ubi
716 760 765 780 nec
778 752 847 779 vita?

213 799 255 827 i9.
274 799 306 826 Et
319 799 457 826 descendit
470 799 519 826 huc
533 800 587 834 ipsa
602 799 660 826 Vita
677 804 775 832 nostra,
791 803 816 825 et
830 798 888 825 tulit
900 806 970 825 mor-

176 850 230 873 tem
244 850 370 879 nostram,
387 849 412 873 ct
429 846 523 873 occidit
537 854 594 873 eam
610 846 642 874 de
655 846 813 873 abundantia
825 846 883 873 vita:
896 854 968 872 sure:

175 895 202 919 et
218 892 301 919 tonuit
316 893 442 924 clamans,
459 897 486 919 ut
501 892 640 919 redeamus
654 891 714 920 hinc
734 892 766 920 ad
782 900 841 919 eum
860 892 885 918 in
906 891 968 919 illud

174 942 307 965 secretum
330 939 400 966 unde
422 939 549 973 processit
571 938 602 965 ad
625 947 689 972 nos,
706 939 731 965 in
750 939 835 974 ipsum
856 939 968 973 primum

174 984 329 1019 virginalem
345 987 466 1018 uterum,
484 985 526 1012 ubi
548 985 571 1012 ei
595 986 683 1019 nupsit
702 984 815 1011 humana
828 989 946 1012 creatura
959 1004 967 1017 ,

174 1038 239 1058 caro
254 1031 382 1063 mortalis,
397 1039 429 1058 ne
440 1033 510 1058 esset
523 1038 628 1065 semper
639 1030 772 1063 mortaii‘;
785 1034 810 1057 et
824 1029 884 1057 inde
897 1030 969 1057 velut

174 1082 289 1111 sponsus
306 1077 452 1112 procedens
462 1077 495 1105 de
508 1077 622 1104 thalamo
635 1085 694 1110 suo,
708 1077 847 1104 exsultavit
858 1081 884 1103 ut
896 1077 968 1112 gigas

174 1123 207 1150 ad
221 1123 380 1151 currcmiam
394 1124 462 1150 viam
477 1123 560 1159 (Psal.
578 1132 655 1156 xviii,
669 1123 707 1158 6).
724 1123 780 1150 Non
797 1122 866 1150 enim
882 1123 967 1149 tarda-

173 1169 222 1203 vit,
238 1169 286 1197 sed
300 1170 433 1201 cucurrit;
455 1170 572 1197 clamans
588 1170 674 1200 dictis,
691 1169 773 1202 lactis,
793 1174 888 1202 [ποι-ιο,
903 1169 965 1201 vita,

173 1215 314 1248 descensu,
331 1223 457 1249 ascensu;
473 1216 590 1243 clamam
605 1220 632 1243 nt
645 1216 784 1243 redeamus
798 1215 829 1242 ad
846 1224 916 1243 eum.
936 1215 967 1242 Et

172 1262 296 1290 discessit
310 1263 342 1289 ab
355 1263 448 1295 oculis,
462 1269 490 1290 ut
501 1263 640 1290 redeamus
653 1263 684 1289 ad
699 1271 753 1294 eor,
767 1268 793 1290 et
804 1263 966 1289 invenimnus

172 1316 244 1335 cum.
257 1308 392 1336 Abscessit
403 1309 483 1341 enim,
497 1315 521 1335 et
535 1316 596 1336 ecce
611 1308 651 1335 hic
665 1313 716 1338 est.
728 1308 814 1335 Noluit
829 1308 965 1335 nobiscum

172 1355 216 1382 diu
232 1363 309 1388 esse,
326 1359 353 1382 et
373 1363 424 1382 non
448 1355 555 1390 reliquit
578 1364 634 1382 nos.
657 1355 718 1382 liiuc
736 1356 805 1382 enim
820 1355 963 1388 abscessit,

172 1400 242 1428 unde
258 1409 391 1436 nunquam
407 1402 532 1433 recessit,
547 1401 607 1436 quia
622 1400 734 1428 mundus
748 1410 794 1435 per
809 1410 867 1428 cum
884 1402 965 1428 factus

171 1451 231 1479 est;
247 1450 273 1473 et
290 1447 315 1473 in
338 1447 387 1473 hoc
402 1446 500 1473 mundo
515 1451 572 1474 crat
591 1446 677 1483 (Jomi.
698 1455 716 1479 ι,
743 1447 795 1482 10),
812 1448 921 1474 etvenit
940 1447 964 1474 in

173 1491 243 1519 hunc
256 1492 381 1519 mnndmn
393 1495 545 1526 peceatores
558 1493 645 1519 salvos
658 1492 744 1520 facere
757 1494 764 1529 (
775 1492 782 1518 l
794 1493 859 1519 Tim.
877 1502 894 1526 l,
908 1493 963 1529 iii);

171 1539 214 1565 cui
226 1539 367 1565 coniitctnr
377 1539 462 1565 anima
477 1546 546 1571 mea,
556 1543 582 1565 et
591 1542 731 1566 sanatcam
741 1539 761 1571 ’,
774 1539 833 1574 quia
848 1539 966 1574 peccavit

172 1584 208 1611 illi
219 1583 302 1619 (Psal.
313 1592 357 1617 xL,
367 1584 404 1619 ὃ).
415 1584 471 1611 Filii
483 1585 618 1611 hominum
626 1592 761 1619 usquequo
770 1586 965 1619 gravescorde?

173 1632 258 1668 (Paul.
276 1641 312 1665 iV,
327 1632 365 1667 3.)
385 1631 515 1667 Numquid
531 1636 557 1659 et
572 1637 631 1666 post
645 1632 801 1659 descensum
814 1632 823 1647 ³
837 1632 897 1660 vita)
912 1641 964 1659 non

171 1679 251 1705 vultis
262 1678 404 1705 ascendere
417 1683 442 1705 et
455 1678 559 1705 vivere?
571 1678 622 1705 Sed
633 1687 684 1713 quo
696 1679 847 1710 asecnditis.
859 1679 964 1713 quando

172 1723 198 1750 in
214 1724 267 1751 alto
281 1724 354 1754 estis.
367 1728 394 1751 et
408 1724 532 1757 posuistis
547 1723 572 1750 in
583 1724 678 1750 coelum
690 1731 720 1751 os
731 1723 866 1751 vestrum?
879 1724 962 1761 (Psnl.

171 1778 256 1803 Lxxn,
275 1770 314 1806 9.)
331 1769 497 1802 Dcscendite,
513 1773 540 1796 ut
554 1769 713 1803 ascendatis,
728 1775 753 1797 et
766 1771 915 1798 ascendatis
931 1771 963 1797 ad

171 1817 265 1844 Deum.
283 1816 421 1844 Cccidistis
436 1816 517 1849 enim,
533 1816 701 1844 ascendendo
720 1821 811 1843 contra
826 1825 896 1845 eum.
919 1818 964 1845 Dic

171 1862 210 1889 eis
224 1862 290 1895 ista,
307 1865 334 1888 ut
349 1861 450 1896 plorent
467 1862 491 1888 in
511 1862 630 1889 convalle
645 1862 797 1896 plorationis
807 1883 814 1895 ,
828 1867 853 1889 et
868 1863 905 1890 sic
919 1872 964 1890 eos

172 1915 235 1943 rape
249 1911 335 1935 tecum
351 1907 382 1934 ad
398 1907 496 1940 Deum;
513 1908 573 1942 quia
593 1907 625 1934 de
643 1908 741 1942 Spiritu
755 1908 812 1943 ejus
826 1907 881 1936 lucc
899 1909 964 1936 dicis

172 1954 221 1988 eis,
233 1954 255 1982 si
270 1953 336 1982 dicis
351 1953 447 1981 ardens
463 1954 522 1989 igne
536 1954 681 1981 charitatis.

472 1999 586 2028 CAPUT
606 1999 674 2027 Xlll.

415 2046 492 2073 Amor
506 2047 572 2074 unde
585 2048 723 2083 provenial.

207 2093 252 2121 20.
276 2092 338 2120 ΠἘο
362 2097 423 2121 tunc
444 2101 496 2120 non
520 2102 660 2127 noveram,
677 2099 704 2121 et
719 2094 838 2121 amabam
857 2094 965 2130 pulchra

172 2139 315 2173 inferiora,
335 2144 361 2166 ct
381 2140 449 2167 ibam
469 2140 494 2166 in
512 2140 686 2174 profundum,
703 2146 728 2167 et
741 2140 858 2167 dicebam
874 2143 965 2169 amicis

173 2186 259 2213 meis:
275 2185 342 2212 Num
358 2193 477 2212 amamus
491 2186 598 2221 aliquid,
613 2186 662 2213 nisi
678 2186 832 2221 pulchrum?
845 2188 911 2221 Quid
926 2194 966 2216 est

172 2240 236 2268 ergo
258 2231 416 2266 pulchrum?
439 2236 465 2259 et
488 2232 549 2266 quid
574 2237 613 2259 est
637 2232 821 2267 pnichrittnlo?
841 2234 906 2267 Quid
926 2240 966 2262 est

171 2277 242 2313 quod
258 2284 307 2305 nos
319 2277 402 2304 allicit
417 2281 443 2304 et
457 2277 578 2304 Conciliat
591 2278 669 2304 rebus
683 2286 747 2313 quas
761 2280 897 2306 annunus?
910 2280 965 2308 Nisi

171 2323 243 2350 enim
269 2327 340 2349 esset
364 2323 389 2349 in
413 2323 451 2349 eis
466 2322 546 2349 decus
562 2328 588 2349 et
602 2323 719 2358 species,
737 2324 809 2351 nullo
824 2325 902 2352 modo
918 2334 965 2353 nos

171 2369 205 2397 ad
224 2377 254 2396 se
270 2374 417 2396 moverent.
436 2369 469 2396 Et
489 2370 731 2397 animadvertebam
752 2376 778 2398 ct
798 2372 918 2399 videbam
939 2373 965 2400 in

171 2416 237 2451 ipsis
254 2416 410 2451 corporibus
425 2416 495 2443 aliud
516 2425 575 2444 esse
590 2418 663 2453 quasi
678 2422 759 2445 totum
769 2439 776 2451 ,
792 2423 819 2445 et
834 2419 892 2447 ideo
908 2420 966 2454 pul-

170 2462 285 2494 chrum;
300 2462 370 2489 aliud
386 2466 472 2489 autem
485 2463 554 2497 quod
568 2462 627 2489 ideo
643 2463 759 2497 deceret,
771 2465 894 2499 quoniam
906 2470 965 2500 apte

171 2507 419 2535 accommodaretur
434 2508 520 2539 alicui,
537 2508 604 2535 sicut
618 2517 678 2544 pars
690 2510 808 2544 corporis
819 2510 850 2536 ad
863 2511 967 2538 univer-

171 2562 230 2582 sum
253 2562 346 2587 suum,
361 2557 405 2580 aut
424 2553 631 2581 calceamentum
647 2555 678 2581 ad
696 2555 803 2589 pedem,
819 2560 845 2583 et
859 2556 963 2583 similia.

171 2602 204 2629 Et
218 2602 269 2629 ista
285 2601 461 2629 consideratio
473 2602 610 2629 scaturivit
624 2603 649 2629 in
659 2603 748 2630 animo
759 2611 818 2630 meo
829 2611 861 2630 ex
874 2604 965 2631 intimo

170 2647 253 2674 corde
266 2655 344 2680 meo;
357 2652 383 2675 et
394 2648 487 2682 scripsi
500 2648 580 2675 libros
593 2648 625 2675 de
639 2647 751 2675 Pulchro
762 2653 787 2676 et
796 2648 878 2683 Apto;
891 2655 964 2684 puto,

171 2693 239 2720 duos
254 2697 300 2720 aut
316 2696 379 2720 tres.
393 2693 432 2721 Tu
446 2694 508 2727 scis,
524 2694 595 2721 Deus
612 2702 618 2720 :
635 2701 695 2720 nam
709 2693 807 2722 excidit
820 2695 893 2722 mihi.
908 2695 964 2722 Non

170 2740 243 2767 enim
262 2738 392 2768 habemus
407 2747 464 2776 eos,
484 2740 532 2769 sed
545 2740 736 2769 aberraverunt
748 2749 763 2769 a
774 2741 861 2776 nobis,
876 2743 966 2771 nescio

170 2787 316 2823 quomodo.

202 2845 212 2877 ξ
223 2847 249 2869 ιιι
260 2843 344 2869 codice
355 2844 498 2870 Sorbonloo:
508 2848 567 2877 Ecce
576 2843 611 2869 ibi
619 2847 662 2874 est,
673 2843 715 2870 ubi
723 2845 786 2877 sapit
794 2844 893 2871 veritas;

201 2876 212 2892 ³
229 2879 286 2900 hov.
303 2880 359 2900 Arn.
378 2880 444 2901 Mart.
457 2882 512 2901 cum
520 2876 627 2907 quinque
640 2879 693 2901 Mss.
711 2884 806 2902 necnon
819 2877 893 2902 Romi.
911 2883 967 2903 cum

169 2909 348 2943 φιιιοιχὶιεφ.
356 2909 457 2943 usque!
465 2913 527 2943 east.
536 2910 564 2931 ll.

203 2939 213 2955 ³
372 2939 452 2964 codex
460 2939 558 2969 optima:
566 2942 638 2970 notae,
648 2938 787 2965 discessum.

837 183 940 213 LIBER
958 181 1131 219 QUARTUS.

1770 189 1821 217 70?.

1328 241 1442 271 CAPUT
1459 240 1530 272 ΧΠ.

1027 286 1098 315 Libri
1110 288 1142 315 de
1155 287 1220 323 Apto
1234 288 1257 316 et
1271 287 1383 317 Pulchro
1400 288 1485 317 Hierio
1500 289 1647 325 nuncupatl.
1663 288 1737 319 Unde
1752 291 1818 319 hunc

1354 340 1490 365 amaverat.

1062 378 1106 408 Et.
1126 380 1194 415 Quid
1209 386 1250 410 est
1268 385 1355 410 autem
1370 382 1440 418 quod
1459 386 1502 410 me
1516 382 1608 417 movit,
1624 381 1735 410 Domine
1749 383 1819 411 Deus

1026 435 1112 459 meus,
1127 432 1157 455 ut
1170 428 1203 455 ad
1218 428 1337 456 Hlerium
1349 429 1357 445 ¹
1374 428 1500 456 Romana:
1515 428 1587 456 urbis
1600 433 1731 456 oratorem
1751 427 1818 456 scri-

1026 473 1116 501 berem
1129 474 1187 502 illos
1200 474 1291 507 libros,
1305 479 1383 510 quem
1396 480 1449 502 non
1463 477 1589 502 noveram
1600 475 1676 508 facie,
1687 474 1733 502 sed
1746 482 1819 502 ama-

1025 526 1115 547 veram
1130 519 1263 547 hominem
1278 527 1310 547 ex
1323 519 1449 547 doctrina:
1462 519 1531 546 fama
1542 526 1601 555 quat
1613 519 1649 547 illi
1662 519 1732 547 clara
1748 522 1814 552 erat,

1025 569 1052 593 et
1064 565 1185 602 qumdam
1197 566 1277 594 verba
1296 566 1354 601 ejus
1369 566 1515 599 audieram,
1527 570 1554 593 et
1568 566 1720 600 placuerant
1734 565 1817 593 mihi?

1025 612 1079 640 Sed
1090 613 1173 648 magis
1184 613 1244 648 quia
1257 612 1375 648 placebat
1386 613 1453 645 aliis,
1465 615 1493 641 et
1504 612 1649 641 efferebant
1659 613 1719 640 enin
1733 612 1817 640 laudi-

1023 657 1083 691 bus,
1091 663 1227 694 stupentes
1241 659 1311 695 quod
1324 667 1356 687 ex
1370 659 1477 687 homine
1492 664 1563 694 syro,
1578 658 1656 686 docto
1665 658 1738 694 prius
1750 665 1818 692 grte-

1024 712 1063 732 cze
1075 704 1219 738 facundiae,
1234 711 1325 740 postea
1338 705 1364 732 in
1382 705 1461 732 latina
1475 705 1553 732 etiam
1567 703 1652 732 dictor
1662 703 1672 719 ¹
1687 702 1816 730 mirabilis

1023 751 1182 784 exstitisset,
1196 755 1224 779 et
1239 755 1310 779 esset
1330 751 1521 778 scientissimus
1541 754 1629 777 rerum
1649 748 1683 777 ad
1701 748 1816 776 studium

1023 796 1161 831 sapientia:
1176 796 1378 831 pertinentium;
1396 796 1460 823 mihi
1476 795 1603 830 placebat.
1618 794 1752 822 Laudatur
1766 793 1815 820 ho-

1023 849 1082 876 mo,
1102 846 1130 870 et
1150 846 1254 870 amatur
1271 842 1375 870 absens.
1396 841 1553 870 Utrumnam
1569 841 1605 868 ab
1621 847 1667 868 Ore
1685 839 1816 867 laudantis

1022 888 1105 916 intrat
1114 888 1140 915 in
1150 895 1197 916 cor
1207 888 1337 916 audientis
1347 888 1422 915 amor
1432 887 1493 915 ille?
1502 887 1578 914 Absit
1589 895 1596 913 :
1607 886 1654 914 sed
1664 894 1696 913 ex
1709 889 1815 913 amante

1022 933 1075 961 alio
1087 934 1240 962 accenditur
1253 934 1329 961 alitis.
1345 932 1411 961 ilinc
1425 934 1495 961 enim
1511 936 1614 959 amatur
1624 932 1668 966 qui
1682 931 1814 965 laudatur,

1022 979 1084 1007 dum
1100 985 1153 1007 non
1174 980 1258 1008 fallaci
1273 980 1354 1008 corde
1373 979 1517 1007 laudatoris
1530 978 1669 1014 praedicari
1682 977 1813 1011 creditur;

1022 1025 1048 1053 id
1062 1030 1113 1058 est,
1127 1033 1186 1053 cum
1199 1033 1292 1053 amans
1305 1033 1365 1054 eum
1379 1025 1477 1052 laudat.

1056 1071 1100 1098 22.
1122 1071 1165 1099 Sic
1184 1071 1254 1099 enim
1273 1076 1335 1099 tunc
1354 1071 1475 1099 amabam
1496 1070 1618 1098 homines
1630 1078 1664 1099 ex
1677 1069 1814 1098 hominum

1018 1117 1134 1152 judicio;
1157 1126 1209 1146 non
1223 1118 1293 1145 enim
1308 1126 1341 1146 ex
1355 1122 1400 1145 tuo
1410 1139 1417 1152 ,
1432 1118 1501 1145 Deus
1516 1124 1608 1149 meus,
1622 1115 1649 1143 in
1667 1123 1721 1152 quo
1736 1122 1814 1144 nemo

1021 1162 1129 1191 fallitur.
1144 1163 1196 1192 Sed
1210 1169 1307 1197 tamen,
1319 1170 1367 1192 cur
1378 1172 1430 1191 non
1442 1164 1509 1191 sicut
1520 1163 1609 1198 auriga
1624 1162 1729 1195 nobilis,
1744 1162 1812 1191 sicut

1020 1213 1130 1237 venator
1144 1209 1237 1238 studiis
1252 1209 1420 1245 popularibus
1431 1208 1596 1241 diil'amatns,
1609 1208 1656 1236 sed
1669 1207 1812 1244 longe'ali-

1020 1258 1061 1282 ter
1079 1260 1105 1283 et
1123 1256 1249 1291 graviter,
1270 1259 1297 1283 et
1315 1255 1349 1282 ita
1369 1254 1592 1291 quemadmodum
1606 1258 1633 1282 et
1647 1261 1690 1281 me
1711 1253 1812 1281 laudari

1019 1300 1135 1328 vellem?
1155 1301 1211 1328 Non
1227 1304 1315 1328 autem
1333 1300 1428 1328 vellem
1449 1301 1484 1328 ita
1498 1299 1601 1327 laudari
1614 1303 1641 1327 et
1654 1299 1737 1326 amari
1750 1306 1810 1333 me,

1019 1351 1048 1374 ut
1061 1347 1216 1379 histriones;
1229 1354 1377 1383 quanquam
1391 1352 1437 1375 eos
1450 1347 1477 1374 et
1488 1347 1544 1382 ipse
1557 1346 1691 1374 laudarem
1701 1350 1727 1374 et
1741 1354 1813 1373 ama-

1019 1400 1075 1420 rem
1089 1402 1096 1420 :
1110 1393 1156 1420 sed
1171 1393 1271 1428 eligens
1286 1392 1378 1425 latere,
1395 1399 1472 1428 quam
1495 1392 1530 1419 ita
1544 1395 1624 1419 notus
1639 1396 1715 1425 csso;
1731 1395 1759 1419 et
1771 1392 1812 1420 vel

1019 1438 1111 1466 haberi
1131 1438 1206 1472 odio,
1222 1447 1300 1474 quam
1320 1439 1358 1466 sic
1378 1437 1471 1465 amari.
1486 1435 1536 1466 Ubi
1554 1438 1748 1465 distribuuntur
1763 1438 1812 1465 ista

1019 1484 1137 1519 pondera
1151 1484 1286 1513 variorum
1305 1488 1331 1512 et
1352 1484 1518 1512 diversorum
1541 1488 1662 1511 amorum
1683 1484 1707 1510 in
1723 1483 1811 1511 anima

1019 1530 1088 1557 una?
1101 1530 1168 1565 Quid
1191 1534 1232 1558 est
1252 1527 1322 1566 quod
1341 1537 1402 1557 amo
1424 1530 1450 1557 in
1470 1530 1538 1563 alio,
1553 1529 1622 1564 quod
1638 1533 1746 1562 rursus,
1761 1528 1812 1557 nisi

1018 1575 1144 1608 odissem,
1159 1583 1211 1603 non
1225 1583 1240 1603 a
1258 1583 1300 1603 me
1313 1575 1460 1603 detestarer
1473 1579 1499 1602 et
1518 1574 1686 1610 repellerent,
1703 1580 1762 1601 cum
1778 1573 1812 1601 sit

1018 1625 1129 1657 uterque
1141 1622 1260 1649 nostrum
1273 1621 1373 1649 homo?
1382 1620 1440 1648 Non
1454 1620 1536 1652 enim,
1550 1621 1618 1647 sicut
1629 1627 1712 1655 equus
1727 1619 1812 1647 bonus

1017 1672 1121 1694 amatur
1133 1667 1165 1694 ab
1179 1675 1210 1694 eo
1223 1667 1267 1703 qui
1279 1667 1360 1694 nollet
1374 1665 1424 1693 hoc
1437 1673 1505 1698 esse,
1520 1666 1599 1693 etiam
1610 1665 1631 1692 si
1642 1668 1749 1701 posset;
1763 1664 1812 1692 hoc

1017 1715 1045 1741 et
1058 1712 1091 1740 de
1111 1712 1238 1740 histrione
1251 1711 1390 1740 dlcendum
1404 1715 1462 1745 est,
1478 1711 1522 1746 qui
1538 1715 1639 1738 natura:
1654 1714 1751 1737 nostra:
1765 1717 1810 1737 so-

1017 1759 1074 1787 cius
1088 1763 1138 1787 est.
1157 1758 1262 1794 Ergone
1276 1762 1337 1786 amo
1350 1758 1376 1785 in
1390 1758 1497 1785 homine
1516 1757 1585 1792 quod
1599 1757 1642 1784 odi
1660 1764 1735 1788 esse,
1751 1764 1810 1783 cum

1018 1806 1067 1833 sim
1081 1805 1180 1833 homo?
1192 1805 1298 1832 Grande
1312 1804 1469 1840 promndum
1485 1807 1527 1831 est
1547 1803 1603 1838 ipse
1623 1803 1717 1836 homo,
1736 1802 1811 1837 cujus

1017 1853 1097 1880 etiam
1110 1851 1220 1888 caplllos
1234 1855 1278 1885 tu,
1296 1851 1422 1885 Domine,
1437 1854 1591 1877 numeratos
1607 1848 1705 1882 habes,
1719 1852 1745 1876 ct
1758 1854 1811 1876 non

1018 1898 1172 1926 minuuntur
1184 1898 1210 1925 in
1226 1901 1251 1925 te
1263 1906 1270 1924 :
1282 1901 1309 1924 et
1321 1900 1409 1924 tamen
1424 1895 1511 1930 capilli
1524 1895 1581 1930 ejus
1594 1895 1676 1929 magis
1689 1901 1813 1921 numera-

1017 1944 1084 1972 biles
1097 1946 1158 1971 sunt
1172 1951 1250 1979 quam
1265 1943 1374 1970 allectus
1387 1941 1453 1977 ejus,
1466 1945 1493 1969 et
1505 1945 1593 1969 motus
1606 1939 1694 1968 cordis
1707 1941 1774 1974 ejus.

1052 1991 1099 2019 25.
1112 1990 1147 2018 At
1161 1990 1205 2018 ille
1219 1990 1310 2018 rhetor
1322 1997 1354 2017 ex
1366 1997 1398 2017 eo
1410 1992 1467 2016 erat
1480 1995 1587 2023 genere,
1599 1994 1677 2023 quem
1689 1987 1727 2014 sic
1739 1994 1813 2014 ama-

1017 2037 1090 2070 bam,
1105 2040 1135 2064 nt
1147 2036 1242 2064 vellem
1258 2042 1300 2063 me
1315 2042 1375 2063 esse
1392 2034 1488 2067 talem;
1503 2036 1529 2061 et
1542 2031 1663 2061 errabam
1680 2033 1772 2069 typho,
1786 2039 1813 2061 et

1018 2082 1223 2110 circumferebar
1236 2082 1308 2110 omni
1321 2086 1411 2115 vento,
1425 2085 1452 2109 et
1471 2080 1550 2108 nimis
1563 2080 1666 2108 occulte
1680 2080 1812 2115 guberna-

1018 2128 1067 2156 bar
1076 2129 1123 2156 abs
1137 2133 1171 2156 te.
1186 2129 1219 2156 Et
1231 2128 1301 2155 unde
1312 2128 1382 2160 scio,
1399 2130 1425 2155 et
1439 2126 1509 2154 unde
1523 2126 1611 2154 certus
1624 2124 1752 2153 confiteor
1766 2124 1812 2153 tibi
1841 2159 1849 2166 ι

1019 2174 1089 2209 quod
1109 2174 1182 2201 illum
1205 2174 1231 2201 in
1253 2181 1345 2201 amore
1362 2171 1525 2201 laudantium
1544 2171 1626 2207 magis
1645 2178 1812 2208 amaveram,

1019 2227 1097 2255 quam
1112 2220 1137 2246 in
1149 2220 1227 2247 rebus
1239 2219 1303 2255 ipsis
1313 2218 1346 2246 de
1360 2219 1454 2253 quibus
1467 2217 1632 2245 laudabatur.
1647 2216 1712 2251 Quia
1724 2218 1746 2245 si
1760 2225 1813 2246 non

1019 2265 1153 2293 iaudaldm
1166 2266 1345 2299 vituperarent
1357 2272 1417 2291 eum
1433 2262 1512 2290 iidem
1524 2263 1584 2298 ipsi,
1599 2267 1626 2290 et
1639 2263 1813 2298 vituperando

1019 2315 1098 2347 atque
1113 2310 1264 2346 spernendo
1279 2318 1309 2338 ea
1322 2310 1378 2346 ipsa
1391 2314 1538 2343 narrarent,
1553 2317 1605 2336 non
1616 2309 1776 2337 accenderer
1788 2310 1812 2337 in

1019 2367 1079 2387 eum
1093 2363 1120 2387 et
1135 2366 1187 2386 non
1202 2358 1343 2386 excitarer.
1364 2357 1398 2385 Et
1417 2360 1490 2384 certe
1511 2364 1554 2384 res
1569 2364 1621 2384 non
1636 2356 1695 2383 alia:
1708 2354 1812 2390 forent,

1018 2413 1069 2434 nec
1090 2405 1170 2432 homo
1189 2405 1245 2440 ipse
1260 2404 1346 2437 alius;
1360 2403 1407 2431 sed
1422 2398 1605 2431 tantummodo
1624 2402 1691 2430 alius
1704 2402 1813 2430 ell‘cctus

1019 2451 1193 2479 narrantium.
1208 2449 1276 2478 Ecce
1291 2450 1334 2477 ubi
1355 2450 1425 2485 jacet
1444 2449 1532 2476 anima
1556 2448 1673 2481 inﬁrma,
1694 2447 1811 2476 nondmn

1019 2497 1123 2524 haerens
1138 2496 1265 2524 soliditati
1283 2496 1411 2523 veritatis.
1427 2494 1501 2522 Sicut
1515 2502 1585 2521 aurae
1601 2494 1748 2529 lingttarum
1764 2493 1812 2519 lla-

1019 2543 1106 2570 verint
1117 2550 1132 2569 a
1145 2541 1295 2577 pectoribus
1310 2541 1491 2576 opinantium.
1506 2540 1540 2567 ita
1555 2539 1638 2567 fertur
1650 2544 1676 2566 et
1690 2538 1811 2571 vertitur,

1020 2591 1157 2624 torquetur
1171 2596 1202 2616 ac
1215 2592 1395 2624 retorquetnr,
1410 2590 1438 2615 et
1452 2586 1621 2614 obnubilatnr
1633 2586 1657 2615 ei
1671 2586 1769 2617 lumen,
1787 2590 1814 2612 et.

1019 2641 1072 2662 non
1085 2634 1202 2662 cernitur
1211 2633 1318 2661 veritas.
1333 2632 1366 2661 Et
1378 2640 1439 2661 ecce
1449 2637 1490 2660 est
1500 2636 1561 2660 ante
1571 2639 1629 2659 nos.
1643 2628 1676 2659 Et
1687 2638 1811 2667 magnum

1019 2680 1144 2716 quiddam
1164 2679 1229 2707 mihi
1247 2683 1321 2712 ent,
1340 2679 1363 2707 si
1378 2686 1467 2707 sermo
1480 2686 1556 2706 meus
1566 2682 1594 2706 et
1605 2678 1691 2706 studia
1704 2685 1762 2705 mea
1777 2678 1812 2705 illi

1018 2727 1077 2755 viro
1085 2727 1292 2754 innotescerent.
1304 2725 1368 2760 Quae
1381 2727 1403 2753 sl
1417 2724 1551 2761 probaret,
1561 2724 1701 2761 ﬂagrarem
1712 2724 1811 2760 magis;

1050 2816 1060 2832 ί
1069 2815 1107 2845 sic,
1121 2814 1234 2840 scribitur
1250 2814 1276 2839 in
1284 2813 1391 2839 editione
1400 2816 1455 2840 ων.
1466 2817 1492 2840 et
1499 2814 1531 2847 _in
1541 2817 1598 2847 tis.
1609 2813 1742 2847 plerisque.
1753 2818 1779 2840 Αι
1789 2814 1814 2840 In

1018 2847 1073 2872 Bad.
1083 2850 1134 2870 Am.
1143 2849 1181 2870 Er.
1192 2850 1245 2877 Arn.
1255 2849 1281 2870 et
1287 2849 1388 2877 quatuor
1396 2850 1458 2876 Mss,
1469 2845 1594 2877 (theriam,

1051 2879 1061 2894 ²
1070 2881 1095 2902 ln
1103 2877 1170 2907 Μὰ,
1180 2876 1271 2908 doctor.
1288 2875 1314 2901 in
1322 2877 1416 2901 duobus
1423 2879 1476 2902 Mss.
1494 2880 1559 2906 Lov.,
1569 2875 1671 2902 dictator
1683 2880 1813 2908 :oorrupte

1020 2908 1113 2944 scilicet
1122 2915 1165 2944 pro
1173 2907 1346 2944 dictorgquam
1360 2915 1449 2944 vocem
1456 2911 1593 2934 nostrorum
1609 2907 1718 2934 codicum
1733 2907 1814 2934 ludo-

1021 2943 1094 2966 ritate
1102 2943 1234 2965 restituere
1243 2943 1321 2966 visum
1329 2943 1377 2965 est.
