4116 6366
544 294 648 355 695

543 433 702 473 sanus
727 423 893 491 factus
910 440 997 493 es;
1021 428 1136 500 jam
1158 431 1263 488 noli
1290 450 1513 504 peccare,
1542 453 1604 491 ne
1633 439 1756 506 quid
1788 438 1876 492 tibi
1907 436 2124 490 deterius

546 510 804 583 contingat
831 513 1009 586 (Joan.
1040 536 1096 587 v,
1127 522 1246 594 14).
1277 525 1445 593 Quam
1470 538 1630 586 totam
1662 533 1734 587 illi
1756 535 2119 594 salubritatem

543 600 846 660 interficere
872 621 1152 680 conantur,
1180 631 1300 672 cum
1346 620 1530 676 dicunt
1558 640 1571 676 :
1599 624 1674 679 De
1715 627 1851 683 caelo
1897 630 1986 686 tibi
2039 641 2121 704 est

544 693 866 754 inevitabilis
895 717 1054 760 causa
1083 710 1366 778 peccandi;
1409 722 1483 782 et,
1517 715 1695 774 Venus
1726 720 1826 778 hoc
1862 721 2004 788 fecit,
2027 737 2118 782 aut

544 783 825 858 Saturnus,
854 803 944 848 aut
967 801 1124 852 Mars.
1153 799 1384 871 Scilicet,
1412 817 1469 861 ut
1504 807 1664 864 homo
1703 811 1819 869 sine
1845 817 1994 886 culpa
2024 821 2111 888 sit,

541 891 666 933 caro
687 890 738 935 et
765 889 978 955 sanguis
1007 898 1060 943 et
1075 893 1298 960 superba
1327 899 1580 967 putredo;
1605 903 1896 973 culpandus
1925 912 1994 964 sit
2015 927 2112 967 au-

538 977 646 1025 tem
673 975 793 1028 caeli
822 992 884 1031 ac
907 979 1137 1036 siderum
1167 997 1375 1042 creator
1398 999 1450 1044 et
1475 993 1764 1052 ordinator.
1795 999 1863 1054 Et
1888 1003 2006 1073 quis
2031 1014 2114 1061 est

538 1061 646 1129 hic,
679 1067 780 1120 nisi
810 1070 946 1125 Deus
991 1083 1192 1143 noster,
1224 1080 1456 1136 suavitas
1496 1093 1550 1139 et
1573 1088 1721 1157 origo
1749 1091 1988 1160 justititc,
2019 1097 2110 1166 qui

539 1154 722 1210 reddis
747 1159 1029 1232 unicuique
1071 1168 1360 1226 secundum
1391 1188 1549 1243 Opera
1598 1154 1714 1248 ejus
1739 1154 2105 1256 Matt/iaxvt,

945 1231 955 1232 ,
1428 1231 1440 1243 .
1610 1231 1646 1248 κο
1690 1231 1708 1234 ~
1741 1231 1960 1252 \r—"m"
1994 1231 2105 1256 -νιν

481 1231 496 1241 ’
529 1243 658 1316 2'7).
707 1256 762 1302 et
797 1265 891 1305 cor
937 1257 1221 1314 contritum
1275 1270 1329 1318 et
1378 1264 1709 1328 humiliatum
1735 1280 2106 1347 non'spcrnist

525 1335 542 1402 (
568 1333 715 1392 Psal.
743 1355 792 1405 ι,
829 1342 939 1414 l9.)

599 1428 652 1480 5.
683 1429 812 1486 Erat
852 1448 917 1490 eo
966 1446 1201 1510 tempore
1250 1449 1332 1501 vir
1373 1465 1533 1520 sagax
1567 1451 1640 1527 (a)
1667 1498 1682 1523 ,
1713 1459 1934 1517 medicae
1973 1466 2101 1523 artis

533 1518 910 1592 peritissimus,
955 1539 1114 1601 atque
1155 1535 1208 1589 in
1236 1551 1298 1591 ea
1325 1542 1702 1614 nobilissimus,
1735 1552 1824 1621 qui
1851 1569 1946 1623 pro
1975 1571 2104 1612 con-

521 1609 636 1664 sule
663 1612 681 1643 ⁸
707 1627 864 1670 manu
889 1633 981 1674 sua
1010 1638 1259 1684 coronam
1289 1631 1429 1688 illam
1460 1640 1802 1707 agonisticam
1831 1646 2101 1719 imposue-

518 1707 603 1755 rat
627 1718 732 1759 non
774 1721 906 1762 sano
939 1715 1098 1783 capiti
1128 1734 1269 1787 meo,
1302 1724 1400 1778 sed
1447 1743 1550 1783 non
1580 1741 1639 1786 ut
1680 1737 1936 1793 medicus.
1967 1743 2096 1800 Nam

514 1790 656 1849 illius
684 1801 853 1854 morbi
885 1811 936 1858 tu
969 1819 1200 1880 sanator,
1224 1817 1314 1884 qui
1343 1820 1546 1877 resistis
1584 1831 1845 1898 superbis,
1882 1835 2095 1894 humili-

513 1881 613 1939 bus
657 1899 832 1946 autem
863 1893 958 1950 das
985 1901 1207 1967 gratiam
1269 1907 1289 1960 l
1316 1906 1456 1964 Petr.
1504 1929 1558 1978 v,
1585 1881 1676 1989 5)‘.

512 1989 636 2030 men
664 1979 822 2036 etiam
853 2001 946 2054 per
971 1988 1115 2045 illum
1158 2009 1342 2052 senem
1371 1999 1582 2060 defuisti
1625 1979 1777 2078 inibi,
1817 1979 1908 2071 aut
1932 2017 2081 2076 desti-

514 2064 624 2120 tisti
651 2071 851 2128 mederi
877 2079 1068 2135 animae
1114 2087 1283 2141 meae?
1310 2089 1442 2156 Quia
1485 2097 1625 2152 enim
1659 2099 1825 2159 factus
1868 2109 1914 2162 ei
1945 2126 2088 2168 eram

512 2153 843 2232 familiarior,
869 2177 921 2222 et
941 2171 1055 2239 ejus
1085 2181 1421 2236 sermonibus
1448 2183 1468 2255 (
1484 2199 1635 2243 erant
1662 2193 1803 2248 enim
1830 2197 1945 2254 sine
1970 2217 2065 2257 ver

511 2247 698 2306 borum
725 2258 866 2312 cultu
891 2262 1166 2324 vivacitate
1203 2277 1582 2335 sententiarum
1627 2283 1846 2354 jucundi
1877 2300 1932 2347 et
1968 2310 2090 2365 gra-

511 2341 632 2365 -.--\
686 2361 726 2365 μμ
773 2349 784 2360 ⁸
809 2350 821 2365 ¹
1058 2358 1082 2365 ⁸
1219 2363 1226 2365 “

509 2341 633 2411 ves)
680 2349 923 2408 assiduus
963 2365 1014 2410 et
1051 2358 1187 2416 fixus
1215 2363 1572 2440 inhaerebam;
1621 2341 1706 2432 ubi
1735 2341 1999 2452 cognovi:
2021 2404 2086 2444 ex

507 2432 772 2506 colloquio
794 2456 915 2497 meo
943 2446 1089 2504 libris
1104 2455 1553 2522 genethliacorum
1574 2481 1692 2523 esse
1715 2432 2084 2546 meudeditum,

507 2521 688 2546 ιΑ-,Αη
707 2543 722 2546 ,
939 2544 945 2546 Α

503 2521 730 2595 benigne
758 2547 820 2586 ac
864 2544 1081 2604 paterne
1109 2521 1314 2602 monuit
1343 2561 1398 2606 ut
1443 2569 1536 2609 eos
1579 2559 1885 2631 abjicerem,
1915 2522 2085 2640 neque

501 2629 683 2674 curam
711 2632 993 2695 etoperam
1023 2635 1180 2692 rebus
1206 2642 1423 2699 utilibus
1446 2654 1816 2721 necessariam,
1835 2659 1908 2713 illi
1938 2667 2072 2719 vani-

505 2709 599 2762 tati
624 2709 816 2769 frustra
849 2719 1211 2789 impenderem
1233 2748 1246 2783 :
1269 2733 1448 2791 dicens
1478 2741 1546 2795 ita
1573 2758 1630 2798 se
1651 2746 1793 2802 illam
1812 2750 2080 2826 didicisse,

508 2807 565 2826 ..ι
598 2803 707 2826 ηε---
739 2824 794 2826 _,,
813 2825 818 2826 ,
839 2811 858 2826 ι·
945 2815 956 2826 ο
1209 2824 1219 2826 -

1822 2803 1830 2804 ί
1853 2803 1858 2804 ⁷
1873 2803 1940 2808 "“
1955 2803 2080 2826 """

508 2807 568 2854 ut
594 2803 710 2873 ejus
739 2811 1116 2876 professionem
1144 2824 1326 2889 primis
1353 2831 1505 2886 annis
1532 2839 1710 2893 mtatis
1735 2856 1844 2897 sua:
1873 2845 2080 2905 deferre

496 2892 770 2965 voluisset,
817 2918 918 2972 qua
948 2899 1107 2965 vitam
1139 2914 1385 2987 degeret;
1428 2932 1482 2977 et
1510 2927 1553 2980 si
1599 2928 1968 3002 Hippocratem
1995 2942 2080 2997 in-

497 2984 812 3057 tellexisset,
870 3005 923 3050 et
968 2998 1086 3056 illas
1132 2984 1312 3078 utique
1353 3013 1555 3072 litteras
1593 2984 1829 3090 ροῖιῖίεεε
1883 3031 2080 3090 intelli-

497 3089 624 3142 gere
649 3079 670 3110 ⁸
705 3097 719 3135 :
769 3093 822 3137 et
844 3093 1018 3144 tamen
1047 3109 1149 3150 non
1171 3099 1240 3153 ob
1259 3103 1416 3159 aliam
1441 3123 1654 3168 causam
1697 3134 1754 3173 se
1791 3133 1989 3190 postea,
2015 3129 2078 3182 il-

497 3163 559 3190 I:..
584 3169 778 3190 _-Ie-.!_
933 3179 964 3190 ι.
1003 3183 1014 3190 .

1515 3163 1523 3164 ,
1697 3163 1754 3173 ,ν
1825 3163 1989 3190 ww“,
2015 3163 2074 3182 ..-

493 3163 562 3220 lis
584 3169 802 3240 relictis,
827 3179 1140 3240 medicinam
1163 3205 1480 3265 assecutum,
1504 3203 1604 3257 nisi
1631 3209 1770 3277 quod
1787 3163 1876 3268 eas
1898 3215 2074 3275 falsis-

1468 3257 1479 3265 ,
1637 3257 1770 3277 ,ιν-ν-
1790 3257 1876 3268 ν-ιδ
1898 3257 2072 3275 επινιξι-

492 3257 653 3315 simas
708 3275 1092 3344 comperisset,
1133 3288 1186 3334 et
1229 3285 1392 3342 nollet
1427 3293 1508 3346 vir
1546 3300 1723 3366 gravis
1748 3303 2072 3376 decipiendis

492 3347 788 3376 I.-._:‘2|.---
861 3364 873 3376 ο
917 3375 922 3376 γ

1547 3347 1638 3366 υ---
1657 3347 1722 3354 .--
1749 3347 2057 3376 ..νωμυηυη

492 3347 794 3414 hominibus
823 3364 1017 3423 victum
1041 3386 1296 3440 quaerere.
1319 3380 1386 3434 At
1407 3394 1479 3452 tu,
1505 3386 1694 3458 inquit,
1717 3411 1816 3464 quo
1839 3401 1953 3454 tein
1977 3403 2057 3458 ho-

490 3443 709 3502 minibus
724 3457 1022 3526 sustentas',
1052 3465 1351 3525 rhetoricam
1367 3484 1542 3544 tenes;
1569 3443 1699 3537 lianc
1719 3443 1885 3543 autem
1915 3495 2060 3562 [alla-

491 3535 618 3562 ,ει-,η
653 3538 712 3562 ,_.,
850 3557 861 3562 _
923 3552 954 3562 ..

1523 3535 1535 3544 ,
1658 3535 1687 3537 κ-
1915 3535 2060 3562 ,.......—

487 3535 619 3590 ciam
647 3538 800 3598 libero
817 3552 1002 3614 studio,
1025 3571 1124 3610 non
1144 3564 1431 3620 necessitate
1449 3570 1522 3622 rei
1540 3574 1810 3639 familiaris
1825 3587 2029 3640 sectaris
2046 3606 2066 3654 ;

501 3642 599 3697 quo
617 3636 776 3704 magis
797 3640 920 3695 mihi
955 3653 1001 3697 te
1021 3659 1216 3716 Oportet
1245 3653 1307 3709 de
1327 3656 1417 3710 illa
1448 3636 1669 3731 credere,
1702 3670 1789 3738 qui
1825 3689 1935 3728 eam
1963 3636 2065 3732 tan;

485 3725 705 3792 perfecte
738 3729 926 3787 discere
958 3739 1226 3807 elaboravi,
1252 3763 1404 3816 quam
1422 3767 1484 3804 ea:
1508 3771 1565 3807 ea
1580 3757 1690 3812 sola
1710 3761 1871 3817 vivere
1906 3769 2061 3823 volui.

479 3811 522 3865 A
552 3830 657 3882 quo
682 3833 779 3888 ego
803 3838 920 3879 cum
968 3833 1278 3898 quresissem
1301 3857 1419 3910 quae
1450 3859 1606 3902 causa
1634 3866 1760 3922 ergo
1788 3855 1985 3915 faceret
2007 3871 2064 3918 ut

484 3905 651 3960 multa
695 3909 819 3968 inde
847 3931 970 3972 vera
1020 3930 1517 4002 pronuntiarentur;
1564 3944 1837 4012 respondit
1865 3949 1973 4015 ille,
2004 3962 2061 4008 ut

478 3999 670 4064 potuit,
704 4004 806 4058 vim
838 4013 996 4066 sortis
1017 4013 1120 4072 lioc
1150 4018 1323 4078 facere
1355 4026 1405 4080 in
1437 4045 1613 4088 rerum
1641 4045 1826 4095 natura
1865 4061 2066 4117 usquen

478 4103 688 4117 “MM
739 4097 834 4117 ,εκ
1033 4107 1084 4117 η.
1199 4115 1208 4117 -

1407 4269 1428 4282 ⁸
1933 4269 2051 4289 Μ...ι

477 4269 613 4327 forte
642 4279 760 4346 quis
784 4288 1028 4355 consulit,
1053 4293 1366 4355 mirabiliter
1389 4319 1654 4366 consonus
1674 4319 1884 4386 negotio
1910 4311 2052 4394 smne

1742 4373 1771 4386 υ
1923 4373 2048 4394 “re

471 4379 659 4424 versus
711 4373 905 4443 exiret;
964 4384 1260 4443 mirandum
1311 4410 1415 4450 non
1455 4414 1573 4455 esse
1619 4403 1846 4478 dicebat,
1896 4415 1940 4469 si
1985 4433 2048 4472 ex

469 4459 647 4517 anima
675 4461 924 4540 humana,
951 4478 1222 4545 superiore
1265 4486 1442 4558 aliquo
1475 4490 1748 4567 instinctu,
1777 4507 2049 4564 nesciente

478 4549 602 4622 (ιυίά
647 4559 694 4610 in
723 4575 778 4608 $9-
806 4562 974 4629 πεῖθε,
1008 4584 1111 4624 non
1137 4582 1251 4629 arte
1287 4549 1381 4635 sed
1407 4593 1551 4640 sorte
1597 4603 1812 4650 sonaret
1848 4599 2043 4670 aliquid

478 4646 602 4670 ...,,,.
625 4648 810 4670 ,μμ-η
931 4659 965 4670 -.
1079 4662 1096 4670 -
1212 4667 1228 4670 -

462 4646 603 4713 quod
623 4648 993 4727 interrogantis
1019 4662 1177 4722 rebus
1203 4667 1458 4744 factisque
1481 4646 1808 4742 concineret.

515 5084 534 5116 ί
557 5093 652 5137 pro
665 5091 856 5157 torrente
871 5128 886 5150 ,
915 5095 1054 5157 juxta
1070 5103 1145 5148 Er.

449 5157 740 5214 emunitam
758 5189 773 5214 ,
801 5156 940 5214 juxta
961 5163 1068 5208 Lov.
1104 5169 1158 5211 M.

514 5209 1026 5302 ;Siq‘l:gendum’cutn
1057 5209 1330 5302 Mss._.ltngl.
1363 5254 1426 5264 —
1455 5230 1528 5302 sic
1559 5235 1704 5284 etiam
1719 5239 1858 5302 juxta
1875 5244 1906 5292 6
1924 5253 2027 5298 Mss.

447 5266 864 5402 2,05%:ij
893 5266 936 5328 τί
1169 5266 1528 5341 sessim”:
1544 5266 1962 5365 ﬁf‘ﬁf‘i‘m“
1875 5266 1906 5292 ⁰
1924 5266 2042 5381 θ’ἓξ

843 5403 980 5466 juxta
1005 5415 1112 5459 Lov.
1134 5417 1186 5462 et
1217 5412 1362 5462 Rond.
1415 5421 1470 5465 Μ.
1528 5432 1532 5437 ·
2028 5405 2037 5448 ί

508 5453 692 5552 L233:
702 5453 1186 5552 ίθᾲῐέξὲἐῶθῗιῖέ
1199 5453 1618 5542 ﬁliamﬁliam
1648 5499 1906 5552 perperam
1923 5493 2016 5543 sur

441 5512 692 5582 {rigantur

506 5596 805 5697 Σαξιδῗξξίὶῗὲίι
816 5610 1189 5697 ξζἚξῖἓΞίέξιιέἕξῖῖί
1205 5622 1873 5697 Ροιιξίιιερίξδιθθρρείειιιθιυε
1881 5638 2003 5689 lib-7

702 5669 762 5718 ab
781 5661 1051 5739 Augustino
1062 5661 2001 5758 famillih's7ﬁ'i587ii‘."§:?a"§iéi

1177 5102 1323 5165 Lugd.
1344 5069 1460 5156 ven.
1497 5112 1741 5164 Benedict.
1778 5125 2035 5174 Procmtsul

1957 5880 1963 5891 ,
1987 5858 2004 5884 ἲ

1631 311 2140 371 CONFESSIONUM
2177 313 2235 373 S.
2263 317 2318 377 ’Δ
2329 322 2645 388 UGUSTINI

3721 357 3826 415 696

2235 439 2578 503 charissimus
2624 465 2774 509 meus
2813 451 3136 527 Nebridius,
3183 462 3495 534 adolescens
3535 472 3690 530 valde
3720 475 3816 532 bo-

2227 545 2329 586 nus
2353 545 2408 589 et
2437 539 2588 594 valde
2630 553 2817 600 cautus
2843 547 2860 579 ⁸
2884 587 2902 615 ,
2930 547 3160 608 irridens
3191 563 3357 612 totum
3387 559 3513 617 illud
3542 564 3818 624 divinatio-

2183 606 2192 614 ’
2227 624 2310 679 nis
2338 641 2524 696 genus,
2558 606 3036 700 persuadere'mihi
3065 606 3358 714 potuerunt
3385 660 3444 708 ut
3472 654 3586 712 hanc
3611 659 3812 730 abjice-

2224 731 2339 772 rem
2370 736 2382 772 :
2413 724 2662 791 quoniam
2709 744 2796 784 me
2841 733 3070 803 amplius
3111 736 3350 806 ipsorum
3397 724 3815 810 auctorumva-

2221 808 2382 864 vebat
2401 816 2687 873 auctoritas
2711 835 2725 884 ;
2752 828 2807 875 et
2840 825 3039 880 nullum
3069 839 3276 886 certum
3316 837 3471 904 quale
3495 845 3796 909 quaerebam

2220 899 2593 962 documentum
2607 910 2780 967 adhuc
2800 914 3126 987 inveneram,
3142 938 3247 992 quo
3261 899 3390 981 mibi
3408 899 3530 984 sine
3551 935 3811 1006 ambigui-

2220 997 2325 1046 tate
2345 1008 2658 1066 appareret,
2689 1017 2808 1073 quae
2834 1006 2902 1061 ab
2932 1009 3009 1064 eis
3032 1014 3290 1070 consultis
3319 1033 3444 1074 vera
3483 997 3804 1098 dicerentur,

2220 1083 2354 1142 τοι-ιθ
2382 1090 2464 1144 vel
2509 1102 2674 1160 sorte,
2704 1112 2810 1152 non
2839 1110 2954 1157 arte
3003 1103 3364 1174 inspectorum
3390 1113 3625 1171 siderum
3651 1119 3775 1176 diei.

2797 1190 3026 1249 CAPUT
3064 1196 3152 1252 ιν.

2224 1264 2450 1325 "orbum
2487 1283 2536 1329 et
2571 1275 2872 1345 baptismum
2909 1286 3060 1340 amici
3096 1301 3290 1358 narrat,
3315 1311 3460 1366 quem
3495 1300 3648 1354 etiam
3697 1308 3803 1362 suis

2280 1366 2531 1420 erroribus
2559 1369 2865 1439 involverat;
2891 1394 3044 1445 eoque
3065 1394 3225 1438 morte
3259 1389 3473 1452 sublato.
3505 1393 3645 1450 dolet
3682 1415 3800 1468 gra-

2279 1453 2495 1511 vissime.
2526 1458 2777 1520 Mirabilis
2802 1467 3022 1537 eﬁicacia
3053 1480 3353 1532 sacramenti
3372 1479 3643 1554 Baptismi.

2280 1543 2331 1598 7.
2372 1546 2428 1600 In
2462 1549 2564 1605 illis
2607 1555 2780 1620 annis,
2813 1573 2917 1628 quo
2945 1561 3172 1630 primum
3206 1576 3444 1639 tempore
3475 1575 3526 1628 in
3568 1581 3794 1635 munici-

2207 1635 2295 1703 pio
2322 1652 2426 1707 quo
2455 1649 2607 1697 natus
2644 1660 2762 1700 sum
2797 1647 2990 1706 docere
3026 1669 3312 1726 coeperam,
3361 1677 3790 1735 comparaveratn

2202 1725 2432 1782 amicum
2471 1733 2721 1790 societate
2751 1739 3046 1798 studiorum
3086 1746 3244 1801 nimis
3280 1751 3520 1820 charum,
3553 1772 3789 1815 cna-vum

2202 1815 2332 1870 mihi
2359 1827 2411 1873 et
2438 1823 2816 1882 conﬂorentem
2849 1830 2981 1887 ﬂore
3007 1834 3397 1895 adolescentim.
3429 1844 3632 1902 Mecum
3662 1866 3791 1920 puer

2200 1919 2459 1977 creverat,
2502 1926 2557 1969 et
2591 1920 2787 1985 pariter
2829 1921 2881 1975 in
2921 1924 3158 1982 scholam
3204 1929 3455 1999 ieramus,
3488 1939 3789 2011 pariterque

2204 1998 2515 2060 luseramus.
2554 2006 2657 2064 Sed
2699 2013 2934 2070 nondum
2975 2027 3091 2074 erat
3118 2021 3196 2076 sic
3235 2026 3458 2095 amicus,
3486 2045 3788 2103 quanquam

2199 2105 2268 2146 ne
2291 2099 2416 2149 tunc
2439 2097 2655 2166 quidem
2680 2102 2839 2158 sicuti
2870 2115 2952 2162 est
2976 2125 3100 2166 vera
3129 2114 3396 2184 amicitia;
3423 2122 3543 2190 quia
3571 2139 3680 2179 non
3705 2135 3788 2184 est

2197 2197 2342 2250 vera,
2388 2189 2490 2243 nisi
2530 2206 2652 2247 cum
2694 2210 2814 2250 eam
2859 2207 2916 2254 tu
2955 2204 3251 2274 agglutinas
3296 2209 3438 2266 inter
3466 2213 3784 2274 inluerentes

2196 2273 2309 2343 tibi,
2339 2277 2596 2339 cltaritate
2616 2285 2718 2339 dill‘
2717 2303 2810 2344 usa
2838 2291 2891 2344 in
2913 2273 3162 2351 cordibus
3184 2303 3382 2358 nostris
3407 2320 3502 2373 per
3529 2307 3783 2377 Spiritum

2194 2379 2434 2426 sanctum
2466 2375 2556 2444 qui
2590 2377 2744 2433 datus
2778 2391 2859 2436 est
2887 2385 3041 2440 nobis
3067 2386 3242 2458 (Rom.
3280 2409 3334 2458 v,
3363 2396 3441 2461 5).
3469 2375 3582 2454 Sed
3607 2409 3781 2460 tamen

2192 2459 2362 2518 dulcis
2376 2476 2492 2521 erat
2515 2469 2690 2536 nimis,
2719 2484 2898 2530 coacta
2917 2479 2936 2508 ²
2967 2478 3173 2538 fervore
3193 2487 3438 2553 parilinm
3457 2493 3774 2552 studiorum.

2190 2551 2323 2610 Nam
2353 2566 2405 2612 et
2429 2573 2459 2612 a
2485 2559 2590 2616 fide
2624 2579 2772 2632 vera,
2804 2584 2961 2636 quam
2989 2587 3094 2626 non
3128 2551 3454 2644 germanitus
3490 2593 3543 2638 et
3572 2589 3778 2655 penitus

2190 2643 2500 2703 adolescens
2532 2655 2763 2720 tenebat,
2796 2657 3114 2717 deﬂexeram
3137 2643 3252 2736 ego
3278 2683 3400 2725 eum
3430 2672 3483 2726 in
3517 2643 3776 2746 supersti-

2189 2735 2351 2791 tiosas
2375 2739 2592 2795 fabellas
2617 2752 2671 2798 et
2705 2749 3053 2818 perniciosas,
3098 2735 3313 2827 propter
3335 2776 3466 2831 quas
3494 2735 3776 2840 plangebat

2187 2839 2274 2882 me
2301 2839 2487 2884 mater.
2508 2831 2710 2889 Mecum
2735 2837 2844 2905 jam
2875 2843 3090 2898 errabat
3110 2845 3160 2899 in
3189 2849 3367 2904 animo
3395 2851 3554 2908 homo
3579 2857 3688 2925 ille,
3719 2869 3774 2916 et

2187 2933 2294 2972 non
2320 2929 2524 2990 poterat
2546 2926 2719 2981 anima
2750 2945 2868 2984 mea
2895 2932 3009 2988 sine
3037 2935 3147 2990 illo.
3178 2939 3244 2993 Et
3269 2955 3394 2997 ecce
3416 2953 3470 2998 tu
3491 2946 3770 3006 imminens

2184 3007 2346 3064 dorso
2400 3011 2737 3083 fugitivorum
2781 3029 3025 3091 tuorum,
3069 3027 3208 3084 Deus
3250 3033 3509 3091 ultionum
3553 3049 3608 3094 et
3651 3039 3777 3097 fons

2183 3101 2664 3163 misericordiarum
2699 3111 2876 3178 simul,
2907 3117 2997 3186 qui
3023 3124 3323 3178 convertis’
3352 3141 3450 3182 nos
3477 3129 3544 3184 ad
3575 3140 3628 3186 te
3652 3137 3760 3188 mi-

2181 3192 2257 3247 ris
2282 3195 2484 3263 modis;
2525 3214 2650 3256 ecce
2676 3203 2940 3259 abstulisti
2973 3208 3242 3268 hominem
3265 3214 3332 3270 de
3365 3216 3466 3273 bac
3485 3220 3614 3288 vita,
3641 3239 3766 3280 cum

2180 3284 2266 3338 vix
2301 3287 2620 3358 explevisset
2651 3309 2845 3350 annum
2874 3298 2924 3352 in
2949 3302 3188 3365 amicitia
3226 3321 3366 3374 mea,
3399 3314 3587 3368 suavi‘
3625 3319 3756 3374 mihi

2177 3388 2340 3445 super
2358 3394 2544 3436 omnes
2564 3387 2852 3442 suavitates
2884 3390 3025 3446 illius
3049 3393 3170 3450 vita:
3199 3412 3352 3454 mete.

2246 3466 2302 3522 8.
2341 3468 2469 3537 Quis
2496 3472 2679 3529 laudes
2702 3487 2818 3533 tuas
2841 3492 3118 3539 enumerat
3151 3501 3306 3552 unus.
3331 3489 3384 3544 in
3415 3506 3475 3548 se
3498 3510 3604 3551 uno
3630 3513 3760 3567 quas

2175 3570 2424 3629 expertus
2453 3565 2566 3618 est?
2591 3568 2726 3635 Quid
2757 3581 2880 3627 tunc
2904 3573 3094 3643 fecisti,
3139 3579 3279 3636 Deus
3308 3600 3475 3652 meus,
3509 3597 3563 3644 et
3599 3565 3756 3662 quam

2175 3648 2556 3722 investigabilis
2582 3659 2802 3729 abyssns
2824 3663 3143 3731 judiciorum
3175 3676 3425 3730 tuorum?
3453 3679 3582 3734 Cum
3612 3685 3754 3740 enim

2171 3741 2438 3802 laboraret
2463 3748 2551 3803 ille
2578 3751 2827 3820 febribus,
2847 3755 3014 3824 jacuit
3035 3760 3124 3815 diu
3155 3763 3270 3820 sine
3295 3782 3453 3824 sensu
3482 3771 3533 3826 in
3560 3776 3754 3832 sudore

2171 3830 2334 3889 letali.
2364 3838 2429 3892 Et
2467 3855 2586 3894 cum
2613 3842 3010 3917 desperaretur,
3041 3851 3333 3922 baptizatus
3376 3871 3458 3916 est
3485 3867 3746 3934 nesciens,

2169 3938 2258 3978 me
2282 3941 2388 3981 non
2409 3940 2648 3996 curante,
2674 3944 2727 3990 et
2747 3951 3101 4005 praesumentc
3120 3945 3170 4000 id
3194 3951 3422 4007 retinere
3448 3958 3622 4023 potius
3640 3961 3752 4014 ani-

2168 4030 2309 4070 mam
2335 4019 2450 4088 ejus
2469 4024 2606 4092 quod
2633 4041 2661 4079 a
2691 4043 2774 4082 me
2803 4045 3098 4103 acceperat,
3133 4053 3240 4094 non
3259 4044 3398 4110 quod
3431 4046 3482 4101 in
3506 4051 3748 4106 nescien-

2165 4107 2232 4162 tis
2270 4124 2494 4181 corpore
2521 4116 2696 4172 fiebat.
2724 4119 2907 4193 Longe
2940 4137 3114 4182 autem
3148 4107 3303 4187 aliter
3329 4145 3475 4203 erat;
3506 4155 3627 4196 nam
3663 4159 3748 4199 re-

2077 4219 2091 4232 ε
2162 4210 2372 4258 creatus
2408 4215 2490 4260 est
2528 4216 2582 4262 et
2621 4212 2799 4268 salvus
2839 4215 3030 4274 factus.
3081 4221 3377 4297 Statimque
3425 4240 3480 4285 ut
3521 4235 3744 4303 primum

2160 4305 2281 4348 cum
2309 4311 2374 4351 eo
2403 4298 2543 4369 loqui
2583 4305 2727 4370 potui
2756 4308 2924 4374 (potui
2959 4321 3135 4368 autem
3175 4332 3300 4373 mox
3330 4329 3385 4375 ut
3423 4298 3737 4396 ille‘potuit,

2157 4387 2368 4454 quando
2396 4406 2500 4446 non
2533 4393 2887 4463 discedebam,
2913 4410 2965 4455 et
2990 4405 3148 4461 nimis
3181 4387 3624 4477 pendebamus-ex
3651 4387 3735 4474 in:

2157 4475 2370 4548 vicem),
2416 4485 2610 4538 tentavi
2644 4487 2781 4555 apud
2818 4475 3243 4573 illum-irridere,
3279 4510 3524 4573 tanquam
3565 4517 3618 4562 et
3646 4510 3735 4566 illo

2155 4563 2376 4622 irrisnro
2423 4587 2628 4629 mecum
2675 4570 3000 4647 Baptismum
3041 4602 3196 4655 quem
3240 4605 3516 4663 acceperat
3559 4610 3737 4658 mente

2151 4666 2309 4727 atque
2329 4676 2489 4718 sensu
2507 4667 2926 4739 abscntissimus,
2952 4677 3044 4731 sed
3070 4687 3247 4736 tamen
3264 4685 3371 4752 jam
3389 4701 3448 4744 se
3467 4694 3737 4763 accepisse

2149 4747 2422 4807 didicerat.
2455 4757 2523 4810 At
2561 4758 2652 4814 ille
2681 4761 2752 4816 ita
2781 4779 2869 4819 me
2897 4766 3176 4824 exhorruit
3204 4747 3279 4826 ut-
3301 4747 3612 4844 inimicum,-
3632 4786 3731 4838 ad-

2149 4844 2456 4914 monuitque
2485 4849 2711 4906 mirabili
2741 4863 2794 4909 et
2816 4859 3092 4926 repentina
3124 4861 3383 4934 libertate,
3418 4879 3478 4925 ut
3515 4873 3559 4926 si
3593 4877 3726 4930 ami-

2147 4945 2240 4987 cus
2265 4949 2384 4991 esse
2411 4939 2624 5008 vellem,
2657 4946 2779 5000 talia
2808 4949 2906 5005 sibi
2934 4951 3116 5008 dicere
3146 4955 3467 5015 desinerem.
3500 4964 3609 5035 Ego
3635 4984 3726 5022 au-

2145 5030 2251 5077 tem
2287 5028 2612 5097 stupefactus
2641 5045 2800 5106 atque
2830 5043 3089 5111 turbatus,
3131 5044 3314 5103 distuli
3339 5067 3526 5109 omnes
3544 5028 3726 5115 motus

2143 5128 2310 5181 meos,
2354 5129 2410 5173 ut
2436 5125 2830 5186 convalesceret
2863 5138 3029 5204 prius,
3069 5153 3320 5214 essetque
3352 5145 3573 5203 idoneus
3601 5151 3726 5204 viri-

2137 5203 2238 5260 bus
2267 5211 2583 5271 valetudinis
2626 5233 2745 5276 cum
2776 5203 2881 5294 quo
2905 5243 3063 5299 agere
3089 5203 3297 5304 possem
3337 5239 3478 5309 quod
3507 5242 3720 5298 vellem.

2147 5397 2150 5415 ί
2198 5339 2219 5416 ξ
2237 5347 2407 5416 ςωξςιε
2423 5379 2438 5405 ν
2453 5345 2594 5416 ivxta
2611 5358 2741 5404 Mart.
2760 5369 2869 5408 cum
2885 5360 2917 5410 3
2932 5368 3038 5414 Mss.
3074 5372 3130 5416 Μ.

2140 5399 2184 5500 ἑιι
2198 5399 3332 5500 ὶὲξθρῗὲζέἐὲξὲξηνἕὲέίτῖὀρῐηίριμε
3349 5433 3521 5500 ἀερίων
3537 5445 3718 5500 coacta.

2451 5459 2467 5470 _
2573 5459 2576 5460 ,
2595 5459 2614 5461 _
2635 5459 2648 5472 ,
2676 5459 2691 5463 _
2703 5459 2720 5465 ν
2738 5459 2911 5471 -..ν-...υ
2927 5459 3049 5475 ..νοω
3061 5459 3089 5475 α
3105 5459 3332 5490 υνωιυιισ
3349 5459 3521 5486 υιυιιω·
3537 5459 3717 5500 συααιι,

2301 5477 2638 5552 coagmentata
2659 5479 2884 5552 amicitia,
2909 5498 3054 5546 quam
3073 5497 3221 5552 cocta,
3259 5492 3375 5546 licet
3392 5497 3514 5548 hanc
3550 5513 3717 5551 vocem

2133 5526 2646 5621 ωξῗηρπωιεηηε.
2667 5563 2730 5574 _.
2760 5526 2887 5593 iiii-1’.
2911 5526 3712 5621 erasastzczzzaraarft;i

2256 5599 2282 5621 n
2333 5595 2344 5603 ⁴
2474 5604 2546 5621 Am
2622 5604 2659 5621 ν..
2719 5610 2761 5621 ,ι
2798 5610 2886 5621 .-η
2935 5609 3024 5621 ,.,,o
3115 5613 3123 5621 ι

2195 5772 2215 5802 ⁸
2232 5779 2305 5822 Er.
2326 5777 2470 5840 Ludg.
2490 5787 2608 5832 Ven.
2631 5790 2762 5849 Lov.,
2785 5796 2934 5843 suam.
