4116 6366
502 379 606 443 699

503 503 686 558 derum
704 499 755 554 in
777 511 990 552 arenam
1008 489 1236 550 animam
1259 491 1454 559 meaiii,
1477 483 1744 560 diligendo
1767 491 2082 542 meriturum

502 610 566 651 ac
594 594 638 648 si
667 608 772 647 non
794 588 1106 644 moriturum
1130 585 1153 639 ?
1181 584 1406 638 Maxime
1435 583 1628 652 quippe
1656 588 1742 635 me
1768 578 2086 650 reparabant

503 697 662 756 atque
691 679 1004 738 recreabant
1027 679 1249 733 aliorum
1276 675 1567 730 amicorum
1589 669 1797 738 solatia,
1828 677 1948 725 cum
1975 668 2091 740 qui-

504 779 605 834 bus
633 775 873 831 amabam
903 772 1041 844 quod
1068 785 1162 842 pro
1191 777 1241 824 te
1261 768 1502 823 amabam
1525 785 1536 820 :
1562 769 1616 821 et
1640 764 1739 820 hoc
1761 774 1872 819 erat
1900 765 2084 835 ingens

506 867 680 924 fabula
707 876 759 922 et
788 866 1002 936 longum
1049 861 1400 924 mendacium,
1446 859 1594 928 cujus
1622 852 1918 911 adulterina
1955 871 2088 910 con-

505 959 783 1016 fricatione
809 953 1245 1026 corrumpebatur
1275 966 1424 1008 mens
1454 955 1631 1004 nostra
1659 950 1901 1021 pruriens
1921 949 1972 1002 in
1995 963 2090 1003 au-

507 1051 675 1107 ribus.
711 1048 816 1104 Sed
863 1047 952 1101 iila
983 1045 1112 1102 mihi
1154 1043 1328 1098 fabula
1355 1049 1461 1096 non
1499 1039 1842 1103 moriebatur,
1884 1041 1927 1094 si
1970 1039 2087 1110 quis

506 1145 799 1198 amicorum
832 1155 1070 1194 meorum
1098 1146 1413 1192 moreretur.
1444 1135 1556 1189 Alia
1597 1139 1750 1189 erant
1784 1143 1903 1204 qua:
1933 1133 1983 1186 In
2011 1134 2088 1187 eis

506 1236 736 1307 amplius
763 1233 1040 1304 capiebant
1066 1231 1299 1286 animum
1337 1247 1348 1282 :
1378 1227 1604 1299 colloqui
1633 1235 1686 1282 et
1713 1226 2002 1307 corrigere,
2034 1231 2088 1280 et

509 1328 741 1384 vicissim
782 1324 1033 1381 benevole
1054 1321 1303 1392 obsequi;
1337 1321 1491 1375 simul
1520 1319 1694 1390 legere
1725 1299 1886 1374 Iibro‘s
1916 1317 2086 1372 dulci-

507 1421 716 1491 loquos,
763 1417 918 1472 simul
949 1416 1152 1488 nugari,
1181 1422 1235 1470 et
1275 1414 1430 1469 simul
1475 1413 1768 1478 honestari;
1807 1411 2088 1466 dissentire

506 1510 771 1568 interdum
802 1509 916 1564 sine
940 1507 1084 1572 odio,
1115 1518 1362 1576 tanquam
1388 1505 1500 1573 ipse
1524 1497 1680 1556 homo
1708 1518 1906 1567 secum,
1930 1507 2088 1570 atque

508 1603 623 1675 ipsa
687 1601 958 1657 rarissima
1025 1597 1356 1654 dissensione
1419 1595 1635 1650 condire
1711 1592 2088 1648 consensiones

507 1695 791 1767 plurimas;
819 1691 1012 1747 docere
1037 1689 1232 1760 aliquid
1275 1687 1518 1752 invicem,
1561 1687 1650 1740 aut
1679 1684 1882 1739 discere
1912 1684 1978 1739 ab
2005 1683 2088 1738 in-

506 1787 676 1842 vicem
698 1826 714 1851 ,
760 1773 1063 1840 desiderare
1093 1779 1340 1835 absentes
1366 1793 1485 1832 cum
1529 1777 1788 1842 molestia,
1820 1775 2090 1844 suscipere

510 1878 784 1933 venientes
810 1890 932 1928 cum
964 1872 1142 1927 laetitia
1192 1889 1205 1926 :
1242 1869 1324 1923 his
1351 1877 1508 1939 atque
1537 1865 1838 1936 hujusmodi
1869 1866 2033 1936 signis
2056 1879 2089 1921 a

509 1969 671 2025 corde
698 1967 986 2022 amantium
1023 1973 1076 2020 et
1120 1962 1506 2020 redamantium
1543 1959 1951 2031 procedentibus
1994 1965 2090 2028 per

509 2075 591 2127 os,
619 2075 714 2130 per
742 2059 996 2128 linguam,
1030 2071 1126 2126 per
1146 2054 1346 2118 oculos,
1377 2053 1430 2108 ei
1468 2052 1612 2108 mille
1653 2061 1828 2106 motus
1851 2050 2089 2122 gratissi—

509 2165 647 2220 mos,
673 2149 824 2222 quasi
848 2139 1117 2202 fomitibus
1142 2143 1372 2200 conflare
1401 2141 1628 2212 animos,
1675 2148 1728 2197 et
1763 2157 1827 2197 ex
1851 2141 2090 2213 pluribus

508 2255 671 2296 unum
691 2239 882 2294 facere.

1112 2321 1336 2383 CAPUT
1374 2321 1466 2381 IX.

640 2424 718 2484 De
742 2424 961 2478 humana
986 2421 1231 2476 amicitia.
1262 2417 1450 2474 Beatus
1475 2418 1560 2489 q‘ui
1583 2425 1719 2472 amat
1746 2419 1799 2472 iit
1825 2415 1954 2471 Deo.

581 2537 668 2593 14.
692 2536 802 2592 lIoc
826 2544 908 2591 est
931 2533 1071 2605 quod
1092 2532 1324 2601 diligitur
1349 2531 1400 2586 in
1427 2531 1632 2598 amicis,
1661 2539 1715 2585 et
1743 2530 1820 2584 sic
1835 2527 2085 2600 diligitur,

512 2637 570 2684 ut
598 2643 687 2684 rea
717 2628 817 2682 sibi
847 2627 916 2682 sit
953 2625 1182 2680 humana
1211 2621 1558 2689 conscientia,
1605 2621 1649 2676 si
1694 2636 1796 2676 non
1834 2620 2089 2676 amaverit

511 2719 896 2778 redamantem,
926 2724 1017 2770 aut
1043 2714 1088 2769 si
1126 2723 1392 2770 amantem
1424 2727 1526 2766 non
1553 2711 1924 2778 redamaverit,
1958 2709 2088 2766 nihil

507 2823 752 2880 quaerens
777 2823 839 2862 ex
867 2806 980 2875 ejus
1001 2819 1223 2875 corpore
1250 2814 1440 2874 praeter
1465 2801 1655 2858 indicia
1683 2802 2084 2858 benevolentiae.

509 2900 644 2955 llinc
673 2899 761 2955 ille
791 2898 980 2962 luctus,
1031 2896 1076 2950 si
1114 2895 1232 2964 quis
1277 2894 1566 2957 moriatur;
1595 2902 1649 2949 et
1677 2893 1909 2948 tenebrae
1939 2894 2088 2947 dolo-

508 3007 649 3056 rum,
677 2999 732 3045 et
758 3004 910 3044 versa
935 2987 1214 3042 dulcedine
1257 2986 1307 3040 in
1351 2984 1754 3040 amaritudinem
1795 3000 1886 3040 cor
1916 2983 2088 3038 madi-

507 3084 654 3146 dum,
678 3090 732 3136 et
758 3097 824 3136 ex
863 3079 1054 3135 amissa
1095 3077 1199 3132 vita
1242 3077 1578 3131 morientium
1606 3091 1751 3130 mors
1776 3075 2083 3130 viventium.

507 3175 703 3228 Beatus
741 3171 829 3241 qui
871 3179 1013 3224 amat
1052 3177 1123 3236 te,
1166 3177 1221 3224 et
1254 3168 1482 3222 amicum
1518 3167 1570 3222 in
1615 3175 1687 3232 te,
1729 3175 1783 3223 et
1813 3167 2087 3222 inimicum

507 3273 724 3334 propter
769 3272 838 3318 te.
884 3262 1039 3316 Solus
1075 3255 1220 3315 enim
1251 3259 1451 3315 nullum
1495 3258 1716 3314 charum
1744 3258 1956 3326 amittit,
2002 3257 2088 3312 cui

505 3370 695 3412 omnes
721 3355 770 3410 in
791 3355 876 3408 illo
897 3353 1042 3408 chari
1069 3363 1210 3420 sunt,
1239 3353 1326 3422 qui
1349 3367 1453 3406 non
1481 3351 1760 3407 amittitur.
1789 3352 1985 3421 thuis
2006 3358 2089 3406 est

506 3447 628 3513 iste,
661 3446 762 3501 nisi
789 3445 928 3501 Deus
947 3452 1149 3511 noster,
1170 3444 1311 3498 Deus
1326 3444 1413 3514 qui
1436 3443 1558 3498 fecit
1582 3443 1774 3499 ccelum
1796 3452 1849 3498 et
1866 3452 2082 3510 terram,

505 3547 560 3596 et
600 3538 785 3608 implet
815 3551 896 3604 ea,
943 3537 1066 3607 quia
1097 3535 1362 3604 implendo
1405 3551 1470 3592 ea
1514 3534 1636 3590 fecit
1677 3536 1782 3592 ea?
1827 3535 1901 3591 Te
1930 3551 2085 3591 nemo

504 3632 718 3698 amittit,
767 3632 867 3688 nisi
891 3632 980 3702 qui
1019 3631 1237 3686 dimittit
1272 3649 1285 3684 :
1315 3640 1368 3686 et
1401 3632 1488 3701 qui
1518 3631 1754 3697 dimittit,
1783 3646 1888 3702 quo
1910 3632 1969 3697 it,
1996 3639 2086 3688 aut

502 3739 608 3795 quo
656 3723 805 3795 fugit,
837 3724 938 3778 nisi
983 3738 1014 3776 a
1059 3731 1110 3777 te
1149 3721 1352 3792 placido
1389 3722 1456 3778 ad
1485 3730 1536 3777 te
1578 3722 1812 3777 iratum?
1838 3721 1966 3777 Nam
1998 3723 2085 3778 ubi

501 3831 610 3872 non
636 3815 835 3871 invenit
863 3814 1034 3885 legem
1063 3825 1206 3868 tuam
1235 3814 1289 3868 in
1318 3827 1475 3883 pinna
1515 3812 1646 3868 sua?
1675 3813 1743 3868 Et
1762 3813 1844 3868 lex
1877 3822 1963 3870 tua
1990 3829 2084 3870 ve-

501 3907 654 3975 ritas,
672 3916 726 3962 et
752 3906 946 3962 veritas
967 3913 1044 3961 tu.

1105 3995 1333 4052 CAPUT
1371 3994 1440 4051 X.

542 4089 744 4147 Labites
771 4098 1035 4156 creatum,
1067 4104 1158 4144 nec
1183 4089 1236 4142 in
1257 4089 1329 4142 eis
1350 4094 1509 4158 potest
1529 4086 1700 4141 anima
1725 4087 2046 4158 requiescere.

578 4207 666 4262 15.
698 4207 840 4261 Deus
869 4206 1143 4270 virtutum,
1171 4210 1421 4259 converte
1445 4215 1561 4268 nos,
1579 4207 1633 4258 et
1653 4201 1873 4257 ostende
1893 4201 2082 4257 faciem

501 4305 647 4353 tuam
677 4303 732 4352 et
770 4296 898 4350 salvi
925 4295 1124 4350 erimus
1157 4293 1322 4366 (Psat.
1357 4307 1548 4362 Lxxtx,
1578 4294 1656 4367 4).
1688 4293 1818 4348 Nam
1845 4303 2085 4363 quoquo-

503 4399 718 4444 versum
756 4401 816 4443 se
855 4387 1076 4441 Verterit
1102 4387 1274 4440 anima
1302 4385 1549 4451 hominis,
1581 4384 1649 4440 ad
1669 4384 1881 4440 dolores
1913 4384 2086 4454 [igitur

503 4481 629 4536 alibi
669 4487 1020 4551 praeterquam
1053 4479 1104 4532 in
1136 4485 1223 4544 te;
1274 4477 1482 4532 tametsi
1529 4477 1705 4547 figitur
1750 4477 1802 4530 in
1849 4475 2084 4546 pulchris

501 4582 651 4630 extra
678 4583 729 4628 te
765 4581 819 4628 et
843 4578 992 4628 extra
1017 4587 1095 4628 se.
1127 4572 1461 4640 Quae'tamen
1492 4571 1634 4626 nulla
1664 4578 1843 4627 essent
1877 4570 1978 4625 nisi
1999 4583 2086 4625 es-

499 4676 621 4722 sent
660 4667 758 4722 abs
797 4675 868 4734 te,
913 4680 1031 4736 quae
1060 4667 1303 4721 oriuntur
1348 4673 1402 4720 et
1455 4665 1722 4733 occidunt,
1772 4671 1828 4720 et
1862 4659 2085 4721 oriendo

500 4759 648 4830 quasi
675 4774 793 4814 esse
832 4758 1109 4828 incipiunt,
1144 4764 1199 4812 et
1240 4765 1489 4811 crescunt
1529 4765 1586 4810 ιιι
1629 4755 1984 4825 perficiantur,
2027 4765 2083 4811 et

500 4849 732 4923 perfecta
777 4861 1064 4908 senescunt
1091 4857 1146 4906 et
1174 4851 1440 4906 intereunt
1475 4868 1487 4905 :
1518 4859 1572 4906 et
1597 4865 1701 4904 non
1733 4841 1747 4882 ¹
1781 4850 1955 4904 omnia
1995 4865 2083 4906 se-

499 4952 750 5012 nescunt,
796 4954 850 4999 et
895 4939 1073 4998 omnia
1102 4942 1387 4997 intereunt.
1434 4939 1574 5012 Ergo
1601 4957 1720 4996 cum
1765 4943 2007 4996 oriuntur
2031 4949 2086 4997 et

500 5028 723 5091 tendunt
748 5052 901 5102 esse;
925 5051 1029 5107 quo
1053 5035 1221 5106 magis
1240 5035 1483 5090 celeriter
1507 5043 1755 5090 crescunt
1781 5042 1837 5088 ut
1866 5034 1988 5098 sint,
2019 5049 2085 5090 eo

504 5129 670 5197 magis
702 5126 954 5181 festinant
995 5135 1051 5181 ut
1078 5143 1182 5181 non
1229 5121 1338 5181 sint
1379 5143 1392 5180 :
1425 5126 1503 5179 sic
1550 5117 1846 5179 estmodu‘s
1873 5139 2080 5177 eorum.

503 5215 731 5272 Tantum
755 5215 942 5272 dedisti
974 5217 1074 5283 eis,
1101 5218 1221 5289 quia
1250 5226 1429 5288 partes
1459 5225 1582 5272 sunt
1605 5232 1802 5282 rerum,
1832 5232 1950 5286 quae
1976 5231 2084 5272 non

502 5317 627 5363 sunt
667 5324 851 5363 omnes
905 5309 1096 5374 simul;
1151 5308 1246 5363 sed
1298 5306 1606 5363 decedendo
1646 5321 1708 5362 ac
1752 5306 2084 5362 succedendo

503 5412 664 5472 agunt
691 5416 876 5458 omnes
905 5403 1230 5468 universum,
1261 5400 1412 5472 cujus
1457 5411 1634 5472 partes
1664 5409 1805 5456 sunt.
1840 5399 1979 5457 Ecce
2005 5402 2084 5457 sic

505 5495 773 5566 peragitur
801 5505 856 5552 et
898 5512 1076 5552 sermo
1105 5506 1288 5552 noster
1331 5512 1427 5568 per
1465 5497 1612 5568 signa
1660 5496 1920 5552 sonantia.
1969 5495 2083 5552 Non

503 5591 646 5646 enim
675 5590 778 5644 erit
802 5597 944 5644 totus
971 5604 1168 5654 sermo,
1201 5589 1244 5644 si
1281 5606 1440 5645 unum
1483 5589 1702 5645 verbum
1733 5605 1838 5645 non
1861 5587 2084 5644 decedat

503 5695 624 5736 cum
653 5681 888 5736 sonuerit
919 5689 1098 5751 partes
1139 5696 1282 5748 suas,
1315 5690 1374 5737 ut
1407 5679 1653 5738 succedat
1695 5679 1854 5736 aliud.
1884 5675 2084 5735 Laudet

503 5815 585 5929 ωε
608 5813 1422 5930 θῖειξιξηφιτοιξξέεξιεῗέδιάηνωον
1443 5813 1633 5866 ’³⁵³³³
1663 5813 1944 5876 “me
1961 5809 2084 5875 ιεεί·

1621 370 2132 431 CONFESSIONUM
2170 370 2228 427 S.
2271 367 2634 427 AUGUSTINI

3661 371 3772 429 700

2194 493 2247 542 te
2276 499 2339 540 ex
2370 485 2471 540 illis
2497 487 2670 539 anima
2698 491 2838 553 mea,
2861 485 3003 542 Deus
3024 491 3234 542 creator
3259 487 3528 554 omnium;
3553 487 3647 544 sed
3668 503 3772 548 non

2194 579 2247 633 in
2291 578 2370 633 eis
2416 578 2664 648 inﬂgatur
2699 578 2904 648 glutine
2927 579 3124 633 amoris
3163 593 3262 650 per
3299 589 3490 636 senats
3516 581 3772 652 corporis.

2195 669 2339 724 Eunt
2363 669 2505 725 enim
2550 683 2654 739 quo
2681 668 2846 733 ibant,
2892 678 2950 724 ut
2978 679 3084 725 non
3123 653 3293 736 sin't‘,
3337 680 3391 726 et
3426 671 3773 732 oonscindnnl

2195 771 2310 816 eam
2341 761 2620 817 desideriis
2647 761 3056 831 pestilentiosis;
3091 762 3339 832 quoniam
3358 762 3469 832 ipsa
3497 777 3616 820 esse
3641 765 3772 832 vult,

2194 855 2248 910 ei
2279 855 2614 926 requiescere
2640 859 2780 908 amat
2818 852 2870 908 in
2898 855 2976 909 eis
3017 869 3137 924 qua:
3177 863 3338 908 amat.
3372 854 3427 908 in
3459 855 3562 909 illis
3599 864 3772 914 autent

2196 959 2303 1003 non
2329 955 2410 1003 est
2448 947 2534 1002 ubi
2563 964 2575 1001 :
2621 947 2743 1017 quia
2793 961 2898 1001 non
2929 953 3088 1010 stant,
3121 946 3360 1016 fugiunt;
3388 955 3441 1001 et
3468 948 3587 1017 quis
3612 963 3673 1002 ea
3696 964 3776 1003 se-

2193 1041 2371 1112 quitur
2399 1053 2556 1094 sensu
2584 1038 2796 1094 carnis?
2843 1045 2933 1092 aut
2975 1039 3094 1108 quis
3132 1053 3194 1093 ea
3237 1038 3664 1106 comprehendit,
3695 1042 3777 1095 vel

2195 1141 2314 1186 eum
2346 1139 2540 1202 praesto
2590 1131 2752 1185 sunt?
2793 1129 2999 1184 Tardus
3040 1135 3122 1184 est
3163 1130 3306 1184 enim
3353 1144 3542 1184 sensus
3583 1131 3777 1196 carnis,

2194 1224 2444 1294 quoniam
2473 1236 2662 1278 sensus
2687 1223 2862 1278 carnis
2891 1229 2993 1288 est,
3025 1231 3078 1276 et
3121 1221 3235 1290 ipse
3279 1229 3360 1276 est
3404 1221 3599 1276 modus
3643 1222 3776 1290 ejus.

2159 1309 2396 1372 .Sufiicit
2425 1315 2491 1371 ad
2538 1316 2678 1370 aliud
2721 1315 2787 1370 ad
2827 1315 2967 1387 quod
2995 1315 3166 1370 factus
3193 1323 3274 1369 est
3304 1331 3316 1368 :
3347 1314 3413 1370 ad
3447 1314 3575 1368 illud
3604 1321 3778 1369 autem

2195 1411 2301 1463 non
2332 1406 2542 1472 sufficit,
2578 1414 2634 1460 ut
2662 1415 2838 1461 teneat
2869 1406 3283 1461 transcurrentia
3333 1405 3401 1460 sb
3429 1405 3580 1460 initio
3602 1405 3782 1460 debito

2194 1505 2361 1570 lisque
2391 1499 2455 1553 ad
2498 1498 2653 1552 finem
2675 1497 2932 1553 debitum.
2965 1497 3021 1551 in
3053 1498 3217 1551 verbo
3241 1498 3381 1551 enim
3411 1505 3501 1552 tuo
3528 1512 3620 1568 per
3639 1495 3780 1567 quod

2194 1604 2462 1661 creantur,
2492 1591 2564 1648 ibi
2593 1590 2813 1646 audiunt
2847 1591 3038 1658 :Hinc,
3072 1600 3126 1646 et
3151 1590 3445 1662 hucusque.

2807 1701 3034 1761 CAPUT
3071 1697 3163 1759 XI.

2269 1817 2453 1873 Omnia
2490 1826 2658 1874 creata
2682 1826 2801 1873 sunt
2826 1815 3103 1872 instabitia.
3143 1809 3298 1870 Solus
3331 1807 3468 1870 Deus
3494 1811 3706 1871 stabilis.

2265 1935 2356 1992 16.
2401 1934 2518 1991 Noli
2546 1949 2668 1992 esse
2709 1949 2866 1999 vana,
2897 1933 3074 1989 anima
3124 1931 3264 2000 mea,
3306 1939 3362 1987 et
3397 1931 3780 1988 obsurdescere

2195 2029 2251 2085 in
2279 2042 2412 2084 aure
2435 2028 2635 2096 cordis,
2687 2027 2912 2082 tumultu
2947 2025 3194 2081 vanitatis
3222 2034 3344 2080 tuas.
3393 2024 3528 2090 Audi
3582 2035 3637 2080 et
3679 2032 3778 2082 tu:

2200 2119 2432 2177 Verbum
2462 2121 2634 2190 ipsum
2651 2120 2844 2175 clamat
2874 2128 2930 2174 ut
2953 2118 3177 2183 redeas;
3207 2117 3345 2174 etibi
3367 2127 3451 2173 est
3473 2117 3781 2187 iocusquie-

2197 2213 2266 2268 tis
2294 2212 2741 2282 imperturbabilis
2761 2251 2776 2277 ,
2808 2211 2897 2268 ub’i
2940 2222 3044 2264 non
3081 2209 3346 2270 deseritur
3376 2224 3545 2275 amor,
3578 2209 3623 2263 si
3665 2209 3778 2278 ipse

2195 2318 2304 2358 non
2329 2303 2560 2359 deserat.
2591 2303 2730 2358 Ecce
2754 2302 2840 2356 illa
2882 2301 3184 2365 discedunt,
3224 2311 3283 2356 ut
3319 2301 3422 2360 alia
3469 2300 3775 2368 succedant,

2196 2405 2250 2452 et
2273 2397 2520 2452 omnibus
2547 2395 2660 2451 suis
2698 2395 2937 2465 partibus
2962 2402 3172 2450 constet
3221 2393 3400 2448 infima
3442 2395 3776 2450 universitas.

2195 2488 2460 2562 Numquid
2505 2505 2606 2561 ego
2650 2490 2828 2559 aliquo
2879 2487 3118 2553 discedo,
3152 2487 3226 2542 ait
3254 2486 3488 2542 Verbum
3535 2486 3666 2542 Dei?
3705 2487 3780 2542 lbi

2199 2587 2302 2657 fige
2341 2584 2669 2640 mansionem
2713 2593 2854 2636 tuam
2888 2599 2902 2635 :
2932 2580 3004 2636 ibi
3028 2578 3344 2635 commenda
3373 2577 3627 2648 quidquid
3657 2577 3780 2635 inde

2197 2678 2381 2745 habes,
2413 2676 2587 2730 anima
2621 2689 2760 2737 mea,
2804 2673 2996 2727 saltem
3030 2671 3246 2740 fatigata
3277 2669 3518 2726 fallaciis.
3562 2668 3780 2725 Veritali

2195 2769 2510 2826 commenda
2537 2764 2789 2838 quidquid
2810 2764 2904 2818 tibi
2930 2772 3011 2820 est
3039 2777 3068 2817 a
3094 2761 3338 2827 veritate,
3371 2771 3424 2816 et
3463 2775 3568 2816 non
3592 2760 3780 2831 perdes

2197 2860 2396 2930 aliquid
2436 2875 2449 2922 ;
2491 2865 2545 2914 et
2574 2857 2919 2911 reﬂorescent
2971 2856 3144 2924 putria
3189 2861 3312 2916 tua,
3361 2860 3416 2906 et
3456 2851 3780 2907 sanabuntur

2195 2965 2383 3006 omnes
2420 2951 2702 3020 languores
2733 2947 2829 3014 tui,-
2861 2957 2916 3001 et
2943 2945 3081 3000 fluxa
3113 2953 3199 2999 tua
3235 2941 3692 3009 reformabuntur,
3726 2951 3778 2998 et

2195 3045 2612 3106 renovabuntnr,
2643 3045 2698 3096 et
2717 3039 3147 3109 constringentur
3167 3035 3234 3090 ad
3257 3045 3307 3090 te
3337 3052 3351 3088 :
3375 3043 3429 3089 et
3458 3049 3566 3088 non
3602 3042 3655 3089 te
3685 3034 3774 3099 de:

2197 3145 2390 3209 ponent
2417 3150 2523 3206 quo
2547 3133 2908 3197 descendunt;
2946 3129 3042 3186 sed
3076 3129 3291 3184 stabunt
3316 3137 3523 3195 tecum,
3563 3139 3618 3183 et
3655 3143 3778 3198 per-

2195 3229 2484 3286 manebunt
2505 3227 2571 3282 ad
2592 3239 2806 3295 semper
2827 3229 3053 3278 stantem
3080 3236 3143 3277 ac
3169 3229 3566 3292 permanentem
3590 3220 3774 3274 Deum.

2267 3323 2352 3376 i7.
2385 3319 2581 3390 thuid
2604 3327 2851 3388 perversa
2879 3316 3118 3387 sequeris
3135 3327 3350 3369 carnem
3378 3312 3558 3368 tuam?
3587 3313 3704 3382 ipsa
3730 3322 3779 3368 te

2194 3420 2445 3484 sequatur
2471 3421 2750 3466 conversa.
2779 3406 3040 3477 Quidquid
3063 3415 3157 3476 per
3175 3405 3318 3459 illam
3344 3404 3530 3468 sentis,
3555 3406 3608 3457 in
3634 3412 3780 3472 parte

2193 3513 2308 3569 eet;
2338 3513 2390 3559 et
2419 3504 2631 3574 ignoras
2657 3510 2822 3556 totum
2851 3499 3002 3569 cujus
3042 3498 3124 3552 ita
3159 3504 3334 3566 partes
3368 3506 3523 3560 sunt;
3553 3504 3608 3550 et
3629 3495 3778 3550 dele-

2197 3604 2342 3655 ctant
2368 3603 2421 3650 te
2452 3604 2646 3648 tamen.
2678 3591 2782 3648 Sed
2828 3591 2873 3645 si
2915 3589 2983 3644 ad
3026 3595 3192 3643 totum
3221 3585 3778 3658 comprehendendum

2193 3695 2335 3743 esset
2378 3686 2598 3740 idoneus
2640 3695 2832 3737 sensus
2857 3679 3033 3736 carnis
3069 3687 3204 3745 tuae,
3247 3691 3314 3734 ac
3351 3692 3456 3732 non
3493 3686 3548 3733 et
3583 3677 3696 3746 ipse
3725 3678 3779 3733 in

2193 3789 2342 3849 parte
2364 3775 2598 3830 universi
2617 3772 2912 3842 accepisset
2931 3786 3026 3840 pro
3046 3784 3202 3838 pcena
3221 3777 3308 3824 tua
3321 3768 3521 3838 justum
3538 3767 3776 3834 modum,

2191 3870 2356 3924 velles
2395 3875 2455 3922 ut
2497 3865 2748 3920 transiret
2783 3862 3034 3933 quidquid
3074 3860 3255 3916 existit
3291 3861 3344 3914 in
3376 3860 3691 3929 praesentia,
3723 3869 3781 3915 ut

2192 3961 2361 4030 magis
2387 3958 2481 4014 tibi
2511 3956 2686 4010 omnia
2727 3955 3018 4025 placerent.
3058 3951 3191 4007 Nam
3220 3961 3274 4006 et
3313 3949 3454 4021 quod
3492 3950 3779 4019 loquimur,

2191 4066 2288 4122 per
2315 4049 2560 4106 eumdem
2590 4061 2806 4101 sensum
2838 4043 3014 4098 uernis
3051 4041 3230 4107 audis;
3263 4049 3318 4095 et
3354 4056 3460 4094 non
3495 4041 3572 4094 vis
3601 4041 3781 4111 utique

2192 4151 2335 4198 stare
2362 4140 2613 4213 syllabas.
2642 4137 2736 4192 sed
2768 4133 3116 4201 transvolare,
3145 4140 3203 4187 ut
3221 4131 3340 4186 alite
3357 4131 3594 4197 veniant,
3621 4138 3676 4185 et
3699 4138 3780 4184 to-

2193 4243 2302 4291 tum
2333 4234 2538 4289 audias.
2582 4231 2680 4298 Ita,
2722 4233 2934 4297 semper
2961 4226 3140 4281 omnia
3173 4221 3362 4293 quibus
3392 4237 3554 4276 unum
3581 4221 3779 4292 aliquid

2192 4336 2429 4393 constat,
2462 4335 2646 4380 etnon
2677 4320 2836 4377 simul
2861 4327 2984 4375 sunt
3007 4317 3185 4372 omnia
3211 4330 3272 4371 ea
3308 4314 3499 4384 quibus
3527 4321 3735 4368 constat
3760 4329 3778 4369 :

2193 4421 2312 4490 plus
2337 4418 2604 4473 delectant
2628 4412 2805 4468 omnia
2831 4425 2992 4480 quam
3018 4408 3226 4479 singula
3245 4445 3258 4472 ,
3291 4406 3336 4462 si
3361 4406 3567 4476 possint
3593 4404 3782 4460 sentiri

2193 4513 2391 4567 omnia.
2425 4509 2530 4565 Sed
2557 4509 2710 4577 longe
2743 4504 2824 4560 his
2849 4503 3039 4558 melior
3070 4502 3161 4571 qui
3202 4500 3326 4556 fecit
3350 4500 3524 4554 omnia
3543 4538 3556 4564 ,
3583 4505 3638 4554 ot
3663 4497 3784 4568 ipse

2193 4607 2278 4659 eet
2315 4606 2452 4660 Deus
2489 4609 2705 4668 noster;
2736 4608 2792 4656 et
2815 4613 2923 4653 non
2951 4595 3202 4663 discedit,
3240 4594 3359 4666 quia
3398 4608 3500 4649 nec
3536 4591 3784 4649 succedi-

2192 4706 2280 4754 tur
2302 4698 2372 4753 ei.

2805 4779 3031 4838 CAPUT
3068 4778 3185 4835 XII.

2193 4881 2350 4936 Antor
2377 4891 2479 4934 non
2507 4876 2838 4950 improbatur,
2867 4877 3017 4931 modo
3043 4876 3098 4929 in
3124 4873 3206 4929 his
3239 4887 3356 4946 quo
3387 4872 3607 4946 placent,
3641 4887 3781 4928 arue-

2828 4979 2942 5022 tmu
2963 4967 3150 5022 Deum.

2265 5081 2350 5140 18.
2381 5081 2435 5138 Si
2464 5081 2676 5153 placent
2701 5089 2924 5151 corpora
2946 5123 2961 5147 ,
2990 5079 3155 5134 Deum
3187 5089 3251 5133 ex
3281 5077 3384 5133 illis
3408 5076 3561 5133 lauda
3582 5119 3596 5144 ,
3633 5085 3687 5132 et
3713 5077 3781 5132 in

2191 5175 2448 5233 artificem
2473 5185 2658 5230 eorum
2686 5179 2936 5242 retorque
2963 5175 3232 5237 amorem;
3256 5185 3324 5226 ne
3350 5169 3402 5224 in
3434 5170 3517 5224 his
3545 5177 3664 5240 quze
3687 5167 3784 5222 tibi

2193 5271 2420 5344 placent,
2444 5277 2499 5323 tu
2525 5265 2825 5338 displiceas.
2845 5264 2899 5321 Si
2927 5265 3137 5335 placent
3157 5264 3370 5329 animae,
3393 5263 3444 5318 in
3469 5264 3578 5318 Deo
3598 5276 3784 5317 amen-

2197 5372 2310 5417 tur:
2330 5359 2452 5432 quia
2468 5367 2520 5415 et
2537 5359 2663 5429 ipsa:
2682 5355 2964 5412 mutabiles
2979 5359 3120 5423 sunt,
3137 5365 3191 5412 et
3205 5357 3256 5410 in
3272 5355 3363 5410 illo
3382 5355 3498 5409 ﬁxa:
3515 5353 3784 5408 stabiliun-

2193 5463 2311 5522 tur;
2336 5454 2566 5524 alioquin
2587 5452 2725 5509 irent
2743 5461 2796 5507 et
2822 5452 3072 5522 perirent.
3099 5449 3154 5504 In
3177 5449 3270 5504 illo
3290 5463 3416 5520 ergo
3433 5457 3705 5511 amentur;
3729 5454 3784 5501 et

2193 5562 2319 5617 regie
2344 5546 2410 5599 ad
2433 5558 2551 5600 eum
2576 5553 2748 5599 tecum
2777 5557 2907 5613 quas
2938 5549 3107 5612 potes,
3135 5547 3189 5596 et
3217 5537 3303 5596 dic
3327 5540 3405 5595 eis
3426 5553 3439 5594 :
3461 5537 3610 5593 Hunc
3635 5551 3780 5591 ame-

2196 5637 2499 5707 mus,hunc
2516 5651 2784 5701 amemus;
2812 5635 2925 5706 ipse
2956 5627 3077 5688 fecit
3107 5632 3248 5700 haec,
3277 5641 3330 5687 et
3357 5646 3462 5686 non
3493 5637 3575 5685 est
3603 5629 3776 5699 longe.

2190 5731 2305 5790 Nan
2335 5733 2473 5788 enim
2498 5727 2619 5786 fecit
2640 5738 2795 5799 atque
2815 5728 2965 5796 abiit,
2989 5726 3082 5782 sed
3100 5741 3162 5782 ex
3186 5725 3276 5781 illo
3295 5727 3345 5780 in
3367 5721 3459 5780 illo
3479 5729 3623 5779 sunt.
3644 5719 3781 5777 Ecce

2255 5869 2275 5901 ί
2302 5873 2407 5917 uss.
2433 5855 3316 5927 u-es:Ewttenimquo?utnansint.
