2058 3183
220 186 270 217 τοι

221 245 266 274 ubi
280 249 323 274 est
331 245 352 280 ‘,
364 245 408 275 ubi
423 245 492 282 sapit
505 247 613 274 veritas.
627 245 737 275 intimus
749 245 823 274 cordi
838 248 896 279 est;
909 245 955 274 sed
969 253 1016 273 eor

221 291 321 320 erravit
335 292 368 321 ab
381 300 423 320 eo.
440 292 534 320 Redite
543 313 551 327 ,
565 293 781 328 praevaricatores
790 313 797 326 ,
811 291 844 320 ad
859 299 916 325 cor,
932 296 959 319 et
972 290 1014 319 in—

221 337 322 366 hosrete
337 338 373 366 illi
384 338 428 374 qui
441 337 505 366 fecit
516 346 574 365 vos.
585 338 658 367 State
672 346 732 366 cum
745 345 787 371 eo,
800 341 826 365 ct
838 337 940 365 stabitis
952 345 959 364 :
972 344 1015 364 re-

220 385 349 421 quiescite
365 385 390 412 in
406 392 454 418 eo,
479 389 505 412 et
528 384 608 420 quieti
628 385 710 411 erilis.
732 385 789 418 Quo
802 385 845 411 itis
860 384 885 410 in
901 383 1013 418 aspera?

220 439 272 467 quo
287 431 349 459 itis?
365 431 465 459 Bonum
480 431 549 467 quod
566 432 659 458 amatis
671 453 677 464 ,
695 431 727 458 ab
742 432 785 459 illo
799 435 839 458 est
852 440 856 456 :
870 431 916 458 Sed
930 438 1013 465 quan-

220 483 275 506 tum
296 482 336 506 cst
356 478 387 506 ad
409 477 480 505 illum
492 500 499 511 ,
515 478 611 505 bonum
627 482 704 505 estet
719 486 817 510 suave;
834 477 879 505 sed
894 484 1013 506 amarum

218 525 271 553 erit
280 525 361 559 juste,
370 525 531 560 quiainjuste
542 530 645 552 amatur
657 525 762 552 descrlo
774 525 827 557 illo,
840 524 965 559 quidquid
979 524 1012 551 ab

219 570 264 597 illo
279 575 330 598 est.
347 570 404 604 Quo
418 570 493 597 vobis
506 570 591 597 adhuc
607 575 631 598 et
646 571 730 597 adhuc
744 570 878 597 ambulare
892 571 947 597 vias
960 570 1011 596 dif-

218 616 300 643 ficiles
312 620 337 643 et
349 616 509 644 laboriosas?
521 617 577 645 Non
592 621 632 644 est
644 617 747 652 requies
759 617 801 644 tibi
813 617 930 652 qmrritis
940 622 1009 645 eam.

217 662 336 696 Qumrite
350 663 420 698 quod
435 664 551 699 (puerilis
565 673 570 690 :
583 664 629 691 scd
644 664 677 691 ibi
698 673 749 691 non
764 668 804 691 est
819 663 861 691 ubi
881 663 1009 699 quaeritis.

216 709 326 736 Beatam
350 710 429 736 vitam
452 709 569 745 qua:ritis
594 710 618 737 in
643 711 750 745 regione
774 711 882 743 mortis;
904 714 1011 737 nonest

216 754 280 782 illic.
298 755 437 788 Quomodo
450 755 520 783 enim
536 755 610 783 beata
626 756 687 788 vita,
701 756 744 783 ubi
756 764 804 783 nec
817 756 886 783 vita?

252 802 294 829 i9.
314 801 346 829 Et
359 801 496 829 descendit
509 802 558 829 huc
573 803 626 837 ipsa
642 803 699 829 Vita
716 808 815 836 nostra,
830 806 855 829 et
869 802 927 829 tulit
940 810 1009 829 mor-

214 852 269 876 tem
283 853 410 883 nostrain,
426 851 452 877 et
468 849 563 877 occidit
576 857 633 877 eam
649 849 682 877 de
695 849 852 876 abundantia
864 850 922 876 vitae
936 857 990 876 sua:
1002 858 1007 875 :

214 898 242 922 et
257 895 341 922 tonuit
356 896 482 927 clamans,
498 900 525 923 ut
541 895 679 923 redeamus
693 895 753 924 hinc
773 895 805 923 ad
821 904 880 922 eum
898 895 924 922 in
945 895 1007 922 illud

213 945 346 968 secretum
369 941 439 969 unde
461 943 588 977 processit
610 942 641 968 ad
664 950 728 975 nos,
745 943 770 969 in
789 943 873 977 ipsum
896 943 1007 977 primum

213 987 369 1021 virginalem
384 991 487 1015 uterum
499 1009 506 1021 ,
523 988 566 1015 ubi
587 988 611 1015 ei
634 989 721 1023 nupsit
741 987 854 1015 humana
867 993 985 1015 creatura
998 1008 1006 1020 ,

214 1040 278 1060 caro
294 1034 421 1066 mortalis,
437 1042 469 1061 ne
480 1037 550 1060 esset
562 1041 667 1068 Semper
678 1034 810 1066 mortalit;
823 1038 849 1061 et
863 1033 923 1061 inde
936 1034 1008 1061 velut

212 1085 328 1114 sponsus
345 1080 491 1115 procedens
501 1080 534 1107 de
547 1080 662 1107 thalamo
675 1088 733 1114 suo,
747 1080 885 1108 exsultavit
897 1085 923 1107 ut
935 1080 1007 1115 gigas

212 1125 247 1152 ad
261 1126 419 1153 currentlam
433 1127 501 1153 viam
516 1125 599 1162 (Psal.
617 1135 694 1159 xviii,
708 1127 746 1162 6).
763 1127 818 1153 Non
835 1126 905 1153 cnim
921 1126 1006 1153 tarda-

211 1171 261 1205 vit,
278 1171 324 1199 sed
339 1172 472 1204 cucurrit;
494 1173 611 1200 clamans
627 1173 713 1203 dictis,
729 1173 812 1206 iactis,
832 1178 927 1206 morte,
942 1173 1004 1205 vita,

211 1218 353 1251 descensu,
369 1226 496 1251 ascensu;
512 1219 629 1245 clamans
644 1222 672 1246 ut
684 1219 822 1246 redeamus
837 1219 868 1246 ad
885 1227 954 1246 eum.
974 1219 1005 1246 Et

210 1265 335 1292 discessit
349 1265 381 1292 ab
394 1266 487 1297 oculis,
500 1271 529 1293 ut
540 1266 679 1293 redeamus
692 1266 723 1292 ad
738 1274 792 1298 cor,
805 1271 831 1293 et
842 1266 1005 1293 inveniamus

210 1318 283 1338 cum.
296 1311 430 1338 Abscessit
442 1312 523 1344 enim,
536 1317 559 1338 et
574 1319 635 1339 cecc
649 1312 690 1338 hic
704 1316 755 1341 est.
767 1312 853 1339 Noluit
867 1312 1003 1339 nobiscum

210 1357 255 1385 diu
271 1365 330 1385 esse
341 1379 347 1391 ,
364 1361 391 1385 et
411 1366 463 1385 non
487 1358 593 1393 reliquit
616 1367 673 1385 nos.
695 1359 757 1385 illnc
774 1359 844 1386 enim
859 1358 1001 1392 abscessit,

210 1403 282 1431 unde
297 1411 429 1439 nunquam
446 1405 571 1436 recessit,
586 1404 645 1439 quia
660 1403 773 1432 mundus
787 1413 832 1439 per
847 1413 906 1431 eum
922 1405 1004 1432 factus

209 1453 269 1480 est;
286 1453 311 1476 ct
329 1450 354 1476 in
377 1450 426 1477 hoc
441 1449 538 1476 mundo
553 1454 610 1477 erat
630 1450 716 1485 (Joan.
737 1458 755 1482 ι,
779 1450 834 1485 10),
850 1455 875 1477 et
890 1451 959 1477 venit
978 1451 1002 1477 in

210 1494 282 1522 hunc
295 1495 419 1522 mundum
432 1498 583 1529 peccatores
597 1495 684 1522 salvos
696 1495 782 1523 facere
795 1495 820 1532 (l
833 1496 898 1523 Tim.
915 1505 933 1529 l,
947 1496 1001 1532 i5);

209 1541 252 1567 cui
264 1542 405 1568 coniitetur
416 1541 502 1568 anima
516 1549 584 1574 mea,
594 1546 620 1568 et
630 1545 769 1569 sanateam
779 1543 799 1575 ‘,
812 1542 872 1577 quia
886 1543 1003 1577 peccavit

209 1587 246 1613 illi
257 1586 340 1622 (Psal.
351 1595 395 1620 χι,
405 1587 442 1621 5).
453 1587 510 1614 Filii
521 1588 655 1614 hominum
664 1595 799 1623 usquequo
808 1589 1003 1623 gravescordc?

211 1635 296 1670 (Psnl.
314 1643 350 1668 Iv,
365 1634 403 1671 5.)
423 1634 553 1670 Numquid
569 1639 594 1662 et
610 1640 669 1669 post
683 1635 840 1662 descensum
852 1635 861 1651 ³
875 1636 935 1663 vitae
951 1645 1002 1663 non

208 1682 289 1708 vultis
300 1681 442 1708 ascendere
454 1686 480 1708 et
492 1681 597 1708 vivere?
609 1681 659 1708 Sed
671 1690 722 1716 quo
734 1682 885 1714 ascenditis,
897 1683 1002 1717 quando

209 1727 236 1753 in
252 1727 305 1753 alto
318 1727 392 1758 estis,
405 1731 432 1754 ct
446 1727 570 1761 posuistis
585 1727 610 1753 in
621 1727 715 1753 co-lum
728 1735 758 1754 os
768 1727 904 1754 vestrum?
917 1728 1000 1764 (Psat.

208 1780 294 1806 Lxxn,
313 1773 351 1808 9.)
369 1772 535 1805 Descenditc,
551 1776 577 1800 ut
592 1773 750 1807 ascendatis,
766 1778 791 1800 et
804 1774 952 1802 ascendatis
969 1775 1001 1801 ad

209 1819 303 1846 Deum.
321 1819 459 1846 Cecidistis
474 1819 554 1852 enim,
571 1820 739 1847 ascendendo
758 1825 849 1847 contra
863 1829 934 1849 cum.
957 1821 1002 1848 Dic

208 1865 249 1892 eis
263 1864 311 1892 ista
322 1886 328 1898 ,
344 1868 372 1891 ut
387 1864 488 1900 plorent
504 1865 529 1891 in
548 1865 667 1892 convalle
682 1865 834 1900 plorationis
845 1887 852 1899 ,
866 1871 891 1893 et
906 1867 943 1894 sic
956 1876 1002 1894 cos

209 1918 274 1945 rape
288 1914 373 1938 tecum
389 1911 419 1937 ad
434 1911 534 1943 Deum;
551 1911 610 1945 quia
630 1910 663 1938 de
681 1911 779 1946 Spiritu
793 1912 849 1947 ejus
863 1910 919 1939 haec
936 1913 1001 1940 dicis

209 1957 259 1990 eis,
271 1957 293 1985 si
308 1956 373 1984 dicis
388 1956 485 1984 ardens
500 1957 560 1992 igne
573 1957 718 1985 charitatis.

509 2003 624 2031 CAPUT
644 2003 711 2031 Xlll.

452 2049 530 2076 Amor
544 2051 610 2077 unde
622 2052 761 2087 proveniat.

245 2095 290 2123 20.
313 2095 375 2123 limc
399 2100 460 2124 tunc
482 2104 534 2123 non
557 2105 698 2130 noveram,
715 2102 742 2125 et
756 2098 875 2126 amabam
895 2099 1002 2134 pulchra

209 2142 333 2169 inferiora
344 2163 352 2176 ,
372 2147 398 2169 et
418 2142 486 2170 ibam
507 2143 532 2169 in
549 2143 705 2177 profundum
716 2165 723 2177 ,
740 2149 765 2170 et
778 2144 895 2171 dicebam
911 2147 1002 2174 amicis

209 2188 297 2216 meis:
313 2187 379 2215 Num
395 2196 514 2215 amamus
528 2189 635 2224 aliquid,
650 2190 700 2216 nisi
715 2190 869 2224 pulchrum?
882 2192 948 2225 Quid
963 2198 1003 2220 cst

208 2242 274 2270 ergo
296 2234 454 2269 pulchrum?
476 2239 502 2262 et
525 2234 586 2269 quid
611 2240 651 2262 est
674 2235 859 2270 pulchritudo?
878 2238 943 2271 Quid
963 2244 1003 2266 cst

207 2279 280 2316 quod
296 2287 344 2307 nos
356 2279 439 2307 allicit
454 2284 481 2307 et
494 2280 615 2307 conciliat
629 2281 707 2308 rebus
720 2289 784 2316 quas
798 2284 934 2310 amamus?
947 2283 1002 2312 Nisi

208 2326 281 2353 enim
306 2330 377 2352 esset
401 2326 427 2352 in
450 2326 488 2352 eis
504 2325 584 2353 decus
599 2331 625 2353 et
639 2327 740 2361 species
751 2348 757 2358 ,
774 2327 846 2354 nullo
862 2329 940 2356 modo
955 2337 1002 2356 nos

207 2372 242 2399 ad
262 2379 291 2399 se
307 2377 454 2400 moverent.
472 2372 506 2399 Et
527 2373 768 2401 animadvertebam
789 2378 815 2401 ct
835 2375 955 2403 videbam
976 2377 1002 2404 in

207 2419 274 2454 ipsis
292 2419 447 2454 corporibus
463 2419 533 2446 aliud
553 2428 612 2448 esse
627 2421 699 2456 quasi
715 2426 795 2448 totum
806 2443 812 2455 ,
829 2426 856 2449 et
872 2422 929 2450 ideo
945 2423 1003 2458 pul-

206 2464 303 2492 chrum
315 2473 322 2497 ;
336 2465 407 2492 aliud
423 2469 509 2492 autem
522 2466 590 2500 quod
606 2465 664 2492 ideo
679 2466 796 2500 deceret,
808 2468 930 2502 quoniam
943 2474 1002 2503 apte

206 2510 456 2538 accommodaretur
470 2511 557 2542 alicui,
574 2511 641 2538 sicut
655 2520 714 2547 pars
727 2513 845 2548 corporis
855 2514 886 2540 ad
899 2515 1003 2542 univer-

206 2565 267 2585 sum
290 2564 383 2590 suum,
397 2560 441 2584 aut
461 2556 668 2584 caleeamcntum
684 2558 715 2584 ad
732 2558 840 2592 pedem,
856 2564 882 2586 et
896 2560 1000 2587 similia.

207 2605 242 2632 Et
255 2605 306 2632 ista
321 2604 497 2633 consideratio
510 2606 647 2632 scaturivit
661 2606 686 2633 in
696 2606 784 2633 animo
795 2614 855 2633 meo
866 2615 897 2633 ex
911 2607 1002 2635 intimo

205 2650 290 2677 corde
303 2658 380 2683 meo;
393 2655 420 2678 et
431 2651 524 2685 scripsi
537 2651 616 2677 libros
629 2651 662 2678 de
675 2650 787 2678 Pulchro
798 2656 823 2679 et
832 2652 914 2687 Apto;
928 2659 1001 2688 puto,

206 2695 275 2723 duos
291 2700 337 2723 aut
352 2698 416 2724 tres.
429 2695 469 2724 Tu
482 2697 544 2731 scis,
560 2696 632 2724 Deus
648 2705 654 2724 :
671 2703 732 2724 nam
745 2696 844 2725 excidit
856 2697 929 2726 mihi.
944 2698 1001 2727 Non

206 2743 279 2770 enim
299 2741 428 2771 habemus
443 2751 500 2779 eos,
520 2743 568 2772 sed
581 2744 772 2772 aberraverunt
784 2752 800 2773 a
811 2745 898 2780 nobis,
912 2747 1003 2775 nescio

205 2789 353 2826 quemodo.

239 2847 248 2880 ξ
258 2849 284 2872 ιιι
296 2846 380 2872 codice
391 2847 534 2872 sorbonieo:
544 2851 603 2880 Ecce
612 2846 648 2873 ibi
655 2850 698 2877 est,
709 2847 751 2874 ubi

237 2879 248 2894 ¹
265 2881 322 2903 nov.
339 2883 395 2903 Arn.
415 2882 480 2904 Mart.
493 2885 548 2904 cum
556 2879 664 2911 quinque
676 2883 729 2904 Mm.
747 2879 842 2906 necnon
855 2881 930 2906 ttond.
947 2887 1003 2906 cum

204 2912 601 2946 μιυοηιιεξλυωεφκιεαηι-υ-
696 2942 711 2946 ..

238 2942 248 2958 ³
408 2941 488 2967 codex
496 2942 594 2973 optime
602 2945 675 2974 notat,
684 2942 823 2969 discessum.

877 187 981 217 LIBER
999 185 1172 222 QUARTUS.

1810 194 1862 222 702

1368 246 1482 276 CAPUT
1499 246 1570 276 XIV.

1067 290 1139 319 Libri
1150 292 1182 320 de
1195 291 1260 328 Apto
1275 292 1297 320 ei
1310 292 1423 321 Pulchro
1440 293 1526 322 Hierio
1540 294 1688 330 nuncupati.
1703 293 1776 324 Unde
1792 296 1857 324 hunc

1394 343 1530 370 atnavernt.

1102 383 1147 412 2i.
1166 384 1234 419 Quid
1249 389 1290 414 est
1308 390 1395 414 autem
1410 386 1480 423 quod
1499 391 1542 414 me
1556 386 1648 421 movit,
1664 386 1774 415 Domine
1789 388 1858 416 Deus

1066 438 1153 463 meus,
1167 436 1197 459 ut
1210 432 1243 459 ad
1258 432 1377 460 Hierium
1389 433 1397 449 ¹
1414 433 1540 460 Romanae
1555 433 1627 460 urbis
1640 437 1771 461 oratorem
1791 433 1858 461 scri-

1066 476 1157 505 berem
1169 478 1227 506 illos
1240 478 1331 511 libros,
1345 483 1423 514 quem
1436 484 1488 506 non
1503 482 1629 507 noveram
1641 479 1716 513 facie,
1727 479 1773 507 sed
1786 487 1858 507 ama-

1065 529 1155 551 veram
1170 523 1303 551 hominem
1317 532 1350 552 ex
1362 523 1489 552 doctrina:
1502 523 1571 551 fama
1582 531 1641 559 quae
1653 524 1689 551 illi
1702 524 1772 552 clara
1788 527 1854 557 erat,

1065 573 1092 597 et
1104 569 1224 605 quazdam
1237 570 1316 598 verba
1336 570 1393 605 ejus
1409 570 1555 603 audieram,
1567 574 1594 598 et
1607 570 1760 605 placuerant
1773 570 1857 597 mihi?

1065 616 1118 644 Sed
1130 617 1213 652 magis
1224 617 1283 652 quia
1296 617 1415 652 placebat
1426 618 1493 650 aliis,
1505 620 1532 645 et
1544 617 1689 645 eil'erebant
1699 621 1759 644 eu'm
1773 617 1857 645 laudi-

1063 662 1123 695 bus,
1131 666 1267 698 stupentes
1280 663 1350 699 quod
1363 671 1395 691 ex
1410 663 1517 691 homine
1531 669 1603 698 syro,
1617 663 1695 691 docto
1705 663 1777 699 prius
1789 670 1857 697 grai-

1064 715 1103 736 caz
1115 708 1258 742 facundiae,
1273 715 1365 744 postea
1378 710 1404 737 in
1421 709 1500 736 latina
1515 709 1593 736 etiam
1607 708 1692 737 dictor
1702 708 1712 724 ¹
1727 707 1855 735 mirabilis

1063 755 1221 788 exstitisset,
1236 759 1263 783 et
1279 759 1349 783 esset
1369 755 1561 783 scientissimus
1580 759 1669 782 rerum
1688 753 1722 781 ad
1740 753 1855 781 studium

1063 800 1200 835 sapientia:
1215 800 1417 835 pertinentium;
1436 800 1500 827 mihi
1516 799 1643 835 placebat.
1657 799 1791 827 Laudatur
1806 798 1855 825 ho-

1062 853 1122 880 mo,
1141 850 1170 874 et
1189 850 1294 874 amatur
1310 846 1415 874 absens.
1436 845 1592 874 Utrumnam
1610 846 1644 873 ab
1660 852 1706 873 ere
1725 843 1855 872 laudantis

1061 891 1144 919 intrat
1153 892 1179 919 in
1190 899 1236 920 cor
1247 892 1377 920 audientis
1387 892 1462 919 amor
1471 891 1532 919 ille?
1542 891 1617 919 Absit
1628 899 1635 918 :
1646 891 1693 919 sed
1703 898 1736 918 ex
1748 894 1854 918 amante

1062 937 1114 964 alio
1126 938 1279 966 accenditur
1292 938 1368 966 allus.
1384 937 1450 966 Hinc
1464 938 1534 965 enim
1550 941 1653 964 amatur
1663 937 1707 970 qui
1721 936 1853 970 laudatur,

1061 983 1123 1011 dum
1139 988 1191 1011 non
1213 983 1297 1012 fallaci
1312 984 1393 1012 corde
1412 983 1557 1011 laudatoris
1570 982 1708 1019 przedicari
1722 982 1852 1016 creditur;

1061 1028 1087 1056 id
1101 1034 1152 1063 est,
1166 1037 1225 1057 cum
1238 1037 1331 1057 amans
1344 1037 1404 1058 eum
1418 1029 1516 1057 laudat.

1094 1075 1139 1102 22.
1160 1075 1204 1104 Sic
1223 1075 1293 1104 enim
1311 1079 1374 1103 tunc
1393 1075 1514 1103 amabam
1535 1074 1657 1103 homines
1669 1082 1703 1103 ex
1716 1073 1853 1102 hominum

1057 1121 1173 1156 judicio;
1195 1130 1247 1149 non
1262 1122 1332 1149 enim
1347 1131 1380 1150 ex
1394 1126 1456 1156 tuo,
1471 1122 1541 1149 Deus
1555 1128 1647 1154 meus,
1662 1121 1689 1148 in
1706 1128 1760 1156 quo
1775 1128 1853 1149 nemo

1059 1166 1168 1195 fallitur.
1183 1167 1234 1196 Sed
1248 1173 1346 1202 tamen,
1358 1176 1406 1196 cur
1417 1176 1469 1196 non
1481 1168 1548 1195 sicut
1559 1168 1649 1203 auriga
1663 1167 1768 1200 nobilis,
1782 1168 1851 1196 sicut

1059 1217 1169 1241 venator
1183 1214 1276 1242 studiis
1291 1214 1458 1250 popularibus
1470 1213 1634 1246 diii'amatus,
1648 1213 1695 1241 sed
1708 1213 1851 1249 longe'all-

1059 1263 1100 1286 ter
1117 1264 1143 1287 et
1161 1260 1288 1295 graviter,
1309 1264 1335 1288 et
1354 1260 1388 1287 ita
1408 1258 1631 1295 quemadmodum
1645 1263 1672 1287 et
1686 1266 1729 1287 me
1750 1258 1851 1286 laudari

1058 1305 1174 1332 vellem?
1193 1305 1250 1333 Non
1266 1309 1353 1333 autem
1372 1305 1466 1333 vellem
1487 1306 1523 1332 ita
1537 1304 1640 1332 laudari
1653 1308 1680 1332 et
1693 1304 1776 1332 amari
1789 1311 1849 1338 me,

1058 1355 1086 1378 ut
1100 1351 1255 1384 histriones;
1267 1360 1416 1388 quanquam
1430 1358 1475 1380 eos
1488 1352 1515 1379 cl.
1527 1351 1583 1387 ipse
1596 1351 1729 1379 laudarem
1740 1355 1766 1379 et
1780 1359 1852 1379 ama-

1057 1404 1114 1423 rem
1127 1406 1134 1424 :
1149 1397 1194 1424 sed
1209 1397 1310 1432 eligens
1325 1396 1417 1430 latere,
1433 1403 1511 1432 quam
1533 1397 1569 1424 ita
1583 1399 1662 1424 notus
1678 1402 1754 1430 esse;
1770 1401 1797 1424 et
1810 1397 1851 1425 vel

1057 1441 1150 1469 haberi
1169 1442 1245 1476 odio,
1260 1451 1338 1478 quam
1359 1443 1397 1471 sic
1416 1442 1510 1470 amari.
1524 1440 1575 1471 Ubi
1593 1443 1786 1470 distribuuntur
1801 1443 1850 1470 ista

1057 1487 1175 1522 pondera
1190 1489 1324 1517 variorum
1343 1492 1369 1516 et
1391 1489 1557 1516 diversorum
1580 1494 1700 1516 amorum
1721 1489 1746 1515 in
1762 1488 1849 1516 anima

1057 1534 1126 1561 una?
1140 1534 1207 1568 Quid
1229 1539 1270 1562 est
1290 1532 1361 1571 quod
1380 1542 1440 1562 amo
1462 1534 1488 1561 in
1508 1534 1559 1562 alio
1570 1556 1576 1568 ,
1591 1534 1661 1569 quod
1676 1539 1784 1568 rursus,
1800 1534 1850 1562 nisi

1056 1579 1182 1612 odissem,
1198 1586 1249 1607 non
1263 1587 1278 1607 a
1296 1588 1338 1608 me
1351 1579 1498 1607 detestarer
1511 1584 1537 1607 et
1557 1578 1724 1614 repellerem,
1741 1586 1800 1606 eum
1817 1578 1850 1606 sit

1055 1629 1168 1660 uterque
1179 1626 1298 1653 nostrum
1311 1625 1411 1653 homo?
1421 1625 1478 1653 Non
1492 1625 1574 1657 enim,
1588 1626 1656 1652 sicut
1667 1632 1750 1660 equus
1765 1624 1850 1652 bonus

1055 1676 1160 1698 amatur
1171 1671 1204 1699 ab
1217 1679 1249 1698 eo
1261 1671 1305 1707 qui
1317 1671 1398 1698 nollet
1412 1670 1461 1697 hoc
1475 1677 1544 1703 esse,
1558 1670 1637 1698 etiam
1648 1670 1669 1697 si
1680 1674 1787 1705 posset;
1801 1670 1850 1697 hoc

1055 1720 1083 1745 et
1097 1716 1130 1744 de
1149 1715 1276 1745 histrione
1289 1715 1428 1744 dicendum
1442 1719 1500 1750 est,
1516 1716 1560 1751 qui
1576 1718 1677 1743 natura:
1693 1719 1789 1742 nostrgc
1803 1723 1848 1742 so-

1055 1763 1112 1791 cius
1127 1767 1176 1791 est.
1195 1762 1300 1798 Ergone
1314 1767 1374 1790 amo
1388 1762 1413 1789 in
1428 1762 1535 1790 homine
1554 1761 1624 1797 quod
1637 1761 1680 1789 odi
1698 1767 1773 1794 esse,
1789 1769 1849 1789 cum

1056 1810 1106 1837 sim
1119 1809 1218 1837 homo?
1230 1809 1336 1837 Grande
1349 1808 1507 1844 profundum
1523 1811 1565 1836 est
1585 1807 1641 1843 ipse
1661 1808 1755 1841 lmine,
1774 1808 1849 1842 cujus

1055 1857 1134 1884 etiam
1148 1855 1258 1892 capillos
1273 1859 1316 1889 tu,
1333 1855 1459 1889 Domine,
1475 1859 1629 1882 numeratos
1644 1853 1743 1887 habes,
1757 1857 1784 1881 et
1796 1859 1850 1880 non

1055 1902 1210 1929 minuuntur
1222 1902 1248 1929 in
1264 1905 1289 1929 te
1301 1910 1307 1928 :
1320 1905 1347 1929 et
1359 1904 1446 1928 tamen
1462 1900 1549 1935 capilli
1562 1899 1619 1934 ejus
1631 1900 1714 1934 magis
1727 1906 1851 1926 numera-

1055 1948 1122 1976 biles
1134 1949 1195 1975 sunt
1210 1955 1287 1983 quam
1302 1947 1411 1975 affectus
1424 1946 1491 1982 ejus,
1503 1950 1530 1974 et
1543 1949 1631 1973 motus
1644 1944 1732 1972 cordis
1745 1946 1812 1979 ejus.

1090 1995 1136 2022 25.
1150 1994 1185 2022 At
1199 1994 1243 2022 ille
1257 1994 1347 2022 rhetor
1359 2002 1391 2021 ex
1404 2001 1436 2021 eo
1448 1997 1504 2021 erat
1518 2000 1625 2028 genere,
1637 1999 1715 2028 quem
1727 1992 1765 2019 sic
1777 1999 1851 2019 ama-

1055 2041 1128 2074 bam,
1143 2044 1173 2068 ut
1185 2040 1280 2068 vellem
1295 2048 1338 2068 me
1353 2047 1413 2068 esse
1430 2039 1526 2071 talem;
1540 2042 1566 2066 et
1580 2036 1701 2066 errabam
1718 2037 1810 2074 typho,
1824 2044 1851 2066 et

1055 2087 1261 2115 circumferebar
1274 2087 1345 2114 omni
1359 2091 1448 2120 vento,
1462 2090 1490 2114 et
1509 2085 1588 2113 nimis
1600 2084 1703 2113 occulte
1718 2084 1850 2120 guberna-

1055 2133 1104 2160 bar
1114 2133 1161 2161 abs
1175 2137 1209 2160 te.
1224 2132 1256 2160 Et
1269 2133 1338 2160 unde
1350 2132 1420 2165 scio,
1436 2135 1462 2159 et
1477 2131 1546 2159 unde
1560 2132 1648 2159 certus
1662 2130 1790 2158 confiteor
1804 2130 1849 2158 tibi
1879 2164 1886 2170 I

1056 2178 1126 2214 quod
1147 2178 1219 2206 illum
1242 2179 1268 2206 in
1291 2185 1382 2205 amore
1400 2176 1562 2205 laudantium
1581 2176 1663 2212 magis
1683 2183 1849 2212 ainavcram,

1056 2230 1135 2259 quam
1150 2224 1174 2251 in
1187 2224 1264 2252 rebus
1276 2224 1341 2259 ipsis
1351 2223 1383 2251 de
1397 2224 1491 2258 quibus
1504 2221 1670 2250 laudabatur.
1684 2221 1750 2256 Quia
1761 2223 1783 2250 si
1798 2230 1850 2250 non

1056 2269 1190 2297 laudatum
1203 2270 1382 2304 vituperarent
1394 2277 1454 2296 eum
1470 2267 1549 2295 iidem
1562 2268 1621 2303 ipsi,
1636 2272 1664 2295 et
1676 2268 1850 2303 vituperando

1056 2320 1135 2351 atque
1151 2315 1301 2351 spernendo
1316 2323 1346 2343 ea
1360 2315 1415 2350 ipsa
1428 2319 1576 2349 narrarent,
1591 2322 1643 2342 non
1654 2314 1814 2342 accenderer
1825 2315 1849 2342 in

1056 2371 1116 2391 eum
1131 2367 1157 2391 et
1172 2371 1224 2391 non
1240 2363 1380 2391 excitarer.
1400 2362 1435 2389 Et
1454 2365 1527 2389 certe
1548 2369 1591 2389 res
1606 2369 1658 2389 non
1673 2362 1732 2388 alia;
1745 2359 1849 2395 forent,

1056 2417 1106 2437 nec
1127 2409 1207 2436 hoino
1227 2409 1283 2445 ipse
1297 2409 1383 2442 alius;
1397 2408 1443 2436 sed
1459 2406 1642 2436 tantummodo
1661 2408 1728 2435 alius
1741 2407 1849 2434 eilcctns

1056 2455 1230 2483 narrantinm.
1245 2453 1313 2482 Ecce
1327 2454 1371 2482 ubi
1392 2454 1463 2490 jacet
1481 2454 1569 2481 anima
1592 2453 1710 2485 iniirma,
1731 2451 1848 2484 nonduin

1056 2501 1160 2529 hmrens
1175 2500 1302 2528 soliditati
1320 2500 1448 2528 veritatis.
1464 2499 1538 2527 Sicut
1552 2507 1622 2526 anno
1638 2499 1785 2533 lingdarum
1800 2497 1848 2524 iia-

1056 2546 1143 2574 verint
1154 2554 1169 2573 a
1182 2545 1332 2581 pectoribus
1346 2545 1510 2580 opinantium
1520 2566 1527 2577 ,
1543 2545 1576 2571 ita
1592 2543 1674 2571 l'ertur
1686 2548 1713 2571 et
1726 2543 1847 2575 vertitur,

1056 2596 1194 2629 torquetur
1208 2601 1239 2620 ac
1253 2596 1431 2629 retorquetur,
1447 2595 1475 2619 et
1488 2590 1658 2619 obnubilatur
1670 2590 1693 2619 ei
1707 2590 1805 2621 lumen,
1824 2594 1851 2617 et

1055 2645 1109 2666 non
1122 2638 1239 2666 cernitur
1247 2638 1355 2666 veritas.
1370 2637 1403 2665 Et
1414 2645 1476 2665 ecce
1486 2642 1526 2664 est
1536 2640 1597 2664 ante
1607 2643 1665 2664 nos.
1679 2632 1712 2663 Et
1724 2643 1847 2671 magnum

1055 2684 1181 2720 quiddam
1200 2684 1266 2712 mihi
1284 2688 1358 2717 erat,
1376 2684 1399 2711 si
1415 2691 1504 2711 sermo
1517 2690 1592 2710 meus
1603 2686 1631 2710 et
1641 2682 1727 2710 studia
1741 2690 1799 2710 mea
1814 2683 1848 2709 illi

1055 2731 1113 2759 viro
1122 2731 1328 2759 innotescercnt.
1340 2730 1404 2765 Quze
1418 2731 1439 2758 si
1453 2728 1587 2765 probaret,
1598 2729 1738 2765 ﬂagrarem
1748 2728 1847 2765 magis;

1087 2820 1097 2837 ι
1106 2819 1143 2849 Sic
1157 2818 1270 2844 scribitur
1286 2819 1312 2843 in
1320 2818 1428 2844 editione
1436 2821 1491 2844 tm.
1502 2819 1528 2844 et
1536 2818 1567 2851 in
1577 2821 1635 2851 rats.
1644 2818 1778 2851 plerisque.
1789 2822 1815 2844 At
1824 2818 1850 2844 tn

1055 2851 1110 2876 Bad.
1120 2854 1170 2882 Am.
1179 2853 1217 2874 Er.
1228 2854 1281 2882 ᾼιιιι.
1291 2854 1317 2875 et
1323 2854 1424 2882 quatuor
1432 2854 1494 2880 Mss.,
1505 2849 1631 2882 lchcrium,

1087 2883 1131 2913 ξιιι
1140 2881 1206 2911 add,
1217 2880 1307 2913 doctor.
1325 2880 1350 2905 in
1358 2881 1452 2906 duobus
1459 2884 1512 2907 Mss.
1530 2885 1595 2911 ιον-η
1605 2881 1707 2907 dictator
1719 2885 1849 2913 :corrupte

1056 2912 1150 2949 scilicet
1158 2911 1382 2949 prodictorgquam
1395 2919 1485 2949 _vocem
1493 2916 1629 2939 nostrorum
1645 2913 1753 2939 ακιιωιιι
1768 2911 1849 2939 aucto-

1057 2947 1130 2970 ritate
1138 2947 1271 2969 restituere
1279 2947 1357 2969 γΒυω
1365 2947 1413 2969 est.
