4116 6366
518 333 619 392 703

516 456 562 511 si
587 463 761 509 autem
789 453 1140 524 improbaret,
1166 453 1493 511 sauciaretur
1515 467 1608 508 cor
1640 467 1833 505 vanum
1862 458 1916 505 et
1945 452 2100 504 inane

516 547 797 602 soliditatis
825 556 945 603 tum.
972 548 1036 602 Et
1063 559 1238 603 tamen
1266 548 1544 618 pulchrum
1570 544 1699 600 illud
1718 553 1876 615 atque
1895 553 2097 613 aptum,

519 639 660 694 unde
688 639 753 693 ad
782 655 900 695 cum
940 641 1287 711 scripseram,
1324 640 1547 695 libenter
1582 638 1761 692 animo
1788 636 2095 703 versabam,

515 729 585 784 ob
628 745 690 784 os
726 730 1184 801 contemplationis
1221 746 1355 786 mea:
1376 731 1431 798 ί,
1472 738 1526 786 et
1561 728 1710 784 nullo
1742 726 2099 783 collaudatore

518 823 772 879 mirabar.

1119 913 1348 970 CAPUT
1386 913 1502 969 XV.

517 1006 664 1072 Quod
688 1006 1034 1078 corporalibus
1056 1008 1356 1078 imaginibus
1384 1005 1783 1073 contenebratus,
1813 1022 1913 1059 non
1935 1005 2098 1076 potuit

1053 1117 1231 1171 capere
1252 1101 1555 1171 spiritualia.

581 1193 668 1245 24.
696 1191 800 1247 Sed
830 1201 988 1246 tanta:
1016 1194 1091 1247 rei
1118 1194 1387 1247 cardinem
1419 1193 1470 1247 in
1494 1202 1606 1249 arte
1634 1202 1720 1247 tua
1755 1192 1987 1247 nondum
2021 1192 2096 1246 vi-

511 1282 700 1338 debam
721 1326 735 1349 ,
766 1284 1144 1355 Omnipotens,
1173 1288 1263 1357 qui
1302 1288 1429 1343 facis
1464 1289 1721 1343 mirabilia
1746 1288 1892 1343 solus
1920 1287 2089 1359 (Psal.

510 1390 664 1443 uxr,
689 1375 786 1449 18)
811 1396 821 1430 :
847 1386 896 1433 et
920 1380 1028 1435 ibat
1047 1381 1254 1435 animus
1275 1396 1424 1435 meus
1444 1397 1539 1450 per
1560 1380 1757 1437 formas
1779 1397 2089 1451 corporeas;

509 1477 563 1520 et
590 1469 887 1536 pulchrum,
916 1471 1055 1541 quod
1091 1487 1186 1542 per
1211 1474 1442 1543 seipsnm
1467 1490 1481 1538 ;
1512 1484 1690 1543 aptum
1718 1482 1914 1539 autem,
1952 1474 2091 1544 quod

510 1558 577 1612 ad
604 1559 798 1628 aliquid
830 1564 1286 1618 accommodatum
1317 1564 1549 1631 deceret,
1576 1565 1889 1620 deiiniebam
1915 1576 1964 1621 et
1986 1567 2093 1622 dis-

509 1649 833 1721 tinguebam,
862 1662 917 1707 et
940 1656 1197 1725 exemplis
1220 1657 1490 1725 corporeis
1517 1658 1840 1711 astruebam.
1871 1658 1939 1712 Et
1966 1673 2093 1712 con-

508 1743 641 1795 verti
668 1759 753 1798 me
778 1743 843 1798 ad
870 1745 1028 1799 animi
1058 1756 1336 1813 naturam;
1368 1756 1422 1802 et
1454 1763 1559 1801 non
1598 1764 1684 1803 me
1720 1749 1925 1804 sinebat
1962 1749 2089 1805 falsa

507 1833 686 1901 opinio
714 1850 870 1903 quam
901 1837 969 1892 de
1007 1838 1365 1906 spiritualibus
1409 1839 1701 1904 habebam,
1743 1856 1926 1896 verum
1971 1858 2089 1897 cer-

508 1939 654 1979 nere.
701 1927 765 1980 Et
811 1928 1040 1983 irruebat
1083 1928 1135 1983 in
1181 1930 1364 1984 oculos
1406 1930 1517 2000 ipsa
1558 1932 1637 1985 vis
1675 1933 1817 1996 veri,
1852 1941 1907 1988 et
1940 1949 2092 1990 aver-

509 2016 683 2069 tebam
710 2018 1046 2086 palpitantem
1071 2029 1301 2076 mentem
1323 2023 1391 2076 ab
1416 2023 1728 2092 incorporea
1752 2041 1809 2080 re
1832 2026 1896 2079 ad
1926 2026 2091 2080 linea-

508 2115 707 2171 menta,
737 2116 790 2160 et
817 2107 1043 2174 colores,
1072 2119 1126 2163 et
1150 2120 1412 2165 tumentes
1440 2113 1843 2182 magnitudines.
1880 2115 1947 2168 Et
1970 2117 2089 2185 quia

509 2209 613 2248 non
656 2207 890 2265 poteram
931 2214 991 2253 ea
1036 2201 1214 2255 videre
1252 2202 1302 2254 in
1341 2203 1555 2270 animo,
1596 2205 1839 2272 putabam
1872 2222 1957 2259 me
1985 2220 2089 2260 non

508 2300 665 2354 posse
689 2287 866 2342 videre
892 2291 1124 2344 animum
1147 2307 1343 2346 meum.
1374 2293 1577 2348 Etcum
1610 2295 1661 2348 in
1688 2295 1879 2349 virtute
1904 2312 2088 2367 pacem

505 2390 763 2442 atnarem,
795 2378 847 2433 in
874 2380 1158 2435 vitiositate
1185 2390 1359 2436 autem
1390 2383 1621 2438 odissem
1651 2385 2002 2450 discordiam;
2036 2387 2087 2441 in

504 2464 589 2519 illa
614 2468 865 2523 unitatem
888 2510 901 2532 ,
932 2470 983 2523 iu
1026 2471 1123 2524 ista
1164 2473 1445 2541 quamdam
1473 2474 1784 2528 divisionem
1818 2477 2085 2531 notabam.

504 2552 671 2625 Inque
693 2558 779 2611 illa
801 2560 999 2613 unitate
1024 2576 1173 2615 mens
1194 2564 1470 2617 rationalis
1489 2573 1542 2618 et
1564 2572 1746 2619 natura
1771 2567 2009 2629 veritatis
2028 2583 2089 2622 ac

506 2648 701 2701 summi
725 2648 848 2703 boni
872 2650 998 2705 mihi
1022 2666 1141 2705 esse
1161 2653 1438 2708 videbatur
1462 2672 1474 2707 :
1499 2656 1552 2709 in
1575 2656 1672 2710 ista
1693 2672 1816 2712 vero
1833 2658 2089 2715 divisione

506 2736 827 2793 irrationalis
856 2739 979 2795 vitae
1000 2742 1042 2806 ³,
1073 2742 1252 2797 nescio
1277 2759 1435 2813 quam
1469 2746 1814 2801 substantiam
1841 2757 1895 2803 et
1933 2759 2088 2804 natu-

503 2843 616 2882 ram
640 2831 832 2885 summi
857 2833 1001 2897 mali,
1024 2849 1143 2903 quae
1164 2850 1267 2889 nou
1294 2837 1465 2891 solum
1494 2848 1636 2893 esset
1660 2840 1970 2908 substantia,
1994 2843 2089 2898 sed

507 2922 724 2975 omnino
760 2924 864 2977 vita
903 2934 1078 2991 esset,
1116 2935 1169 2981 et
1196 2936 1370 2983 tamen
1408 2930 1503 2984 abs
1537 2940 1587 2985 te
1617 2946 1719 2986 non
1746 2943 1922 2998 esset,
1951 2935 2090 2991 Deus

507 3025 658 3065 meus
676 3052 690 3076 ,
722 3026 787 3067 ex
812 3028 917 3083 quo
942 3023 1065 3069 sunt
1098 3019 1305 3084 omnia,
1334 3019 1495 3075 miser
1519 3022 1791 3091 epinabar.
1823 3025 1887 3079 Et
1914 3034 2089 3080 tamen

505 3101 650 3155 illam
685 3105 962 3160 monadem
1003 3109 1362 3178 appellabam,
1398 3120 1647 3183 tanquam
1686 3116 1800 3170 sine
1828 3117 1932 3170 ullo
1960 3134 2089 3173 sexu

508 3203 739 3248 mentem
763 3195 816 3259 ³;
846 3196 981 3251 hanc
1006 3215 1136 3254 vero
1164 3201 1389 3272 dyadem
1410 3248 1423 3269 ,
1465 3204 1597 3259 iram
1637 3206 1689 3260 in
1731 3208 2085 3279 facinoribus,

507 3282 778 3339 libidinem
823 3287 875 3341 in
925 3287 1171 3359 ﬂagitiis,
1214 3294 1460 3349 nesciens
1500 3297 1625 3366 quid
1670 3298 1932 3369 loquerer.
1971 3301 2088 3357 Non

505 3377 645 3426 enim
677 3391 928 3431 noveram
968 3396 1138 3450 neque
1166 3382 1454 3439 didiceram
1477 3427 1491 3451 ,
1523 3402 1622 3442 nec
1648 3389 1808 3443 ullam
1847 3391 2091 3448 substan-

507 3466 630 3519 tiam
658 3468 853 3522 malum
884 3484 1033 3539 esse,
1070 3489 1169 3528 nec
1196 3475 1361 3546 ipsam
1389 3487 1621 3535 mentem
1663 3490 1902 3537 nostram
1940 3499 2087 3538 sum-

504 3575 648 3614 mum
678 3571 835 3632 atque
865 3564 1296 3624 incommutabile
1324 3571 1544 3627 bonum.

574 3652 664 3709 25.
697 3654 845 3711 Sicut
879 3659 1019 3714 enim
1061 3660 1291 3716 facinora
1346 3673 1488 3732 sunt,
1530 3666 1575 3720 si
1618 3667 1842 3724 vitiosus
1876 3678 1959 3725 est
2002 3672 2089 3728 ille

504 3739 664 3792 animi
694 3750 887 3807 motus,
920 3743 972 3797 in
1000 3760 1105 3814 quo
1131 3757 1211 3801 est
1237 3748 1487 3818 impetus,
1516 3759 1569 3805 et
1589 3766 1647 3807 se
1670 3753 1834 3821 jactat
1860 3756 2091 3813 insolen-

506 3838 587 3884 ter
611 3845 673 3884 ac
693 3833 929 3900 turbide;
957 3845 1011 3891 et
1040 3837 1257 3907 flagitia,
1286 3841 1330 3893 si
1365 3850 1447 3895 est
1480 3843 1828 3899 immoderata
1854 3847 1941 3901 illa
1972 3851 2085 3902 ani-

505 3938 607 3975 mre
637 3924 866 3991 affectio,
900 3942 1001 3996 qua
1027 3933 1268 3985 carnales
1300 3931 1610 3989 hauriuntur
1639 3938 1935 4007 voluptates
1967 3959 1979 3994 :
2018 3942 2087 3997 ita

505 4028 717 4069 errores
741 4024 795 4069 et
837 4016 981 4072 falsa:
1006 4019 1482 4087 opiniones-vitam
1519 4028 1896 4095 contaminant,
1929 4031 1971 4084 si
1998 4047 2086 4086 ra-

504 4106 713 4160 tionalis
736 4123 885 4164 mens
915 4109 1029 4177 ipsa
1056 4111 1242 4166 vitiosa
1270 4122 1381 4179 est;
1414 4117 1583 4185 qualis
1609 4118 1658 4170 in
1690 4135 1774 4173 me
1802 4129 1928 4176 tunc
1952 4132 2084 4191 erat,

504 4198 777 4252 nesciente
819 4200 923 4254 alio
964 4200 1166 4256 lumine
1209 4203 1348 4257 illam
1394 4206 1755 4262 illustrandum
1788 4224 1906 4266 esse
1938 4223 1991 4266 ut
2021 4216 2089 4268 sit

505 4288 772 4358 particeps
795 4290 1053 4353 veritatis,
1082 4294 1200 4362 quia
1231 4310 1338 4349 non
1363 4306 1446 4351 est
1475 4297 1587 4368 ipsa
1620 4310 1803 4355 natura
1827 4304 2083 4361 veritatis.

504 4380 764 4446 Quoniam
807 4389 861 4436 tu
902 4383 1226 4441 illuminabis
1269 4387 1536 4443 lucernam
1578 4407 1785 4459 meam,
1829 4395 2085 4467 Domine;

505 4473 648 4527 Deus
684 4490 855 4542 meus,
905 4477 1223 4533 illuminabis
1266 4482 1510 4537 tenebras
1546 4500 1692 4540 meas
1731 4486 1901 4557 (Psal.
1945 4505 2083 4558 xvn,

505 4562 633 4633 29):
658 4573 711 4618 et
750 4564 817 4620 de.
861 4566 1189 4636 plenitudine
1217 4579 1302 4623 tua
1329 4587 1426 4625 nos
1451 4589 1637 4629 omnes
1665 4581 1983 4647 accepimus.
2014 4581 2085 4635 Es

501 4655 641 4708 enim
662 4662 715 4709 tu
742 4654 917 4711 lumen
936 4673 1120 4712 verum
1137 4660 1276 4728 quod
1298 4662 1557 4718 illuminat
1580 4682 1789 4721 omnem
1815 4668 2085 4726 hominem

502 4749 801 4804 venientem
833 4751 887 4804 in
915 4750 1056 4807 hunc
1082 4753 1337 4808 mundum
1365 4754 1541 4829 (Joan.
1574 4773 1611 4820 ι,
1647 4759 1732 4824 16,
1765 4759 1855 4831 9);
1884 4762 2003 4830 quia
2033 4764 2084 4818 in

501 4847 553 4894 te
579 4854 681 4894 non
712 4848 796 4896 est
816 4844 1209 4913 transmutatio,
1229 4861 1329 4901 nec
1344 4850 1598 4903 momenti
1619 4850 1950 4908 obumbratio
1969 4853 2086 4926 (Ja-

496 4932 604 4985 cobi
632 4949 671 5000 I,
695 4931 807 5005 17).

569 5023 657 5078 26.
687 5023 792 5079 Sed
818 5039 918 5096 ego
941 5027 1174 5082 conabar
1198 5028 1265 5082 ad
1292 5036 1364 5097 te,
1394 5039 1450 5085 et
1477 5033 1772 5101 repellebar
1799 5036 1894 5098 abs
1925 5046 1995 5103 te,
2026 5049 2084 5095 ut

497 5131 740 5184 saperem
763 5127 1011 5186 mortem,
1036 5121 1287 5189 quoniam
1317 5123 1560 5192 superbis
1585 5127 1808 5181 resistis.
1836 5129 1970 5196 Quid
1990 5147 2084 5186 au-

499 5218 601 5263 tem
631 5210 931 5279 superbius,
961 5227 1119 5282 quam
1150 5224 1207 5269 ut
1224 5229 1520 5273 assererem
1541 5220 1675 5274 mira
1702 5221 1965 5281 dementia
1995 5241 2081 5283 me

561 5344 576 5411 _‘
599 5352 708 5393 Arn.
727 5356 836 5394 enim
853 5345 1069 5411 editione
1087 5350 1251 5398 Mor-eti
1273 5361 1353 5399 an.
1374 5351 1494 5403 1&0
1509 5354 1580 5404 sic
1595 5354 1746 5407 habet
1765 5356 1957 5409 animo
1972 5373 2079 5411 ver-

494 5404 1091 5518 $1;me
1106 5411 1513 5476 contemplationis
1528 5429 1666 5468 mere.
1703 5404 1815 5469 uss:
1829 5404 2083 5474 'géi'an.

877 5545 987 5605 91m
1013 5537 1199 5605 nostris
1227 5537 1414 5605 habent
1432 5550 1445 5588 :
1464 5538 1705 5605 Diuisione

643 5594 749 5642 sive
773 5590 1084 5648 irrationalis.
1121 5601 1256 5661 Apud
1288 5590 2081 5669 Βοιωῖἷ

511 5670 551 5702 ia
634 5693 644 5702 .

560 5720 579 5747 ³
597 5726 645 5766 tn
673 5725 776 5793 Mss.
796 5720 1011 5783 quinque
1040 5735 1133 5791 non
1159 5722 1420 5793 deterioris
1442 5736 1572 5778 notae
1595 5728 1823 5793 habetur,
1849 5731 1951 5785 sine
1980 5733 2078 5786 ullo

492 5792 632 5832 censu
652 5788 855 5833 utentem
866 5796 884 5846 ,'
904 5796 1007 5845 pro,
1024 5784 1126 5835 sine
1144 5785 1240 5836 ullo
1256 5801 1394 5839 sexu.

1670 328 2180 391 CONFESSIONUM
2216 328 2275 385 S.
2314 329 2672 388 AUGUSTINI

3688 341 3789 396 704

2204 448 2256 503 id
2281 464 2398 505 esse
2436 453 2745 509 naturaliter
2770 453 2909 525 quod
2941 463 2994 509 tu
3019 456 3117 511 es?
3144 456 3277 511 Cum
3300 457 3442 513 enim
3472 473 3573 528 ego
3609 474 3785 516 essem

2203 542 2493 610 mutabilis,
2523 553 2577 599 et
2611 560 2675 598 eo
2714 546 2843 599 mihi
2885 547 3222 603 manifestum
3262 558 3425 616 esset,
3474 550 3616 621 quod
3665 551 3787 607 ideo

2203 634 2383 702 utique
2407 636 2617 704 sapiens
2647 651 2769 691 esse
2796 637 3097 706 cupiebam,
3135 649 3191 693 ut
3217 655 3282 695 ex
3309 640 3576 698 deteriore
3598 643 3788 698 melior

2203 724 2420 791 ﬁerem;
2444 727 2705 782 malebam
2734 737 2907 784 tamen
2952 732 3111 785 etiam
3150 742 3201 787 te
3229 733 3431 802 opinari
3457 735 3785 803 mutabilem,

2200 833 2357 888 quam
2390 836 2474 874 me
2498 836 2602 874 non
2633 821 2731 875 hoc
2753 837 2871 877 esse
2899 823 3042 893 quod
3074 834 3126 877 tu
3157 839 3235 879 es.
3260 825 3440 895 Itaque
3465 827 3787 896 repellebar,

2202 916 2255 962 et
2282 910 2566 965 resistebas
2588 920 2821 966 ventosae
2844 914 3036 967 cervici
3068 930 3197 968 mea:
3219 932 3231 967 :
3256 924 3309 968 et
3333 916 3661 986 imaginabar
3676 919 3786 973 for-

2201 1016 2315 1054 mas
2341 1016 2644 1070 corporeas,
2674 1012 2728 1058 et
2748 1018 2872 1058 caro
2900 1020 3113 1058 carnem
3140 1006 3477 1072 accusabam,
3501 1016 3555 1061 et
3571 1008 3787 1076 spiritus

2200 1092 2478 1146 ambulans
2496 1094 2731 1148 nondum
2754 1096 3059 1150 revertebar
3083 1096 3147 1149 ad
3179 1107 3227 1150 te
3251 1095 3422 1164 (Psal.
3448 1113 3649 1163 ann,
3669 1100 3782 1169 59);

2200 1190 2255 1237 et
2276 1183 2596 1238 ambulando
2623 1184 2959 1239 ambulabant
2990 1187 3041 1240 in
3070 1203 3131 1241 ea
3162 1203 3281 1256 quae
3312 1202 3417 1241 non
3439 1196 3583 1253 sunt,
3615 1205 3787 1259 neque

2198 1274 2251 1328 in
2275 1284 2345 1340 te,
2372 1292 2543 1345 neque
2560 1277 2610 1330 in
2636 1293 2739 1344 me,
2764 1293 2937 1348 neque
2957 1280 3009 1333 in
3024 1294 3273 1349 corpore;
3294 1296 3463 1350 neque
3487 1281 3614 1335 mihi
3636 1297 3785 1337 crea-

2199 1366 2391 1421 bantur
2413 1384 2444 1423 a
2470 1370 2691 1423 veritate
2725 1379 2832 1435 tua,
2862 1372 2956 1426 sed
2982 1388 3010 1425 a
3043 1388 3159 1428 mea
3190 1374 3421 1429 vanitate
3451 1377 3785 1446 fingebantur

2198 1474 2263 1512 ex
2288 1474 2545 1529 corpore:
2570 1471 2622 1514 et
2644 1462 2882 1517 dicebam
2918 1465 3148 1533 parvulis
3166 1465 3408 1522 fidelibus
3432 1470 3554 1535 luis,
3582 1471 3784 1525 civibus

2198 1550 2351 1613 meis,
2395 1567 2424 1604 a
2471 1553 2660 1622 quibus
2709 1557 2956 1610 nesciens
2998 1558 3340 1624 exsulabant;
3390 1560 3631 1615 dicebam
3676 1563 3781 1617 illis

2196 1642 2438 1711 garrulus
2466 1655 2520 1698 et
2555 1647 2784 1716 ineptus,
2812 1645 2917 1702 Cur
2945 1664 3072 1718 ergo
3096 1660 3239 1704 errat
3269 1653 3444 1706 anima
3472 1669 3629 1722 quam
3658 1654 3781 1711 fecit

2197 1734 2377 1788 Deus?
2404 1736 2468 1788 Et
2497 1737 2622 1790 mihi
2653 1739 2895 1793 nolebam
2926 1741 3051 1803 dici,
3078 1741 3186 1797 Cur
3210 1759 3336 1813 ergo
3360 1754 3502 1799 errat
3523 1745 3696 1801 Deus?
3715 1747 3782 1802 Et

2196 1827 2579 1881 contendebant
2610 1832 2777 1899 magis
2813 1832 3298 1889 incommutabilem
3343 1844 3483 1889 tuam
3529 1838 3780 1892 substan-

2198 1921 2321 1974 tiam
2359 1932 2597 1976 coactam
2642 1940 2843 1992 errare,
2873 1942 3028 1996 quam
3056 1944 3228 1982 meam
3255 1929 3563 1985 mutabilem
3593 1941 3781 2001 sponte

2195 2012 2456 2081 deviasse,
2481 2025 2536 2071 et
2562 2032 2714 2086 paena
2738 2034 2918 2073 errare
2941 2020 3285 2075 conﬁtebar‘.

2264 2104 2352 2157 27.
2379 2106 2445 2161 Et
2473 2123 2617 2161 eram
2649 2118 2803 2164 aitate
2827 2125 3085 2165 annorum
3114 2112 3337 2168 fortasse
3357 2114 3539 2184 viginti
3566 2130 3658 2169 sex
3688 2125 3781 2171 aut

2195 2208 2420 2267 septem,
2450 2215 2572 2255 cum
2604 2203 2691 2256 illa
2715 2204 2982 2258 volumina
3012 2205 3219 2275 scripsi,
3260 2206 3480 2261 volvens
3514 2207 3653 2278 apud
3695 2224 3781 2265 me

2194 2293 2487 2360 corporalia
2517 2294 2781 2363 figmenta,
2812 2298 3169 2366 obstrepentia
3194 2299 3371 2354 cordis
3396 2300 3501 2355 mei
3530 2302 3775 2365 auribus;

2194 2398 2325 2451 quas
2350 2384 2708 2452 intendebam,
2734 2387 2902 2443 dulcis
2928 2390 3141 2454 veritas,
3186 2390 3238 2443 in
3279 2392 3582 2446 interiorem
3614 2394 3781 2448 melo-

2195 2474 2335 2529 diam
2366 2487 2531 2541 tuam,
2562 2477 2799 2547 cogitans
2835 2479 2901 2532 de
2938 2480 3162 2549 pulchro
3189 2490 3243 2535 et
3267 2491 3411 2550 apto,
3434 2491 3487 2538 et
3512 2494 3653 2538 stare
3680 2500 3780 2538 cu-

2193 2566 2347 2636 piens
2380 2576 2435 2621 et
2473 2568 2660 2623 audire
2692 2579 2768 2629 te,
2798 2578 2851 2624 et
2878 2571 3071 2640 gaudio
3098 2571 3331 2641 gaudere
3353 2584 3569 2643 propter
3595 2590 3778 2631 vocem

2194 2660 2374 2729 sponsi
2404 2659 2579 2731 (Joan.
2610 2678 2687 2725 ιιι,
2715 2661 2829 2733 29),
2872 2672 2925 2717 et
2959 2679 3065 2718 non
3114 2667 3524 2735 poteramzquia
3566 2667 3781 2723 vocibus

2194 2753 2389 2806 erroris
2416 2754 2518 2807 mei
2549 2754 2793 2822 rapiebar
2825 2753 2989 2821 foras,
3024 2765 3077 2809 et
3105 2756 3338 2826 pondere
3358 2757 3618 2824 superbia:
3647 2774 3780 2814 mea;

2195 2842 2247 2895 in
2279 2842 2383 2896 ima
2409 2842 2739 2898 decidebant.
2766 2845 2886 2899 Non
2914 2848 3057 2900 enim
3088 2846 3253 2901 dabas
3281 2847 3479 2901 auditui
3508 2863 3628 2903 meo
3647 2864 3779 2918 gau-

2194 2933 2338 2989 dium
2369 2944 2424 2990 et
2451 2936 2707 3002 laetitiam,
2740 2948 2829 2991 aut
2854 2938 3191 2995 exsultabant
3216 2954 3335 2994 ossa
3365 2955 3503 3008 mea,
3530 2956 3648 3012 quae
3677 2941 3781 2997 huc

2193 3027 2392 3082 miliata
2418 3043 2523 3083 non
2544 3039 2695 3085 erant
2717 3029 2885 3103 (Psal.
2914 3048 2964 3095 ι,
2993 3031 3105 3106 10).

2790 3124 3012 3181 CAPUT
3050 3125 3190 3181 XVI.

2194 3210 2483 3284 Categorias
2517 3213 2804 3270 Aristoteli:
2838 3226 2883 3271 et
2923 3218 3206 3273 liberalium
3231 3220 3414 3275 artium
3439 3221 3590 3277 libros
3619 3239 3707 3294 per
3730 3240 3785 3279 se

2850 3311 3117 3367 intellexit.

2265 3396 2354 3452 28.
2384 3398 2449 3453 Et
2475 3399 2601 3470 quid
2634 3401 2765 3456 mihi
2800 3404 3051 3472 proderat
3074 3405 3213 3475 quod
3241 3421 3411 3463 annos
3432 3418 3584 3463 natus
3614 3407 3782 3465 ferme

2194 3488 2399 3558 viginti,
2438 3505 2557 3545 cum
2607 3493 2660 3546 in
2706 3509 2894 3551 manus
2941 3511 3088 3550 meas
3128 3497 3401 3553 venissent
3449 3500 3782 3555 Aristotelica

2194 3579 2457 3649 qumdam,
2489 3598 2621 3651 quas
2659 3585 2925 3653 appellant
2965 3586 3147 3642 decem
3185 3589 3519 3659 Categorias;
3558 3606 3779 3659 quarum

2195 3672 2430 3737 nomine,
2454 3689 2572 3728 cum
2591 3690 2684 3730 eas
2705 3676 2889 3732 rhetor
2911 3679 3342 3748 Carthaginensis
3364 3682 3613 3752 magister
3634 3696 3783 3737 meus

2195 3764 2379 3820 buccis
2417 3767 2580 3838 typho
2619 3772 2958 3837 crepantibus
2997 3782 3459 3839 commemoraret,
3492 3783 3545 3828 et
3569 3774 3656 3828 alii
3692 3775 3781 3844 qui

2195 3854 2336 3910 docti
2363 3854 2717 3925 habebantur,
2749 3870 2996 3930 tanquam
3026 3863 3077 3916 in
3106 3863 3286 3919 nescio
3309 3864 3432 3934 quid
3457 3880 3702 3935 magnum
3728 3876 3784 3920 et

2193 3945 2431 4001 divinum
2477 3965 2763 4018 suspensus
2792 3950 3059 4008 inbiabam
3083 3970 3098 4016 ;
3130 3954 3228 4023 legi
3257 3970 3348 4009 eas
3376 3956 3522 4010 solus
3546 3966 3599 4010 et
3626 3957 3780 4011 intel-

2196 4035 2334 4091 lexi?
2362 4038 2503 4105 Quas
2528 4054 2647 4094 cum
2678 4042 3023 4096 contulissem
3064 4058 3185 4098 cum
3226 4044 3303 4098 eis
3330 4045 3417 4115 qui
3454 4060 3513 4099 se
3536 4046 3782 4101 dicebant

2192 4132 2279 4185 vix
2304 4145 2417 4196 eas,
2447 4132 2714 4203 magistris
2743 4134 3135 4199 eruditissimis,
3167 4151 3271 4190 non
3300 4136 3635 4205 loquentibus
3666 4148 3781 4192 tan-

2193 4234 2327 4290 tum,
2352 4225 2444 4279 sed
2467 4226 2629 4279 multa
2656 4226 2708 4279 in
2736 4227 2949 4296 pulvere
2966 4227 3390 4299 depingentibus,
3420 4230 3775 4299 intellexisse;

2192 4315 2322 4370 nihil
2368 4316 2490 4369 inde
2521 4316 2661 4371 aliud
2688 4317 2817 4371 mihi
2846 4318 3021 4373 dicere
3046 4329 3348 4389 potuerunt,
3378 4338 3535 4391 quam
3562 4337 3661 4392 ego
3688 4338 3778 4377 so-

2192 4407 2276 4462 lus
2305 4409 2441 4476 apud
2464 4410 2722 4476 meipsum
2749 4410 2931 4480 legens
2959 4427 3332 4482 cognoveram,
3361 4424 3413 4469 et
3438 4416 3565 4469 satis
3594 4426 3779 4485 aperte

2191 4501 2321 4555 mihi
2370 4501 2687 4557 videbantur
2721 4504 3000 4573 loquentes
3040 4506 3107 4561 de
3154 4507 3478 4569 substantiis,
3503 4510 3656 4563 sicuti
3696 4524 3779 4567 est

2192 4592 2383 4660 homo;
2411 4604 2463 4649 et
2492 4610 2609 4664 qua:
2653 4596 2707 4649 in
2754 4598 2854 4651 illis
2887 4610 3082 4665 essent,
3119 4601 3273 4655 sicuti
3301 4611 3380 4656 est
3407 4602 3568 4672 ﬁgura
3601 4606 3775 4660 homi-

2191 4688 2307 4751 nis;
2335 4688 2505 4756 qualis
2534 4688 2602 4741 sit
2627 4698 2678 4742 et
2704 4698 2902 4744 statura
2925 4732 2938 4754 ,
2963 4702 3091 4761 quot
3134 4694 3324 4761 pedum
3373 4695 3473 4760 sit;
3500 4706 3553 4749 et
3577 4712 3774 4767 cogna-

2192 4779 2286 4843 tio,
2316 4779 2466 4848 cujus
2484 4774 2643 4834 frater
2662 4782 2758 4847 sit;
2787 4782 2979 4836 autuhi
3006 4784 3074 4837 sit
3092 4786 3429 4851 constitutus;
3456 4797 3545 4841 aut
3564 4790 3775 4857 quando

2190 4877 2377 4934 natus;
2411 4881 2501 4923 aut
2530 4879 2649 4935 stet,
2671 4881 2761 4925 aut
2788 4872 2999 4936 sedeat;
3031 4885 3119 4928 aut
3142 4878 3406 4931 calceatus
3433 4879 3517 4931 vel
3541 4891 3773 4934 armatus

2190 4962 2288 5026 sit;
2318 4971 2408 5016 aut
2446 4962 2640 5033 aliquid
2684 4963 2866 5030 faciat;
2899 4974 2988 5019 aut
3033 4967 3262 5035 patiatur
3298 4968 3491 5038 aliquid
3515 4987 3527 5021 :
3550 4978 3603 5025 et
3631 4986 3774 5040 qna:-

2188 5068 2414 5123 cumque
2442 5054 2492 5107 in
2524 5052 2606 5108 his
2626 5070 2817 5110 novem
2844 5058 3145 5126 generibtrs,
3164 5074 3389 5128 quorum
3411 5062 3637 5129 exempli
3658 5077 3774 5131 gra-

2189 5147 2259 5201 tia
2287 5150 2525 5218 quaedam
2562 5152 2734 5220 posui,
2766 5153 2848 5205 vel
2890 5152 2941 5207 in
2985 5153 3100 5224 ipso
3140 5154 3450 5210 substantia:
3474 5172 3669 5226 genere
3696 5157 3773 5209 in-

2186 5242 2533 5296 numerabilia
2563 5245 2921 5315 reperiuntur.

2257 5332 2348 5387 29.
2376 5334 2512 5401 Quid
2540 5334 2640 5388 hoc
2669 5336 2797 5390 mihi
2826 5338 3092 5408 proderat,
3112 5340 3324 5409 quando
3339 5350 3395 5397 et
3412 5342 3633 5397 eberat?
3652 5332 3771 5398 cum

2185 5426 2345 5479 etiam
2380 5434 2451 5491 te,
2484 5426 2623 5480 Deus
2651 5442 2820 5493 meus,
2850 5430 3161 5484 mirabiliter
3189 5432 3484 5501 simplicem
3506 5440 3666 5503 atque
3693 5436 3772 5488 in-

2184 5517 2649 5585 commutabilem,
2710 5517 2812 5575 illis
2863 5521 3049 5575 decem
3104 5524 3531 5593 prmdicamentis
3581 5536 3772 5596 putans

2183 5612 2437 5681 quidquid
2482 5622 2626 5669 esset
2651 5616 2867 5670 omnino
2892 5616 3353 5687 comprehensum,
3387 5621 3464 5675 sic
3484 5619 3775 5695 intelligere

2245 5802 2261 5832 ί
2283 5800 2415 5861 Hild,
2434 5813 2552 5861 pene
2571 5813 2738 5853 errare
2754 5802 3030 5867 conﬁtebar,
3052 5806 3306 5859 manifesto
3321 5808 3473 5872 lapsu.
