4116 6366
338 327 444 387 ’105

335 461 582 512 conarer,
611 445 760 516 quasi
788 453 843 499 et
881 452 934 498 tu
975 443 1244 515 subjectus
1272 456 1419 499 esses
1445 442 1789 513 magnitudini
1820 455 1921 500 tuae

333 547 425 593 aut
453 536 854 609 pulchritudini.
888 546 945 591 ut
977 537 1064 592 illa
1093 547 1274 593 essent
1302 537 1352 591 in
1384 546 1435 591 te
1461 536 1610 607 quasi
1652 537 1702 591 in
1739 537 1920 605 subje-

330 641 441 699 cto,
474 631 612 686 sicut
640 630 693 684 in
724 644 984 698 corpore;
1013 644 1135 684 cum
1171 638 1257 683 tua
1284 628 1591 700 magnitudo
1613 638 1667 683 et
1696 639 1779 683 tua
1804 630 1922 697 pulc

330 722 576 778 chritudo
594 731 651 776 tu
677 722 790 791 ipse
816 721 924 776 sis:
946 735 1141 789 corpus
1156 730 1333 775 autem
1364 737 1467 775 non
1492 737 1558 777 eo
1581 722 1649 775 sit
1673 736 1921 791 magnum

332 827 386 872 et
405 817 688 885 pulchrum
714 830 818 885 quo
845 830 1040 885 corpus
1057 823 1168 880 est;
1194 813 1315 884 quia
1342 814 1440 869 etsi
1470 815 1643 868 minus
1672 830 1921 882 magnum

331 919 386 966 et
430 913 608 969 minus
654 910 931 979 pulchrum
962 918 1132 975 esset,
1168 909 1511 966 nihilominus
1538 925 1731 981 corpus
1757 918 1918 965 esset.

332 1000 560 1057 Falsitas
579 1002 719 1056 enim
749 1009 863 1056 erat
885 1016 1041 1071 quam
1064 1000 1131 1055 de
1152 1010 1202 1055 te
1226 1002 1543 1071 cogitabam,
1572 1018 1677 1057 nou
1695 1004 1917 1069 veritas;

331 1104 383 1146 ct
414 1094 662 1160 ﬁgmenta
691 1093 919 1147 miseriae
946 1108 1100 1159 mete,
1132 1108 1237 1147 non
1275 1094 1603 1148 ﬁrmamenta
1638 1094 1920 1149 beatitudi-

332 1184 417 1239 nis
450 1193 571 1239 tum.
598 1183 844 1239 Jusseras
870 1185 1034 1251 enim,
1072 1194 1125 1239 et
1159 1185 1230 1239 ita
1274 1185 1434 1239 ﬁebat
1471 1185 1522 1239 in
1564 1201 1666 1250 me,
1702 1195 1757 1240 ut
1783 1198 1921 1242 terra

332 1279 516 1346 spinas
542 1288 594 1332 et
624 1278 846 1333 tribulos
876 1286 1086 1347 pareret
1116 1278 1263 1344 mihi,
1290 1287 1345 1333 et
1380 1294 1501 1333 cum
1532 1279 1713 1334 labore
1738 1295 1924 1349 perve-

333 1371 505 1424 nirem
532 1370 599 1424 ad
629 1385 817 1440 panem
840 1386 1015 1424 meum
1040 1369 1190 1442 (Gen.
1219 1387 1297 1435 in,
1330 1371 1415 1434 l8,
1449 1371 1557 1441 19).

401 1459 493 1514 50.
519 1459 724 1529 thuid
742 1459 873 1515 mihi
894 1460 1148 1532 proderat
1171 1462 1310 1531 quod
1334 1476 1519 1516 omnes
1540 1462 1702 1517 libros
1727 1464 1920 1519 artium

332 1568 465 1623 quas
492 1552 741 1608 liberales
765 1562 975 1618 vocant,
1008 1563 1132 1609 tunc
1158 1556 1515 1624 nequissimus
1542 1556 1798 1610 malarum
1828 1571 1923 1611 cu-

331 1647 610 1717 piditatum
642 1661 827 1701 servus
855 1662 952 1718 per
977 1648 1238 1717 meipsum
1270 1648 1371 1719 legi
1399 1657 1450 1703 et
1479 1648 1736 1713 intellexi,
1764 1665 1927 1719 quos.

333 1752 562 1807 cumque
602 1738 779 1808 legere
815 1739 994 1808 potui?
1020 1740 1086 1794 Et
1113 1740 1404 1810 gaudebam
1433 1741 1485 1794 in
1515 1741 1614 1807 eis,
1642 1750 1696 1795 et
1722 1742 1927 1797 nescie-

336 1827 458 1883 bam
490 1829 637 1885 unde
667 1839 808 1885 esset
847 1831 1097 1902 quidquid
1127 1832 1199 1886 ibi
1230 1848 1414 1887 verum
1443 1844 1495 1887 et
1523 1843 1727 1888 certum
1759 1844 1921 1890 esset.

337 1921 561 1975 Dorsum
592 1921 735 1975 enim
764 1921 1023 1978 habebam
1064 1924 1129 1977 ad
1177 1924 1374 1989 lumen,
1404 1934 1456 1979 et
1482 1925 1547 1979 ad
1569 1941 1627 1979 ea
1657 1942 1775 1996 qum
1802 1927 1924 1981 illuo

335 2011 627 2077 minantur,
659 2009 849 2068 faciem
876 2030 889 2067 :
921 2014 1064 2069 unde
1092 2015 1203 2085 ipsa
1239 2015 1401 2071 facies
1426 2032 1564 2082 mea,
1599 2033 1700 2087 qua
1732 2018 1927 2072 illumi-

335 2114 457 2157 nata
498 2105 803 2172 cernebam,
836 2121 940 2159 non
973 2106 1388 2161 illuminabatur.
1420 2108 1682 2176 Quidquid
1716 2109 1782 2163 de
1810 2117 1926 2165 arte

336 2195 589 2265 loquendi
637 2205 691 2251 et
734 2197 1056 2263 disserendi,
1103 2199 1353 2269 quidquid
1400 2199 1466 2253 de
1510 2199 1927 2255 dimensionibus

336 2286 644 2357 ﬁgurarum,
682 2297 736 2343 et
777 2288 845 2343 de
887 2289 1103 2344 musicis
1127 2298 1179 2344 et
1204 2290 1271 2347 de
1300 2292 1554 2355 numeris,
1588 2291 1702 2346 sine
1738 2307 1927 2361 magna

334 2378 671 2446 difﬁcultate,
702 2381 848 2435 nullo
872 2381 1145 2435 hominum
1175 2382 1413 2436 tradente
1440 2382 1696 2447 intellexi,
1723 2383 1827 2437 scis
1850 2392 1921 2450 tu,

334 2472 561 2527 Domine
591 2474 730 2527 Deus
759 2488 941 2539 meus;
974 2474 1093 2543 quia
1136 2482 1191 2529 et
1228 2474 1473 2529 celeritas
1501 2474 1845 2545 intelligendi,
1874 2485 1930 2531 et

334 2566 654 2637 dispiciendi
684 2581 904 2621 acurneu
924 2567 965 2633 ί,
996 2566 1194 2621 donum
1236 2574 1380 2620 tuum
1423 2576 1535 2622 est:
1560 2567 1652 2621 sed
1679 2582 1783 2621 non
1806 2568 1930 2623 inde

333 2660 698 2715 sacriﬁcabam
729 2660 840 2713 tibi.
871 2658 1051 2729 Itaque
1098 2660 1226 2713 mihi
1273 2675 1377 2714 non
1423 2661 1487 2714 ad
1530 2676 1705 2722 usum,
1739 2661 1831 2715 sed
1861 2661 1929 2716 ad

335 2752 626 2823 perniciem
650 2751 818 2821 magis
841 2751 1070 2816 valebat,
1090 2753 1210 2822 quia
1242 2761 1345 2805 tam
1368 2753 1560 2806 bonam
1582 2763 1783 2822 partem
1806 2754 1932 2809 sub-

336 2844 551 2900 stantia:
595 2859 727 2898 mea:
767 2844 933 2913 sategi
965 2843 1163 2898 habere
1190 2845 1241 2897 in
1271 2853 1637 2913 potestatezet
1663 2846 1932 2900 fortitudi-

336 2954 457 2993 nem
480 2953 653 2991 meam
678 2952 779 2989 non
804 2936 869 2991 ad
889 2946 939 2991 te
953 2936 1316 2990 custodiebam
1343 2936 1513 3010 (Psal.
1540 2954 1686 3001 LVIII,
1710 2938 1819 3010 10);
1839 2940 1931 2995 sed

332 3031 597 3102 profectus
614 3044 730 3084 sum
743 3028 841 3085 abs
855 3028 964 3083 tein
985 3030 1316 3099 longinquam
1330 3031 1618 3100 regionem,
1631 3040 1814 3087 uteam
1827 3033 1936 3087 dis-

334 3126 567 3194 siparem
593 3123 645 3177 in
675 3120 980 3175 meretrices
1005 3119 1355 3188 cupiditates”
1381 3120 1527 3193 (Luc.
1557 3137 1659 3189 xv,
1696 3123 1761 3175 12
1782 3166 1795 3187 ,
1830 3125 1895 3179 15
1914 3166 1930 3192 ,

401 3262 417 3293 ί
441 3268 491 3309 In
524 3258 878 3321 antiquioribus
896 3258 1206 3321 editionibus,
1227 3257 1462 3321 discendi.
1482 3267 1590 3311 Lov.
1613 3268 1664 3311 et
1688 3270 1819 3321 Arn.,
1840 3261 1937 3315 dis-

338 3320 558 3388 putandi.
580 3319 716 3388 Irt'in
750 3328 855 3368 Mss.
876 3319 1111 3382 pluribus,
1133 3320 1419 3385 dispiciendi
1443 3336 1659 3384 acumen,
1681 3337 1790 3387 qua:
1806 3319 1936 3388 ger-

342 3384 486 3434 mana
503 3384 652 3433 lectio
669 3384 770 3431 visa
789 3390 880 3430 est.

401 3449 421 3478 ²
442 3453 554 3496 Lov.
573 3459 682 3495 cum
700 3444 1047 3505 antiquioribus
1080 3444 1398 3505 editionibus,
1416 3444 1714 3497 meretricias
1749 3445 1938 3511 cupidi-

1687 322 1893 386 LIBER
1930 328 2245 401 QUINTUS.

3500 345 3607 403 706

2027 446 2138 519 50).
2156 447 2287 502 Nam
2299 448 2423 519 quid
2446 449 2572 506 mihi
2596 450 2987 522 proderatbona
3009 468 3114 516 res,
3132 472 3235 511 non
3253 462 3419 515 ulenti
3439 460 3608 517 bene?

2025 538 2140 596 Non
2163 540 2303 595 enim
2340 542 2634 598 sentiebam
2675 545 2793 600 illas
2828 555 2971 601 artes
2998 548 3157 602 etiam
3185 547 3253 602 ab
3273 550 3525 606 studiosis
3553 560 3608 608 et

2026 633 2315 703 ingeniosis
2354 633 2665 692 diflicillime
2708 638 2947 708 intelligi,
2977 640 3075 693 nisi
3114 656 3231 694 cum
3276 642 3356 697 eis
3390 644 3606 698 easdem

2026 726 2256 780 conabar
2299 741 2605 797 exponere;
2651 739 2706 785 et
2746 740 2861 785 erat
2910 731 3000 785 ille
3039 732 3516 790 excellentissimus
3553 736 3608 791 in

2026 820 2123 884 eis,
2158 821 2247 889 qui
2277 836 2362 876 me
2384 834 2736 890 exponentem
2767 839 2872 879 non
2896 824 3094 879 tardius
3120 837 3450 896 sequeretur.

2098 911 2184 965 51.
2214 911 2317 967 Sed
2359 913 2484 983 quid
2523 915 2652 968 mihi
2696 915 2797 970 hoc
2837 916 3104 985 proderat,
3137 920 3334 986 putanti
3364 919 3502 988 quod
3533 930 3606 985 tu,

2026 1003 2249 1059 Domine
2274 1006 2412 1060 Deus
2434 1008 2644 1073 veritas,
2665 1024 2859 1079 corpus
2887 1025 3033 1066 esses
3067 1010 3296 1065 lucidum
3314 1024 3366 1066 et
3387 1012 3611 1067 immen-

2025 1110 2165 1161 sum,
2196 1107 2249 1151 et
2273 1112 2374 1168 ego
2402 1098 2623 1154 frustum
2650 1101 2715 1155 de
2746 1102 2835 1155 illo
2864 1104 3124 1172 corpore?
3152 1103 3320 1158 Nimia
3352 1106 3613 1175 perversi-

2026 1191 2133 1244 tas!
2168 1190 2259 1244 sed
2302 1192 2381 1248 sic
2419 1207 2583 1246 eram.
2614 1193 2722 1248 Nec
2748 1195 3026 1262 erubesco,
3061 1196 3199 1250 Deus
3236 1212 3406 1259 meus,
3448 1198 3613 1252 conﬁ-

2028 1282 2123 1336 teri
2152 1282 2244 1336 tibi
2275 1284 2327 1337 in
2364 1299 2450 1341 me
2485 1285 2873 1341 misericordias
2906 1298 3039 1353 tuas,
3063 1298 3116 1344 et
3143 1289 3389 1346 invocare
3418 1299 3489 1356 te,
3519 1293 3609 1361 qui

2026 1388 2133 1428 non
2149 1374 2333 1429 erubui
2350 1367 2478 1429 Iunc
2493 1377 2726 1445 proﬁteri
2749 1377 3049 1434 hominibus
3064 1380 3419 1449 blasphemias
3441 1398 3607 1449 meas,

2027 1473 2081 1520 et
2115 1466 2309 1522 latrare
2339 1467 2619 1523 adversum
2650 1478 2717 1523 te.
2747 1471 2881 1536 Quid
2907 1486 3033 1541 ergo
3061 1471 3187 1525 mihi
3217 1482 3337 1526 tunc
3357 1473 3611 1544 proderat

2027 1555 2293 1627 ingenium
2320 1574 2416 1628 per
2442 1558 2559 1613 illas
2585 1560 2852 1614 doctrinas
2875 1562 3031 1631 agile,
3050 1572 3105 1616 et
3126 1563 3270 1618 nullo
3291 1564 3612 1618 adminiculo

2027 1646 2241 1701 humani
2285 1650 2572 1717 magisterii
2616 1658 2690 1703 tot
2718 1650 3053 1705 uodosissimi
3085 1653 3201 1707 libri
3231 1655 3462 1720 enodati,
3490 1669 3613 1709 cum

2027 1736 2335 1793 deformiter
2357 1751 2411 1793 et
2436 1740 2689 1810 sacrilega
2708 1741 3028 1809 turpitudine
3055 1743 3105 1796 in
3132 1742 3368 1798 doctrina
3400 1744 3609 1814 pietatis

2027 1827 2300 1884 errarem?
2328 1832 2432 1885 Aut
2456 1831 2582 1901 quid
2626 1840 2827 1885 tantum
2854 1833 3039 1886 eberat
3068 1834 3297 1902 parvulis
3325 1836 3426 1889 tuis
3454 1836 3612 1905 longe

2030 1920 2228 1975 tardius
2256 1920 2524 1991 ingenium
2547 1963 2561 1987 ,
2592 1938 2711 1976 cum
2738 1939 2766 1975 a
2796 1932 2847 1977 te
2878 1924 3030 1999 longe
3060 1940 3162 1978 non
3194 1926 3522 1989 recederent,
3554 1934 3612 1980 ut

2028 2013 2081 2067 in
2109 2013 2233 2068 nido
2263 2014 2516 2069 Ecclesiae
2552 2023 2656 2070 tum
2688 2016 2784 2069 tuti
2828 2017 3235 2085 plumescerent.
3264 2028 3317 2072 et
3345 2020 3456 2073 alas
3483 2020 3612 2073 cha-

2030 2107 2201 2161 ritatis
2225 2107 2478 2162 alimento
2499 2123 2642 2162 sana:
2666 2108 2783 2163 ﬁdei
2813 2111 3114 2165 nutrirent?
3138 2111 3182 2165 0
3212 2112 3451 2176 Domine,
3473 2113 3612 2168 Deus

2027 2209 2229 2263 noster,
2262 2201 2312 2254 in
2338 2202 2635 2256 velamento
2665 2202 2866 2256 alarum
2898 2213 3100 2257 tuarum
3133 2219 3409 2273 speremus
3443 2204 3611 2276 (Psat.

2030 2306 2155 2357 Lxu,
2183 2291 2261 2364 8);
2292 2300 2345 2347 et
2375 2302 2591 2364 protege
2626 2309 2741 2360 nos,
2767 2303 2819 2349 et
2857 2304 3005 2365 porta
3047 2310 3162 2350 nos.
3197 2296 3273 2350 Tu
3301 2298 3534 2365 portabis
3564 2308 3618 2353 et

2031 2383 2296 2452 parvulos,
2324 2393 2377 2438 et
2396 2399 2563 2454 usque
2584 2386 2649 2439 ad
2666 2401 2826 2441 canos
2845 2396 2898 2440 tu
2924 2387 3160 2457 portabis
3188 2385 3336 2459 (Isai.
3357 2404 3504 2451 var,
3531 2389 3611 2459 4):

2030 2475 2277 2543 quoniam
2310 2475 2532 2538 ﬁrmitas
2561 2487 2741 2531 nostra
2771 2478 2983 2549 quando
3008 2489 3060 2533 tu
3085 2494 3161 2541 es,
3193 2487 3319 2535 tunc
3342 2488 3424 2535 est
3453 2479 3618 2534 ﬁrmi-

2034 2574 2148 2632 tas;
2180 2581 2299 2621 cum
2336 2577 2513 2623 autem
2543 2579 2721 2623 nostra
2750 2580 2849 2635 est,
2874 2562 3149 2624 inﬁrmitas
3177 2578 3277 2625 est.
3308 2571 3446 2625 Vivit
3478 2570 3616 2639 apud

2036 2668 2084 2712 te.
2109 2673 2319 2729 semper
2337 2660 2534 2715 bonum
2554 2670 2789 2715 nostrum
2811 2679 2824 2723 ;
2852 2670 2907 2716 et
2924 2662 3043 2731 quia
3074 2662 3194 2715 inde
3220 2662 3393 2716 aversi
3409 2678 3615 2727 sanius,

2033 2753 2265 2820 perversi
2278 2769 2483 2809 sumus.
2507 2754 2994 2823 Revertamurjam,
3020 2754 3265 2824 Domine,
3280 2762 3337 2809 ut
3357 2770 3459 2809 non
3479 2770 3620 2809 ever-

2035 2855 2240 2911 tamur;
2272 2848 2392 2919 quia
2428 2848 2556 2901 vivit
2597 2847 2736 2916 apud
2780 2855 2830 2900 te
2868 2846 2983 2901 sine
3018 2846 3125 2900 ullo
3169 2846 3376 2902 defectu
3421 2848 3616 2901 bonum

2034 2950 2295 3004 nostrum,
2323 2939 2461 3011 quod
2504 2949 2558 2993 tu
2596 2939 2709 3007 ipse
2750 2952 2840 2993 es:
2866 2947 2919 2993 et
2959 2954 3064 2991 non
3106 2938 3474 2993 timemus‘ne
3513 2953 3620 2990 non

2035 3034 2103 3089 sit
2124 3048 2228 3101 quo
2254 3032 2552 3097 redeamus,
2576 3031 2695 3100 quia
2728 3045 2825 3083 nos
2852 3029 2974 3085 inde
3002 3030 3233 3093 ruimus;
3263 3029 3416 3083 nobis
3442 3038 3617 3083 autem

2037 3124 2344 3180 absentibus
2377 3140 2481 3179 non
2508 3123 2613 3176 ruit
2642 3122 2834 3177 domus
2863 3131 3042 3175 nostra
3071 3121 3337 3175 aeternitas
3364 3129 3474 3174 tua.

2036 3266 2171 3327 tates.
2206 3266 2261 3309 At
2279 3267 2382 3327 Mss.
2402 3272 2509 3308 cum
2536 3265 2674 3327 _Arn.,
2692 3252 2965 3327 meretrices
2988 3267 3004 3303 :
3025 3254 3170 3327 quod
3188 3254 3468 3327 vocabulum
3484 3267 3621 3327 risur-

2038 3324 2168 3386 pavit
2185 3322 2476 3386 Augustinus
2506 3321 2569 3368 ab
2603 3314 2669 3368 eo
2701 3319 2804 3366 loco
2837 3314 3095 3379 Evangelii,
3112 3317 3172 3364 ad
3204 3329 3352 3379 quem
3370 3314 3552 3386 a_lludit.

2101 3387 2118 3417 ί
2144 3380 2441 3442 Timébimus,
2458 3384 2596 3445 juxta
2611 3390 2784 3430 somni.
2805 3386 2913 3428 Lov.
2946 3388 3055 3427 Arn.
3094 3386 3222 3427 Mart.
3257 3380 3410 3427 cum7
3431 3387 3533 3427 Mss.
3570 3383 3621 3427 ct

2039 3447 2181 3497 Itond.
2204 3459 2312 3496 cum
2334 3446 2391 3493 15
2408 3454 2511 3494 Mss.
2575 3450 2632 3491 M.

359 3567 2870 3591 Μ

1342 3690 1825 3797 LIBER
1910 3684 2656 3816 QUINTUS.

398 3890 584 3930 Annum
618 3880 775 3931 aetatis
807 3890 910 3929 sum
946 3876 1151 3925 exhibet
1187 3872 1476 3934 vigesimum
1508 3885 1707 3932 nonum,
1741 3886 1839 3935 quo
1872 3872 2074 3933 scilicet,
2107 3878 2355 3934 comperta
2387 3871 2529 3921 fausti
2564 3869 2803 3920 Manicbaai
2838 3870 3097 3935 imperitia,
3134 3867 3429 3935 prepositum
3456 3866 3503 3914 in
3536 3863 3618 3915 illa

336 3950 470 3993 secta
504 3930 783 4003 proficiendi
817 3940 1030 4003 abjecit;
1074 3950 1172 4003 quo
1212 3930 1358 4003 etiam
1376 3942 1547 4003 horna,
1581 3935 1663 3983 ubi
1696 3930 1813 4003 tunc
1844 3930 2131 4003 rhetoricam
2174 3930 2503 4003 proﬁtebatur,
2539 3934 2714 3983 missus
2734 3930 3070 4003 Mediolanum
3108 3930 3173 4003 ut
3202 3930 3425 4003 eamdem
3453 3935 3618 4003 artem

335 4006 571 4064 doceret,
606 4003 753 4067 οωυῆ
801 4003 966 4052 audito
1012 4008 1046 4048 Α

337 4078 567 4116 cernere.

1131 3998 1260 4049 rosio
1288 3989 1602 4058 resipiscere,
1639 4003 1690 4046 et
1720 3996 1784 4047 de
1833 3989 2189 4047 Manichzeismo'
2209 3997 2472 4047 abdicando
2490 3989 2696 4046 necnon
2716 3995 2780 4044 de
2802 3993 3074 4056 repetendo
3105 3993 3504 4042 catechumeuatu
3532 3989 3619 4038 de-

1702 4142 2266 4222 NQ”...—

852 4312 1078 4371 CAPUT
1117 4309 1398 4367 PRIMUM.

590 4408 793 4463 Excitat
828 4416 1037 4460 mentem
1065 4403 1132 4456 ad
1157 4402 1319 4456 Deum
1345 4400 1677 4455 laudandum.

409 4502 463 4556 1.
516 4500 713 4568 Accipe
776 4496 1090 4551 sacriﬁcium
1140 4491 1530 4547 confessionum
1581 4504 1818 4544 mearum
1860 4488 1929 4544 de

337 4607 505 4646 manu
544 4589 735 4658 linguae
774 4601 928 4651 meae,
970 4599 1129 4654 quam
1184 4581 1423 4637 formasti
1462 4588 1514 4635 et
1553 4578 1827 4643 excitasti,
1869 4588 1929 4633 ut

338 4684 659 4739 conﬁteatur
702 4677 907 4733 nomini
951 4686 1071 4740 tuo;
1096 4683 1150 4729 et
1189 4689 1315 4728 sana
1345 4673 1518 4728 omnia
1550 4686 1668 4726 ossa
1698 4686 1813 4724 mea
1833 4712 1847 4733 ,
1875 4678 1931 4724 et

337 4777 523 4830 dicant
550 4791 563 4827 :
595 4771 835 4835 Domine,
855 4770 975 4839 quis
995 4767 1181 4823 similis
1210 4766 1334 4820 tibi?
1368 4764 1540 4837 (Psal.
1563 4779 1739 4819 xxxrv
1760 4806 1774 4830 ,
1810 4763 1922 4835 10.)

339 4869 524 4937 Neque
548 4866 693 4921 enim
718 4864 877 4919 docet
909 4870 961 4916 te
985 4859 1109 4931 quid
1141 4861 1194 4913 in
1220 4874 1279 4913 se
1305 4867 1490 4927 agatur
1516 4858 1603 4926 qui
1634 4857 1724 4911 tibi
1755 4855 1926 4911 conﬁ-

340 4969 518 5023 tctur;
551 4958 671 5027 quia
701 4956 911 5010 oculum
969 4963 1114 5007 tuum
1146 4967 1249 5005 non
1279 4948 1511 5003 excludit
1535 4962 1626 5002 cor
1650 4947 1924 5012 clausum,

340 5067 439 5106 nec
479 5065 695 5105 manum
728 5057 871 5103 tuam
900 5045 1109 5116 repellit
1136 5042 1326 5097 duritia
1356 5040 1629 5095 hominum
1660 5057 1672 5093 :
1704 5039 1796 5093 sed
1824 5038 1929 5093 sol-

339 5146 421 5198 vis
448 5159 599 5207 eam,
624 5156 743 5196 cum
775 5139 925 5193 voles
946 5180 959 5205 ,
1002 5146 1093 5191 aut
1118 5136 1377 5190 miserans
1416 5140 1510 5187 aut
1538 5132 1846 5195 vindicans;
1877 5139 1929 5185 et

340 5251 446 5289 non
482 5243 566 5289 est
594 5232 682 5303 qui
722 5246 781 5285 se
819 5227 1108 5284 abscondat
1134 5241 1163 5280 a
1190 5226 1365 5280 calore
1396 5234 1504 5279 tuo.
1538 5223 1643 5279 Sed
1674 5232 1724 5278 te
1752 5222 1931 5276 laudet

342 5326 519 5381 anima
547 5339 666 5378 mea
685 5363 700 5389 ,
733 5330 792 5377 ut
818 5329 960 5376 amet
987 5327 1065 5385 te;
1096 5327 1149 5373 et
1166 5316 1481 5372 conﬁteatur
1512 5315 1603 5370 tibi
1631 5313 1927 5368 miseratio-

342 5432 439 5473 nes
482 5424 632 5482 tuas,
676 5422 738 5469 ut
788 5412 965 5467 laudet
992 5420 1063 5465 te.
1093 5408 1206 5463 Non
1232 5416 1404 5463 cessat
1441 5421 1543 5461 nec
1572 5413 1710 5459 tacet
1747 5403 1930 5458 laudes

346 5517 462 5563 tuas
490 5507 740 5562 universa
766 5514 1011 5559 creatura
1049 5510 1169 5568 tua;
1199 5516 1296 5554 nec
1317 5499 1535 5568 spiritus
1560 5497 1735 5551 omnis
1760 5496 1931 5549 homi-

345 5602 428 5655 nis
460 5615 555 5669 per
576 5613 638 5653 os
662 5611 978 5653 conversum
1009 5593 1075 5648 ad
1106 5602 1185 5659 te,
1213 5606 1311 5646 nec
1334 5589 1580 5644 animalia
1616 5604 1712 5641 nec
1738 5602 1925 5654 corpo-

345 5692 477 5748 ralia
502 5705 601 5761 per
628 5706 688 5744 os
714 5684 1164 5744 considerantium
1212 5696 1309 5747 ea;
1361 5688 1417 5733 ut
1463 5688 1713 5748 exsurgat
1742 5679 1794 5731 in
1824 5686 1870 5731 te
1899 5694 1928 5731 a

346 5784 661 5849 lassitudine
683 5782 859 5840 anima
883 5787 1065 5836 nostra
1086 5818 1101 5847 ,
1134 5777 1364 5831 innitens
1393 5773 1470 5829 eis
1499 5788 1617 5845 quae
1649 5769 1814 5827 fecisti
1844 5815 1851 5833 ,
1882 5792 1887 5817 ε
1912 5780 1927 5823 t

2033 4310 2296 4365 transiens
2325 4309 2390 4363 ad
2431 4318 2484 4364 te
2508 4309 2596 4379 qui
2621 4307 2794 4363 fecisti
2835 4307 2949 4363 hinc
2974 4306 3287 4362 mirabiliter
3315 4322 3328 4359 :
3354 4315 3407 4361 et
3433 4305 3502 4361 ibi
3529 4321 3616 4362 re-

2038 4398 2200 4455 fectio
2228 4408 2282 4455 et
2308 4414 2433 4455 vera
2458 4399 2728 4454 fortitudo.

2657 4490 2884 4547 CAPUT
2923 4490 2985 4545 ll.

2032 4584 2130 4640 Dei
2150 4585 2463 4656 precantium
2487 4583 2682 4652 iniquos
2702 4599 2801 4637 non
2828 4581 3047 4653 effugere
3064 4596 3084 4637 :
3108 4583 3272 4653 itaque
3300 4581 3368 4636 ad
3395 4598 3509 4635 eum
3532 4582 3618 4637 de-

2635 4678 2745 4730 bere
2770 4676 3007 4730 converti.

2106 4768 2162 4822 2.
2204 4767 2341 4822 Eant
2382 4776 2437 4823 et
2482 4766 2687 4836 fugiant
2726 4783 2754 4820 a
2793 4776 2844 4821 te
2875 4767 3089 4836 inquieti
3118 4774 3171 4821 et
3200 4766 3365 4836 iniqui
3401 4784 3416 4820 ;
3464 4772 3518 4818 et
3559 4774 3610 4818 tu

2034 4862 2184 4917 vides
2210 4876 2303 4916 eos
2322 4903 2335 4926 ,
2363 4870 2417 4917 et
2438 4861 2717 4932 distinguis
2738 4861 2952 4916 umbras
2976 4878 2990 4927 ;
3021 4869 3075 4917 et
3099 4876 3225 4916 ecce
3248 4860 3465 4929 pulchra
3495 4866 3618 4913 sunt

2034 4968 2154 5008 cum
2182 4952 2260 5008 eis
2283 4952 2459 5007 omnia
2485 4993 2501 5018 ,
2529 4960 2583 5007 et
2608 4952 2706 5021 ipsi
2738 4961 2916 5020 turpes
2956 4960 3099 5005 sunt.
3146 4951 3212 5005 Et
3252 4949 3376 5019 quid
3421 4964 3615 5002 nocue-

2033 5054 2157 5100 runt
2187 5044 2318 5100 tibi?
2343 5052 2435 5099 aut
2474 5044 2527 5099 in
2556 5059 2661 5113 quo
2694 5026 2985 5112 imperium
3034 5054 3181 5097 tuum
3226 5040 3614 5096 dehonestavc—

2034 5144 2174 5202 runt,
2203 5152 2233 5190 a
2258 5135 2407 5191 caelis
2434 5148 2601 5204 usque
2624 5133 2679 5187 in
2706 5133 2994 5188 novissima
3015 5133 3215 5203 justum
3241 5140 3296 5186 et
3314 5128 3616 5198 integrum?

2034 5229 2150 5296 Quo
2193 5228 2334 5283 enim
2380 5226 2657 5298 fugerunt,
2702 5240 2823 5280 cum
2867 5225 3109 5293 fugerent
3135 5239 3162 5277 a
3203 5223 3336 5277 facie
3366 5222 3492 5276 tua?
3520 5228 3612 5274 aut

2037 5321 2126 5375 ubi
2154 5331 2205 5374 tu
2238 5336 2342 5374 non
2387 5319 2592 5373 invenis
2620 5316 2747 5372 eos?
2792 5315 2898 5371 Sed
2945 5315 3211 5385 fugerunt,
3243 5322 3301 5368 ut
3330 5328 3433 5367 non
3466 5311 3611 5366 vide—

2036 5421 2157 5467 rent
2187 5419 2238 5467 te
2258 5412 2521 5466 videntem
2549 5424 2627 5473 se,
2654 5418 2811 5479 atque
2830 5409 3076 5463 excaecati
3104 5407 3156 5462 in
3180 5416 3230 5462 te
3253 5405 3609 5468 offenderent;

2035 5506 2155 5575 quia
2182 5520 2287 5558 non
2314 5504 2519 5558 deseris
2545 5501 2741 5571 aliquid
2767 5517 2949 5555 eorum
2978 5516 3096 5571 quae
3122 5498 3291 5555 fecisti
3320 5516 3335 5554 :
3365 5498 3421 5552 in
3457 5504 3509 5552 te
3530 5495 3613 5550 of-

2037 5598 2311 5653 fenderent
2340 5597 2536 5666 iujusti,
2570 5606 2623 5650 et
2646 5596 2787 5665 juste
2818 5606 3130 5649 vexarentur
3158 5594 3207 5658 ‘;
3241 5592 3613 5648 subtrahentes

2100 5714 2115 5743 ί
2138 5717 2201 5759 Ita
2218 5710 2327 5759 Cdd.
2349 5708 2587 5775 plerique,
2623 5716 2675 5775 c_t
2696 5705 3211 5775 _elegantius_vi_detur,
3239 5718 3381 5775 quam
3396 5705 3456 5775 si,
3473 5710 3614 5775 rnpto

2037 5775 2221 5840 periodi
2241 5768 2390 5836 nexu,
2413 5768 2533 5821 nova
2566 5772 2757 5836 incipiat
2790 5770 3033 5819 sententia
3049 5768 3138 5819 hoc
3152 5768 3291 5817 modo
3311 5782 3321 5816 :
3349 5777 3401 5817 In
3416 5772 3460 5817 te
3474 5768 3615 5830 o/fen-
