4116 6366
479 333 578 394 ἾυῚ

477 470 533 510 se
564 451 766 508 lenitati
791 455 898 504 tua:
917 488 931 512 ,
965 452 1015 502 et
1040 441 1372 500 otl‘endcntes
1395 439 1448 495 in
1474 436 1843 496 rectitudinem
1883 441 2059 498 tuam,

477 556 531 601 et
555 543 808 601 cadentes
839 542 891 597 in
916 539 1255 610 asperitatem
1283 549 1430 590 suam
1461 534 1499 585 ί.
1528 530 1786 586 Videlicet
1823 526 2064 583 nesciunt

477 638 616 709 quod
647 636 846 706 ubique
870 633 976 701 sis,
1005 645 1162 702 quem
1191 629 1366 686 nullus
1389 623 1772 682 circumscribit
1798 622 1946 678 locus
1964 659 1980 685 .
2008 629 2062 676 et

475 731 620 786 solus
645 745 703 784 es
733 740 1000 799 praesens,
1033 723 1196 780 etiam
1227 722 1290 776 iis
1307 720 1396 790 qui
1424 719 1580 788 longe
1608 716 1737 770 fiunt
1763 730 1793 768 ιι
1825 722 1895 768 te.
1924 713 2063 768 Con-

475 831 749 879 vertuntur
775 835 900 890 ergo
929 829 983 873 et
1009 824 1248 888 quaerant
1271 823 1355 880 te,
1387 812 1510 883 quia
1539 825 1642 866 non
1673 809 1810 862 sicut
1837 807 1937 877 ipsi
1967 805 2064 860 de-

476 922 760 970 seruerunt
786 919 1080 967 creatorem
1111 922 1292 970 suum,
1322 904 1393 959 ita
1419 910 1473 958 et
1499 912 1554 957 tu
1579 897 1861 956 deseruisti
1906 911 2061 952 crea-

479 1018 648 1062 turam
671 1013 831 1060 tuam.
865 1000 968 1072 Ipsi
989 1005 1381 1057 convertantur,
1407 1004 1460 1050 et
1484 1000 1725 1062 quaerant
1751 1001 1833 1056 te;
1863 998 1917 1046 et
1937 1003 2062 1044 ecce

478 1099 547 1154 ibi
570 1111 630 1153 es
664 1097 713 1151 iu
744 1094 903 1150 corde
926 1106 1142 1155 eorum,
1173 1090 1227 1144 in
1268 1087 1428 1143 corde
1453 1084 1818 1144 confitentium
1851 1080 1976 1147 tibi,
2009 1087 2064 1136 et

477 1190 863 1262 projieienlium
891 1203 948 1242 se
976 1186 1029 1240 in
1059 1194 1108 1242 te
1129 1225 1143 1249 ,
1175 1191 1229 1237 et
1258 1179 1570 1251 plorantium
1597 1178 1649 1232 in
1677 1178 1796 1233 sinu
1825 1184 1914 1230 tuo
1943 1182 2064 1245 post

475 1288 588 1342 vias
613 1298 735 1340 suas
759 1281 1001 1338 difficiles
1034 1297 1046 1332 :
1078 1286 1132 1332 et
1157 1285 1213 1331 tu
1243 1275 1409 1332 facilis
1443 1281 1654 1342 tergens
1681 1270 1942 1340 lacrymas
1966 1282 2060 1324 eo-

479 1396 632 1444 rum;
673 1387 730 1433 et
773 1375 939 1445 magis
964 1373 1173 1444 plorant
1195 1378 1247 1424 et
1274 1367 1508 1438 gaudent
1549 1366 1605 1419 in
1648 1362 1893 1428 fletibus,
1923 1375 2062 1431 quo-

478 1470 620 1525 niam
652 1478 704 1524 tu
724 1510 738 1533 ,
768 1466 1011 1530 Domine,
1040 1479 1146 1517 non
1175 1461 1363 1530 aliquis
1393 1459 1552 1512 homo
1577 1470 1703 1510 caro
1728 1464 1782 1510 et
1807 1452 2058 1523 sanguis;

478 1563 570 1617 sed
595 1571 648 1615 tu
669 1601 683 1624 ,
717 1559 941 1613 Domine
962 1597 975 1621 ,
1003 1556 1090 1625 qui
1121 1553 1322 1618 fecisti,
1352 1551 1526 1606 reficis
1553 1558 1607 1604 et
1636 1547 1926 1602 consolaris
1947 1561 2060 1604 eos.

477 1653 542 1706 Et
569 1651 657 1704 ubi
702 1665 800 1718 ego
844 1661 990 1701 eram
1016 1687 1028 1711 ,
1058 1643 1272 1715 quando
1301 1651 1352 1696 te
1379 1639 1726 1711 quaerebam?
1766 1637 1836 1692 Et
1864 1647 1915 1691 tu
1943 1652 2063 1692 eras

475 1755 598 1800 ante
620 1759 706 1799 me
727 1760 742 1808 ;
765 1757 864 1814 ego
891 1751 1067 1795 autem
1093 1747 1147 1793 et
1169 1753 1198 1791 a
1226 1752 1312 1791 me
1337 1735 1686 1790 discesseram
1708 1773 1723 1801 ,
1751 1746 1850 1788 nec
1877 1746 1962 1786 me
1983 1729 2067 1785 in—

475 1836 752 1893 veniebam
774 1849 788 1899 ;
811 1843 1010 1904 quanto
1037 1829 1214 1885 minus
1245 1827 1332 1881 te?

1109 1917 1338 1974 CAPUT
1380 1915 1467 1971 ΙΙΙ.

475 2019 554 2073 De
581 2017 771 2071 Fausto
794 2013 1069 2068 manicth
1089 2049 1105 2076 ,
1138 2020 1184 2064 et
1209 2009 1272 2063 de
1300 2005 1714 2078 philosophorum
1733 2002 1953 2058 caecitate
1977 2000 2065 2071 qui

681 2124 768 2179 per
792 2116 1048 2162 creaturas
1075 2102 1361 2157 Creatorem
1380 2115 1480 2154 non
1509 2103 1862 2168 cognoverunt.
1877 2144 1892 2154 _

549 2204 603 2258 5.
652 2200 946 2269 Proloquar
997 2196 1046 2250 in
1094 2200 1382 2262 conspectu
1414 2189 1506 2244 Dei
1545 2188 1648 2243 mei
1690 2203 1886 2242 annum
1917 2185 2064 2242 illum

475 2291 946 2363 nndetrigesimum
993 2285 1164 2342 uitatis
1209 2299 1364 2339 meae.
1397 2281 1510 2336 Jam
1539 2286 1758 2334 venerat
1785 2274 2065 2346 Carthagi-

476 2402 599 2442 nem
629 2380 1297 2459 qttidamMatiiclieoruni
1343 2377 1660 2446 episcopus,
1706 2372 1931 2428 Faustus
1968 2385 2065 2422 no-

474 2480 617 2535 mine
637 2520 652 2545 ,
695 2490 917 2547 magnus
957 2475 1181 2544 laqueus
1203 2470 1399 2525 diaboli
1431 2487 1442 2520 :
1473 2477 1527 2522 et
1553 2467 1705 2521 multi
1734 2463 2070 2534 implicaban-

473 2579 558 2626 tur
587 2571 638 2624 in
668 2585 733 2624 eo
765 2584 859 2638 per
900 2564 1207 2620 illecebram
1245 2558 1719 2628 suaviloquenlizc;
1765 2571 1922 2625 quam
1967 2555 2066 2622 ego

476 2660 690 2716 tametsi
731 2657 1012 2713 laudabam
1033 2697 1049 2720 ,
1076 2653 1447 2708 discornebam
1475 2659 1654 2704 tamen
1682 2663 1710 2700 a
1738 2647 1956 2702 veritate
1976 2659 2067 2700 rc—

473 2768 591 2808 rum
615 2793 629 2818 ,
657 2763 881 2821 quarum
907 2745 1279 2802 discendarum
1324 2742 1514 2797 avidus
1555 2755 1740 2805 eram;
1787 2753 1886 2793 nec
1922 2737 2066 2806 quali

473 2844 690 2900 vasculo
713 2841 995 2906 sermonis,
1013 2839 1106 2893 sed
1127 2837 1250 2908 quid
1278 2834 1406 2890 mibi
1431 2833 1666 2889 scientiae
1681 2829 2065 2887 comedendum

473 2944 764 3008 apponeret
791 2933 1094 2988 nominatus
1120 2929 1259 3000 apud
1290 2943 1382 2984 eos
1411 2928 1500 2982 ille
1525 2927 1770 2993 Faustus,
1804 2923 2063 2980 intuebar.

473 3029 638 3084 Fama
665 3028 808 3082 enim
855 3025 922 3079 de
963 3024 1056 3078 illo
1083 3023 1368 3093 praelocuti]
1416 3018 1542 3073 mihi
1593 3026 1709 3072 erat
1755 3015 1896 3086 quod
1923 3024 2068 3070 esset

475 3122 820 3176 honestarum
868 3117 1106 3173 omnium
1156 3115 1517 3168 doctrinarum
1570 3110 1964 3180 peritissimus,
2012 3117 2068 3164 et

473 3215 712 3285 apprime
755 3210 1043 3281 disciplinis
1081 3206 1385 3262 liberalibus
1415 3204 1693 3279 eruditus,
1722 3203 1789 3256 Et
1813 3201 2064 3272 quoniam

475 3306 638 3360 multa
669 3300 1107 3376 pliilosOphorum
1140 3299 1392 3368 legeram,
1421 3295 1798 3364 n'ietuoriaaque
1818 3290 2066 3350 mandata

472 3397 793 3462 retinebam,
839 3409 905 3448 ex
947 3393 1024 3448 eis
1069 3390 1310 3462 quaedam
1349 3387 1724 3458 comparabam
1769 3386 1873 3440 illis
1910 3384 2067 3439 Mani-

473 3489 738 3542 chaeorum
781 3486 949 3556 longis
978 3481 1172 3538 fabulis
1197 3500 1209 3535 :
1245 3489 1300 3536 et
1326 3480 1455 3534 mibi
1484 3477 1834 3549 probabiliora
1860 3477 1958 3532 ista
1984 3476 2064 3529 vi-

472 3580 756 3645 debantur,
803 3592 920 3646 quae
967 3573 1218 3630 dixerunt
1261 3571 1376 3635 illi,
1405 3571 1496 3642 qui
1543 3577 1744 3624 tantum
1783 3576 2066 3639 potuerunt

471 3671 648 3725 valere
666 3711 681 3736 ,
709 3678 765 3722 ut
786 3675 1002 3738 possent
1021 3666 1287 3719 aestimare
1317 3661 1570 3724 saeculum
1593 3701 1606 3730 ,
1631 3675 1930 3734 quanquam
1951 3659 2066 3728 ejus

471 3763 752 3818 Dominum
784 3760 1000 3814 minimc
1030 3757 1350 3812 invenerint.
1397 3755 1660 3821 Querelam
1705 3767 1928 3823 magnus
1969 3767 2062 3818 es,

469 3855 693 3910 Domine
715 3894 731 3921 ,
758 3860 815 3908 et
853 3850 1072 3908 humilia
1103 3848 1326 3920 respicis
1353 3863 1365 3911 ;
1395 3846 1608 3901 excelsa
1632 3853 1810 3900 autem
1851 3859 1882 3898 a
1910 3845 2066 3914 longe

469 3945 746 4017 cognoscis
791 3942 961 4016 (Paul.
1011 3955 1281 4007 cxxxvu,
1327 3937 1384 4012 6)
1414 3956 1427 3992 :
1456 3953 1554 3992 nec
1600 3938 1926 4012 propinquas
1965 3937 2064 3992 nisi

470 4038 682 4093 obtritis
706 4033 900 4101 corde;
947 4049 1045 4090 nec
1090 4031 1342 4087 inveniris
1381 4047 1410 4085 a
1459 4030 1734 4100 superbis,
1777 4045 1875 4084 nec
1911 4029 1955 4085 si
1989 4029 2064 4084 illi

470 4132 676 4186 curiosa
704 4127 891 4199 peritia
920 4134 1197 4196 numerent
1230 4125 1408 4179 stellas
1434 4133 1486 4178 et
1516 4138 1762 4186 arenam,
1805 4131 1858 4178 et
1891 4121 2064 4178 dime-

470 4225 667 4278 tiantur
697 4221 930 4274 sidereas
955 4218 1136 4288 plagas
1158 4257 1171 4283 ,
1203 4224 1257 4270 et
1280 4215 1540 4285 vestigent
1567 4214 1679 4268 vias
1704 4223 1990 4268 astrorum.

542 4316 595 4369 4.
629 4313 803 4367 Mente
843 4311 986 4366 enim
1031 4323 1125 4363 sua
1169 4315 1413 4378 quaerunt
1443 4308 1576 4373 ista,
1603 4316 1658 4361 et
1686 4306 1896 4376 ingenio
1923 4305 2064 4376 quod

470 4415 525 4460 tu
566 4404 760 4459 dedisti
788 4402 867 4457 eis
897 4419 910 4456 :
941 4409 996 4456 et
1020 4400 1185 4454 multa
1227 4401 1545 4453 invenerunt
1581 4407 1634 4452 et
1679 4398 2066 4468 praenuntiave-

471 4509 596 4552 runt
625 4507 749 4551 ante
792 4495 986 4550 multos
1011 4507 1180 4547 annos
1220 4489 1458 4546 defectus
1488 4491 1826 4545 luminarium
1855 4491 1982 4544 solis
2011 4497 2066 4546 et

471 4591 644 4656 lunae,
689 4601 794 4659 quo
838 4587 958 4652 die,
992 4601 1094 4657 qua
1139 4584 1306 4652 hora,
1350 4593 1546 4655 quanta
1592 4599 1658 4638 ex
1706 4591 1854 4653 parte
1900 4582 2064 4638 futuri

469 4690 680 4747 essent;
710 4691 763 4736 et
790 4696 895 4735 non
921 4693 1017 4734 eos
1045 4677 1231 4734 fefellit
1257 4691 1542 4742 numerus,
1574 4685 1628 4731 et
1660 4676 1730 4730 ita
1760 4675 1953 4730 factum
1982 4685 2065 4731 est

471 4786 521 4831 nt
551 4774 1038 4846 prmnuntlaverunt
1066 4789 1079 4825 :
1108 4778 1162 4826 et
1181 4769 1510 4839 scripserunt
1528 4769 1739 4838 regulas
1766 4767 2059 4839 iudagatas,

468 4879 522 4926 et
549 4872 794 4941 leguntur
819 4867 1002 4934 hodie,
1027 4874 1187 4936 atque
1207 4879 1274 4920 ex
1293 4864 1374 4919 eis
1396 4863 1777 4933 przeuuntia-tur
1795 4878 1900 4933 quo
1922 4877 2062 4918 anno

465 4969 520 5015 ct
540 4977 645 5030 quo
666 4973 848 5013 mense
876 4957 1000 5012 anni
1026 4997 1039 5022 ,
1074 4964 1128 5011 et
1150 4970 1255 5025 quo
1279 4955 1367 5009 die
1407 4953 1642 5021 mensis,
1683 4962 1738 5008 et
1781 4969 1903 5024 qua
1931 4953 2062 5009 hora

468 5054 605 5121 diei,
631 5062 681 5108 et
710 5061 870 5122 ignota
895 5058 1046 5122 parte
1070 5049 1286 5106 luminls
1320 5049 1401 5102 sui
1432 5047 1700 5103 defectura
1728 5046 1798 5101 sit
1825 5047 1947 5102 luna
1977 5048 2063 5103 vel

469 5148 577 5212 sol;
618 5155 672 5200 et
709 5146 779 5199 ita
807 5143 895 5199 flet
921 5150 980 5197 ιιι
1009 5141 1411 5212 ρτωιιιιιιιὶιιιιιι.
1444 5139 1510 5194 Et
1537 5139 1802 5194 mirantur
1823 5139 1935 5194 haec
1960 5139 2062 5194 lto-

469 5238 640 5293 mines
664 5243 717 5290 et
740 5244 955 5305 stupent
999 5235 1086 5304 qui
1128 5233 1370 5288 nesciunt
1415 5247 1507 5297 ea,
1536 5240 1588 5286 et
1613 5233 1886 5286 exsultant
1904 5242 2063 5303 atque

468 5327 798 5384 extolluntur
815 5327 907 5397 qui
931 5325 1139 5391 sciunt;
1172 5333 1226 5380 et
1249 5339 1345 5393 per
1373 5322 1592 5393 impiam
1631 5323 1933 5394 superbiam
1978 5340 2064 5380 re-

469 5419 726 5476 cedentes
748 5427 803 5474 et
837 5417 1149 5474 deficientes
1175 5432 1204 5470 a
1229 5414 1428 5470 lumine
1459 5424 1549 5469 tuo
1569 5456 1583 5480 ,
1613 5423 1762 5470 tanto
1787 5424 1910 5471 ante
1935 5416 2063 5471 solis

469 5514 738 5571 defectum
770 5513 1005 5568 futurum
1037 5510 1362 5583 prtevident,
1408 5517 1464 5565 et
1504 5508 1557 5564 in
1589 5510 1865 5580 praesentia
1910 5525 2062 5564 suum

473 5627 644 5680 derunt
661 5625 830 5691 iniusti
848 5633 898 5680 ut
907 5626 1038 5691 juste
1056 5629 1362 5688 vexarentur,
1384 5623 1456 5674 uti
1488 5624 1672 5674 habent
1703 5623 1921 5675 nonnulli
1955 5632 2060 5675 MSS.

471 5703 926 5806 minsmutuimus
938 5763 1096 5812 suam,
1115 5762 1180 5800 ex
1213 5757 1318 5800 MSS.
1355 5748 1572 5813 melioris
1602 5756 1748 5809 notae,
1767 5749 1873 5800 loco
1911 5756 2060 5813 tuam,

465 5815 601 5882 quod
616 5817 668 5869 in
680 5817 792 5868 Cdd.
812 5815 1022 5880 vulgatis
1038 5810 1156 5865 etin
1171 5820 1277 5863 Mss.
1297 5810 1540 5864 nonnullis
1555 5815 1813 5873 reperitur.

1562 313 2076 380 CONF‘ESSIONUM
2113 313 2171 371 Β.
2215 304 2577 374 ΑυΟυΒΤΙΝΙ

2173 449 2275 487 non
2302 433 2500 489 vident.
2524 435 2637 490 Non
2659 433 2801 490 enim
2827 431 3071 503 religiose
3095 436 3340 502 quaerunt
3365 429 3507 488 unde
3530 429 3762 487 habeant

2169 528 2436 600 ingenium
2484 545 2588 600 quo
2633 529 2730 584 ista
2776 537 3041 598 quaerunt.
3091 528 3157 582 Et
3197 526 3528 583 invenientes
3553 527 3675 597 quia
3702 537 3759 584 tu

2167 622 2338 677 fecisti
2357 638 2480 690 eos,
2510 637 2614 677 non
2642 621 2743 691 ipsi
2767 621 2896 676 dant
2914 621 3007 676 tibi
3031 635 3090 675 se
3119 629 3176 674 ut
3199 634 3380 676 serves
3401 618 3543 690 quod
3566 619 3756 688 fecisti,

2169 723 2224 770 et
2251 715 2433 786 quales
2456 729 2518 771 se
2546 714 2644 784 ipsi
2677 713 2922 769 fecerant
2945 712 3196 769 occidunt
3219 727 3276 767 se
3307 711 3400 768 tibi
3425 713 3464 775 ³,
3505 721 3560 767 et
3595 713 3761 767 truci-

2169 809 2298 864 dant
2339 809 2688 864 exaltationes
2715 821 2842 863 suas
2887 806 3025 861 sicut
3056 804 3284 862 volatilia
3304 844 3318 869 ,
3346 812 3401 859 et
3428 804 3760 860 curiositates

2169 916 2294 958 suas
2317 902 2453 957 sicut
2483 901 2654 970 pisces
2676 899 2872 967 maris,
2901 898 3094 969 quibus
3134 896 3503 968 perambulant
3527 904 3762 950 secretas

2169 993 2385 1052 semitas
2411 991 2625 1063 abyssi,
2654 999 2708 1046 et
2744 989 2980 1046 luxurias
3000 1003 3126 1042 suas
3156 987 3293 1043 sicut
3322 1001 3511 1056 pecora
3550 986 3757 1054 campi;

2168 1093 2225 1138 ut
2257 1093 2342 1148 tu,
2377 1084 2516 1138 Deus
2547 1083 2681 1153 ignis
2703 1081 2838 1137 edax
2857 1122 2871 1147 ,
2901 1094 3185 1136 consumas
3213 1089 3452 1134 mortuas
3487 1092 3642 1133 curas
3667 1092 3762 1132 eo-

2169 1191 2284 1232 rum
2312 1189 2560 1230 recreans
2589 1189 2684 1230 eos
2708 1172 3092 1228 immortaliter.

2241 1268 2296 1323 5.
2336 1266 2444 1323 Sed
2481 1282 2586 1322 non
2630 1273 2891 1322 noverunt
2937 1264 3110 1330 viam,
3164 1261 3396 1320 Verbum
3445 1271 3624 1326 tuum,
3672 1276 3764 1330 per

2171 1360 2312 1431 quod
2343 1359 2513 1415 fecisti
2541 1374 2603 1415 ea
2632 1374 2750 1430 quae
2789 1364 3108 1421 numerant,
3147 1363 3202 1409 et
3247 1355 3392 1425 ipsos
3437 1353 3527 1422 qui
3572 1369 3763 1410 nume-

2170 1463 2320 1519 rant,
2374 1463 2428 1510 et
2473 1469 2692 1510 sensum
2736 1468 2843 1522 quo
2889 1456 3114 1505 cernunt
3173 1463 3292 1518 quae
3341 1457 3651 1510 numerant,
3706 1455 3760 1500 et

2170 1554 2403 1600 mentem
2434 1545 2501 1599 de
2526 1559 2628 1614 qua
2658 1551 2969 1607 numerant;
3001 1549 3056 1594 et
3095 1537 3370 1608 sapientiae
3400 1547 3503 1590 tuae
3547 1551 3652 1590 non
3683 1545 3766 1594 est

2171 1651 2426 1692 numerus
2453 1634 2620 1703 (Psal.
2653 1649 2807 1690 CXLVI
2827 1674 2840 1697 ,
2873 1633 2953 1702 5).
3001 1630 3118 1701 Ipse
3143 1638 3317 1686 autem
3345 1627 3660 1696 Unigenitus
3681 1625 3760 1680 fa-

2170 1740 2287 1785 ctus
2325 1736 2408 1785 est
2431 1728 2585 1784 nobis
2614 1725 2869 1797 Sapientia
2894 1765 2909 1789 ,
2942 1733 2997 1782 et
3033 1721 3272 1792 iustitia,
3321 1727 3376 1774 et
3412 1717 3762 1774 sanctificatio

2178 1824 2221 1895 (l
2247 1823 2363 1878 Cor.
2395 1840 2444 1886 ι,
2473 1821 2601 1892 30);
2630 1831 2683 1875 et
2722 1827 3030 1874 numeratus
3073 1823 3156 1870 cst
3180 1813 3320 1867 inter
3347 1826 3478 1878 nos,
3520 1819 3573 1864 et
3599 1810 3758 1864 solvit

2173 1915 2425 1970 tributum
2465 1913 2660 1968 Caesari
2715 1908 2934 1981 (Matth.
2991 1922 3136 1971 ιλιι,
3181 1902 3296 1974 il).
3342 1901 3458 1960 Non
3503 1907 3765 1956 noverunt

2171 2007 2310 2062 hanc
2338 2007 2475 2061 viam
2493 2047 2508 2072 ,
2535 2019 2637 2075 qua
2667 1999 2994 2057 descendant
3017 1997 3082 2051 ad
3105 1997 3252 2051 illum
3276 2009 3306 2048 a
3331 2008 3421 2059 se,
3449 2001 3502 2046 et
3528 2007 3622 2061 per
3642 2006 3762 2044 cum

2171 2097 2460 2153 ascendant
2479 2096 2545 2150 ad
2573 2111 2716 2151 eum.
2753 2094 2866 2148 Non
2894 2098 3153 2145 noverunt
3192 2086 3332 2152 hanc
3368 2085 3505 2138 viam
3527 2125 3541 2149 ,
3580 2092 3634 2136 et
3661 2096 3763 2150 pn-

2171 2201 2286 2248 tant
2311 2207 2370 2247 se
2398 2191 2639 2247 excelsos
2660 2204 2778 2244 esse
2797 2202 2917 2244 cum
2939 2185 3200 2240 sideribus
3220 2191 3274 2237 et
3296 2180 3530 2244 lucidos;
3559 2185 3614 2234 ct
3640 2192 3766 2233 ecce

2173 2293 2394 2340 ruerunt
2437 2283 2489 2337 in
2539 2291 2734 2338 terram
2755 2323 2768 2344 ,
2802 2288 2857 2335 et
2893 2278 3234 2334 obscuratum
3263 2282 3346 2328 est
3388 2271 3644 2340 insipiens
3672 2284 3765 2324 cor

2173 2391 2377 2432 eorum.
2408 2375 2475 2430 Et
2504 2374 2668 2429 multa
2694 2387 2818 2427 vera
2848 2371 2916 2425 de
2941 2377 3182 2428 creatura
3217 2365 3431 2424 dicunt,
3472 2370 3526 2416 et
3557 2360 3763 2416 Verita-

2173 2477 2314 2534 tem,
2355 2475 2614 2522 creatura:
2654 2464 2948 2526 artificem,
2993 2476 3098 2515 non
3137 2458 3222 2528 pie
3245 2463 3524 2526 quaerunt,
3564 2462 3619 2508 et
3643 2451 3764 2511 ideo

2171 2576 2277 2615 non
2303 2559 2579 2615 inveniunt
2603 2575 2616 2610 :
2643 2565 2734 2611 aut
2763 2555 2807 2609 si
2837 2552 3138 2616 inveniunt,
3168 2554 3549 2620 cognoscentes
3573 2544 3762 2610 Deum,

2175 2670 2277 2709 non
2330 2653 2468 2708 sicut
2509 2653 2675 2707 Deum
2713 2650 3012 2711 honorant,
3058 2654 3149 2700 aut
3190 2642 3387 2714 gratias
3429 2649 3624 2709 agunt;
3669 2634 3764 2691 sed

2173 2753 2498 2800 evanescunt
2527 2744 2581 2798 in
2607 2739 3016 2812 cogitationibus
3061 2736 3206 2801 suis,
3245 2741 3302 2788 et
3327 2732 3512 2786 dicunt
3546 2743 3605 2783 se
3646 2741 3765 2782 esse

2173 2838 2438 2905 sapientes
2459 2877 2474 2902 ,
2508 2835 2608 2889 sibi
2640 2831 2921 2888 tribuendo
2946 2845 3064 2900 quas
3095 2837 3183 2882 tua
3226 2833 3383 2890 sunt,
3427 2837 3495 2876 ac
3539 2836 3635 2891 per
3663 2818 3764 2874 hoc

2173 2928 2389 2982 student
2414 2925 2814 2996 perversissima
2839 2922 3082 2978 caecitate
3103 2918 3262 2974 etiam
3281 2917 3372 2972 tibi
3396 2915 3626 2969 tribuere
3645 2925 3764 2983 qua:

2173 3035 2270 3077 sua
2288 3029 2430 3088 sunt,
2448 3019 2725 3076 mendacia
2739 3019 2942 3074 scilicet
2955 3017 3007 3070 in
3021 3025 3071 3076 te
3086 3013 3441 3075 conferentes,
3459 3009 3550 3079 qui
3569 3007 3763 3070 veritas

2173 3128 2262 3180 es,
2291 3123 2346 3169 et
2369 3113 2715 3169 immolantes
2747 3111 2970 3182 gloriam
3007 3105 3298 3175 incorrupti
3342 3103 3437 3159 Dei
3476 3103 3529 3158 in
3576 3099 3761 3156 simili-
3819 3093 3825 3098 ’

2172 3204 2412 3266 tudinem
2441 3204 2683 3276 imaginis
2709 3200 3070 3271 corruptibilis
3092 3196 3323 3252 hominis
3341 3235 3358 3263 ,
3381 3203 3435 3248 et
3463 3193 3757 3254 volucrum.

2173 3307 2226 3354 et
2251 3297 2684 3369 quadrupedum,
2713 3304 2768 3350 et
2792 3301 3099 3365 serpentum
3121 3332 3136 3356 .
3183 3298 3237 3345 et
3281 3293 3599 3344 convertunt
3622 3283 3762 3342 veri-

2172 3400 2334 3452 tatem
2381 3399 2522 3450 tuam
2566 3389 2617 3442 in
2669 3386 3040 3448 mendacium;
3086 3392 3140 3437 et
3177 3381 3390 3444 colunt,
3430 3387 3486 3433 et
3523 3376 3764 3431 serviunt

2171 3489 2430 3536 creaturae
2458 3479 2632 3550 potius
2661 3493 2819 3549 quam
2841 3475 3077 3531 Creatori
3103 3472 3274 3546 (Rom.
3303 3483 3351 3539 ι,
3379 3468 3599 3539 21-25).

2243 3575 2294 3630 6.
2319 3573 2480 3628 Multa
2507 3581 2684 3626 tamen
2709 3571 2777 3624 ab
2797 3570 2904 3636 eis,
2930 3583 2994 3623 ex
3022 3567 3135 3636 ipsa
3161 3573 3402 3620 creatura
3424 3604 3438 3627 ,
3467 3576 3592 3616 vera
3622 3558 3759 3614 dicta

2169 3666 2503 3732 retinebam;
2546 3676 2602 3720 et
2647 3661 2961 3720 occurrebat
2988 3657 3116 3714 mihi
3143 3657 3280 3712 ratio
3305 3671 3400 3725 per
3428 3667 3678 3708 numeros
3707 3659 3761 3704 et

2169 3759 2412 3814 ordinem
2437 3768 2732 3826 temporum
2751 3796 2765 3820 ,
2793 3761 2847 3809 et
2865 3752 3097 3807 visibiles
3119 3747 3483 3804 attestatioues
3503 3745 3756 3809 siderum,

2170 3859 2225 3905 et
2252 3849 2588 3906 conferebam
2619 3862 2739 3902 cum
2767 3844 2922 3900 dictis
2949 3841 3221 3902 Manichmi
3241 3882 3256 3905 ,
3291 3854 3410 3910 qua}
3432 3840 3451 3869 ²
3482 3837 3548 3892 de
3575 3836 3653 3890 bis
3675 3851 3759 3890 re-

2170 3941 2272 3996 bus
2300 3941 2466 3996 multa
2495 3938 2708 4010 scripsit
2728 3935 3096 4006 copiosissime
3117 3933 3386 3996 delirans;
3409 3939 3465 3986 et
3493 3945 3598 3984 non
3625 3927 3757 3984 mihi

2171 4033 2486 4088 occurrebat
2525 4030 2661 4085 ratio
2689 4044 2789 4083 nec
2815 4027 3159 4082 solstitiorum
3190 4031 3241 4078 et
3281 4022 3715 4093 :equinoctiorum
3738 4062 3755 4088 ,

2169 4140 2270 4180 nec
2296 4123 2600 4179 defectuum
2627 4119 2965 4175 luminarium
2988 4158 3001 4181 ,
3037 4132 3134 4171 nec
3161 4113 3415 4186 quidquid
3445 4113 3549 4168 tale
3589 4111 3643 4166 in
3691 4110 3756 4164 li-

2169 4217 2279 4271 bris
2301 4216 2572 4271 saacUlaris
2597 4214 2867 4284 sapientiae
2895 4212 3205 4266 didiceram.
3231 4209 3306 4263 lbi
3335 4217 3514 4262 autem
3537 4205 3758 4261 credere

2164 4307 2412 4378 jubebar,
2449 4315 2504 4362 et
2539 4306 2606 4360 ad
2651 4305 2769 4360 illas
2797 4304 3033 4360 rationes
3061 4301 3298 4356 numeris
3327 4309 3379 4353 et
3405 4298 3576 4354 oculis
3620 4296 3755 4351 meis

2169 4401 2470 4471 exploratas
2490 4412 2595 4453 non
2621 4395 2962 4462 occurrebat,
2989 4405 3044 4449 et
3072 4393 3230 4462 longe
3256 4391 3522 4448 diversum
3547 4400 3681 4444 erat.

2805 4485 3030 4542 CAPUT
3071 4483 3160 4540 Ν.

2635 4581 2761 4636 Sola
2789 4579 2886 4634 Dei
2908 4579 3126 4650 cognitio
3153 4577 3282 4632 beat.

2243 4677 2294 4729 7.
2321 4672 2586 4743 Numquid
2603 4715 2615 4738 ,
2647 4671 2870 4727 Domine
2893 4671 3031 4724 Deus
3055 4669 3293 4724 veritatis
3310 4710 3324 4735 ,
3347 4665 3586 4737 quisquis
3610 4665 3757 4721 novit

2169 4771 2267 4825 ista
2287 4810 2301 4835 ,
2325 4768 2435 4838 jam
2466 4768 2637 4837 placet
2669 4765 2804 4820 tibi?
2833 4761 3014 4818 Infelix
3045 4763 3187 4816 enim
3213 4760 3373 4816 homo
3395 4759 3487 4829 qui
3531 4758 3632 4813 scit
3668 4758 3752 4812 illa

2168 4859 2346 4917 omnia
2367 4902 2382 4928 ,
2426 4869 2476 4913 te
2511 4865 2688 4912 autem
2727 4855 2899 4911 nescit
2927 4872 2940 4909 :
2972 4855 3161 4909 beatus
3191 4860 3369 4906 autem
3406 4849 3495 4921 qui
3537 4857 3589 4904 te
3622 4848 3752 4916 scit,

2167 4956 2379 5012 etiamsi
2405 4955 2493 5010 illa
2519 4954 2741 5009 nesciat.
2771 4952 2870 5020 Qui
2899 4965 3026 5006 vero
3066 4956 3124 5005 et
3147 4958 3200 5004 te
3235 4959 3291 5004 ut
3310 4949 3398 5003 illa
3427 4948 3606 5013 novit,
3645 4961 3754 5001 non

2169 5059 2387 5120 propter
2413 5047 2501 5101 illa
2530 5047 2754 5111 beatior,
2778 5044 2872 5099 sed
2901 5051 3115 5114 propter
3145 5051 3196 5097 te
3225 5040 3395 5095 solum
3424 5039 3610 5095 beatus
3634 5045 3717 5092 est
3735 5077 3753 5103 ,

2168 5143 2214 5199 si
2243 5156 2571 5214 cognoscens
2609 5149 2692 5207 te,
2737 5140 2875 5194 sicut
2923 5138 3089 5192 Deum
3127 5135 3421 5206 glorificet,
3462 5139 3517 5188 et
3555 5131 3755 5202 gratias

2169 5242 2318 5305 agat,
2369 5242 2422 5289 et
2460 5247 2564 5287 non
2608 5239 2890 5286 evanescat
2925 5230 2978 5283 in
3019 5227 3427 5297 cogitationibus
3452 5224 3581 5278 suis.
3608 5221 3758 5276 Sicut

2170 5330 2314 5385 enim
2349 5328 2539 5383 melior
2561 5333 2642 5381 est
2684 5325 2775 5395 qui
2815 5322 2959 5378 novit
2987 5319 3260 5392 possidere
3296 5320 3577 5382 arborem,
3606 5323 3659 5370 et
3687 5313 3755 5368 de

2171 5436 2272 5475 usu
2310 5419 2425 5490 ejus
2453 5416 2548 5472 tibi
2593 5416 2792 5487 gratias
2820 5414 2956 5484 agit,
2985 5411 3228 5482 quamvis
3253 5409 3457 5464 nesciat
3500 5406 3582 5460 vel
3627 5410 3759 5475 quot

2235 5559 2252 5590 ί
2273 5565 2382 5606 Arn.
2421 5560 2473 5604 et
2490 5561 2595 5602 Mss.
2614 5550 2678 5612 9.,
2711 5548 2928 5600 accitam
2960 5560 3025 5612 se,
3058 5543 3184 5607 tibi;
3215 5556 3428 5612 moxque
3447 5577 3462 5603 ,
3496 5535 3752 5591 trucidant.

2170 5620 2254 5669 Alii
2274 5618 2498 5682 plerique
2513 5615 2625 5664 cdd.
2645 5607 2955 5682 comprobant
2985 5610 3186 5682 alteram
3218 5607 3759 5682 lectioneni,qua:|1au-

2169 5663 2323 5734 iiiiiﬁii
2331 5663 2540 5731 obscura
2638 5663 2833 5744 propter
2849 5674 3120 5744 distantiam
3138 5663 3383 5744 particulae
3392 5663 3614 5731 negat—itis
3628 5665 3758 5714 rete:

2171 5729 2337 5796 ἰηῐιῖᾱὼ
2347 5729 2503 5792 etiam
2519 5739 2578 5790 ad
2594 5729 2743 5788 verba
2760 5735 2983 5787 occid-unt
3002 5742 3054 5783 et
3071 5729 3330 5796 (ru—rident.

2235 5811 2255 5839 ³
2274 5803 2377 5868 Qui,
2394 5805 2533 5867 juxta
2553 5809 2726 5852 50mm.
2746 5800 2866 5848 Dub.
2895 5804 3024 5848 ωλι-ι.
3046 5801 3098 5846 et
3115 5794 3259 5845 ﬂend.
3279 5801 3336 5843 at.
