4116 6366
283 311 387 374 ’ἴω

283 436 487 496 cubitis
510 435 620 494 alta
662 433 763 501 sit,
793 429 881 488 vel
923 436 1117 503 quanta
1161 423 1440 484 latitudine
1468 419 1691 488 diffusa;
1717 433 1876 496 quam

281 533 372 588 ille
399 530 491 602 qui
519 543 638 586 eam
669 527 908 590 metitur,
936 533 991 580 et
1019 535 1206 580 omnes
1241 531 1420 575 ramos
1455 516 1569 588 ejus
1603 520 1874 580 numerat,

283 632 334 678 et
379 635 556 688 neque
599 617 833 689 possidet
858 630 1005 681 eam,
1040 626 1212 683 neque
1237 618 1532 670 creatorem
1564 605 1678 676 ejus
1729 603 1880 660 novit

282 723 374 766 aut
401 711 576 782 diligit
604 729 617 765 :
645 710 722 764 sic
767 707 940 762 ﬁdelis
969 705 1159 770 homo,
1185 702 1336 772 cujus
1367 709 1507 756 totus
1536 689 1878 784 mundus-di-

282 806 534 860 vitiarum
563 811 677 868 est,
710 809 762 856 et
805 797 957 869 quasi
981 796 1113 858 nihil
1140 794 1372 859 habens,
1401 793 1578 847 omnia
1609 785 1876 860 possidet,

283 895 600 951 inhmrendo
637 892 731 948 tibi
767 891 850 948 cui
881 891 1119 948 serviunt
1145 887 1356 954 omnia,
1383 883 1625 956 quamvis
1651 898 1749 938 nec
1777 881 1882 936 sal-

285 999 394 1043 tem
427 986 854 1057 septentrionum
883 995 1043 1053 gyros
1083 979 1324 1044 noverit;
1373 975 1620 1036 dubitare
1662 972 1879 1036 stultum

285 1092 363 1136 est
399 1081 528 1152 quin
558 1081 737 1150 utique
769 1076 958 1132 melior
991 1075 1061 1130 sit
1087 1088 1245 1145 quam
1273 1084 1488 1132 mensor
1518 1066 1675 1136 coeli,
1703 1076 1758 1122 et
1785 1081 1881 1119 nu-

285 1184 521 1229 meratur
547 1171 811 1236 siderum,
837 1178 893 1226 et
919 1183 1114 1239 pensor
1143 1168 1529 1225 elementorum
1549 1203 1566 1232 ,
1614 1169 1667 1216 et
1710 1157 1880 1230 negli-

287 1282 415 1336 gens
441 1267 549 1332 tui,
578 1265 666 1335 qui
694 1263 872 1320 omnia
897 1262 947 1316 in
976 1273 1224 1316 mensura
1247 1266 1303 1316 et
1327 1269 1551 1314 numero
1570 1262 1624 1310 et
1647 1250 1882 1325 pondere

289 1357 598 1428 disposuisti
628 1355 781 1428 (Sap.
815 1370 904 1420 ιι,
944 1351 1060 1422 2i).

923 1442 1148 1504 CAPUT
1187 1441 1255 1500 γ.

295 1541 568 1596 lfanicliwi
595 1540 657 1595 de
675 1539 826 1595 astris
858 1537 1110 1608 imperitia
1139 1535 1404 1607 indignum
1432 1547 1546 1590 eum
1571 1529 1673 1601 ﬁde
1699 1530 1752 1586 in
1779 1543 1881 1584 ca!-

904 1630 1021 1684 tert's
1044 1627 1279 1700 faciebat.

357 1724 413 1779 8.
458 1721 567 1780 Sed
615 1732 790 1778 tamen
827 1721 948 1792 quis
987 1719 1260 1791 qumrebat
1305 1715 1652 1778 Manichteum
1699 1710 1882 1776 nescio

295 1829 448 1884 quem
475 1815 635 1869 etiam
665 1813 762 1867 ista
793 1811 1062 1877 scribere,
1096 1809 1211 1868 sine
1237 1822 1465 1879 quorum
1494 1805 1683 1878 peritia
1711 1803 1880 1874 pictas

292 1903 422 1958 disci
449 1903 696 1973 poterat?
724 1900 914 1958 Dixisti
938 1901 1079 1956 enim
1107 1898 1310 1956 homini
1333 1937 1348 1965 ,
1371 1897 1503 1951 Ecce
1533 1897 1690 1968 pietas
1721 1903 1767 1948 et
1795 1911 1881 1950 stt-

290 1995 479 2065 pientia
501 1993 620 2065 (Job
641 2009 829 2061 xxvm,
855 1991 945 2059 9.8,
973 2008 1071 2046 sec.
1095 1989 1268 2064 LXX)
1292 2006 1308 2056 ;
1340 2004 1497 2060 quam
1526 1988 1616 2046 ille
1636 1987 1882 2061 ignorare

289 2095 510 2157 posset,
549 2087 709 2142 etiam
737 2086 784 2140 si
810 2086 910 2139 ista
951 2081 1188 2154 perfecte
1230 2088 1450 2138 nosset:
1481 2081 1582 2140 ista
1606 2095 1733 2138 vero
1760 2079 1883 2152 quia

290 2193 400 2233 non
431 2189 652 2234 noverat
681 2220 696 2246 ,
741 2177 1203 2248 impudentissime
1240 2174 1443 2234 audens
1471 2173 1692 2241 docere,
1727 2187 1880 2243 pror-

291 2283 384 2323 sus
413 2269 558 2322 illam
585 2284 745 2324 nosse
780 2286 884 2323 non
912 2278 1110 2338 posset.
1159 2267 1378 2323 Vauitas
1422 2274 1505 2322 est
1543 2266 1686 2322 enim
1727 2279 1881 2320 mune

290 2359 427 2415 dana
458 2361 558 2413 ista
588 2360 745 2414 etiam
770 2369 892 2414 nota
925 2358 1156 2428 profiteri
1175 2398 1192 2424 ,
1225 2358 1394 2428 pietas
1425 2366 1602 2416 autem
1638 2354 1727 2418 tibi
1755 2370 1884 2416 con-

293 2451 454 2506 ﬁleri.
489 2449 642 2506 Unde
670 2449 758 2505 ille
787 2448 1003 2517 devius,
1032 2448 1098 2504 ad
1125 2447 1226 2506 hoc
1253 2448 1271 2479 ί
1299 2448 1400 2506 ista
1424 2445 1654 2506 multum
1677 2446 1885 2506 locutus

292 2553 396 2610 est,
425 2553 484 2598 ut
505 2543 780 2600 convictus
803 2542 870 2598 ab
893 2543 973 2597 eis
1001 2542 1093 2613 qui
1123 2542 1223 2598 ista
1249 2556 1375 2596 vere
1396 2540 1740 2606 didicissent,
1765 2538 1883 2614 quis

293 2644 438 2690 esset
468 2634 585 2704 ejus
610 2650 800 2692 sensus
825 2635 877 2690 in
898 2635 1108 2690 caeteris
1132 2649 1252 2705 qua:
1272 2633 1531 2694 abditiora
1553 2641 1696 2698 sunt,
1722 2631 1886 2694 mani-

295 2724 430 2782 feste
458 2736 886 2796 cognosceretur.
933 2725 1049 2780 Non
1093 2725 1236 2786 enim
1287 2724 1437 2794 parvi
1480 2723 1770 2778 existimari
1822 2737 1883 2782 se

296 2820 488 2887 voluit,
519 2819 614 2874 sed
642 2819 896 2890 Spiritum
929 2827 1170 2878 sanctum
1200 2817 1589 2872 consolatorem
1615 2823 1668 2876 et
1689 2816 1884 2876 ditato-

295 2926 410 2966 rem
439 2910 673 2966 ﬁdelium
708 2920 956 2977 tuorum,
989 2907 1302 2970 auctoritate
1325 2907 1560 2980 plenaria
1594 2906 1885 2977 personali-

297 3013 379 3060 ter
401 3004 453 3058 in
480 3019 541 3060 se
566 3018 686 3059 esse
706 3003 1029 3074 persuadere
1055 3010 1276 3060 conatus
1306 3011 1408 3056 est.
1433 3000 1612 3070 Itaque
1629 3041 1642 3066 ,
1671 3015 1790 3058 cum
1817 2998 1886 3058 de

297 3096 436 3152 cmlo
480 3110 546 3151 ac
581 3095 784 3161 stellis,
831 3105 886 3150 et
929 3094 998 3151 de
1035 3094 1162 3150 solis
1199 3108 1262 3150 ac
1290 3093 1431 3150 luna:
1479 3092 1714 3152 motibus
1754 3091 1886 3152 falsa

298 3190 498 3246 dixisse
526 3188 1046 3258 deprehenderetur,
1076 3187 1323 3258 quamvis
1348 3185 1411 3246 ad
1439 3184 1732 3242 doctrinam
1758 3184 1885 3244 reli-

300 3281 468 3350 gionis
503 3280 606 3336 ista
637 3295 739 3336 non
768 3280 1106 3350 pertineant,
1141 3288 1318 3336 tamen
1344 3292 1502 3334 ausus
1529 3280 1646 3348 ejus
1671 3277 1887 3342 sacrile:

303 3387 396 3442 gos
423 3371 586 3426 fuisse
611 3371 740 3428 satis
761 3372 1056 3437 emineret;
1083 3385 1203 3426 cum
1229 3385 1292 3425 ea
1311 3386 1418 3424 non
1439 3370 1608 3426 solum
1626 3369 1884 3440 ignorata,

302 3465 394 3519 sed
411 3464 577 3519 etiam
599 3463 750 3531 falsa,
768 3471 874 3518 tam
891 3464 911 3496 ³
931 3477 1121 3518 vesana
1142 3461 1404 3532 superbiae
1418 3461 1648 3518 vanitate
1663 3461 1884 3528 diceret,

303 3567 360 3612 ut
381 3572 446 3614 ea
469 3566 718 3628 tanquam
737 3556 932 3612 divinae
958 3570 1202 3626 personae
1229 3555 1462 3610 tribuere
1487 3554 1590 3610 sibi
1607 3555 1884 3614 niteretur.

373 3654 428 3707 9.
467 3649 603 3705 Cum
626 3650 769 3705 enim
800 3649 959 3704 audio
983 3647 1330 3705 christianum
1365 3647 1596 3717 aliquem
1633 3646 1916 3714 fratremn

308 3742 456 3797 illum
497 3752 588 3796 aut
623 3741 770 3796 illum
791 3779 807 3808 ,
857 3741 957 3796 ista
999 3739 1361 3806 nescientem,
1401 3748 1457 3795 et
1492 3738 1635 3794 aliud
1663 3753 1761 3810 pro
1783 3739 1888 3794 alio

306 3835 662 3902 sentientem,
709 3833 971 3904 patienter
997 3833 1207 3888 intueor
1234 3831 1543 3901 opinantem
1581 3831 1886 3900 hominem;

307 3941 406 3981 nec
447 3926 524 3982 illi
568 3925 760 3981 obesse
803 3924 993 3992 video,
1038 3939 1158 3978 cum
1203 3922 1270 3979 de
1311 3932 1391 3991 te,
1421 3923 1645 3979 Domine
1681 3933 1890 3980 creator

306 4019 544 4074 omnium
566 4058 583 4087 ,
622 4033 732 4072 non
769 4017 952 4073 credat
981 4016 1192 4090 indigna
1213 4056 1229 4083 ,
1255 4015 1302 4070 si
1333 4016 1466 4070 forte
1491 4016 1626 4072 situs
1653 4025 1707 4071 et
1733 4015 1889 4072 habi-

309 4118 392 4164 tus
431 4120 691 4166 creatura:
733 4109 1028 4179 corporalis
1067 4109 1292 4180 ignoret.
1323 4107 1488 4164 Obest
1513 4118 1688 4163 autem
1715 4110 1760 4165 si
1789 4108 1892 4165 hoc

309 4203 372 4258 ad
395 4204 566 4274 ipsam
587 4203 843 4259 doctrina:
864 4203 1074 4273 pietatis
1102 4202 1325 4257 fortnam
1363 4203 1630 4272 pertinere
1664 4203 1892 4259 arbitre-

309 4303 430 4364 tur,
477 4305 534 4352 et
556 4296 881 4366 pertinacius
920 4295 1184 4350 alﬁrmare
1225 4294 1418 4350 audeat
1463 4294 1604 4364 quod
1662 4295 1888 4365 ignorat.

315 4387 422 4445 Sed
450 4389 613 4444 etiam
631 4389 748 4444 talis
771 4387 1052 4443 inﬁrmitas
1070 4387 1122 4441 in
1143 4387 1266 4442 ﬁdei
1285 4387 1558 4442 cunabulis
1580 4401 1612 4441 a
1635 4385 1894 4442 charitato

312 4491 489 4538 matre
509 4483 818 4548 sustinetur,
848 4480 1020 4536 donec
1034 4489 1276 4551 assurgat
1295 4495 1462 4535 novus
1479 4478 1639 4534 homo
1653 4481 1706 4533 in
1721 4479 1892 4534 virum

312 4571 626 4644 perfectum,
640 4581 696 4627 et
710 4572 1040 4628 circumferri
1056 4587 1160 4627 non
1182 4571 1350 4642 possit
1367 4572 1514 4626 omni
1529 4581 1688 4627 vento
1701 4572 1895 4628 doctri-

313 4680 394 4719 nae
414 4663 633 4736 (Ephes.
654 4680 726 4730 tv,
748 4665 959 4735 l5,l4).
981 4665 1036 4720 lu
1058 4665 1144 4720 illo
1157 4675 1332 4720 autem
1359 4665 1447 4736 qui
1466 4664 1672 4731 doctor,
1698 4665 1786 4736 qui
1799 4680 1895 4721 au-

311 4771 448 4824 ctor,
482 4759 572 4830 qui
595 4759 701 4814 dux
732 4769 786 4815 et
814 4760 1060 4831 princeps
1089 4750 1274 4814 eorum
1299 4759 1493 4828 quibus
1522 4759 1608 4812 illa
1629 4759 1894 4828 suaderet,

313 4849 379 4904 ita
402 4850 518 4906 ﬁeri
547 4864 709 4905 ausus
730 4859 832 4918 est,
861 4859 915 4904 ut
934 4851 1023 4921 qui
1047 4866 1169 4906 eum
1192 4860 1562 4920 sequerentur,
1585 4866 1690 4906 non
1712 4866 1899 4923 quem-

315 4943 440 4997 libet
473 4941 747 4996 hominem
769 4982 785 5008 ,
815 4942 909 4996 sed
933 4942 1188 5013 Spiritum
1217 4951 1365 4998 tuum
1395 4953 1634 4998 sanctum
1665 4959 1725 4999 se
1749 4943 1901 5015 sequi

315 5034 743 5100 arbitrarentur;
788 5035 908 5104 quis
934 5042 1134 5088 tantam
1173 5033 1530 5101 dementiam,
1569 5034 1738 5090 sicubi
1770 5034 1901 5090 falsa

317 5125 521 5179 dixisse
587 5126 1032 5194 convinceretur,
1081 5140 1186 5180 non
1228 5125 1592 5182 detestandam
1644 5127 1903 5199 longeque

319 5215 675 5286 abjiciendam
713 5231 834 5272 esse
865 5217 1166 5286 iudicaret?
1203 5216 1311 5272 Sed
1356 5226 1534 5274 tamen
1574 5218 1808 5274 nondum
1835 5219 1903 5272 li-

317 5308 480 5378 quido
501 5323 868 5378 compereram
889 5317 1064 5363 utrum
1089 5308 1251 5362 etiam
1273 5309 1562 5364 secundum
1583 5310 1702 5380 ejus
1720 5309 1902 5379 verba,

320 5401 717 5458 vicissitudines
751 5402 1049 5474 longiorum
1087 5410 1142 5458 et
1169 5401 1466 5457 breviorum
1506 5404 1711 5459 dierum
1748 5413 1907 5475 atque

321 5497 583 5575 noctium,
601 5505 655 5552 et
678 5495 846 5566 ipsius
866 5497 1038 5553 noctis
1057 5505 1112 5552 et
1129 5495 1237 5552 diei
1255 5538 1272 5566 ,
1297 5505 1353 5553 et
1369 5496 1598 5569 deliquia
1622 5499 1903 5568 luminum,

382 5677 402 5739 ι
427 5683 560 5736 Haec,
578 5674 720 5736 juxta
735 5680 809 5724 Er.
827 5673 975 5739 Lugd,
995 5680 1245 5739 Vjeu._bov.
1263 5671 1387 5726 Flor.
1451 5681 1507 5726 ll.

384 5738 413 5810 ξ
423 5735 495 5787 sic
507 5735 718 5810 quatuor
732 5745 819 5810 Mss
855 5735 1243 5810 Aftgl.‘_[l"al§a.ia,
1283 5750 1458 5810 aerane
1481 5735 1762 5804 superbia]
1779 5746 1909 5793 Hart.

321 5804 373 5850 et
390 5798 539 5856 noxio.
556 5813 669 5851 cum
685 5809 789 5853 Mss.
809 5798 1062 5852 'nomiullis
1079 5833 1094 5861 ,
1110 5798 1253 5863 litis-a3
1272 5807 1388 5853 tam.
1405 5807 1463 5852 It.

1635 302 1840 364 LIBER
1877 283 2193 372 QUINTUS.

3460 307 3564 372 710

1985 428 2039 474 et
2061 420 2103 474 si
2127 419 2250 490 quid
2279 418 2538 492 ejusmodi
2565 420 2618 476 in
2647 421 2765 476 aliis
2795 421 2944 478 libris
2973 423 3202 496 legeram
3224 466 3239 491 ,
3269 436 3450 500 posset
3473 443 3565 483 ex-

1983 507 2144 579 poni;
2170 518 2244 578 ut,
2277 511 2320 566 si
2347 509 2483 566 forte
2520 521 2719 584 posset,
2750 513 3006 568 incertum
3028 514 3236 586 quidem
3259 517 3386 570 mihi
3416 518 3566 574 ﬁeret

1986 613 2162 658 utrum
2200 602 2270 658 ita
2307 619 2366 660 se
2396 620 2481 659 res
2509 603 2762 672 haberet,
2794 622 2860 661 an
2899 624 3003 672 non
3046 608 3151 678 ita;
3192 609 3282 666 sed
3310 610 3374 665 ad
3403 611 3564 672 ﬁdem

1987 711 2160 750 meam
2193 695 2329 751 illius
2356 697 2758 767 auctoritatem,
2811 709 3027 772 propter
3069 701 3324 758 creditam
3362 707 3564 770 sancti-

1985 794 2146 843 tatem
2162 830 2177 856 ,
2213 804 2596 864 prrcponerem.

2621 879 2848 939 CAPUT
2887 883 2976 938 Vl.

1987 971 2215 1038 Faustus
2252 972 2504 1044 eloquens,
2533 973 2623 1030 sed
2650 974 2936 1034 liberalium
2964 974 3344 1049 disciplinarum
3369 995 3559 1052 expers.

2059 1061 2146 1118 l0.
2188 1062 2256 1118 Et
2280 1080 2377 1134 per
2405 1081 2574 1120 annos
2603 1065 2769 1121 ferme
2798 1067 2944 1138 ipsos
2981 1085 3170 1124 novem
3193 1113 3209 1139 ,
3254 1071 3444 1142 quibus
3473 1088 3567 1132 eos

1987 1156 2164 1210 animo
2196 1158 2538 1229 vagabundus
2575 1159 2797 1229 audivi,
2843 1161 3002 1219 nimis
3042 1171 3257 1218 extento
3302 1165 3566 1222 desiderio

1986 1259 2266 1306 venturum
2295 1254 2670 1323 exspectabam
2703 1255 2862 1312 istum
2887 1255 3161 1315 Faustum.
3199 1256 3393 1314 Crateri
3416 1262 3559 1316 enim

1986 1359 2206 1410 eorum,
2249 1345 2300 1404 in
2328 1361 2461 1415 quos
2485 1347 2621 1403 l'orte
2647 1348 3010 1420 incurrissem,
3037 1352 3127 1422 qui
3165 1354 3346 1414 talium
3385 1371 3564 1412 rerum

1987 1437 2368 1506 quaestionibus
2404 1452 2434 1494 a
2473 1453 2559 1493 me
2599 1438 2822 1509 objectis
2859 1440 3175 1498 deﬁciebant
3200 1485 3214 1510 ,
3250 1445 3394 1500 illum
3437 1448 3567 1506 mihi

1987 1528 2399 1597 promittebant,
2431 1532 2583 1600 cujus
2607 1531 2839 1588 adventu
2869 1534 3165 1605 collatoque
3189 1539 3456 1610 colloquio
3493 1543 3570 1596 fa-

1987 1620 2184 1676 cillime
2215 1621 2343 1676 mihi
2378 1621 2522 1688 haec,
2558 1631 2613 1678 et
2642 1624 2686 1678 si
2713 1640 2814 1694 qua
2841 1626 2973 1680 forte
3000 1628 3203 1697 majora
3228 1645 3524 1700 qumrerem
3550 1672 3566 1700 ,

1986 1713 2366 1769 enodatissime
2394 1715 2788 1785 expedirentur.
2832 1718 2972 1788 Ergo
2999 1720 3087 1774 ubi
3115 1723 3283 1788 venit,
3318 1735 3570 1794 expertus

1987 1819 2103 1862 sum
2136 1807 2404 1863 hominem
2433 1817 2641 1878 gratum
2670 1817 2727 1866 et
2746 1810 3039 1880 jucundum
3068 1815 3264 1883 verbis,
3293 1825 3348 1872 et
3367 1833 3428 1873 ea
3451 1819 3566 1888 ipsa

1987 1913 2104 1968 qua:
2125 1899 2200 1954 illi
2226 1899 2398 1955 solent
2421 1900 2621 1969 dicere,
2654 1901 2823 1957 multo
2852 1904 3066 1959 suavius
3093 1907 3435 1975 garrientetn.
3463 1907 3571 1964 Sed

1987 1991 2112 2061 quid
2139 1991 2204 2046 ad
2230 2006 2401 2047 meum
2442 1993 2582 2048 sitim
2625 1994 2995 2063 pretiosiorum
3036 1997 3345 2066 poculorum
3375 1997 3573 2056 decen-o
3659 1991 3665 1995 ’

1989 2083 2225 2138 tissimus
2251 2083 2614 2140 ministratur?
2639 2084 2756 2140 iam
2788 2084 2950 2142 rebus
2982 2087 3172 2142 talibus
3194 2088 3400 2143 satiatae
3419 2098 3573 2144 erant

1988 2191 2147 2231 aures
2187 2192 2350 2242 mete;
2388 2191 2488 2233 nec
2517 2175 2636 2232 ideo
2665 2175 2794 2232 mihi
2823 2179 3045 2233 meliora
3069 2178 3382 2235 videbantur
3403 2221 3417 2247 ,
3449 2181 3574 2251 quia

1989 2267 2182 2323 melius
2223 2265 2566 2333 dicebantur;
2611 2283 2711 2323 nec
2739 2267 2860 2322 ideo
2899 2283 3023 2324 vera
3057 2270 3179 2339 quia
3207 2269 3438 2337 diserta;
3477 2287 3575 2328 nec

1987 2358 2110 2414 ideo
2146 2359 2358 2429 sapiens
2386 2359 2595 2424 anima,
2639 2359 2766 2430 quia
2805 2360 2981 2416 vultus
3021 2374 3285 2430 congruus
3324 2373 3376 2417 et
3413 2362 3574 2418 deco-

1986 2443 2106 2506 rum
2134 2451 2424 2522 eloquium.
2459 2451 2537 2506 Illi
2559 2459 2737 2506 autem
2761 2451 2852 2522 qui
2875 2468 2995 2507 eum
3019 2453 3153 2507 mihi
3172 2455 3570 2523 promittebant,

1988 2559 2096 2598 non
2125 2543 2248 2599 boui
2284 2559 2462 2599 rerum
2491 2544 2885 2600 existimatores
2914 2554 3064 2600 erant
3097 2560 3112 2606 ;
3139 2554 3192 2600 et
3219 2546 3337 2602 ideo
3363 2547 3466 2601 illis
3493 2547 3574 2602 vi-

1988 2633 2216 2690 debatur
2250 2634 2486 2704 prudens
2507 2644 2562 2690 et
2584 2636 2831 2705 sapiens,
2875 2637 2998 2707 quia
3037 2636 3331 2692 delectabat
3369 2651 3462 2691 eus
3490 2637 3574 2694 lo-

1989 2743 2180 2799 quens.
2226 2727 2380 2784 Sensi
2425 2737 2605 2783 autem
2633 2729 2772 2788 aliud
2797 2744 2969 2799 genus
2998 2728 3271 2784 hominum
3297 2730 3455 2786 etiam
3485 2744 3576 2786 ve:-

1988 2822 2198 2876 ritatem
2239 2821 2436 2878 habere
2471 2830 2772 2892 suspectam
2792 2863 2806 2887 ,
2837 2831 2891 2878 et
2915 2823 2963 2877 ei
2990 2822 3132 2878 nolle
3161 2823 3500 2893 acquiescere
3527 2821 3574 2878 si

1992 2925 2211 2985 compto
2239 2923 2397 2986 atque
2421 2915 2570 2970 uberi
2593 2929 2842 2971 sermone
2881 2924 3236 2986 promeretur.
3282 2914 3365 2970 Me
3394 2922 3573 2969 autem

1985 3007 2094 3078 jam
2114 3007 2394 3075 doeueras,
2425 3009 2564 3064 Deus
2587 3024 2756 3074 meus,
2787 3008 2937 3062 miris
2961 3016 3016 3062 et
3040 3007 3262 3064 occultis
3288 3006 3495 3073 modis;
3519 3013 3579 3064 et

1991 3109 2270 3170 propterea
2291 3101 2452 3156 credo
2474 3100 2614 3171 quod
2642 3110 2695 3155 tu
2719 3115 2810 3154 me-
2823 3098 3090 3164 docueris,
3114 3099 3360 3170 quoniam
3385 3113 3572 3158 verum

1991 3199 2095 3257 est,
2143 3206 2243 3246 nec
2282 3192 2560 3262 quisquam
2599 3200 2795 3262 preter
2836 3199 2886 3247 te
2929 3191 3064 3247 alius
3093 3201 3176 3246 est
3204 3191 3393 3248 doctor
3423 3191 3571 3260 veri,

1991 3282 2310 3352 ubicumque
2331 3293 2386 3337 et
2415 3282 2781 3352 rndecumque
2802 3282 3074 3337 claruerit.
3105 3281 3220 3336 Jam
3244 3297 3374 3351 ergo
3398 3281 3494 3338 abs
3557 3291 3581 3338 t

1991 3373 2281 3430 didiceram
2303 3416 2318 3442 ,
2351 3390 2450 3430 nec
2477 3391 2542 3430 eo
2567 3375 2762 3430 debere
2786 3375 2953 3430 videri
2983 3375 3182 3445 aliquid
3207 3391 3391 3430 verum
3427 3375 3534 3430 dici
3558 3413 3575 3442 ,

1993 3467 2115 3538 quia
2148 3468 2461 3538 eloquenter
2484 3467 2714 3530 dicitur;
2748 3483 2846 3522 nee
2872 3483 2939 3523 eo
2968 3469 3188 3536 falsum,
3220 3469 3348 3540 quia
3371 3469 3577 3524 incom-

1995 3559 2168 3628 posite
2199 3566 2396 3614 sonant
2437 3560 2585 3629 signa
2626 3557 2885 3614 labiorum
2911 3575 2923 3612 :
2951 3574 3170 3628 rursus,
3211 3574 3310 3614 nec
3349 3559 3469 3616 ideo
3487 3576 3579 3617 ve-

1991 3669 2130 3721 rum,
2160 3653 2283 3723 quia
2311 3653 2548 3724 impolite
2574 3654 2900 3719 enuntiatur,
2931 3670 3027 3709 nec
3049 3655 3168 3710 ideo
3194 3655 3416 3722 falsum,
3449 3656 3572 3726 quia

1992 3748 2298 3818 splendidus
2323 3751 2500 3803 sermo
2529 3755 2641 3804 est:
2666 3748 2760 3803 sed
2791 3749 3013 3819 perinde
3043 3763 3162 3804 esse
3187 3749 3498 3820 sapientiam
3523 3759 3578 3805 et

1993 3839 2306 3904 stultitiam,
2357 3839 2494 3895 sicut
2541 3848 2665 3895 sunt
2706 3840 2811 3895 cibi
2857 3842 3020 3896 utiles
3045 3849 3099 3896 et
3123 3841 3370 3908 inutiles;
3401 3841 3578 3896 verbis

1993 3938 2168 3985 autem
2196 3931 2395 3986 ornatis
2421 3939 2474 3985 et
2499 3931 2758 3985 inornatis
2779 3931 2916 3986 sicut
2939 3931 3080 3986 vasis
3110 3931 3325 3987 urbanis
3346 3940 3399 3987 et
3419 3931 3578 3986 rusti-

1995 4023 2143 4075 canis
2169 4030 2419 4091 utrosque
2447 4021 2595 4076 cibos
2621 4036 2777 4091 posse
2803 4021 3111 4076 ministrari.

2069 4113 2156 4168 ll.
2200 4112 2364 4182 Igitur
2402 4111 2626 4167 aviditas
2668 4127 2822 4176 mea,
2866 4128 2969 4182 qua
2997 4113 3146 4167 illum
3171 4120 3580 4183 tantotempore

1996 4213 2428 4274 exspectaveram
2460 4202 2729 4258 hominem
2755 4244 2771 4270 ,
2804 4203 3168 4260 delectabatur
3190 4203 3404 4274 quidem
3433 4214 3581 4259 motu

1995 4295 2290 4364 affectuque
2312 4294 2646 4365 disputantis,
2672 4303 2728 4349 et
2754 4296 2932 4350 verbis
2953 4295 3364 4366 congruentibus
3382 4336 3398 4360 ,
3421 4303 3580 4366 atque

1996 4387 2061 4441 ad
2093 4386 2390 4441 vestiendas
2417 4386 2705 4442 sententias
2725 4387 2877 4441 facile
2901 4388 3319 4442 occurrentibus.
3341 4387 3584 4443 Delecta-

2001 4480 2098 4535 bar
2115 4488 2290 4534 autem
2319 4488 2372 4534 et
2400 4495 2516 4534 cum
2547 4479 2746 4546 multis,
2777 4479 2858 4534 vel
2883 4479 3042 4534 etiam
3066 4495 3174 4550 prae
3195 4479 3378 4534 multis
3400 4479 3581 4534 lauda-

1998 4573 2122 4628 bam
2164 4587 2228 4627 ac
2266 4571 2586 4636 efferebant;
2638 4570 2734 4626 sed
2781 4570 3003 4626 moleste
3052 4569 3310 4626 habebam
3358 4567 3582 4641 quodin

2002 4676 2142 4722 ctetu
2171 4665 2494 4720 audientium
2533 4678 2639 4718 non
2674 4664 2878 4719 sinerer
2905 4663 2978 4717 illi
3011 4663 3286 4735 ingerere,
3313 4671 3367 4717 et
3393 4663 3580 4734 partiri

2004 4773 2123 4814 cum
2146 4773 2214 4814 eo
2235 4771 2392 4812 curas
2413 4756 2762 4827 quaestionum
2793 4769 3052 4822 mearum,
3080 4753 3404 4812 conferendo
3431 4751 3584 4809 fami-

2007 4853 2238 4916 liariter,
2264 4858 2318 4906 et
2341 4847 2652 4920 accipiendo
2677 4863 2740 4903 ac
2767 4847 3039 4904 reddendo
3071 4861 3393 4902 sermonem.
3429 4845 3588 4912 Quod

2005 4945 2095 5000 ubi
2135 4941 2316 5014 potui,
2360 4952 2414 4996 et
2452 4955 2608 4996 aures
2649 4941 2762 5010 ejus
2799 4954 2918 4995 eum
2962 4937 3310 4994 familiaribus
3339 4937 3473 4991 meis
3496 4951 3588 4990 eo-

2007 5054 2110 5109 que
2145 5039 2162 5070 ¹
2191 5045 2428 5106 tempore
2469 5047 2731 5104 occupare
2776 5031 2912 5102 coepi
2936 5056 2966 5097 ,ο
2993 5045 3100 5101 quo
3141 5045 3247 5084 non
3295 5026 3579 5083 dedeceret

2009 5130 2229 5185 alternis
2265 5129 2564 5194 disserere,
2606 5134 2660 5182 et
2701 5125 2895 5195 protuli
2930 5124 3170 5194 quoidam
3199 5137 3319 5193 qure
3348 5136 3433 5175 me
3463 5135 3584 5175 mo-

2009 5223 2236 5286 vebant;
2263 5229 2514 5290 expertus
2540 5234 2658 5274 sum
2689 5219 2837 5288 prius
2867 5216 3136 5271 honunem
3159 5223 3434 5285 expertem
3461 5213 3593 5270 libe-

2013 5315 2202 5371 ralium
2232 5313 2626 5383 disciplinarum
2652 5351 2667 5378 ,
2713 5309 2814 5364 nisi
2839 5308 3229 5380 gramatiete,
3277 5315 3438 5376 atque
3476 5306 3595 5376 ejus

2017 5409 2182 5481 ipsius
2210 5408 2406 5462 usitato
2426 5405 2602 5461 modo.
2637 5405 2699 5460 Et
2724 5403 2844 5474 quia
2872 5402 3071 5474 legerat
3097 5400 3300 5469 aliquas
3327 5399 3596 5454 Tullianae

2014 5498 2315 5562 orationes,
2348 5503 2403 5550 et
2432 5492 2778 5564 paucissimos
2803 5489 3022 5544 Seneca:
3051 5487 3236 5553 libros,
3263 5495 3317 5542 et
3345 5483 3596 5542 nonnulla

2021 5599 2298 5662 poetarum
2319 5629 2334 5654 ,
2364 5595 2418 5642 et
2442 5581 2555 5641 sum
2579 5594 2739 5640 secta:
2763 5583 2808 5637 si
2832 5597 2932 5652 qua
2956 5581 3225 5636 volumina
3251 5579 3415 5635 latine
3438 5586 3598 5645 atque

2025 5683 2318 5754 composite
2333 5678 2632 5748 conscripta
2660 5684 2832 5743 erant,
2850 5683 2904 5732 et
2929 5675 3051 5746 quia
3078 5673 3264 5738 aderat
3285 5669 3594 5745 quotidiana

2080 5802 2099 5835 ι
2117 5809 2184 5854 EO
2198 5809 2398 5866 quoque,
2414 5795 2554 5860 juxta
2568 5799 2643 5844 Er.
2675 5788 2824 5856 Lugd.
2841 5791 2962 5842 Ven.
2978 5793 3089 5843 Lor.
3140 5793 3196 5848 Il,
