4116 6366
509 340 601 400 7H
1639 318 2149 381 CONFESSIONUM
2187 318 2243 375 S.
2285 312 2648 373 AUGUSTINI

507 454 897 516 sermocinandi
923 450 1265 512 exercitatio;
1299 447 1421 503 inde
1449 444 1757 517 suppetebat
1787 439 2076 510 eloquium,

507 549 649 621 quod
676 548 832 603 ﬁebat
853 545 1122 614 acceptius
1151 542 1420 611 magisque
1446 534 1800 593 seductorium
1832 530 2080 585 modera-

507 644 652 700 mine
677 638 895 709 ingenii,
926 646 979 691 et
1004 634 1233 706 quodam
1265 634 1446 701 lepore
1474 626 1719 683 naturali.
1745 626 1891 678 Itane
1916 631 1998 677 est
2024 628 2082 675 ut

507 734 709 799 recolo,
732 730 953 785 Domine
978 730 1117 783 Deus
1134 741 1303 786 meus,
1329 724 1527 777 arbiter
1546 716 1883 775 conscientiae
1908 712 2081 769 mete?

507 827 699 883 Coram
731 833 782 879 te
808 840 901 879 cor
934 837 1109 877 meum
1137 828 1190 875 et
1214 816 1511 872 recordatio
1539 828 1653 869 mea
1676 854 1689 879 ,
1721 812 1810 881 qui
1842 825 1928 863 me
1955 816 2079 861 tunc

505 922 700 991 agebas
730 918 908 972 abdito
936 924 1141 970 secreto
1168 909 1513 981 providentia:
1543 915 1667 969 tute,
1694 912 1747 958 et
1770 901 2080 956 inhonestos

509 1026 718 1068 errores
744 1024 893 1063 meos
910 1008 1017 1076 jam
1042 1002 1387 1061 coxivertebas
1417 1010 1539 1054 ante
1564 997 1750 1052 faciem
1782 1008 1955 1049 meam
1975 1034 1987 1057 ,
2022 999 2078 1046 ut

507 1106 738 1160 viderem
765 1111 819 1159 et
842 1101 1093 1156 odissem.

1138 1164 1363 1222 CAPUT
1401 1162 1511 1218 VII.

838 1265 1098 1320 Alienatur
1125 1278 1155 1314 a
1176 1269 1306 1315 secta
1330 1256 1749 1311 Manichaeorum.

577 1359 666 1413 12.
705 1356 836 1411 Nam
879 1362 1219 1423 posteaquam
1262 1349 1351 1403 ille
1396 1346 1522 1400 mihi
1570 1341 1847 1411 imperitus
1896 1352 2077 1393 earum

511 1452 701 1505 artium
722 1490 737 1514 ,
788 1446 977 1517 quibus
1004 1459 1124 1500 eum
1158 1441 1417 1497 excellere
1446 1448 1749 1507 putaveram
1772 1475 1787 1497 ,
1830 1431 1956 1485 satis
1981 1444 2077 1497 ap-

506 1540 705 1610 paruit,
738 1537 1019 1605 desperare
1059 1534 1194 1603 ccepi
1238 1545 1395 1601 posse
1433 1545 1553 1584 eum
1582 1525 1710 1581 mihi
1739 1524 1825 1578 illa
1850 1536 1965 1590 quze
1993 1534 2078 1573 me

507 1631 792 1686 movebant
828 1628 1035 1696 aperire
1062 1634 1218 1693 atque
1248 1622 1572 1683 dissolvere;
1611 1628 1832 1686 quorum
1865 1610 2077 1680 quidem

506 1720 721 1790 ignarus
751 1726 929 1787 posset
956 1716 1231 1769 veritatem
1268 1720 1451 1766 tenere
1487 1706 1696 1778 pietatis
1717 1747 1731 1771 ,
1776 1703 1868 1757 sed
1896 1702 1939 1755 si
1968 1714 2079 1753 ma-

503 1812 738 1867 nichaaus
778 1826 883 1864 non
920 1816 1079 1862 esset.
1126 1806 1270 1860 Libri
1314 1804 1510 1874 quippe
1552 1814 1733 1855 eorum
1778 1796 1913 1866 pleni
1958 1800 2081 1847 sunt

502 1903 824 1975 longissimis
855 1901 1044 1954 fabulis
1066 1940 1081 1964 ,
1112 1898 1179 1953 de
1208 1897 1345 1952 coelo
1371 1903 1423 1949 et
1452 1893 1710 1947 sideribus
1731 1932 1744 1955 ,
1792 1897 1845 1942 et
1886 1887 1997 1940 sole
2026 1892 2081 1938 et

502 1997 626 2050 luna
651 2014 663 2048 :
688 2010 806 2063 quae
833 1992 959 2047 mihi
990 2007 1109 2046 eum
1134 2032 1148 2056 ,
1176 1987 1312 2058 quod
1336 1987 1514 2055 utique
1539 1982 1843 2051 cupiebam,
1872 1976 2079 2032 collatis

506 2102 847 2143 numerorum
904 2084 1234 2146 rationibus,
1298 2093 1428 2147 quas
1476 2076 1599 2130 alibi
1655 2088 1753 2142 ego
1806 2073 2075 2140 legeram,

506 2188 681 2235 utrum
718 2178 889 2248 potius
928 2177 996 2229 ita
1027 2179 1206 2228 essent
1241 2179 1298 2224 ut
1334 2166 1603 2222 Manichmi
1650 2164 1799 2218 libris
1837 2161 2076 2215 contine-

503 2275 723 2336 bantur,
754 2286 819 2325 an
860 2276 1005 2323 certe
1045 2266 1128 2319 vel
1174 2279 1268 2334 par
1304 2263 1463 2316 etiam
1506 2258 1626 2312 inde
1663 2257 1798 2311 ratio
1820 2253 2080 2308 reddere-

503 2373 624 2430 tur,
665 2360 928 2416 subtiliter
963 2357 1226 2426 explicare
1270 2369 1427 2423 posse
1460 2351 1571 2421 jam
1625 2365 1727 2403 non
1762 2344 2075 2400 arbitrabar.

503 2454 632 2521 Quae
673 2461 846 2506 tamen
878 2450 965 2503 tibi
995 2444 1378 2503 consideranda
1404 2454 1459 2498 et
1484 2438 1812 2495 discutienda
1848 2434 2074 2506 protuli,

502 2543 743 2598 modeste
785 2556 914 2595 sane
953 2539 1042 2594 ille
1086 2552 1183 2591 nec
1222 2550 1381 2589 ausus
1407 2541 1489 2588 est
1512 2531 1691 2585 subire
1719 2529 1885 2597 ipsam
1917 2524 2082 2579 sarci-

502 2651 646 2691 nam.
678 2634 907 2690 Noverat
928 2632 1070 2686 enim
1098 2646 1156 2684 se
1181 2629 1284 2683 ista
1308 2643 1411 2680 non
1433 2638 1609 2685 nosse,
1641 2636 1741 2676 nec
1760 2635 1880 2673 eum
1897 2616 2082 2688 puduit

503 2723 763 2780 conﬁteri.
799 2722 916 2778 Non
956 2728 1069 2775 erat
1093 2720 1160 2774 de
1188 2718 1376 2771 talibus
1403 2714 1586 2784 quales
1614 2712 1808 2767 multos
1836 2711 2081 2778 loquaces

506 2831 695 2888 passus
715 2829 861 2870 eram
883 2856 895 2878 ,
924 2820 1180 2867 conantes
1200 2824 1261 2864 ea
1289 2823 1375 2863 me
1397 2808 1588 2862 docere
1606 2847 1619 2871 ,
1653 2812 1708 2859 et
1730 2804 1967 2857 dicentes
1996 2800 2080 2856 ni-

507 2908 604 2963 hil.
636 2908 738 2962 lste
765 2920 894 2962 vero
913 2918 1006 2959 cor
1030 2903 1274 2966 habebat,
1306 2900 1403 2955 etsi
1425 2914 1533 2953 non
1553 2906 1756 2952 rectum
1780 2894 1847 2949 ad
1874 2903 1924 2949 te
1945 2936 1960 2960 ,
1982 2907 2082 2948 nec

506 3011 683 3055 tamen
710 2997 866 3052 nimis
887 2998 1155 3051 incautum
1186 2992 1251 3047 ad
1281 2991 1535 3060 seipsum.
1562 2987 1680 3042 Non
1708 2998 2083 3054 usquequaque

506 3090 784 3159 imperitus
820 3094 933 3141 erat
976 3083 1252 3154 imperitia:
1295 3096 1439 3143 sua},
1491 3088 1544 3133 et
1587 3077 1755 3132 noluit
1796 3092 1854 3130 se
1884 3084 2083 3129 temere

509 3177 826 3249 disputando
852 3178 903 3229 in
931 3191 991 3230 ea
1021 3172 1280 3229 coarctari
1302 3213 1315 3236 ,
1342 3169 1486 3225 unde
1508 3183 1607 3223 nec
1631 3167 1804 3222 exitus
1830 3164 1879 3219 ei
1909 3163 2044 3218 ullus
2062 3204 2077 3229 ,

505 3285 608 3324 nec
647 3268 816 3322 facilis
856 3274 999 3321 esset
1038 3264 1280 3318 reditus:
1314 3260 1472 3315 etiam
1517 3258 1639 3310 hinc
1682 3255 1815 3309 mihi
1858 3253 2083 3321 amplius

506 3358 723 3429 placuit.
767 3357 1045 3412 Pulchrior
1082 3363 1165 3409 est
1209 3353 1350 3408 enim
1392 3348 1738 3419 temperantia
1785 3344 2084 3402 conﬁtentis

506 3452 707 3518 animi,
752 3464 909 3520 quam
955 3447 1044 3501 illa
1080 3460 1198 3515 quae
1236 3458 1393 3497 nosse
1427 3441 1703 3509 cupiebam
1732 3455 1746 3493 :
1772 3445 1829 3493 et
1860 3452 1982 3503 eum
2027 3435 2083 3489 in

513 3541 760 3597 omnibus
805 3536 1189 3594 difﬁcilioribus
1222 3542 1277 3590 et
1312 3532 1676 3589 subtilioribus
1704 3528 2083 3600 quaestionibus

508 3634 665 3688 talem
696 3630 1048 3686 inveniebam.

583 3725 671 3779 15.
713 3721 961 3779 Refracto
1006 3722 1182 3789 itaque
1232 3718 1407 3773 studio
1448 3716 1586 3787 quod
1614 3716 1631 3747 ¹
1656 3712 1983 3769 intenderam
2029 3712 2081 3767 in

511 3814 787 3871 Manichaei
830 3814 1065 3878 litteras,
1122 3811 1390 3879 magisque
1434 3808 1723 3878 desperans
1765 3805 1832 3860 de
1876 3803 2083 3859 caeteris

512 3924 696 3963 eorum
736 3906 1073 3970 doctoribus,
1115 3902 1326 3973 quando
1354 3901 1404 3954 in
1434 3900 1610 3953 multis
1639 3912 1758 3967 qua:
1782 3911 1870 3950 me
1897 3909 2081 3949 move-

506 3998 669 4063 bant,
708 3997 777 4049 ita
822 3995 909 4049 ille
948 3993 1249 4048 nominatus
1286 3991 1561 4060 apparuit;
1589 3988 1867 4056 cmpicum
1897 4002 1961 4040 eo
1990 3999 2083 4053 pro

506 4091 684 4148 studio
711 4090 826 4160 ejus
852 4103 1008 4158 agere
1035 4087 1219 4151 vitam,
1249 4098 1354 4153 quo
1380 4084 1493 4153 ipse
1522 4081 1774 4152 ﬂagrabat
1799 4081 1851 4134 in
1878 4093 1969 4135 eas
1998 4078 2085 4131 lit-

507 4193 648 4239 teras
674 4224 692 4250 ,
730 4195 862 4251 quas
890 4188 1017 4235 tunc
1046 4178 1155 4248 jam
1184 4178 1366 4231 rhetor
1394 4174 1694 4245 Carthagini
1722 4174 2085 4228 adolescentes

508 4275 765 4331 docebam
788 4288 805 4339 ;
832 4282 888 4327 et
915 4272 1091 4342 legere
1111 4285 1231 4324 cum
1253 4283 1336 4331 eo,
1363 4268 1475 4321 sive
1496 4282 1615 4336 quae
1644 4266 1730 4320 ille
1752 4266 1928 4319 audita
1953 4263 2086 4318 desi-

511 4367 755 4430 deraret,
785 4364 895 4418 sive
920 4376 1038 4431 qua:
1068 4360 1179 4431 ipse
1205 4359 1294 4413 tali
1322 4358 1529 4428 ingenio
1558 4362 1679 4427 apta
1702 4355 2080 4410 exisﬁmarem.

511 4457 776 4513 Caeterum
816 4462 1035 4507 conatus
1062 4450 1236 4505 omnis
1262 4463 1410 4504 meus
1430 4488 1444 4514 ,
1487 4462 1591 4517 quo
1630 4445 1884 4516 proﬁcere
1912 4445 1964 4498 in
1994 4444 2082 4498 illa

511 4557 655 4604 secta
686 4555 970 4601 statueram
991 4586 1005 4609 ,
1040 4544 1128 4599 illo
1158 4542 1372 4598 homine
1398 4542 1609 4611 cognito
1630 4555 1843 4609 prorsus
1870 4536 2086 4592 interei-

509 4639 586 4694 dit
614 4656 626 4693 :
656 4654 762 4692 non
796 4646 851 4690 ut
884 4636 952 4689 ab
978 4636 1056 4690 eis
1091 4634 1308 4689 omnino
1344 4646 1640 4702 separarer,
1672 4630 1764 4684 sed
1794 4629 1945 4699 quasi
1973 4643 2085 4682 me-

505 4734 611 4789 lius
642 4730 931 4802 quidquam
970 4743 1077 4783 non
1118 4726 1426 4790 inveniens,
1473 4739 1538 4777 eo
1581 4738 1685 4793 quo
1723 4722 1831 4791 jam
1872 4735 2083 4791 quoquo

507 4826 665 4880 modo
690 4825 948 4879 irrueram
966 4864 981 4891 ,
1011 4830 1293 4877 contentus
1330 4818 1536 4873 interim
1563 4831 1682 4871 esse
1708 4816 2042 4871 decreveram
2062 4854 2078 4881 ,

504 4917 606 4971 nisi
642 4914 839 4987 aliquid
875 4913 1010 4969 forte
1034 4913 1176 4984 quod
1207 4912 1374 4983 magis
1402 4909 1702 4979 eligendum
1732 4918 1873 4965 esset
1901 4908 2079 4963 eluce-

506 5016 604 5062 ret.
639 5008 714 5061 Ita
742 5007 829 5061 ille
853 5004 1075 5059 Faustus
1096 5046 1109 5071 ,
1142 5003 1231 5074 qui
1261 5002 1440 5057 multis
1469 5002 1686 5070 laqueus
1715 4999 1901 5054 mortis
1921 4998 2084 5052 exsti-

507 5102 604 5167 tit,
656 5115 833 5155 meum
873 5113 978 5169 quo
1010 5105 1194 5166 captus
1221 5110 1364 5149 eram
1410 5093 1647 5149 relaxare
1671 5091 1782 5161 jam
1810 5100 2080 5160 cmperat,

506 5208 607 5248 nec
634 5193 820 5247 volens
841 5207 941 5247 nec
966 5192 1160 5246 sciens.
1195 5188 1380 5244 Manus
1403 5187 1545 5243 enim
1574 5194 1699 5252 tute,
1728 5185 1866 5239 Deus
1895 5198 2077 5249 meus,

508 5283 561 5337 in
591 5282 771 5338 abdito
810 5281 1153 5352 providentiae
1190 5288 1323 5344 tuae,
1364 5292 1468 5332 non
1508 5275 1826 5331 deserebaut
1850 5273 2083 5329 animam

507 5389 715 5440 meam;
747 5381 801 5428 et
825 5373 891 5428 de
909 5372 1166 5443 sanguine
1193 5370 1369 5427 cordis
1398 5367 1582 5423 matris
1608 5382 1740 5422 meae
1758 5408 1771 5432 ,
1796 5382 1891 5437 per
1911 5365 2082 5438 lacry-

507 5481 625 5521 mas
656 5465 771 5535 ejus
813 5465 1000 5520 diebus
1039 5479 1102 5520 ac
1142 5462 1381 5519 noctibus
1425 5476 1521 5532 pro
1559 5476 1644 5515 me
1691 5459 2083 5515 sacriﬁcabatur

509 5559 641 5622 tibi;
666 5568 720 5613 et
739 5557 892 5628 egisti
924 5572 1130 5613 mecum
1165 5555 1313 5611 miris
1364 5554 1537 5610 modis
1561 5554 1603 5607 ’.
1636 5552 1715 5607 Tu
1743 5551 1871 5607 illud
1895 5551 2077 5621 egisti,

571 5672 587 5703 ί
609 5679 724 5733 Quo,
739 5670 880 5733 juxta
896 5669 1041 5733 ﬂend.
1129 5676 1192 5733 tu.

566 5736 587 5766 ³
607 5708 1195 5796 ἷιῖἷᾶδῖ
1213 5730 1350 5795 juxta
1364 5738 1536 5783 Somm.
1556 5737 1667 5780 Arn.
1685 5741 1794 5784 cum
1825 5728 1855 5779 7
1889 5736 2012 5791 Mss,
2031 5734 2083 5791 et

504 5795 651 5851 Md.
669 5808 781 5848 cum
798 5796 853 5848 11
873 5804 978 5847 MS.
1043 5803 1101 5847 Μ.

3657 301 3764 363 'ﬂ’.

2190 436 2329 489 Deus
2357 449 2527 488 meus.
2559 432 2687 487 Nam
2720 445 2747 483 a
2782 428 3003 483 Domino
3026 439 3241 495 gressus
3268 421 3496 477 hominis
3524 419 3764 490 dirigun-

2188 534 2309 590 tur;
2336 538 2392 580 et
2419 526 2556 579 viam
2587 523 2700 593 ejus
2725 521 2867 575 volet
2903 517 3070 590 (Psal.
3097 530 3296 581 xxxvi,
3339 512 3455 583 23).
3501 514 3607 566 Aut
3643 525 3763 581 qua:

2185 617 2485 688 procuratio
2514 614 2727 681 salutis,
2760 621 2954 683 praater
2982 624 3197 664 manum
3218 616 3360 662 tuam
3380 647 3395 673 ,
3434 603 3763 660 reficientem

2184 725 2302 780 quae
2328 708 2532 765 fecisti?

2771 795 2993 852 CAPUT
3031 792 3165 849 VIII.

2291 892 2637 962 Proﬁciscitur
2662 890 2884 945 Romam
2920 897 3095 942 contra
3130 884 3305 939 matris
3331 883 3654 953 voluntatem.

2255 988 2342 1041 14.
2385 986 2553 1055 Egisti
2580 999 2706 1054 ergo
2744 996 2950 1036 mecum
2992 989 3048 1033 ut
3073 978 3199 1032 mihi
3227 975 3637 1046 persuaderetur
3652 972 3761 1027 Ro.

2181 1096 2321 1137 mam
2348 1093 2588 1149 pergere,
2610 1087 2664 1132 et
2683 1077 2854 1145 potius
2883 1074 2955 1130 ibi
2984 1073 3177 1126 docere
3198 1069 3337 1139 quod
3363 1067 3619 1122 docebam
3644 1065 3763 1120 Car-

2182 1171 2412 1240 thagine.
2446 1170 2512 1223 Et
2532 1169 2634 1223 hoc
2660 1166 2801 1222 unde
2827 1165 2955 1219 mihi
2975 1177 3283 1234 persuasum
3310 1167 3394 1214 est
3419 1161 3459 1224 ‘,
3494 1172 3603 1211 non
3627 1170 3763 1225 pra)-

2184 1262 2354 1315 teribo
2393 1259 2632 1314 conﬁteri
2665 1258 2792 1321 tibi;
2823 1255 3071 1326 quoniam
3105 1262 3160 1307 et
3206 1252 3256 1304 in
3284 1250 3369 1303 his
3414 1247 3653 1302 altissimi
3682 1245 3757 1299 tui

2181 1360 2511 1415 recessus,et
2524 1350 2930 1420 praesentissima
2949 1348 3000 1400 in
3032 1360 3128 1399 nos
3160 1341 3523 1397 misericordia
3546 1348 3631 1393 tua
3657 1352 3755 1393 eo-

2180 1447 2390 1518 gitanda
2420 1456 2473 1500 et
2496 1443 2829 1515 praedicanda
2849 1450 2950 1497 est.
2981 1438 3096 1495 Non
3142 1437 3263 1491 ideo
3291 1436 3513 1489 Romam
3543 1445 3761 1501 pergere

2182 1540 2341 1602 volui,
2375 1538 2514 1607 quod
2541 1537 2765 1607 majores
2791 1546 3044 1605 quaestus,
3077 1531 3350 1599 majorque
3382 1526 3510 1581 mihi
3534 1525 3760 1594 dignitas

2181 1630 2248 1684 ab
2274 1630 2479 1692 amicis,
2512 1628 2602 1698 qui
2633 1628 2735 1681 hoc
2780 1625 3103 1685 suadebant,
3135 1619 3567 1690 promittebatur;
3592 1630 3761 1684 quan-

2182 1738 2341 1791 quam
2370 1729 2422 1775 et
2448 1720 2546 1775 ista
2577 1719 2844 1773 ducebant
2880 1717 3115 1769 animum
3145 1724 3270 1767 tunc
3294 1725 3471 1764 meum
3507 1725 3519 1759 :
3549 1706 3644 1761 sed
3672 1706 3760 1760 illa

2183 1823 2299 1867 erat
2322 1826 2479 1867 causa
2506 1810 2733 1864 maxima
2758 1817 2809 1862 et
2838 1822 2971 1876 pene
2995 1806 3127 1870 sola,
3156 1801 3294 1871 quod
3317 1800 3593 1855 audiebam
3614 1796 3765 1865 quie-

2182 1903 2287 1958 tius
2313 1904 2384 1958 ibi
2414 1901 2629 1956 studere
2658 1892 3454 1961 adolescentes,etordinatiore
3471 1887 3764 1956 disciplina

2183 1995 2504 2051 coercitione
2533 1993 2724 2056 sedari,
2760 1986 2827 2046 n'e
2853 1991 2905 2044 in
2938 1990 3052 2059 ejus
3095 1986 3332 2041 scholam
3376 1997 3481 2053 quo
3508 1981 3761 2050 magistro

2183 2101 2293 2141 non
2325 2094 2561 2151 utuntur,
2591 2085 2786 2156 passim
2809 2090 2863 2137 et
2887 2090 3133 2152 proterve
3161 2080 3396 2141 irritant;
3430 2090 3529 2129 nec
3553 2088 3646 2128 eos
3672 2071 3770 2126 adu

2183 2178 2322 2233 mitti
2351 2178 2589 2240 omnino,
2618 2177 2718 2230 nisi
2752 2175 2841 2229 ille
2864 2174 3185 2243 permiserit.
3213 2169 3433 2234 Contra,
3466 2167 3606 2237 apud
3630 2166 3765 2220 Car-

2183 2270 2448 2339 thaginem
2478 2268 2616 2323 fceda
2660 2276 2742 2322 est
2769 2275 2823 2321 et
2860 2267 3218 2334 intemperans
3250 2261 3459 2315 licentia
3490 2257 3765 2313 scholasti-

2183 2378 2388 2417 corum.
2412 2362 2715 2431 lrrumpunt
2737 2358 3089 2428 impudenter,
3117 2364 3170 2409 et
3190 2368 3353 2424 prope
3379 2352 3570 2405 furiosa
3594 2348 3766 2403 fronte

2184 2452 2499 2523 perturbant
2517 2451 2781 2516 ordinem,
2807 2464 2964 2519 quem
2995 2447 3217 2516 quisque
3247 2442 3518 2510 discipulis
3541 2440 3605 2494 ad
3635 2455 3764 2509 pro-

2184 2545 2467 2600 ﬁciendum
2490 2544 2796 2599 instituerit.
2824 2541 2982 2595 Multa
3012 2538 3263 2607 injuriosa
3288 2535 3483 2589 faciunt
3512 2534 3642 2586 mira
3672 2531 3769 2586 he-

2184 2636 2455 2702 betudine,
2499 2645 2553 2691 et
2582 2633 2842 2705 punienda
2874 2632 3087 2701 legibus
3107 2671 3121 2696 ,
3174 2628 3273 2682 nisi
3314 2623 3642 2681 consuetudo
3673 2636 3765 2691 pa-

2185 2737 2335 2784 trona
2388 2728 2490 2791 sit;
2522 2728 2623 2782 hoc
2672 2726 2976 2780 miseriores
3021 2737 3117 2777 eos
3154 2717 3462 2783 ostendens,
3510 2730 3614 2787 quo
3651 2714 3763 2784 jam

2184 2822 2337 2892 quasi
2381 2821 2560 2886 liceat,
2590 2819 2789 2873 faciunt
2834 2816 2975 2887 quod
3026 2830 3123 2885 per
3150 2823 3290 2867 tuam
3313 2821 3567 2865 :eternam
3591 2810 3765 2876 legem

2185 2930 2452 2985 nunquam
2469 2912 2650 2967 licebit
2669 2932 2682 2979 ;
2700 2920 2751 2966 et
2774 2912 2987 2979 impune
3012 2922 3070 2962 se
3082 2906 3255 2960 facere
3279 2903 3622 2965 arbitrantur,
3645 2915 3769 2954 cum

2186 3007 2300 3075 ipsa
2330 3002 2553 3058 faciendi
2584 3002 2823 3056 cmcitate
2853 2997 3155 3069 puniantur,
3195 3001 3251 3049 et
3284 2990 3771 3060 incomparabiliter

2186 3096 2455 3167 patiantur
2474 3094 2676 3164 pejora,
2692 3106 2847 3161 quam
2868 3089 3082 3144 faciunt.
3104 3086 3245 3155 Ergo
3263 3097 3397 3153 quos
3426 3095 3625 3147 mores,
3642 3093 3767 3134 cum
3801 3085 3806 3091 ’

2186 3186 2453 3241 studerem
2471 3200 2617 3239 meos
2637 3198 2755 3238 esse
2784 3181 2995 3243 nolui';
3030 3194 3142 3241 eos,
3172 3192 3291 3232 eum
3313 3175 3584 3238 docerem,
3614 3186 3773 3241 coge-

2190 3278 2289 3333 bar
2310 3277 2511 3347 perpeti
2542 3276 2749 3331 alienos
2782 3292 2794 3327 :
2827 3282 2880 3327 et
2909 3272 3028 3325 ideo
3049 3269 3286 3339 placebat
3310 3269 3387 3321 ire
3416 3266 3502 3319 ubi
3522 3265 3642 3318 talia
3662 3278 3771 3317 non

2189 3369 2327 3435 ﬁeri,
2357 3382 2548 3422 omnes
2594 3366 2682 3436 qui
2714 3371 2989 3427 noverant,
3020 3360 3337 3415 indicabant.
3368 3357 3568 3411 Verum
3596 3362 3772 3408 autem

2191 3467 2270 3526 tu,
2301 3474 2424 3527 spes
2448 3473 2565 3511 mea
2596 3465 2648 3510 et
2673 3455 2842 3524 portio
2880 3468 2994 3507 mea
3023 3452 3075 3505 in
3108 3459 3250 3506 terra
3274 3447 3564 3501 viventium
3593 3443 3766 3517 (Ρωι.

2186 3570 2334 3621 cm,
2353 3550 2433 3624 6),
2450 3551 2513 3606 ad
2536 3548 2844 3604 mutandum
2873 3555 3129 3601 terrarum
3147 3544 3319 3597 locum
3337 3555 3433 3610 pro
3460 3538 3631 3594 salute
3652 3536 3772 3591 ani-

2186 3659 2289 3699 mae
2316 3658 2467 3706 mete,
2512 3650 2565 3695 et
2593 3638 2896 3705 Carthagini
2924 3636 3169 3690 stimulos
3194 3632 3387 3703 quibus
3419 3630 3540 3684 inde
3568 3629 3769 3683 avelle-

2186 3751 2294 3799 rer,
2325 3734 2664 3795 admovebas,
2695 3742 2746 3786 et
2776 3732 2957 3784 Romae
2990 3727 3269 3782 illecebras
3315 3723 3505 3793 quibus
3535 3720 3766 3775 attrahe-

2186 3841 2292 3893 rer,
2328 3823 2657 3894 proponebas
2709 3820 2836 3875 mihi
2880 3834 2977 3888 per
3002 3816 3245 3870 homines
3269 3813 3357 3884 qui
3400 3808 3771 3881 diligunt'vi-

2185 3928 2296 3972 tam
2320 3926 2603 3981 mortuam,
2633 3914 2755 3968 hinc
2788 3914 2970 3967 insana
2999 3909 3273 3971 facientes,
3304 3904 3425 3960 inde
3449 3919 3578 3957 vana
3611 3900 3769 3968 polli-

2185 4017 2405 4071 centes;
2454 4015 2507 4061 et
2552 4005 2618 4058 ad
2669 4001 3011 4072 corrigendos
3055 4011 3273 4068 gressus
3322 4009 3471 4049 meos
3525 3991 3763 4047 utebaris

2186 4098 2394 4155 occulte
2422 4106 2475 4151 et
2500 4096 2709 4151 illorum
2739 4104 2793 4149 et
2842 4108 2959 4147 mea
3007 4089 3377 4160 perversitate.
3406 4084 3537 4140 Nam
3581 4094 3636 4139 et
3676 4082 3767 4152 qui

2188 4189 2577 4261 perturbabaut
2607 4188 2769 4241 otium
2800 4199 2997 4250 meum,
3051 4180 3190 4237 fmda
3214 4178 3363 4234 rabie
3401 4175 3529 4232 caeci
3574 4183 3763 4240 erant;

2196 4286 2251 4333 et
2269 4280 2357 4348 qui
2400 4278 2691 4331 invitabant
2713 4275 2779 4330 ad
2798 4272 2961 4339 aliud,
2984 4280 3178 4325 terram
3209 4268 3502 4338 sapiebant.
3538 4265 3648 4333 Ego
3672 4278 3771 4317 au-

2193 4380 2297 4425 tem
2324 4370 2414 4439 qui
2455 4367 2757 4423 detestabar
2800 4364 2889 4420 hic
2912 4378 3091 4418 veram
3120 4360 3424 4424 miseriam,
3453 4357 3561 4411 illic
3582 4354 3769 4409 falsam

2187 4460 2495 4515 felicitatem
2524 4456 2856 4527 appetebam.

2258 4553 2345 4608 15.
2387 4551 2492 4606 Sed
2516 4565 2679 4619 quare
2718 4550 2840 4601 hinc
2864 4546 3087 4610 abirem,
3128 4551 3182 4599 et
3207 4543 3331 4597 illuc
3354 4540 3511 4606 irem,
3544 4546 3599 4592 tu
3626 4537 3767 4592 scie-

2186 4643 2299 4709 bas,
2328 4644 2496 4707 Deus;
2525 4656 2625 4695 nec
2648 4637 2916 4694 indicabas
2943 4634 3073 4690 mihi
3095 4649 3193 4689 nec
3217 4632 3523 4700 matri,quae
3544 4644 3629 4683 me
3649 4642 3771 4696 pro-

2185 4735 2380 4792 fectum
2407 4734 2658 4788 atrociter
2680 4731 2897 4801 planxit,
2928 4737 2982 4782 et
3005 4738 3173 4797 usque
3200 4726 3266 4779 ad
3294 4739 3441 4778 mare
3460 4731 3639 4777 secuta
3664 4729 3765 4791 est.

2189 4828 2295 4884 Sed
2323 4826 2487 4882 fefelli
2517 4840 2632 4880 eam
2663 4824 2925 4878 violenter
2952 4836 3036 4876 me
3064 4826 3353 4880 tenentem,
3397 4826 3455 4870 ut
3488 4824 3581 4869 aut
3615 4828 3771 4868 revo—

2188 4928 2363 4983 caret,
2395 4925 2486 4971 aut
2508 4931 2715 4971 mecum
2749 4920 3017 4983 pergeret;
3048 4918 3101 4965 et
3126 4910 3248 4963 ﬁnxi
3269 4922 3355 4962 me
3374 4906 3599 4960 amicum
3626 4903 3768 4958 nolle

2186 5009 2455 5073 deserere,
2505 5006 2678 5062 donec
2704 5015 2863 5058 vento
2890 5003 3026 5057 facto
3069 5000 3356 5069 navigaret.
3409 4997 3475 5052 Et
3518 4996 3767 5051 mentitus

2186 5114 2304 5154 sum
2329 5098 2505 5162 matri,
2537 5106 2593 5153 et
2634 5096 2705 5151 illi
2733 5095 2910 5161 matri,
2941 5102 2995 5147 et
3015 5092 3156 5148 evasi
3189 5108 3202 5145 :
3244 5090 3365 5162 quia
3394 5096 3448 5144 et
3486 5086 3587 5141 hoc
3615 5095 3666 5139 tu
3687 5084 3770 5140 di-

2187 5189 2381 5245 misisti
2408 5188 2541 5244 mihi
2570 5184 3008 5250 misericorditer,
3034 5195 3253 5237 servans
3282 5194 3367 5235 me
3391 5178 3461 5233 ab
3486 5177 3639 5247 aquis
3656 5190 3768 5228 ma-

2185 5282 2282 5349 ris,
2327 5281 2543 5351 plenum
2586 5276 2926 5335 exsecrandis
2972 5274 3237 5340 sordibus,
3272 5285 3437 5340 usque
3478 5268 3545 5323 ad
3575 5282 3765 5337 aquam

2186 5373 2367 5445 gratiae
2396 5379 2518 5437 tuae,
2543 5386 2645 5441 qua
2676 5384 2760 5423 me
2781 5368 2963 5423 abluto
2984 5370 3307 5422 siccarentur
3321 5362 3537 5418 flumina
3566 5370 3766 5416 mater-

2249 5486 2267 5518 ι
2286 5483 2370 5548 sit,
2386 5484 2524 5545 juxta
2540 5489 2613 5548 Er.
2633 5481 2901 5545 mgd.ven.
2920 5486 3029 5548 Iov:
3046 5479 3166 5548 pub.
3185 5486 3315 5528 Mart.
3332 5475 3527 5548 βιῳ-..ει
3544 5473 3687 5523 Band.
3705 5480 3744 5548 at

2246 5550 2266 5579 ³
2284 5535 2443 5594 Codex
2475 5546 2607 5594 Sorb.
2630 5558 2643 5593 :
2663 5535 2788 5593 Μ’ὶνοδ
2818 5555 2918 5593 esse
2950 5538 3093 5591 volui.
3123 5541 3367 5590 Cousentit
3397 5537 3566 5587 Gallica
3601 5535 3766 5585 versio

2185 5616 2314 5666 Arn.;
2333 5607 2421 5657 sed
2436 5605 2517 5655 alii
2532 5606 2665 5667 Cdd.,
2684 5606 2830 5667 etiam
2846 5612 2979 5667 Arn.,
2992 5604 3041 5667 in
3062 5601 3207 5667 latino
3224 5608 3364 5651 textu
3402 5600 3584 5667 habent
3598 5595 3765 5667 uolgi,“

2185 5656 2237 5719 et
2251 5656 2431 5731 re'ipsa,
2449 5681 2558 5718 cum
2576 5668 2623 5715 in
2650 5656 2815 5731 schola
2846 5656 3301 5731 rhemris_studeret
3333 5662 3643 5725 Augustinus,
3674 5656 3765 5711 fuit

2654 5704 3235 5800 ξὲρτζῑῖὖίηᾷδῖὲεῆἷξ
3244 5704 3290 5775 ἐξ

2250 5783 2573 5861 ἥήιὶῃεὺαηιζ
2590 5794 2727 5858 juxta
2743 5783 2915 5842 Somni.
2936 5791 3053 5839 Dub.
3075 5783 3167 5839 Arn
3179 5783 3191 5789 ’
3206 5794 3332 5837 Mart.
3357 5794 3407 5838 et
3425 5783 3571 5835 Roud.
3592 5790 3650 5839 tu,
