4116 6366
533 402 663 459 τις·

533 521 728 578 nieiem
742 530 943 583 meam,
960 529 1120 588 quam
1287 521 1338 570 te
1433 513 1660 608 salutem
1677 514 1834 568 malle
1849 512 2105 608 superari.

534 611 775 668 Nondum
801 623 931 682 ergo
959 603 1223 679 poweras'
1240 606 1534 662 custodiam
1566 604 1646 661 ori
1672 620 1812 672 meo,
1836 613 1893 660 et
1913 603 2109 660 ostium

533 704 870 762 continentia
901 703 1104 758 circum
1138 701 1273 756 labia
1311 715 1450 766 mea,
1480 708 1665 754 utnon
1693 698 1986 756 declinaret
2012 713 2111 754 cor

533 811 710 854 meum
731 795 785 854 in
807 795 966 851 verba
1005 793 1250 864 maligna,
1290 791 1355 847 ad
1385 791 1714 847 escttsandas
1735 791 2109 849 excusationes

531 893 585 949 in
605 891 837 962 peccatis
849 903 968 944 cum
984 887 1286 942 hominibus
1309 884 1649 956 cperantibus
1664 884 1998 954 iniquitatem
2016 899 2030 947 ;
2052 892 2110 939 et

532 983 656 1038 ideo
691 980 862 1038 adhuc
894 977 1261 1035 combinaan
1289 990 1409 1032 cum
1447 977 1630 1032 electis
1680 977 1895 1032 eorum'
1933 973 2103 1048 (Μ.

534 1089 655 1138 οη,
684 1073 738 1140 5,
767 1071 845 1143 4).

604 1163 691 1221 l9.
733 1162 840 1218 Sed
862 1169 1038 1216 tamen
1059 1161 1166 1230 jam
1193 1159 1479 1229 desperans
1521 1159 1580 1212 in
1616 1173 1678 1213 ea
1701 1157 1837 1214 falsa
1861 1158 2114 1213 doctrina-

532 1271 620 1312 me
644 1269 802 1328 posse
821 1253 1108 1324 proﬁcere;
1145 1265 1310 1321 eaque
1341 1250 1456 1319 ipsa
1474 1249 1664 1320 quibus
1693 1249 1737 1302 si
1760 1248 1894 1302 nihil
1915 1248 2112 1304 melius

530 1348 841 1419 reperirem,
873 1355 1152 1401 contentus
1181 1359 1300 1399 esse
1324 1343 1682 1409 decreveram,
1701 1341 1812 1412 jam
1833 1342 2112 1398 remissius

530 1440 984 1512 negligentiusque
1015 1436 1325 1492 retinebam.
1355 1436 1560 1490 Etenim
1591 1435 1807 1492 suborta
1841 1443 1923 1489 est
1947 1434 2109 1494 etiam

531 1536 662 1591 mihi
680 1534 947 1607 cogitatio,
970 1532 1339 1604 prudentiores
1364 1531 1569 1586 cmteris
1591 1529 1756 1585 fuisse
1785 1530 1899 1584 illos
1929 1529 2105 1600 philo-

529 1627 740 1698 sophos,
762 1641 896 1698 quos
920 1624 1261 1680 Academicos
1290 1623 1574 1693 appellant,
1593 1622 1732 1692 quod
1761 1621 1825 1676 de
1853 1621 2098 1675 omnibus

531 1718 874 1776 dubitandum
899 1731 1018 1772 esse
1049 1722 1385 1781 censuerant,
1413 1729 1513 1770 nec
1537 1713 1732 1784 aliquid
1777 1714 1886 1767 veri
1916 1713 1982 1768 ab
2011 1713 2106 1768 ho-

532 1813 675 1868 mine
712 1808 1093 1883 comprehendi
1129 1823 1288 1879 posse
1341 1807 1705 1862 decreverant.
1763 1805 1836 1860 lta
1866 1805 2005 1859 enim
2053 1813 2108 1859 et

530 1905 662 1962 mihi
683 1902 880 1976 liquido
911 1902 1142 1958 sensisse
1190 1900 1518 1963 videbantur,
1545 1908 1601 1954 ut
1633 1899 1789 1969 vulgo
1820 1898 2103 1966 habentur,

531 1999 696 2055 etiam
722 1995 930 2052 illorum
959 1994 1301 2049 intentionem
1344 1992 1577 2046 nondum
1623 1990 1954 2061 intelligenti.
1997 1989 2106 2046 Nec

529 2089 856 2147 dissimulavi
880 2087 1125 2142 eumdem
1146 2084 1407 2158 hospitem
1438 2100 1614 2139 meum
1657 2085 1946 2152 reprimere
1964 2099 1994 2138 a
2021 2083 2106 2138 ni-

528 2182 636 2238 mia
668 2180 877 2244 ﬁducia,
909 2194 1064 2250 quam
1094 2179 1234 2232 sensi
1259 2193 1378 2232 eum
1405 2175 1602 2231 habere
1626 2175 1692 2230 de
1722 2175 1879 2230 rebus
1901 2175 2108 2230 fabulo-

530 2275 624 2341 sis,
653 2273 840 2344 quibus
864 2270 1140 2326 maniclitei
1173 2269 1293 2324 libri
1315 2269 1451 2338 pleni
1479 2277 1616 2324 sunt.
1655 2269 1899 2324 Amicitia
1932 2277 2108 2324 tamen

530 2377 712 2422 eorum
732 2361 1036 2417 familiarius
1067 2362 1270 2427 utebar,
1301 2377 1454 2431 quam
1486 2370 1800 2416 eceterornm
1832 2361 2106 2416 hominum

531 2459 630 2530 qui-
651 2458 702 2512 in
727 2457 811 2511 illa
843 2455 1030 2511 haeresi
1061 2471 1162 2509 non
1193 2454 1434 2510 fuissent.
1482 2454 1591 2510 Nec
1619 2469 1734 2508 eam
1756 2453 2108 2509 defendebam

531 2554 753 2625 pristina
777 2551 1144 2616 animositate;
1176 2550 1269 2606 sed
1309 2558 1485 2604 tamen
1515 2548 1842 2602 familiaritas
1883 2563 2100 2615 eorum,

529 2647 709 2719 plures
734 2645 876 2701 enim
927 2660 1018 2699 eos
1045 2644 1210 2698 Roma
1241 2642 1488 2702 occultat.
1522 2641 1722 2712 pigrius
1766 2655 1852 2696 me
1880 2639 2108 2695 faciebat

531 2737 673 2794 aliud
703 2752 970 2808 quaerere;
1005 2734 1299 2808 praesertim
1352 2734 1719 2804 d’eSperantem
1769 2733 1822 2787 in
1869 2733 2106 2788 Ecclesia

529 2838 642 2899 tua,
669 2830 893 2885 Domine
913 2829 1031 2886 coeli
1057 2839 1109 2885 et
1130 2837 1303 2894 terrae,
1321 2836 1529 2882 creator
1557 2827 1790 2882 omnium
1819 2827 2108 2882 visibilium

531 2932 587 2978 et
629 2921 992 2988 invisibilium,
1027 2935 1181 2991 posse
1223 2919 1452 2976 inveniri
1499 2935 1704 2984 verum,
1737 2919 1874 2972 unde
1920 2934 2004 2973 me
2033 2919 2106 2973 illi

531 3021 832 3070 averterant
859 3032 870 3068 :
896 3013 1221 3083 multumque
1238 3010 1368 3066 mihi
1391 3019 1543 3082 turpe
1572 3011 1864 3076 videbatur,
1889 3009 2107 3066 credere

535 3109 756 3179 ﬁguram
789 3117 840 3162 te
885 3106 1082 3161 habere
1124 3107 1365 3160 humanae
1404 3105 1597 3167 carnis,
1643 3112 1696 3159 et
1747 3104 2106 3158 membrorum

531 3209 832 3256 nostrorum
847 3197 1180 3253 lineamentis
1201 3196 1564 3266 corporalibus
1580 3195 1869 3251 terminari.
1889 3195 1953 3248 Et
1979 3209 2108 3265 quo-

531 3291 672 3348 niam
713 3307 831 3347 cum
860 3291 924 3345 de
954 3291 1060 3346 Deo
1091 3305 1208 3345 meo
1237 3291 1467 3358 cogitare
1492 3288 1683 3344 vellem
1707 3331 1720 3352 ,
1748 3289 1982 3358 cogitare
2004 3286 2106 3344 nisi

537 3386 710 3441 moles
726 3400 1005 3456 corporum
1029 3400 1133 3438 non
1161 3397 1435 3450 noveram,
1479 3397 1648 3452 neque
1669 3383 1808 3436 enim
1830 3381 2107 3437 videbatur

529 3478 657 3532 mihi
683 3493 800 3533 esse
829 3476 1110 3548 quidquam
1137 3476 1277 3546 quod
1310 3475 1415 3530 tale
1448 3491 1552 3530 non
1603 3481 1763 3540 esset,
1797 3489 1857 3529 ea
1877 3473 2106 3528 maxima

527 3579 582 3626 et
621 3583 783 3639 prope
811 3568 920 3621 sola
952 3582 1106 3621 causa
1135 3574 1250 3622 erat
1279 3565 1593 3619 inevitabilis
1623 3565 1819 3618 erroris
1839 3564 1962 3619 mei.

597 3662 686 3718 20.
720 3662 849 3716 Hinc
871 3662 1010 3715 enim
1035 3668 1090 3713 et
1107 3660 1226 3712 mali
1249 3658 1592 3713 substantiam
1615 3657 1897 3728 quamdam
1921 3656 2106 3713 crede-

532 3754 655 3810 bam
696 3767 816 3807 esse
861 3752 1015 3806 talem
1037 3793 1050 3817 ,
1087 3759 1142 3804 et
1179 3748 1388 3805 habere
1421 3764 1570 3804 suam
1610 3751 1801 3804 molem
1841 3758 2028 3804 tetram
2053 3756 2109 3805 et

528 3837 855 3907 deformem;
886 3843 1001 3898 sive
1030 3857 1283 3908 crassam,
1305 3858 1460 3912 quam
1477 3851 1674 3896 terram
1700 3840 1966 3908 dicebant,
1991 3844 2104 3898 sive

533 3945 926 4005 tenuematque
955 3935 1221 3999 subtilem,
1257 3937 1392 3990 sicut
1416 3943 1497 3990 est
1525 3935 1662 3989 aeris
1687 3950 1914 4005 corpus;
1947 3951 2105 4006 quam

531 4025 816 4095 malignam
847 4034 1074 4079 mentem
1107 4041 1200 4094 per
1241 4025 1381 4080 illam
1423 4034 1616 4080 terram
1656 4036 1929 4095 repentem
1970 4029 2104 4081 ima-

528 4119 794 4190 ginantur.
821 4119 1014 4187 thuia
1034 4119 1197 4172 Deum
1222 4119 1415 4173 bonum
1432 4119 1626 4173 nullam
1649 4120 1838 4173 malam
1863 4129 2104 4177 naturam

526 4227 772 4279 creasse,
817 4211 1212 4283 qualiscumque
1250 4213 1418 4282 pietas
1461 4228 1544 4266 me
1582 4213 1801 4268 credere
1846 4215 2100 4284 cogebat;

529 4303 916 4360 constituebam
939 4317 1005 4357 ex
1033 4302 1258 4356 adverso
1297 4304 1395 4358 sibi
1425 4303 1556 4358 duas
1585 4304 1753 4358 moles
1776 4345 1792 4371 ,
1828 4314 2105 4374 utramque

531 4396 811 4459 inﬁnitam,
842 4395 942 4451 sed
968 4395 1160 4450 malum
1189 4397 1482 4464 angustius,
1515 4397 1702 4451 bonam
1724 4399 1991 4467 grandius.
2041 4399 2107 4453 Et

529 4503 597 4543 οε
625 4487 726 4543 hoc
747 4489 900 4542 initio
923 4488 1286 4556 pestilentioso
1307 4504 1396 4543 me
1419 4498 1609 4542 czetera
1632 4489 1900 4558 sacrilegia
1918 4505 2108 4559 seque-

533 4579 744 4640 bantur.
773 4579 904 4638 Cum
939 4580 1080 4635 enim
1110 4589 1392 4634 conaretur
1420 4581 1625 4634 animus
1648 4596 1796 4635 meus
1836 4595 2108 4638 I‘CCllﬂ'Cl‘B

495 4673 584 4728 ’ἰῇ
611 4671 1166 4738 catholicam-ﬁdem,
1213 4673 1639 4741 repercutiebar,
1685 4674 1803 4743 quia
1846 4691 1948 4728 non
1995 4683 2109 4729 erat

529 4763 788 4820 catholica
816 4761 946 4818 fides
976 4777 1133 4831 quam
1171 4778 1291 4817 esse
1319 4763 1631 4819 arbitrabar.
1679 4766 1742 4819 Et
1784 4767 1952 4836 magis
1989 4767 2108 4836 pius

526 4855 920 4921 mibi-videbar,
950 4854 996 4908 si
1028 4865 1098 4922 te,
1128 4856 1268 4910 Deus
1290 4871 1458 4920 meus,
1490 4857 1573 4910 cui
1595 4856 1913 4911 conﬁtentur
1936 4874 2000 4912 ex
2023 4875 2109 4915 me

526 4947 896 5004 miserationes
934 4955 1073 5013 tua},
1115 4948 1200 5002 vel
1243 4963 1306 5001 ex
1337 4948 1542 5002 cmteris
1570 4950 1806 5018 partibus
1847 4952 2108 5006 inﬁnitum

526 5039 820 5106 crederem,
850 5039 1090 5110 quamvis
1119 5055 1181 5093 ex
1211 5055 1311 5092 una
1335 5055 1436 5108 qua
1466 5040 1559 5094 tibi
1590 5042 1760 5095 moles
1791 5043 1914 5096 mali
1945 5059 2110 5115 Oppo-

531 5130 784 5196 nobatur,
809 5144 1030 5199 cogerer
1058 5128 1260 5182 ﬁnitum
1298 5129 1485 5196 fateri,
1511 5146 1668 5201 quam
1700 5131 1744 5185 si
1770 5147 1834 5187 ex
1865 5135 2109 5189 omnibus

537 5223 776 5292 partibus
796 5221 847 5275 in
873 5221 1115 5291 corporis
1145 5220 1361 5275 humani
1394 5221 1561 5276 forma
1590 5231 1642 5277 te
1667 5224 1916 5292 opinarer
1947 5226 2106 5280 finiri.

534 5312 608 5368 Et
643 5313 838 5367 melius
878 5312 1007 5367 mihi
1050 5312 1274 5368 videbar
1315 5313 1536 5369 credere
1572 5316 1774 5370 nullum
1809 5319 2012 5372 malum
2057 5329 2110 5374 te

531 5418 781 5470 creasse;
824 5404 966 5475 quod
992 5404 1122 5459 mihi
1155 5405 1408 5461 nescienti
1440 5423 1546 5461 non
1573 5407 1744 5462 solum
1783 5409 1957 5480 aliqua
1987 5413 2112 5466 sub-

531 5498 744 5565 stantia,
767 5497 861 5554 sod
878 5499 1040 5556 etiam
1060 5512 1317 5568 corporea
1338 5499 1634 5568 videbatur,
1659 5502 1778 5571 quia
1804 5511 1855 5556 et
1878 5515 2108 5560 mentem

596 5620 619 5688 t
631 5617 810 5688 μιωίι
826 5619 883 5669 ια
894 5617 1194 5688 uersiculum
1211 5619 1244 5668 4
1260 5620 1377 5688 Psal.
1402 5621 1508 5688 140',
1532 5629 1584 5672 et
1596 5623 1816 5685 sequitur
1833 5625 1910 5674 hic
1923 5632 1982 5688 _e_t
1993 5625 2113 5688 alias

532 5680 790 5731 lectionem
809 5683 1060 5745 quamdam
1078 5687 1206 5740 LXX,
1224 5695 1333 5743 qua:
1350 5686 1515 5742 habet,
1529 5680 1790 5745 δυκυυίεο,
1809 5685 2110 5738 Catullinum:

531 5751 823 5807 quapropter
839 5744 1094 5807 scribimus
1115 5755 1224 5792 cum
1256 5747 1599 5807 antiquioribus
1614 5748 1855 5796 cmlieiltus
1871 5747 2112 5797 combina-

531 5803 667 5874 ίὶιιηὶἶ
685 5803 775 5874 tiro
804 5817 899 5868 quo
931 5807 979 5853 in
999 5803 1105 5872 aliis
1123 5813 1222 5874 est,
1259 5803 1577 5865 conﬂuebant,
1617 5815 1724 5868 aut,
1760 5807 2105 5874 combibeb'mt,

529 5863 836 5926 comitabar,
859 5863 1277 5917 cormnunicalwn.

1689 393 2203 455 CONFESSICNUI
2233 395 2290 455 S.
2332 395 2696 457 AUQUSTINI

3697 400 3806 466 τισι

2218 512 2449 583 cogitare
2478 527 2582 568 non
2619 524 2870 568 noveram
2891 550 2905 577 ,
3077 524 3196 571 eam
3219 511 3418 574 subtile.
3431 525 3629 585 corpus
3651 529 3794 584 θεν.

2216 604 2355 675 quod
2404 614 2583 660 tamen
2631 620 2728 676 per
2766 605 2868 660 loci
2911 606 3079 675 spatia
3123 605 3507 668 ἂὶσωθκικι-
3544 609 3598 675 1;
3635 624 3796 679 ω

2215 695 2438 751 credere
2461 696 2557 752 abs
2593 706 2644 752 te
2669 711 2790 756 esse
2832 697 3048 768 qualem.
3087 697 3334 767 putabam
3361 708 3611 762 laturam
3645 700 3792 758 mali.

2215 787 2390 858 Ipsum
2421 804 2628 860 quoque
2651 787 2984 846 Salutarem
3003 798 3242 846 nostrum
3269 790 3602 861 unigenitum
3623 800 3797 861 tuum.

2215 889 2462 952 tanquam
2490 882 2557 936 de
2585 897 2760 937 massa
2798 882 3136 940 timidissima
3176 883 3340 940 stolis.
3364 892 3470 943 me
3494 894 3796 954 parcetur:

2212 972 2281 1026 ad
2306 982 2542 1028 nostram
2569 973 2814 1038 salutem,
2836 973 2910 1040 ita
2935 973 3208 1042 uitabam,
3233 983 3293 1032 ut
3313 973 3458 1035 aliud
3482 974 3551 1030 de
3576 976 3668 1036 illo
3693 991 3797 1039 non

2213 1065 2507 1132 crederem,
2529 1065 2627 1120 nisi
2652 1066 2792 1137 mind
2814 1081 3026 1136 possem
3044 1069 3274 1124 vanitate
3294 1067 3591 1139 imaginari.
3612 1069 3796 1130 Talem

2213 1158 2389 1226 itaque
2408 1167 2656 1213 naturam
2679 1158 2798 1229 eius
2824 1159 2972 1214 nasci
2996 1173 3106 1216 non
3131 1173 3290 1229 posse
3314 1159 3385 1219 de
3409 1159 3578 1222 Maria
3595 1159 3801 1231 Virgine

2212 1250 2530 1315 arbitrabar,
2558 1251 2660 1305 nisi
2687 1251 2838 1307 carni
2860 1260 3294 1308 cemenneretur.
3324 1251 3588 1314 Cencerai
3617 1262 3800 1314 autem

2213 1352 2267 1399 et
2297 1359 2408 1398 non
2433 1343 2698 1413 inquinari
2723 1359 2829 1399 non
2854 1343 3118 1412 videbam,
3150 1345 3292 1416 quod
3312 1345 3448 1407 mihi
3472 1346 3583 1404 tale
3607 1346 3800 1418 (igura-

2211 1437 2354 1493 bam.
2396 1438 2692 1500 lotuebnn
2720 1437 2903 1509 itaque
2935 1439 3156 1496 credere
3183 1440 3235 1495 in
3271 1454 3436 1500 carne
3458 1448 3642 1498 natum
3665 1480 3682 1506 ,
3729 1453 3808 1496 ne.

2211 1530 2429 1586 credere
2455 1546 2675 1602 cogerer
2701 1547 2767 1588 ex
2795 1545 2958 1589 carne
2982 1533 3334 1604 inquinatum.
3365 1532 3518 1590 Nunc
3542 1533 3794 1604 spiritua‘

2211 1621 2293 1678 lcs
2322 1623 2394 1678 tui
2422 1622 2619 1678 blande
2647 1633 2708 1679 et
2730 1633 2970 1680 amanter
2992 1625 3241 1682 ridebunt
3267 1641 3376 1694 me,
3401 1627 3452 1682 si
3470 1628 3566 1686 bas
3588 1625 3801 1688 confes.-

2210 1718 2389 1775 siones
2410 1734 2558 1774 meas
2584 1719 2808 1791 legerint
2837 1738 2850 1774 :
2879 1719 2980 1776 sed
3004 1727 3181 1776 tamen
3199 1720 3321 1778 talis
3347 1735 3516 1778 erant.

2340 1849 2342 1851 ‘
2848 1831 3077 1888 CAPUT
3115 1831 3209 1888 Xl.

2354 1904 2584 1970 Qualiter
2609 1905 2918 1977 Augustinus
2937 1905 3205 1958 contulerit
3233 1919 3348 1962 cum
3371 1903 3652 1964 catholicis.

2278 1997 2370 2053 id.
2398 1998 2597 2054 Deinde
2621 2014 2739 2070 qua:
2777 1999 2856 2053 illi
2892 1998 2948 2053 in
2981 1997 3270 2068 Scripturis
3295 1997 3402 2053 tuis
3434 1995 3802 2066 reprehende-

2209 2100 2332 2145 rant
2344 2091 2383 2154 α,
2404 2089 2615 2146 defendi
2645 2105 2800 2160 posse
2832 2105 2938 2145 non
2967 2089 3333 2146 existimabam
3358 2107 3370 2142 :
3393 2088 3488 2144 sed
3509 2087 3800 2160 aliquando

2211 2197 2339 2237 sane
2370 2183 2647 2253 cupiebam
2676 2198 2796 2242 cunt
2839 2182 3018 2253 aliquo
3057 2182 3276 2242 illorum
3312 2181 3569 2238 librorum
3598 2180 3799 2240 doctis-

2212 2275 2349 2330 sime
2375 2275 2624 2331 conferre
2648 2275 2873 2345 singula,
2903 2284 2968 2330 et’
2985 2274 3218 2345 experiri
3246 2274 3372 2346 quid
3398 2272 3524 2333 inde
3548 2273 3806 2334 sentiret.

2211 2365 2327 2420 iam
2354 2367 2500 2420 enim
2521 2366 2749 2437 Helpidii
2776 2365 3051 2436 cujusdam
3081 2366 3337 2424 adversus
3375 2367 3594 2423 eosdem
3629 2366 3804 2424 Mani-

2211 2458 2391 2514 cbmos
2416 2475 2592 2514 coram
2617 2460 2884 2531 loquentis
2903 2469 2959 2516 et
2983 2461 3296 2516 disserean
3313 2476 3613 2527 sermones,
3638 2461 3808 2520 etiam

2211 2551 2349 2621 apud
2369 2552 2740 2622 Carthaginem
2766 2567 2984 2609 movere
3005 2568 3091 2608 me
3117 2563 3414 2623 creperant,
3435 2569 3555 2609 cum
3586 2552 3709 2607 talia
3732 2550 3808 2607 de

2212 2642 2498 2712 Scripturis
2529 2642 2824 2712 proferret,
2868 2645 3058 2714 quibus
3087 2646 3264 2701 resisti
3288 2644 3444 2708 facile
3472 2659 3575 2699 non
3599 2650 3808 2714 posset.

2212 2743 2268 2791 et
2297 2723 2562 2789 imbecilla
2590 2734 2716 2788 mihi
2744 2736 3020 2808 responsio
3047 2735 3327 2792 videbatur
3352 2737 3597 2791 istorum.
3629 2735 3806 2802 Quam

2213 2827 2423 2898 quidem
2455 2841 2558 2895 non
2588 2826 2740 2890 facile
2760 2828 2928 2898 palatii
2953 2828 3285 2898 premebant,
3317 2828 3412 2884 sed
3444 2828 3599 2882 nobis
3625 2840 3810 2881 secre-

2213 2918 2334 2986 tius,
2362 2933 2482 2974 eum
2503 2918 2739 2983 dicerent
2761 2921 3047 2990 scripturas
3073 2920 3204 2976 Novi
3228 2920 3550 2980 Testamenti
3580 2917 3800 2972 falsatas

2212 3008 2375 3067 fuisse
2403 3028 2431 3066 a
2456 3013 2634 3067 nescio
2658 3013 2869 3084 quibus,
2899 3014 2986 3085 qui
3023 3013 3325 3070 Iud-morum
3362 3014 3532 3085 legem
3563 3013 3819 3086 inserere

2213 3103 2514 3170 diristianze
2532 3103 2651 3158 fidei
2667 3104 2964 3171 voluerunt,
2989 3113 3146 3184 atque
3174 3106 3270 3180 ipsi
3292 3105 3595 3176 incorrupta
3621 3119 3811 3160 exem-

2213 3193 2380 3264 plaria
2418 3195 2560 3248 nulla
2611 3195 2926 3266 proferrent.
2956 3185 3080 3250 Sed.
3104 3212 3188 3252 me
3229 3196 3458 3251 maxime
3498 3204 3707 3266 captum
3746 3202 3810 3250 et

2213 3285 2498 3340 offocatum
2531 3287 2920 3360 quodammodo
2949 3288 3316 3360 deprimebant
3341 3288 3637 3359 corporalia
3657 3287 3813 3357 cogi-

2215 3387 2409 3436 tantem
2438 3383 2607 3438 molcs
2633 3384 2755 3448 illa),
2789 3383 2886 3438 sub
2915 3383 3106 3453 quibus
3134 3382 3389 3439 anhelans
3410 3383 3460 3437 in
3488 3395 3672 3436 auram
3693 3388 3807 3434 ture

2212 3475 2452 3530 veritatis
2471 3476 2720 3550 liquidam
2742 3486 2795 3532 et
2811 3477 3102 3547 simplicem
3125 3477 3386 3550 respirare
3406 3491 3511 3531 non
3535 3484 3806 3546 poteram.

2843 3589 3069 3648 CAPUT
3108 3590 3218 3650 XII.

2391 3659 2559 3715 Fraus
2592 3661 2953 3732 discipulorum
2981 3663 3155 3717 Romae
3186 3663 3237 3714 in
3266 3672 3615 3733 prmceptores.

2283 3751 2376 3809 ἓξ.
2407 3751 2602 3808 Sedulo
2633 3769 2758 3824 ergo
2783 3770 2939 3824 agerc
2966 3768 3253 3824 cceperam,
3289 3764 3507 3825 preptcr
3533 3751 3673 3820 quod
3702 3767 3808 3807 ve-

2213 3859 2414 3911 neram,
2443 3853 2500 3898 ut
2525 3843 2771 3899 docerem
2791 3845 2974 3899 Romze
2999 3854 3167 3900 artem
3198 3845 3540 3917 rhetoricam,
3575 3851 3628 3898 et
3651 3843 3805 3914 prius

2211 3933 2356 3989 domi
2399 3950 2722 4006 congregare
2753 3937 2988 4007 aliquos,
3038 3937 3228 4007 quibus
3261 3946 3314 3992 et
3345 3953 3438 4006 per
3481 3951 3613 4007 quos
3651 3936 3810 3989 inuo-

2212 4036 2415 4083 tescere
2440 4044 2704 4098 coeperam
2728 4049 2741 4091 ;
2786 4039 2837 4085 et
2865 4045 2989 4085 ecce
3015 4045 3277 4100 cognosco
3303 4031 3404 4084 alia
3433 4031 3618 4085 Romae
3658 4028 3808 4096 fieri,

2211 4134 2330 4189 quzc
2360 4134 2466 4172 non
2506 4120 2743 4189 patiebar
2783 4121 2835 4173 in
2865 4119 3060 4173 Africa.
3100 4120 3229 4174 Nam
3270 4137 3457 4175 revera
3499 4121 3617 4175 illas
3645 4135 3810 4175 ever-

2213 4209 2389 4262 siones
2419 4225 2447 4262 a
2477 4210 2696 4280 perditis
2725 4210 3150 4265 adolescentibus
3177 4210 3245 4265 ibi
3280 4227 3387 4264 non
3419 4209 3533 4266 ﬁeri
3574 4208 3810 4265 manife-

2213 4308 2408 4354 statum
2431 4309 2514 4356 est
2548 4301 2694 4354 mihi.
2733 4300 2834 4356 Sed
2867 4301 3074 4366 subito,
3108 4301 3379 4372 inquiunt,
3411 4318 3477 4356 ne
3503 4300 3809 4357 mercedem

2213 4394 2466 4463 magistro
2493 4394 2750 4461 reddant,
2799 4396 3104 4464 conspirant
3135 4395 3283 4448 multi
3315 4394 3675 4450 adolescentes
3695 4436 3708 4459 ,
3750 4403 3812 4449 et

2214 4486 2537 4539 transferunt
2571 4501 2628 4539 se
2661 4485 2724 4538 ad
2762 4486 2959 4551 alium;
3003 4486 3302 4542 desertores
3341 4486 3490 4551 fidei,
3522 4494 3576 4540 et
3609 4485 3810 4556 quibus

2213 4594 2324 4648 prae
2349 4577 2585 4647 pecuniae
2623 4577 2880 4632 charitate
2916 4579 3117 4648 justitia
3140 4580 3258 4633 vilis
3282 4587 3381 4633 est.
3415 4578 3614 4634 Oderat
3640 4577 3807 4631 etiam

2215 4671 2346 4725 istos
2370 4684 2462 4723 cor
2502 4685 2714 4736 meum,
2755 4670 2994 4740 quamvis
3025 4687 3130 4725 non
3171 4669 3410 4740 perfecto
3451 4671 3594 4725 odio.
3649 4668 3808 4736 Quod

2217 4763 2361 4818 enim
2387 4761 2453 4816 ab
2477 4760 2555 4817 eis
2595 4777 2847 4832 passurus
2871 4780 3013 4818 eram
3041 4807 3053 4829 ,
3087 4766 3252 4835 magis
3291 4765 3508 4819 oderam
3549 4763 3801 4830 fortasse,

2214 4871 2374 4926 quam
2399 4859 2464 4909 e'o
2501 4855 2640 4925 quod
2668 4856 2884 4911 cuilibet
2915 4857 3090 4912 illicita
3122 4859 3404 4913 faciebant.
3441 4861 3596 4915 Certe
3622 4866 3805 4913 tamen

2216 4957 2398 5017 turpes
2420 4957 2543 5002 sunt
2573 4948 2724 5013 tales,
2753 4958 2807 5003 et
2830 4947 3152 5004 fornicamur
3175 4951 3269 5004 abs
3291 4959 3363 5019 te,
3394 4950 3622 5006 amando
3650 4949 3805 5003 vola-

2216 5040 2317 5094 tica
2350 5038 2570 5094 ludibria
2603 5049 2898 5109 temporum
2923 5052 2976 5096 et
3013 5043 3214 5098 lucrum
3241 5044 3440 5098 luteum
3465 5085 3479 5108 ,
3510 5041 3650 5114 quod
3679 5057 3806 5099 cum

2215 5131 2649 5204 apprehenditur,
2670 5149 2881 5188 manum
2902 5135 3142 5205 inquinat
3161 5153 3174 5200 ;
3198 5144 3252 5191 et
3271 5135 3808 5207 amplectendomun-

2216 5224 2338 5278 dum
2368 5223 2677 5294 fugientem,
2705 5227 3092 5286 contemnendo
3120 5236 3170 5283 te
3197 5241 3501 5285 manentem
3521 5271 3535 5294 ,
3563 5240 3616 5285 et
3643 5243 3805 5284 revo-

2217 5325 2424 5369 cantem
2435 5355 2449 5381 ,
2469 5325 2520 5370 et
2540 5315 2895 5384 ignoscentem
2911 5317 3151 5372 redeunti
3177 5319 3244 5373 ad
3263 5328 3313 5374 te
3329 5320 3591 5374 meretrici
3611 5319 3808 5374 animus

2219 5407 2481 5464 humanae.
2513 5407 2581 5462 Et
2607 5425 2744 5463 nunc
2771 5409 2902 5464 tales
2919 5409 3006 5464 odi
3030 5427 3222 5482 pravos
3239 5421 3292 5467 et
3317 5414 3588 5482 distortos,
3617 5428 3809 5484 quam-

2217 5499 2300 5552 vis
2338 5515 2430 5554 eos
2467 5501 2810 5570 corrigendos
2839 5503 3050 5573 diligam
3075 5547 3088 5570 ,
3139 5513 3196 5560 ut
3231 5507 3470 5576 pecunia:
3506 5509 3805 5562 doctrinam

2221 5591 2386 5661 ipsam
2411 5634 2426 5658 ,
2478 5607 2632 5663 quam
2671 5595 2918 5662 discunt,
2961 5599 3280 5668 prmferant,
3323 5604 3371 5658 ei
3399 5618 3528 5658 vero
3556 5613 3606 5652 te
3636 5597 3806 5654 Deum

2283 5694 2300 5725 ί
2326 5694 2435 5742 Bad.
2455 5703 2554 5743 Am.
2577 5702 2628 5744 et
2650 5701 2743 5751 Er.,
2761 5695 3108 5759 diﬂlmderetur
3119 5700 3203 5750 abs
3219 5707 3279 5750 te.
3295 5709 3385 5748 Has
3395 5697 3638 5750 vocesabs
3651 5702 3696 5748 te
3715 5707 3812 5759 8!-

2220 5763 2498 5824 punxerunt
2523 5758 2870 5824 Lovaiiienses,
2909 5773 3072 5824 neque
3089 5775 3178 5811 nos
3206 5769 3530 5824 prmterquam
3551 5763 3602 5811 in
3631 5758 3786 5822 Regio

2219 5822 2458 5865 utontertsi
2485 5819 2645 5865 mulier
2668 5833 2748 5866 ras
2765 5819 3052 5880 reperimus.

2286 5881 2304 5908 ³
2327 5880 2752 5940 licprcltmdcbum,
2771 5884 2907 5943 juxta
2933 5892 3062 5936 Mart.
3086 5890 3138 5935 et
3159 5885 3300 5936 noui.
3390 5892 3446 5934 lt.
