4116 6366
355 427 458 487 ’117

361 549 643 603 veritatem
677 555 730 602 ct
763 546 1060 603 ubertatem
1089 548 1218 604 certi
1245 546 1369 602 boni
1394 553 1447 601 et
1481 558 1664 615 pacem
1698 542 1933 598 castissi-

357 657 517 696 mam.
540 639 643 696 Sed
671 651 794 695 tunc
815 657 905 696 eos
926 641 1092 711 magis
1120 640 1222 710 pati
1251 639 1494 694 nolebam
1518 637 1686 692 malos
1717 646 1936 708 propter

356 749 464 801 me,
491 749 647 805 quam
671 732 782 787 ﬁeri
809 742 1024 804 propter
1053 741 1102 787 te
1129 731 1297 786 bonos
1322 730 1581 786 volebam.

1006 843 1228 901 CAPUT
1259 843 1400 899 XIII.

353 937 609 993 Docturus
623 939 924 994 rhetoricam
941 939 1153 1020 minimi~
1173 937 1556 1062 iledioim;
1580 936 1643 991 ab
1667 936 1936 992 Ambrosio

1000 1026 1185 1062 suscwt
1211 1024 1290 1062 ur.

1000 1024 1290 1077 susczpuur.

425 1102 515 1158 25.
563 1100 746 1173 Itaque
784 1111 1127 1173 posteaquam
1175 1102 1394 1158 missum
1441 1109 1525 1158 est
1567 1117 1597 1155 a
1643 1101 1937 1158 Mediolano

362 1195 582 1249 Romam
605 1196 669 1250 ad
704 1196 1008 1265 praefectum
1035 1195 1183 1250 urbis
1207 1238 1222 1262 ,
1256 1205 1313 1250 ut
1337 1196 1412 1250 illi
1434 1195 1629 1250 civitati
1659 1195 1937 1252 rhetoricae

359 1289 609 1357 magister
629 1287 999 1359 provideretur
1019 1329 1035 1354 ,
1072 1287 1333 1356 impertita
1363 1287 1522 1342 etiam
1549 1287 1820 1342 evectioue
1846 1303 1940 1356 pu-

354 1376 490 1434 blica
515 1376 586 1450 (a)
612 1395 624 1442 ;
652 1395 749 1450 ego
780 1380 890 1448 ipse
906 1377 1099 1433 ambivi
1124 1394 1218 1448 per
1237 1378 1451 1433 eosdem
1474 1379 1617 1448 ipsos
1632 1376 1938 1434 maniclmis

353 1473 673 1526 vanitatibus
711 1472 927 1538 ebrios,
972 1471 1164 1543 quibus
1206 1479 1264 1525 ut
1307 1486 1577 1537 carerem,
1626 1470 1799 1534 ibam,
1843 1469 1939 1526 sed

362 1561 573 1634 utrique
614 1563 1010 1630 nesciebamus,
1059 1571 1115 1617 ut
1148 1563 1379 1618 dictione
1412 1563 1676 1634 proposita
1701 1577 1786 1618 me
1813 1577 1937 1633 pro-

354 1656 536 1711 batum
569 1655 848 1728 praefectus
879 1667 1004 1714 tunc
1029 1655 1379 1729 Symmachus
1422 1657 1674 1710 mitteret.
1720 1654 1789 1710 Et
1820 1655 1938 1711 veni

353 1748 708 1806 Mediolanum
756 1749 823 1806 ad
863 1745 1201 1806 Ambrosium
1250 1749 1588 1820 episcopum,
1637 1749 1688 1803 in
1726 1748 1940 1821 optimis

354 1850 542 1896 notum
584 1841 698 1896 orbi
725 1851 878 1896 terra:
901 1883 916 1910 ,
957 1842 1101 1912 pium
1131 1842 1387 1897 cultorem
1417 1849 1562 1896 tuum
1593 1857 1607 1907 ;
1639 1841 1788 1910 cujus
1817 1851 1941 1897 tunc

359 1933 567 2005 eloquia
611 1944 826 1990 strenue
871 1933 1245 1989 ministrabant
1291 1933 1501 2002 adipem
1545 1931 1793 1988 frumenti
1841 1932 1934 2000 tui,

352 2034 406 2081 ct
455 2027 690 2082 laetitiam
736 2025 881 2094 olei,
935 2034 990 2081 et
1037 2026 1268 2081 sobriam
1327 2024 1435 2080 vini
1483 2024 1790 2080 ebrietatem
1846 2039 1941 2095 p0-

351 2119 475 2189 pulo
519 2128 630 2173 tuo.
675 2117 755 2172 Ad
790 2135 912 2175 eum
951 2127 1128 2174 autem
1168 2118 1402 2173 ducebar
1443 2119 1540 2174 abs
1577 2124 1629 2172 te
1671 2118 1936 2185 nesciens,

350 2220 409 2266 ut
434 2227 527 2282 per
550 2228 669 2267 eum
697 2212 763 2267 ad
794 2221 844 2268 te
865 2212 1039 2268 sciens
1058 2211 1298 2268 ducerer.
1333 2209 1576 2283 Suscepit
1604 2227 1688 2266 me
1714 2218 1937 2280 paterno

353 2301 444 2358 ille
486 2302 646 2359 homo
678 2304 768 2359 Dei
789 2347 802 2369 ,
847 2314 900 2359 et
933 2303 1419 2376 peregrinationem.
1451 2318 1622 2358 meam
1655 2303 1783 2358 satis
1824 2301 1940 2373 epi-

350 2394 636 2464 erpaliter
663 2395 868 2449 dilexit.
901 2395 968 2450 Et
985 2411 1106 2450 eum
1128 2411 1308 2450 amare
1333 2395 1487 2464 coepi,
1520 2395 1690 2464 primo
1715 2393 1931 2464 quidem

350 2499 462 2538 non
511 2496 759 2555 tanquam
803 2485 1077 2542 doctorem
1122 2487 1266 2556 veri,
1311 2487 1453 2558 quod
1491 2486 1543 2541 in
1578 2486 1812 2542 Ecclesia
1853 2493 1942 2541 tua

350 2588 572 2648 prorsus
589 2575 957 2646 desperabam,
982 2577 1074 2632 sed
1098 2586 1346 2649 tanquam
1370 2576 1638 2633 hominem
1657 2578 1941 2648 benignum

351 2665 404 2720 in
434 2683 540 2723 me.
593 2668 658 2723 Et
684 2669 924 2725 studiose
949 2671 1226 2726 audiebam
1254 2671 1611 2741 disputantem
1641 2672 1691 2726 in
1724 2673 1939 2742 populo,

349 2773 457 2815 non
499 2761 792 2818 intentione
828 2780 929 2834 qua
970 2763 1164 2832 debui,
1195 2763 1290 2819 sed
1319 2764 1472 2835 quasi
1498 2765 1779 2836 explorans
1829 2764 1944 2834 ejus

355 2851 656 2908 facundiam
684 2896 697 2920 ,
740 2864 919 2910 utrum
967 2857 1274 2912 conveniret
1303 2856 1453 2911 fama:
1487 2873 1599 2912 sum
1624 2898 1640 2925 ,
1671 2871 1737 2912 an
1777 2856 1947 2926 major

353 2946 598 3002 minorve
644 2946 973 3016 proflueret,
1024 2964 1184 3018 quam
1226 2947 1610 3018 przedieahatur
1641 2966 1653 3002 :
1687 2958 1741 3004 et
1765 2949 1942 3004 verbis

354 3038 468 3109 ejus
508 3039 872 3110 suspendebar
910 3041 1171 3109 intentus;
1210 3057 1388 3111 rerum
1431 3049 1606 3098 autem
1646 3041 1947 3096 incuriosus

355 3138 409 3186 et
435 3140 771 3205 contemptor
794 3131 1031 3187 astabam
1056 3149 1070 3200 ;
1110 3141 1164 3188 et
1193 3132 1496 3188 delectabar
1542 3134 1802 3188 suavitate
1829 3149 1947 3188 ser-

283 3249 288 3252 -
355 3224 553 3289 monis,
573 3241 872 3296 quanquam
888 3225 1213 3292 eruditioris,
1240 3226 1413 3282 minus
1430 3233 1603 3281 tamen
1621 3225 1915 3282 hilarescen
1931 3253 1948 3263 ο

355 3314 426 3370 tis
452 3324 613 3386 atque
654 3317 934 3373 mulcentis
963 3332 1120 3388 quam
1145 3316 1326 3373 Fausti
1353 3327 1486 3383 erat,
1509 3315 1649 3387 quod
1676 3315 1863 3369 attinet
1881 3314 1948 3370 ad

358 3407 575 3463 dicendi
606 3407 844 3463 modum.
874 3408 1140 3464 Caeterum
1179 3424 1358 3464 rerum
1387 3408 1622 3477 ipsarum
1649 3407 1791 3462 nulla
1813 3421 1950 3462 com-

359 3501 567 3571 paratio
601 3518 614 3556 :
644 3518 766 3557 nam
797 3501 883 3556 ille
903 3517 1000 3573 per
1033 3501 1353 3556 manichmas
1379 3499 1610 3555 fallacias
1639 3497 1947 3564 aberrabat;

358 3591 461 3649 iste
505 3603 682 3650 autem
726 3594 1077 3650 saluberrime
1106 3593 1331 3649 docebat
1365 3593 1609 3648 salutem.
1657 3589 1763 3648 Sed
1797 3590 1952 3664 longe

358 3692 442 3739 est
467 3701 498 3738 a
533 3677 898 3756 peccatoribus
919 3686 1096 3752 salus,
1131 3685 1304 3756 qualis
1329 3700 1428 3754 ego
1460 3694 1585 3739 tunc
1607 3683 1824 3740 aderam
1857 3700 1870 3738 :
1900 3690 1954 3738 et

362 3786 541 3835 tamen
573 3781 988 3854 propinquabam
1019 3779 1216 3834 sensim
1244 3787 1298 3833 et
1327 3779 1570 3834 nesciens
1601 3779 1640 3832 ί.

546 3863 548 3865 ’
997 3870 1227 3928 CAPUT
1269 3871 1411 3926 XIV.

445 3964 634 4019 Audito
666 3965 926 4019 Ambrosio
950 3965 1200 4034 paulatim
1230 3965 1292 4019 ab
1315 3965 1570 4020 erroribus
1599 3966 1864 4038 resipiscit.

430 4058 520 4113 24.
551 4057 685 4114 Cum
718 4061 860 4114 enim
885 4075 990 4114 non
1019 4068 1315 4128 satagerem
1342 4058 1545 4113 discere
1572 4075 1688 4127 qum
1709 4057 1950 4124 dicebat,

362 4149 456 4204 sed
497 4159 697 4204 tantum
748 4148 1192 4220 quemadmodum
1222 4147 1434 4205 dicebat
1472 4148 1652 4206 audire
1691 4148 1787 4216 (ea
1823 4149 1953 4202 mihi

428 4251 445 4282 ί
464 4252 540 4300 sic
562 4257 672 4300 Mss.
694 4248 830 4312 Angl.
859 4264 970 4300 cum
993 4251 1189 4300 nostris.
1223 4255 1280 4299 At
1301 4254 1402 4298 Am.
1423 4254 1496 4299 Er.
1533 4254 1664 4308 bov.,
1682 4253 1727 4298 et
1758 4241 1952 4297 nescim'.

359 4318 536 4361 93mm.
557 4312 678 4362 alas.
699 4348 714 4374 ,
748 4320 794 4363 et
824 4312 1106 4363 nesdebmn.

423 4396 497 4457 (a)
518 4398 725 4460 tivectio,
745 4397 872 4460 quod
889 4395 994 4446 aliis
1002 4396 1226 4460 diploma,
1238 4393 1438 4445 facultas
1457 4392 1831 4460 eratAusurpgtndi
1849 4401 1954 4460 cur-

359 4455 670 4522 susipublici,
703 4455 851 4521 quem
868 4455 1066 4522 privato
1076 4458 1278 4522 cuilibet
1300 4470 1542 4522 usurpare
1563 4455 1704 4522 haud
1721 4455 1951 4522 licuisset.

360 4517 492 4568 t‘nde
529 4518 612 4568 lex
646 4517 928 4590 altitonorii)
959 4521 1067 4590 data
1088 4521 1276 4570 ferebat
1298 4534 1308 4568 :
1329 4517 1445 4590 est;
1464 4521 1574 4590 quis
1598 4518 1688 4567 sibi
1717 4517 1957 4590 deinceps

367 4594 603 4631 «cursum
627 4581 868 4643 publicum
905 4585 1116 4644 privatus
1136 4589 1368 4644 usurpet,
1400 4579 1496 4629 nisi
1517 4593 1626 4644 cum
1658 4585 1783 4644 nuta
1817 4579 1956 4644 nobis

367 4659 387 4684 ε
407 4641 668 4702 evocatur,
690 4651 770 4693 aut
795 4658 822 4691 a
845 4641 1120 4693 cletnentize
1150 4641 1329 4693 nostrae
1351 4643 1666 4692 veneratione
1685 4641 1904 4702 discedit.
1923 4656 1946 4685 ι

361 4711 524 4753 narrat
541 4701 693 4754 Julius
708 4703 996 4767 (‘apitolinus
1007 4740 1021 4764 ,
1039 4705 1092 4754 in
1107 4708 1354 4767 Pertinace
1367 4740 1380 4764 ,
1401 4703 1531 4766 quod
1547 4704 1590 4767 is
1613 4721 1640 4767 «ί
1652 4711 1765 4752 tunc
1782 4701 1955 4764 prmio-

367 4782 389 4810 α
406 4772 516 4815 ctus
531 4768 742 4832 cohortis
753 4763 838 4832 ,iin
854 4763 1030 4832 syriam
1048 4766 1314 4832 profectus,
1347 4763 1614 4832 't‘.__2lurelio
1633 4763 1951 4827 imperatore,

366 4845 391 4873 ε
406 4841 433 4875 ³
453 4829 666 4891 Pfaide
693 4831 864 4895 Syriis,
883 4828 1010 4894 'quia
1040 4830 1148 4879 sine
1169 4828 1512 4892 diplomatibus
1525 4840 1719 4878 cursum
1749 4838 1952 4890 usmpap-

1767 423 1966 484 IJBER
2003 427 2289 485 SEXTUS.

3520 427 3620 482 718

2041 544 2236 615 quippe
2250 542 2674 615 jamdesperanti
2688 561 2824 602 ante
2840 546 2980 602 viam
3002 553 3185 616 patere
3200 545 3422 611 homini,
3447 545 3620 600 inanis

2042 653 2170 693 cura
2195 639 2581 710 remanserat),
2611 639 2894 698 veniebant
2913 637 2968 695 in
2995 638 3231 696 animum
3262 654 3438 694 meum
3464 638 3621 694 simul

2043 741 2163 783 cum
2184 729 2362 784 verbis
2379 745 2498 800 quae
2516 730 2818 801 diligebam,
2841 745 2931 786 res
2945 732 3110 789 etiam
3122 745 3255 802 quas
3269 730 3617 801 negligebam.

2041 815 2225 888 Neque
2249 820 2390 874 enim
2417 836 2478 875 ea
2508 820 2759 878 dirimere
2783 829 3041 892 poteram.
3070 821 3138 877 Et
3164 820 3292 877 dum
3323 837 3416 876 eor
3441 822 3620 890 aperi-

2043 926 2157 966 rem
2197 912 2263 968 ad
2301 913 2670 985 excipiendum
2699 916 2715 947 ¹
2743 931 2902 986 quam
2931 915 3131 972 diserte
3155 914 3394 982 diceret,
3428 915 3623 985 pariter

2043 1004 2269 1061 intrabat
2290 1016 2342 1061 et
2365 1023 2523 1078 quam
2543 1025 2666 1064 vere
2695 1009 2913 1074 diceret,
2943 1008 3202 1080 gradatim
3225 1008 3458 1080 quidem.
3489 1007 3622 1063 Nam

2043 1099 2216 1168 primo
2252 1102 2410 1156 etiam
2454 1103 2566 1173 ipsa
2609 1102 2823 1158 defendi
2865 1119 3022 1176 posse
3051 1104 3179 1160 mihi
3215 1103 3324 1175 jam
3349 1115 3624 1175 coeperant

2044 1189 2232 1256 videri,
2263 1200 2318 1247 et
2339 1191 2499 1250 tidem
2529 1195 2842 1250 catholicam
2863 1238 2880 1262 ,
2925 1211 3021 1265 pro
3046 1212 3148 1267 qua
3178 1197 3312 1252 nihil
3334 1211 3494 1267 posse
3518 1196 3622 1252 dici

2043 1280 2297 1336 adversus
2341 1297 2704 1356 oppugnantes
2750 1287 3066 1344 Manichaeos
3115 1296 3466 1357 putaveram,
3508 1289 3619 1359 iam

2046 1386 2149 1425 non
2200 1373 2534 1442 impudenter
2579 1376 2745 1431 asseri
2792 1377 3196 1445 existimabam;
3252 1381 3486 1435 maxime
3523 1395 3621 1435 an—

2043 1462 2154 1518 dito
2183 1481 2290 1520 uno
2319 1475 2477 1538 atque
2501 1467 2668 1524 altero
2693 1511 2709 1536 ,
2752 1479 2808 1526 et
2833 1472 3024 1542 saepius
3049 1472 3330 1544 aenigmate
3353 1473 3527 1528 soluto
3555 1473 3622 1528 de

2043 1555 2265 1630 Scriptis
2291 1559 2558 1616 veteribus
2591 1578 2602 1613 :
2635 1561 2757 1626 ubi,
2790 1577 2910 1617 cum
2948 1561 3014 1617 ad
3043 1563 3272 1618 litteram
3302 1563 3616 1634 acciperem,

2044 1651 2323 1706 occidebar
2360 1654 2402 1705 ‘.
2462 1651 2821 1722 Spiritualiter
2877 1657 3051 1726 itaque
3099 1656 3372 1727 plerisque
3412 1655 3621 1712 illorum

2046 1743 2299 1800 librorum
2327 1747 2582 1817 expositis
2601 1747 2752 1814 locis,
2772 1728 2880 1817 jam
2903 1750 3350 1818 reprehendebam
3370 1750 3622 1821 despera-

2046 1834 2243 1891 tionem
2275 1853 2468 1904 meam,
2496 1839 2638 1894 illam
2662 1839 2914 1894 duntaxat
2941 1855 3040 1909 qna
3069 1839 3396 1896 credideram
3426 1841 3626 1912 Legem

2047 1936 2098 1982 et
2129 1927 2419 1999 PrOphetas
2452 1930 2839 1988 detestantibus
2877 1940 3036 2001 atque
3073 1932 3413 1989 irridentibus
3450 1935 3626 1991 resisti

2045 2022 2262 2077 omnino
2292 2038 2396 2078 non
2426 2039 2600 2094 posse.
2639 2024 2751 2080 Nec
2772 2033 2945 2080 tamen
2967 2025 3076 2094 jam
3097 2024 3217 2081 ideo
3246 2025 3373 2080 mihi
3402 2027 3625 2087 catholi-

2045 2129 2160 2168 cam
2182 2114 2319 2170 viam
2342 2115 2622 2174 tenendam
2653 2132 2772 2173 esse
2800 2119 3122 2186 sentiebam,
3153 2118 3275 2189 quia
3300 2128 3360 2176 et
3383 2120 3498 2190 ipsa
3525 2134 3623 2190 po-

2047 2212 2184 2260 terat
2205 2206 2399 2263 habere
2423 2207 2610 2264 doctos
2625 2217 2918 2265 assertores
2947 2224 3074 2266 suos
3099 2210 3189 2280 qui
3213 2211 3427 2281 copiose
3443 2220 3622 2267 etnon

2046 2295 2276 2352 absurde
2295 2298 2497 2369 objecta
2529 2300 2865 2366 reielleaent;
2896 2316 2994 2356 nec
3014 2300 3134 2357 ideo
3143 2301 3253 2370 jam
3267 2301 3626 2358 damnandum

2048 2387 2173 2442 illud
2199 2389 2338 2459 quod
2366 2391 2630 2458 tenebam,
2659 2394 2777 2464 quia
2795 2392 3118 2449 defensionis
3143 2402 3320 2463 partes
3338 2395 3624 2464 aajuahan-

2048 2491 2152 2535 tur.
2195 2481 2268 2536 Ita
2295 2484 2438 2542 enim
2468 2485 2734 2540 Catholica
2771 2502 2875 2540 non
2912 2485 3044 2540 mihi
3073 2486 3210 2543 victa
3233 2485 3542 2555 videbatur,
3571 2495 3628 2542 ut

2048 2574 2284 2631 nondum
2315 2577 2473 2634 etiam
2503 2578 2687 2632 victrix
2717 2588 3015 2650 appareret.

2119 2669 2209 2726 25.
2241 2669 2391 2725 Tunc
2406 2687 2534 2727 vero
2560 2670 2766 2726 fortiter
2790 2672 2988 2728 intendi
3004 2672 3262 2739 animum,
3290 2671 3338 2727 si
3352 2687 3456 2742 quo
3471 2671 3630 2728 modo

2048 2775 2262 2832 possem
2291 2763 2451 2818 certis
2490 2763 2752 2833 aliquibus
2794 2763 3127 2819 documentis
3154 2760 3476 2820 Manichaee
3498 2779 3628 2819 eon—

2049 2855 2264 2910 vincere
2291 2855 2549 2912 falsitatis.
2577 2857 2726 2924 Quod
2748 2859 2790 2912 si
2815 2873 3028 2928 possem
3042 2857 3370 2927 spiritualem
3389 2856 3633 2911 substan-

2050 2946 2175 3002 tiam
2202 2948 2469 3020 cogitare,
2508 2949 2687 3004 statim
2734 2950 3160 3004 machinamenta
3196 2949 3283 3004 illa
3311 2947 3488 3005 cunnis
3521 2950 3631 3004 sol-

2048 3051 2299 3098 verentur
2317 3053 2370 3097 et
2393 3042 2750 3114 abjicerentur
2770 3058 2835 3097 ex
2854 3043 3032 3097 animo
3045 3058 3167 3098 meo
3189 3059 3206 3107 ;
3228 3042 3326 3098 sed
3349 3058 3456 3097 non
3481 3050 3632 3112 pote-

2054 3150 2190 3190 ram.
2261 3135 2632 3192 Verumtamen
2681 3135 2749 3191 de
2790 3135 2905 3205 ipso
2949 3135 3134 3191 mundi
3181 3135 3340 3204 hujus
3385 3151 3631 3206 corpore,

2052 3228 2302 3298 omnique
2331 3238 2516 3284 natura
2544 3245 2702 3300 quam
2723 3243 2913 3285 sensus
2940 3229 3122 3286 carnis
3144 3230 3445 3300 attingeret,
3471 3229 3635 3284 multa

2055 3323 2410 3394 probabiliora
2452 3324 2730 3393 plerosque
2772 3323 3004 3379 sensisse
3045 3321 3421 3392 philosOphos,
3467 3321 3636 3391 magis

2054 3414 2326 3486 magisque
2363 3416 2708 3470 considerans
2736 3423 2894 3484 atque
2921 3427 3235 3482 comparans
3260 3455 3272 3478 ,
3309 3413 3632 3483 judicabant.

2055 3505 2234 3577 Itaque
2263 3507 2696 3562 Academicorum
2719 3522 2886 3572 more,
2919 3505 3058 3560 sicut
3075 3505 3462 3568 existimantur,
3482 3504 3634 3558 duhi-
3665 3519 3676 3522 ·

2059 3607 2175 3654 tans
2207 3599 2274 3655 de
2304 3599 2550 3656 omnibus
2577 3608 2736 3673 atque
2776 3599 2913 3652 inter
2950 3597 3125 3652 omnia
3154 3596 3438 3664 fluctuans,
3468 3596 3635 3651 Marti-

2057 3691 2236 3746 chteos
2263 3691 2476 3762 quidem
2520 3690 2895 3764 relinquendos
2923 3704 3044 3745 esse
3079 3689 3290 3744 decrevi
3317 3705 3330 3741 :
3358 3703 3462 3744 non
3493 3687 3638 3742 arbi-

2059 3795 2203 3842 trans
2232 3801 2298 3840 eo
2322 3785 2438 3855 ipso
2476 3794 2714 3854 tempore
2747 3782 3092 3839 dubitationis
3122 3797 3255 3837 mem
3296 3781 3346 3836 in
3379 3781 3464 3835 illa
3495 3789 3637 3836 secta

2057 3879 2189 3934 mihi
2241 3877 2659 3951 permanendum
2712 3892 2861 3944 esse,
2897 3874 2984 3930 cui
3028 3875 3137 3946 jam
3185 3875 3469 3929 nonnullos
3515 3873 3634 3942 phi-

2057 3972 2308 4043 losophos
2353 3970 2768 4042 praeponebam;
2809 3967 3001 4038 quibus
3063 3976 3235 4020 tamen
3288 3965 3595 4035 philosOphs.
3624 4027 3641 4044 ν

2059 4065 2202 4136 quod
2250 4065 2361 4118 sine
2429 4064 2645 4117 nomine
2692 4060 2908 4116 salutari
2965 4058 3164 4114 Christi
3223 4065 3437 4121 essent,
3484 4071 3640 4116 cura-
3715 4126 3717 4129 ι

2058 4157 2256 4213 tionem
2308 4155 2574 4227 languoris
2622 4154 2814 4208 animm
2860 4167 2994 4207 mete
3043 4151 3376 4204 committere
3425 4148 3641 4211 omnino

2059 4249 2388 4306 recusabant.
2421 4246 2592 4302 Statui
2621 4261 2748 4316 ergo
2776 4242 2974 4298 tamdiu
3002 4257 3122 4296 esse
3147 4242 3561 4296 catechumenos
3589 4240 3638 4293 in

2057 4341 2316 4397 catholica
2359 4339 2598 4394 Ecclesia
2641 4337 2772 4392 mihi
2819 4350 2849 4390 a
2898 4333 3208 4405 parentibus
3247 4331 3636 4394 commendata,

2059 4434 2230 4488 donec
2255 4432 2449 4502 aliquid
2480 4431 2612 4486 certi
2640 4432 2873 4484 eluceret
2900 4443 3004 4498 quo
3027 4441 3242 4481 cursum
3272 4425 3574 4495 dirigerem.

2123 4551 2286 4606 1Lov.,
2309 4542 2717 4610 decipiendum.“
2752 4600 2763 4610 .
2914 4599 2925 4610 ,
2960 4599 2987 4610 ,μ
3212 4603 3245 4610 __

2121 4613 2141 4643 ³
2158 4598 2330 4660 50mm.
2351 4615 2402 4658 et
2418 4598 2560 4656 itond.
2580 4600 2832 4655 occidebar
2849 4598 3180 4668 spiritualiter.
3207 4603 3384 4664 Itaque.
3398 4605 3454 4648 tu.

2065 4756 2087 4785 ι
2109 4742 2264 4848 veralt,
2282 4731 2486 4845 pedibus
2499 4730 2562 4780 ab
2577 4727 2820 4780 Antiochia
2831 4725 2893 4776 ad
2906 4724 3205 4788 legationem
3218 4736 3354 4775 suam
3370 4725 3463 4774 iter
3481 4720 3639 4770 tacere

2065 4819 2087 4847 ι
2103 4812 2218 4848 eoae
2237 4809 2296 4846 us
2318 4807 2373 4845 es
2399 4832 2410 4843 .
2429 4810 2452 4839 ι

2065 4819 2087 4847 ι
2103 4807 2296 4849 coactus
2318 4807 2410 4845 851..
2429 4810 2452 4839 ἱ

1555 4927 3626 4968 MM

1417 5006 1900 5118 LIBER
1977 4992 2621 5110 SEXTUS.

419 5203 540 5246 mm
567 5196 669 5258 iam
701 5195 911 5258 uomica
942 5194 1098 5258 ipsius
1111 5200 1270 5258 mater
1288 5191 1606 5258 mediolanum
1625 5187 1922 5248 admissas
1954 5188 2180 5258 inseque.
2193 5172 3106 5258 necesse?eaeietgies?fmﬁ’
3125 5167 3640 5258 ςὲξξξξῖξὲῗίέηίέοηῖεἳῐὶξῑ

358 5258 452 5307 bus
493 5254 785 5317 atlmonitus,
816 5254 1065 5307 catholica:
1097 5257 1328 5307 doctrinm
1362 5254 1640 5317 veritatem,

1852 5227 2640 5298 “lalihihsimulahant:
2668 5236 2824 5298 magis
2840 5227 3100 5295 magisque
3125 5227 3447 5298 int_elligehat.
3494 5228 3643 5298 Alypi't

359 5273 452 5307 nus
493 5273 785 5317 admonitus,
816 5273 1065 5307 catnoucze
1097 5273 1328 5307 αοοιτιιιίε
1362 5273 1640 5309 γυτιωιεω,
1674 5273 1818 5314 quam
1852 5273 2089 5298 Μωιιυιιαί
2125 5273 2240 5294 ιαιθυ
2273 5273 2634 5316 ,¹¹¹ο¹ξ³⁸“¹“⁵“¹⁸¹¹”
2670 5273 2742 5285 ³⁵⁵⁸·
2781 5273 3089 5308 ,““¹““’“ο“’“ι“”“
3127 5273 3447 5316 ”’“.ζ“ὀ”“““
3494 5273 3642 5303 "VI"

358 5321 498 5383 aenei
517 5321 594 5369 sui
619 5332 785 5370 mores
815 5320 1142 5383 prmeqtdtm.
1179 5325 1229 5368 tn
1262 5317 1458 5383 diversa
1474 5316 1774 5383 rapiebamr,
1799 5311 1914 5360 dum
1944 5311 2022 5383 de.
2041 5310 2139 5383 vita
2172 5304 2350 5355 mehus
2380 5301 2674 5351 instituenda
2691 5273 3022 5355 deliberaret;
3057 5300 3226 5344 mortis
3255 5305 3450 5356 quoque
3483 5304 3539 5342 ac
3564 5305 3642 5355 ju-

359 5382 475 5432 dicii
506 5390 648 5434 metu
680 5372 956 5446 perculsus,
980 5372 1050 5432 'ad
1081 5383 1194 5432 vitm
1223 5372 1661 5432 conversionémin
1674 5372 1784 5426 dies
1796 5372 2166 5426 accendebatur.

1818 5496 2187 5554 W

891 5609 1116 5666 CAPUT
1157 5607 1440 5666 PRIMUM.

580 5701 896 5771 Augustinus
924 5719 1014 5755 nec
1038 5703 1346 5755 manticam
1367 5715 1457 5755 nec
1479 5697 1776 5754 catholicas.

436 5794 488 5847 1,.
537 5791 674 5862 Spes
715 5809 833 5847 mea
887 5793 1218 5863 ajuventute
1263 5807 1408 5858 mea,
1442 5791 1529 5845 ubi
1572 5788 1701 5846 mihi
1730 5801 1869 5855 eras,
1901 5798 1956 5843 et

365 5901 468 5958 quo
499 5889 837 5941 recesset-as?
876 5887 955 5940 An
983 5901 1106 5941 vero
1138 5901 1241 5941 non
1261 5893 1317 5940 tu
1343 5885 1544 5939 leceras
1564 5898 1670 5950 me,
1690 5881 1957 5937 etdiserc-

2059 5613 2212 5654 veras
2239 5609 2324 5650 mc
2343 5610 2374 5649 a
2395 5589 2824 5664 quadrupedibus
2845 5597 2898 5643 et
2919 5587 3224 5643 volatilibus
3243 5588 3400 5644 caeli?
3422 5583 3642 5658 Sapien-

2062 5694 2250 5748 tiorem
2276 5703 2361 5743 me
2389 5687 2612 5749 feceras,
2644 5696 2696 5739 et
2720 5681 3057 5737 ambulabam
3085 5697 3180 5751 per
3209 5683 3455 5738 tenebras
3483 5691 3537 5737 et
3564 5681 3642 5734 lu-

2063 5783 2285 5845 bricum,
2305 5779 2672 5849 etqumreham
2692 5787 2742 5830 te
2772 5775 2941 5830 forisa
2960 5789 3064 5838 me,
3096 5783 3147 5829 et
3172 5790 3276 5830 non
3309 5773 3640 5828 inveniebam

2065 5879 2229 5932 Deum
2276 5873 2449 5928 cordis
2491 5873 2623 5936 mei;
2664 5882 2714 5924 et
2747 5884 2987 5923 teneram
3017 5868 3068 5921 in
3100 5868 3413 5938 profundum
3448 5867 3636 5934 maris,
