4116 6366
534 350 639 411 719

528 480 583 526 et
611 468 914 526 difﬁdebam
944 475 998 524 et
1023 469 1367 539 desperabam
1402 467 1467 522 'le
1502 467 1802 523 inventione
1832 469 1961 523 veri.
1994 467 2110 522 Jam

529 573 752 622 venerat
773 564 840 620 ad
871 580 957 620 me
981 574 1152 619 mater
1180 565 1372 634 pietate
1394 562 1563 630 tortis,
1597 573 1736 618 terra
1768 563 2004 633 marique
2026 577 2111 617 me

531 671 779 728 sequens,
805 664 861 710 et
888 657 940 710 in
971 656 1218 726 periculis
1241 656 1487 710 omnibus
1512 655 1578 711 de
1600 665 1650 712 te
1670 670 1876 711 secura.
1909 655 2038 708 Nam
2059 664 2112 710 et

526 763 625 819 per
654 749 856 804 marina
897 748 1205 802 discrimina
1247 749 1391 818 ipsos
1425 759 1614 803 nautas
1647 748 2049 815 consolabatur,
2079 762 2108 802 a

527 841 722 912 quibus
751 840 908 895 rudes
929 841 1102 912 abyssi
1131 842 1380 908 viatores,
1411 858 1530 896 cum
1557 842 1952 912 perturbantur.
1982 857 2109 896 con-

527 936 686 990 solari
714 936 920 1001 solent;
948 935 1205 1005 pollicens
1230 938 1307 990 eis
1339 937 1736 1005 perventionem
1761 952 1884 991 eum
1916 936 2104 1001 salute,

523 1029 646 1099 quia
688 1027 788 1082 hoc
821 1029 868 1084 ei
897 1036 952 1082 tu
982 1043 1076 1097 per
1105 1028 1272 1081 visum
1313 1027 1577 1098 pollicitus
1606 1043 1746 1085 eras.
1797 1027 1862 1082 Et
1907 1027 2109 1082 invenit

523 1141 614 1182 me
644 1126 1026 1198 periclitantem
1066 1127 1277 1198 quidem
1306 1129 1535 1198 graviter
1555 1128 1926 1199 desperatione
1953 1128 2105 1183 inda-

522 1217 710 1290 ganda:
749 1218 1006 1274 veritatis.
1043 1217 1146 1274 Sed
1179 1228 1350 1273 tamen
1395 1221 1441 1273 ei
1476 1234 1594 1274 eum
1632 1221 1964 1284 indieassem,
1998 1235 2104 1275 non

470 1293 471 1296 η
521 1325 611 1367 me
647 1311 858 1382 quidem
883 1312 991 1382 jam
1031 1327 1155 1368 esse
1187 1312 1569 1381 manichmum,
1596 1312 1688 1369 sed
1717 1330 1888 1383 neque
1916 1315 2102 1368 catho-

521 1403 680 1461 licum
711 1405 1079 1472 christianum,
1105 1422 1208 1461 non
1239 1407 1386 1476 quasi
1419 1407 1743 1477 inopinatum
1775 1408 1969 1478 aliquid
2003 1423 2102 1462 au-

518 1493 706 1564 dierit,
739 1497 970 1552 exsilivit
999 1498 1206 1560 lmtitia;
1239 1513 1360 1552 cum
1385 1497 1493 1568 jam
1537 1512 1724 1554 secura
1769 1499 1915 1555 ﬁeret
1945 1517 2007 1554 ex
2040 1513 2101 1554 ea

518 1594 669 1656 parte
694 1587 919 1642 miseriae
948 1604 1103 1654 meae,
1129 1589 1178 1644 in
1207 1605 1306 1659 qua
1338 1605 1422 1644 me
1445 1598 1692 1660 tanquam
1721 1600 1985 1644 mortuum
2008 1591 2100 1646 sed

518 1681 943 1737 resuscitandum
977 1683 1065 1736 tibi
1094 1682 1253 1737 flebat
1273 1725 1286 1748 ,
1318 1691 1370 1738 et
1398 1683 1591 1738 feretro
1613 1686 1945 1754 cogitationis
1972 1685 2099 1740 etle-

515 1770 688 1839 rebat,
718 1781 774 1826 ut
797 1772 1004 1827 diceres
1046 1773 1152 1826 ﬁlio
1186 1773 1636 1841 vidumzluvem's,
1653 1775 1741 1828 tibi
1757 1776 1887 1840 dico,
1918 1792 2100 1847 surge;

515 1871 570 1918 et
594 1863 946 1919 revivisceret
988 1872 1042 1921 et
1086 1865 1342 1934 inciperet
1383 1867 1544 1936 loqui,
1587 1877 1641 1922 et
1672 1869 1906 1922 traderes
1952 1870 2096 1922 illum

514 1955 671 2010 matri
702 1970 814 2010 suze
871 1955 1018 2028 (Luc.
1062 1973 1150 2023 vn,
1199 1957 1285 2021 14,
1319 1956 1430 2029 15).
1463 1947 1617 2012 Nulla
1642 1975 1768 2029 ergo
1797 1960 2096 2014 turbulenta

513 2045 864 2102 exsultatione
893 2047 1169 2117 trepidavit
1193 2063 1286 2104 cor
1301 2049 1434 2119 ejus,
1457 2065 1578 2104 eum
1605 2051 1839 2105 audisset
1862 2067 1929 2105 ex
1955 2060 2097 2107 tanta

512 2148 665 2210 parte
686 2139 794 2209 jam
826 2140 1017 2196 factum
1048 2143 1190 2212 quod
1219 2142 1312 2197 tibi
1339 2143 1574 2213 quotidie
1615 2145 1892 2215 plangebat
1921 2155 1976 2200 ut
2006 2145 2097 2199 fie-

510 2238 629 2297 ret;
650 2231 932 2286 veritatem
963 2248 1050 2288 me
1075 2233 1308 2288 nondum
1332 2234 1603 2304 adeptum,
1632 2236 1722 2290 sed
1752 2236 1961 2290 falsitati
1985 2237 2094 2307 jam

510 2329 751 2390 ereptum
784 2339 797 2375 :
837 2322 944 2376 imo
976 2338 1102 2378 vero
1127 2325 1244 2393 quia
1270 2332 1416 2379 certa
1446 2333 1579 2392 erat,
1621 2334 1672 2380 et
1699 2327 1837 2396 quod
1863 2329 2094 2382 restabat

509 2419 563 2466 te
590 2409 855 2478 daturum,
903 2412 994 2482 qui
1039 2422 1205 2468 totum
1255 2416 1607 2484 promiseras;
1647 2417 2005 2486 placidissime
2041 2427 2096 2472 et

505 2513 723 2573 pectore
763 2505 921 2575 pleno
957 2506 1162 2561 fiduciae
1199 2509 1471 2578 respondit
1503 2510 1669 2577 mihi,
1709 2511 1928 2567 credere
1954 2527 2012 2566 se
2039 2512 2091 2566 in

505 2594 740 2663 Christo,
769 2597 910 2668 quod
945 2599 1245 2668 priusquam
1285 2600 1352 2654 de
1387 2599 1487 2656 hac
1523 2602 1629 2656 vita
1657 2604 1964 2673 emigraret,
2006 2620 2093 2659 me

503 2687 682 2744 visura
706 2699 849 2745 esset
877 2690 1088 2747 fidelem
1114 2692 1454 2747 catholicum.
1487 2694 1552 2748 Et
1577 2693 1680 2750 hoc
1700 2696 1912 2765 quidem
1937 2698 2087 2752 mihi.

503 2779 623 2834 ’libi
643 2790 844 2849 autem,
870 2780 993 2836 fons
1017 2783 1520 2851 misericordiarum,
1541 2801 1724 2855 preces
1749 2796 1801 2841 et
1828 2787 2092 2858 lacrymas

503 2869 783 2928 densiores
809 2875 827 2906 ¹
845 2915 864 2942 ,
891 2883 948 2929 ut
975 2875 1300 2932 accelerares
1323 2877 1643 2946 adjutorium
1673 2889 1855 2946 tuum,
1884 2889 1936 2934 et
1966 2881 2088 2934 illu-

502 2964 734 3020 mi-nares
762 2966 1012 3022 tenebras
1047 2983 1223 3034 meas;
1261 2975 1318 3026 et
1361 2969 1648 3026 studiosius
1690 2974 1754 3027 ad
1797 2975 2088 3031 Ecelesiam

501 3073 740 3125 currere,
773 3067 828 3116 et
863 3062 918 3117 in
957 3061 1300 3120 Ambrosium
1319 3064 1343 3097 ¹
1370 3079 1462 3120 ora
1488 3067 1760 3136 suspendi,
1792 3069 1858 3123 ad
1889 3071 2085 3125 fontem

503 3151 744 3208 salientis
769 3168 919 3224 aquae
952 3154 1009 3210 in
1042 3155 1206 3212 vitam
1233 3165 1482 3212 teatrnam
1515 3158 1690 3232 (Joan.
1712 3177 1782 3226 iv,
1816 3163 1927 3232 14).
1959 3165 2087 3219 Dili-

500 3243 661 3314 gebat
684 3253 857 3300 autem
880 3245 1026 3301 illum
1047 3249 1218 3304 virum
1242 3248 1379 3304 sicut
1404 3252 1649 3321 angelum
1682 3253 1796 3319 Dei,
1829 3256 1968 3324 quod
1996 3273 2090 3326 per

499 3332 652 3390 illum
693 3348 1016 3407 cognoverat
1043 3354 1130 3395 me
1156 3341 1367 3396 interim
1399 3342 1464 3396 ad
1494 3343 1636 3398 illam
1676 3347 1958 3415 ancipitem
1992 3348 2090 3402 ﬂu-

500 3429 823 3484 ctuationem
850 3431 962 3501 jam
996 3449 1113 3488 esse
1155 3435 1485 3504 perductum,
1517 3452 1615 3508 per
1647 3454 1804 3508 quam
1833 3442 2087 3496 transitu-

439 3520 454 3534 ’
498 3535 618 3576 rum
658 3538 743 3578 me
783 3525 850 3580 ab
888 3527 1202 3597 aegritudine
1237 3529 1303 3584 ad
1333 3531 1648 3598 sanitatem,
1698 3533 2088 3592 intercurrente

498 3615 727 3672 aretiore
762 3619 996 3688 periculo
1019 3619 1061 3687 ³,
1093 3623 1244 3692 quasi
1288 3637 1384 3693 per
1413 3626 1770 3681 accessionem
1795 3643 1952 3698 quam
1978 3631 2086 3684 cri-

500 3708 659 3769 ticum
683 3711 876 3769 medici
902 3724 1113 3782 vocant,
1145 3726 1285 3771 certa
1316 3719 1690 3788 praesumebat.

1153 3807 1379 3864 CAPUT
1416 3809 1480 3864 11.

681 3898 867 3968 Epulas
892 3909 938 3954 et
967 3902 1172 3971 synaxis
1198 3902 1337 3970 apud
1360 3904 1590 3972 sepulcra
1615 3915 1912 3976 martyrum.

570 3986 626 4043 2.
672 3989 856 4060 Itaque
891 4007 1010 4046 cum
1053 3991 1116 4046 ad
1159 3993 1442 4048 memorias
1473 4005 1811 4064 sanctorum,
1854 3998 1993 4054 sicut
2033 3999 2084 4054 in

403 4118 408 4122 -
502 4081 679 4138 Africa
720 4083 945 4147 solebat,
979 4084 1153 4154 pultes
1180 4095 1233 4139 ct
1259 4091 1461 4153 panem‘
1493 4096 1546 4142 et
1593 4105 1795 4143 merum
1824 4092 2087 4146 attulisset

503 4185 661 4245 atque
687 4175 753 4229 ab
781 4175 1000 4230 ostiario
1043 4177 1443 4245 prohiberetur;
1492 4179 1579 4234 ubi
1631 4181 1731 4236 hoc
1777 4183 2083 4252 episcopum

501 4270 736 4325 vetuisse
765 4272 1031 4341 cognovit,
1067 4283 1172 4327 tam
1205 4274 1288 4342 pie
1316 4283 1474 4345 atque
1503 4277 1816 4335 obedienter
1842 4280 2085 4349 amplexa

501 4371 614 4431 est,
658 4372 718 4418 ut
758 4364 874 4435 ipse
916 4365 1143 4421 mirarer
1169 4365 1192 4398 ⁸
1220 4381 1377 4438 quam
1408 4367 1561 4424 facile
1588 4372 1882 4426 accusatrix
1909 4373 2086 4444 potius

502 4456 905 4512 consuetudinis
931 4474 1039 4513 suze
1069 4457 1168 4531 (a),
1192 4475 1347 4530 quam
1375 4460 1716 4532 disceptatrix
1744 4465 1879 4517 illius
1901 4466 2084 4535 prohi-

505 4549 720 4604 bitionis
749 4550 936 4605 effecta
968 4553 1053 4606 sit.
1084 4553 1198 4607 Non
1222 4553 1362 4607 enim
1392 4554 1667 4610 obsidebat
1699 4558 1938 4626 spiritum
1971 4559 2086 4627 ejus

502 4641 824 4708 vinolentia,
854 4636 1078 4714 eamque
1118 4646 1424 4700 stimulabat
1459 4647 1508 4700 in
1551 4648 1726 4702 odium
1771 4650 1879 4702 veri
1938 4666 2088 4704 amor

502 4733 630 4801 vini,
665 4734 802 4790 sicut
830 4736 1110 4806 plerosque
1140 4752 1314 4792 mares
1345 4747 1398 4792 et
1427 4738 1668 4804 feminas,
1701 4740 1788 4810 qui
1820 4741 1885 4794 ad
1915 4743 2085 4795 cauti-

503 4841 625 4883 cum
668 4827 997 4897 sobrietatis,
1028 4830 1165 4885 sicut
1201 4830 1267 4885 ad
1310 4832 1578 4901 potionem
1619 4843 1863 4902 aquatam
1892 4835 2083 4887 madidi

501 4929 780 4976 nauseant.
812 4919 919 4976 Sed
952 4922 1038 4976 illa
1067 4938 1187 4977 eum
1218 4923 1482 4978 attulisset
1516 4926 1801 4979 canistrum
1843 4942 1962 4979 cum
1994 4941 2081 4979 so-

500 5014 766 5072 lemnibus
799 5016 969 5088 epulis
1002 5016 1388 5088 praegustandis
1430 5024 1586 5087 atque
1632 5019 1933 5088 largiendis,
1970 5021 2082 5089 plus

565 5155 583 5188 ι
602 5160 654 5203 tn
671 5152 835 5204 codice
852 5152 954 5202 ΑΗ).
974 5153 1162 5205 additur
1174 5189 1190 5216 ,
1208 5152 1426 5215 fundere.

563 5217 585 5287 ξ
607 5223 676 5266 tta
694 5218 916 5287 potiores
929 5223 1035 5287 Mss.
1057 5225 1112 5287 st
1139 5213 1249 5287 Edil.
1271 5228 1543 5287 currerent,

562 5277 794 5349 firmiore
1067 5280 1205 5342 juxta
1221 5285 1302 5349 Er.
1315 5278 1462 5349 bugd.
1482 5285 1600 5349 v‘cn.
1618 5277 1674 5326 et
1689 5285 1797 5349 nov.
1841 5285 1897 5349 st.

461 5361 463 5364 -
560 5337 583 5371 δ
599 5339 675 5389 Sic
689 5347 796 5390 Mss.
810 5337 869 5391 'et
884 5347 987 5391 Am.
1008 5337 1083 5390 Er:
1103 5349 1212 5389 Arn.
1229 5355 1243 5402 ;
1263 5347 1312 5392 at
1331 5337 1438 5390 Bad.
1461 5347 1512 5389 et
1529 5347 1658 5400 I.ov.,
1676 5339 1957 5392 miraretur.

557 5425 631 5506 ζα)
646 5444 1060 5516 Consuetudinem.
1067 5443 1133 5494 de
1145 5455 1241 5516 qua
1263 5444 1342 5494 hic
1357 5445 1514 5516 agitur
1525 5477 1540 5504 ,
1567 5449 1673 5516 tota
1692 5443 1813 5516 licet
1823 5443 1970 5516 Africa
1989 5449 2084 5516 prl-

492 5507 607 5559 dem
623 5514 872 5572 receptam
883 5543 898 5568 ,
917 5506 1142 5572 quoniam
1161 5506 1219 5572 in
1236 5506 1613 5572 comessationes
1630 5513 1681 5556 et
1712 5506 1978 5559 ebrietates
1989 5506 2085 5560 de-

493 5572 730 5633 ﬂexerat,
743 5567 1054 5633 "rescindere
1065 5567 1288 5633 similiter
1304 5568 1585 5633 aggreditur
1602 5573 1893 5633 Augustinus
1904 5606 1918 5632 ,
1953 5579 2006 5622 et
2023 5585 2084 5626 ea

495 5633 560 5686 de
576 5648 636 5687 re
650 5630 820 5686 scribit
833 5633 984 5695 Epist.
1002 5630 1090 5691 22,
1108 5631 1176 5695 ad_
1196 5630 1437 5695 Aurelium
1467 5630 1912 5695 Carthaginiensem
1935 5637 2080 5692 Quin-

497 5700 647 5760 etiam
685 5692 1044 5760 Hipponiensem
1077 5692 1701 5760 Ecclesiamipsemmmam
1736 5700 1990 5760 episetqps
2017 5700 2081 5749 ab

497 5759 648 5824 hpcce
671 5756 808 5810 more
837 5760 1032 5821 penitus
1046 5764 1272 5816 revocat,
1303 5757 1439 5806 sicuti
1462 5756 1600 5805 ﬁdem
1625 5759 1729 5806 facit.
1748 5756 1792 5820 ιεὶι
1811 5761 1889 5810 iu.
1909 5759 2083 5824 29,.l

496 5821 725 5887 Alypium.

1667 349 2188 414 (:ONFESSIONUM
2227 350 2282 406 S.
2325 351 2687 410 AUGUSTINI

3695 370 3795 427 720

2217 467 2374 523 etiam
2407 485 2561 538 quam
2593 485 2755 525 unum
2788 471 3032 540 pocillum
3067 475 3084 506 ⁸
3114 491 3209 545 pro
3236 492 3333 533 suo
3362 481 3538 550 palato
3564 487 3695 542 satis
3714 505 3793 545 so-

2216 558 2332 614 brio
2363 571 2746 631 temperatum,
2796 565 2935 621 unde
2983 565 3342 637 dignationem
3390 587 3643 642 sumeret,
3691 595 3795 638 non

2215 652 2464 721 ponebat.
2494 654 2562 708 Et
2585 655 2628 709 si
2659 657 2838 711 multae
2869 670 3067 724 essent,
3097 677 3216 732 quae
3245 664 3336 719 illo
3359 668 3521 723 modo
3542 671 3794 728 videban-

2216 751 2301 796 tur
2331 745 2678 810 honorandae,
2712 750 2984 806 memorize
3011 751 3418 824 defunctorum;
3454 760 3590 816 idem
3623 763 3790 835 ipsum

2213 849 2408 904 unum,
2427 839 2566 906 quod
2597 839 2791 910 ubique
2818 852 3053 912 poneret,
3084 845 3522 918 circumferebat;
3555 870 3661 924 quo
3683 856 3790 926 jam

2213 941 2319 981 non
2349 928 2521 984 solum
2550 934 2914 1004 aquatissimo,
2953 936 3048 992 sed
3080 941 3238 995 etiam
3263 944 3593 1013 tepidissimo
3623 951 3644 981 ¹
3671 965 3790 1007 cum

2211 1019 2320 1108 suis
2352 1023 2702 1090 praesentibus
2737 1044 2831 1096 per
2871 1030 3189 1088 sorbitiones
3218 1036 3431 1107 exiguas
3463 1044 3746 1110 partiretur
3774 1067 3789 1104 :

2211 1105 2330 1210 quia
2379 1116 2626 1186 pietatem
2667 1118 2736 1174 ibi
2777 1125 3068 1191 quaerebat,
3105 1141 3208 1180 non
3239 1105 3581 1200 voluptatem.
3612 1137 3793 1210 Itaque

2209 1204 2301 1259 ubi
2331 1212 2590 1277 comperit
2621 1227 2649 1264 a
2682 1214 2936 1280 prteclaro
2983 1217 3330 1285 przedicatore
3371 1233 3529 1294 atque
3557 1204 3792 1288 antistite

2208 1297 2439 1368 pietatis,
2466 1314 2786 1372 praeceptum
2820 1321 2937 1362 esse
2964 1309 3062 1363 ista
3088 1325 3196 1366 non
3223 1312 3358 1379 ﬁeri,
3393 1333 3490 1372 nee
3518 1319 3586 1373 ab
3605 1323 3684 1378 eis
3701 1327 3790 1396 qui

2208 1392 2386 1447 sobrie
2419 1393 2673 1463 facerent,
2710 1413 2778 1453 ne
2805 1400 2904 1453 ulla
2936 1403 3146 1458 occasio
3172 1420 3231 1461 se
3259 1407 3612 1480 ingnrgitandi
3636 1392 3791 1473 dare-

2207 1491 2296 1538 tur
2323 1486 2578 1554 ebriosis,
2624 1499 2674 1545 et
2705 1493 2826 1561 quia
2872 1494 2957 1548 illa
3005 1498 3155 1566 quasi
3202 1504 3492 1568 parentalia
3535 1511 3789 1577 supersti-
3848 1511 3856 1520 ’

2207 1578 2336 1633 tioni
2382 1582 2656 1650 gentilium
2701 1597 2880 1641 essent
2917 1589 3220 1657 simillima;
3247 1593 3503 1652 abstinuit
3532 1615 3590 1655 se
3617 1601 3788 1658 libeno

2207 1673 2407 1730 tissime
2450 1694 2462 1729 :
2503 1686 2554 1731 et
2604 1694 2699 1747 pro
2747 1682 2979 1736 canistro
3029 1683 3186 1753 pleno
3227 1690 3453 1744 terrenis
3494 1693 3785 1765 fructibus,

2204 1768 2416 1836 plenum
2449 1773 2838 1840 purgatioribus
2867 1776 3004 1829 votis
3024 1787 3209 1848 pectus
3237 1779 3302 1834 ad
3339 1786 3622 1840 memorias
3649 1805 3790 1843 mar-

2204 1869 2377 1930 tyrum
2405 1861 2592 1917 afferre
2621 1864 2905 1931 didicerat;
2931 1876 2987 1921 ut
3012 1877 3064 1922 et
3091 1870 3229 1938 quod
3257 1884 3434 1940 posset
3453 1873 3604 1932 daret
3621 1894 3788 1949 egeno

2203 1952 2374 2020 tibus,
2421 1963 2473 2008 et
2519 1957 2594 2009 sic
2637 1959 3048 2013 communicatio
3099 1961 3357 2018 Dominici
3402 1971 3640 2037 corporis
3678 1971 3788 2028 illic

2200 2045 2577 2111 celebraretur,
2612 2050 2760 2120 cujus
2798 2053 3060 2120 passionis
3093 2054 3386 2113 imitatione
3433 2060 3689 2118 immolati
3731 2075 3789 2121 et

2202 2140 2441 2192 coronati
2471 2153 2594 2195 sunt
2621 2152 2898 2215 martyres.
2929 2143 3035 2200 Sed
3065 2155 3240 2202 tamen
3270 2150 3481 2206 videtur
3503 2155 3651 2222 mihi,
3676 2157 3786 2213 Do-

2200 2231 2343 2285 mine
2372 2232 2509 2286 Deus
2539 2249 2689 2289 meus
2708 2277 2723 2303 ,
2750 2244 2802 2290 et
2828 2236 2896 2290 ita
2919 2245 3001 2292 est
3025 2237 3077 2292 in
3103 2251 3387 2311 conspectu
3410 2252 3501 2299 tuo
3520 2245 3588 2301 de
3608 2245 3706 2303 hac
3724 2264 3787 2305 re

2199 2339 2292 2378 eor
2321 2341 2517 2391 meum,
2550 2342 2656 2382 non
2686 2327 2841 2384 facile
2870 2328 3095 2386 fortasse
3115 2331 3182 2387 de
3199 2333 3300 2389 hac
3316 2339 3635 2407 amputanda
3655 2357 3788 2397 con-

2199 2416 2476 2472 suetudine
2520 2427 2743 2474 matrem
2775 2436 2947 2475 meam
2979 2421 3142 2478 fuisse
3172 2440 3466 2494 cessuram,
3510 2431 3552 2483 si
3583 2431 3651 2486 ab
3676 2434 3785 2488 alio

2201 2509 2591 2578 prohiberetur,
2624 2527 2780 2580 quem
2819 2529 2924 2566 non
2965 2515 3101 2568 sicut
3138 2517 3476 2574 Ambrosium
3507 2521 3780 2592 diligebat,

2200 2617 2357 2671 quem
2389 2613 2604 2672 propter
2629 2605 2854 2660 salutem
2878 2623 3052 2662 meam
3093 2611 3322 2666 maxime
3347 2612 3634 2684 diligebat;
3662 2632 3781 2672 eam

2197 2707 2324 2746 vero
2345 2693 2433 2747 ille
2464 2703 2682 2764 propter
2702 2695 2816 2765 ejus
2836 2698 3286 2767 religiosissimam
3301 2708 3779 2777 conversationem,

2195 2800 2297 2854 qua
2345 2785 2395 2838 in
2426 2784 2581 2840 bonis
2607 2787 2858 2856 operibus
2885 2797 2990 2844 tam
3021 2789 3231 2848 fervens
3255 2796 3442 2864 spiritu
3474 2797 3780 2868 frequenta-

2196 2875 2285 2930 bat
2313 2878 2624 2932 ecclesiam:
2658 2879 2726 2933 ita
2757 2890 2807 2934 ut
2845 2896 2988 2951 saepe
3013 2896 3336 2956 erumperet,
3365 2905 3488 2944 cum
3511 2906 3598 2946 me
3627 2892 3780 2948 vide-

2195 2978 2309 3036 ret,
2345 2970 2395 3023 in
2427 2969 2542 3040 ejus
2569 2973 3001 3040 praedicationem
3060 2976 3115 3042 ³,
3156 2981 3428 3045 gratulans
3469 2983 3596 3037 mihi
3638 2986 3781 3054 quod

2196 3062 2353 3116 talem
2381 3071 2603 3118 matrem
2634 3063 2920 3133 haberem;
2971 3069 3212 3125 nesciens
3237 3073 3447 3141 qualem
3483 3075 3570 3130 illa
3605 3091 3691 3132 me
3711 3077 3808 3132 ﬁ-'

2196 3154 2349 3220 lium,
2379 3155 2468 3224 qui
2487 3156 2790 3211 dubitabam
2815 3158 2883 3214 de
2911 3160 3012 3214 illis
3028 3162 3294 3232 omnibus,
3315 3174 3366 3220 et
3385 3167 3608 3223 inveniri
3621 3183 3780 3240 posse

2195 3247 2335 3302 viam
2363 3249 2484 3303 vita
2513 3249 2732 3305 minime
2758 3251 3030 3321 putabam.

2852 3346 3078 3402 CAPUT
3119 3348 3205 3403 ΙΙΙ.

2513 3434 2882 3506 Occupatt'ones
2911 3449 2960 3491 et
2983 3439 3153 3493 studia
3182 3440 3453 3496 Ambrosii.

2263 3528 2316 3581 5.
2376 3526 2482 3582 Nec
2524 3527 2631 3598 jam
2673 3529 3082 3599 ingemiscebam
3123 3533 3325 3587 orando
3375 3544 3428 3588 ut
3468 3535 3776 3592 subvenires

2191 3619 2320 3673 mihi
2343 3636 2356 3683 ;
2389 3619 2481 3674 sed
2501 3618 2567 3674 ad
2589 3619 2931 3690 quaerendum
2959 3621 3213 3687 intentus,
3236 3633 3290 3679 et
3315 3625 3380 3679 ad
3410 3627 3774 3683 disserendum

2189 3713 2458 3784 inquietus
2485 3722 2602 3768 erat
2647 3713 2855 3769 animus
2903 3730 3072 3770 meus.
3116 3715 3398 3786 Ipsumque
3436 3718 3776 3775 Ambrosium

2192 3803 2401 3860 felicem
2434 3804 2716 3875 quemdam
2744 3805 3014 3860 hominem
3054 3807 3345 3862 secundum
3375 3809 3629 3864 saeculum
3658 3810 3774 3881 opi-

2190 3894 2386 3961 nabar,
2421 3909 2578 3964 quem
2633 3895 2710 3949 sic
2751 3905 2908 3950 tantm
2957 3905 3248 3967 potestates
3283 3897 3641 3967 honorarent;
3673 3917 3778 3956 ca:-

2190 3984 2385 4041 libatus
2423 3994 2626 4041 tantum
2670 3986 2783 4056 ejus
2827 3987 2956 4041 mihi
2985 3987 3280 4043 laboriosus
3309 3989 3604 4046 videbatur.
3639 3991 3777 4058 Quid

2190 4091 2366 4136 autem
2408 4082 2500 4136 ille
2541 4082 2652 4150 Spei
2697 4091 2940 4152 gereret,
2997 4091 3051 4136 et
3093 4081 3348 4140 adversus
3387 4084 3554 4155 ipsius
3599 4085 3775 4140 excel-

2190 4173 2366 4229 lentia;
2416 4181 2741 4228 tentamenta
2782 4173 2908 4244 quid
2951 4173 3252 4229 luctaminis
3289 4175 3545 4242 haberet,
3586 4176 3777 4246 quidve

2191 4267 2467 4322 solaminis
2525 4268 2576 4320 in
2621 4267 2898 4334 adversis,
2951 4277 3004 4322 et
3054 4268 3321 4324 occultum
3369 4283 3434 4324 os
3483 4269 3596 4339 ejus
3634 4268 3778 4340 quod

2193 4367 2307 4413 erat
2361 4358 2414 4412 in
2468 4357 2628 4413 corde
2674 4358 2823 4428 ejus,
2862 4374 3018 4429 quam
3059 4359 3240 4428 sapida
3293 4359 3482 4430 gaudia
3529 4361 3595 4414 de
3641 4374 3778 4429 pane

2194 4461 2283 4506 tuo
2311 4452 2636 4516 ruminaret;
2676 4467 2775 4506 nec
2805 4451 3068 4519 conjicere
3098 4467 3368 4517 noveram,
3403 4467 3500 4506 nec
3524 4460 3778 4521 expertus

2189 4558 2341 4601 eram
2369 4562 2382 4598 :
2412 4559 2511 4599 nec
2539 4545 2624 4598 ille
2650 4543 2850 4598 sciebat
2873 4552 3033 4597 aestus
3057 4558 3228 4609 meos,
3257 4559 3357 4598 nec
3385 4542 3587 4598 foveam
3629 4541 3778 4611 peri-

2190 4639 2293 4694 culi
2321 4640 2445 4694 mei.
2477 4639 2590 4691 Non
2619 4638 2760 4691 enim
2781 4653 3020 4706 quaerere
3053 4637 3122 4692 ab
3151 4653 3216 4692 eo
3240 4647 3480 4708 poteram
3507 4635 3648 4708 quod
3678 4651 3776 4688 vo-

2191 4731 2387 4797 lebam,
2413 4731 2549 4786 sicut
2575 4729 2838 4794 volebam,
2870 4729 3263 4784 secludentibus
3289 4745 3375 4784 me
3404 4729 3472 4783 ab
3497 4729 3612 4798 ejus
3645 4741 3776 4782 auro

2188 4834 2348 4897 atque
2385 4841 2479 4881 ore
2520 4825 2746 4880 catervis
2783 4824 3178 4894 negotiosorum
3209 4822 3507 4891 hominum,
3549 4835 3774 4892 quorum

2190 4919 2588 4975 inﬁrmitatibus
2608 4918 2890 4973 serviebat.
2911 4916 3048 4972 Cum
3065 4916 3256 4986 quibus
3275 4917 3488 4986 quando
3510 4931 3613 4969 non
3634 4919 3772 4977 erat,
3829 4901 3849 4916 ⁸

2189 5011 2329 5082 quod
2361 5026 2455 5079 per
2482 5010 2731 5079 exiguum
2753 5009 3013 5076 temporis
3027 5017 3159 5070 erat,
3180 5017 3264 5062 aut
3285 5021 3479 5076 corpus
3501 5003 3772 5061 reﬁciebat

2189 5103 2506 5160 necessariis
2550 5101 2946 5167 sustentaculis,
2987 5111 3078 5155 aut
3122 5101 3350 5155 lectione
3381 5101 3637 5154 animum.
3665 5094 3772 5152 Sed

2191 5213 2310 5253 cum
2339 5196 2569 5266 legebat,
2594 5194 2732 5250 oculi
2761 5194 3088 5249 ducebantur
3118 5209 3210 5262 per
3231 5193 3468 5263 paginas,
3497 5200 3550 5248 et
3572 5206 3666 5246 cor
3693 5189 3773 5244 in-

2192 5293 2459 5348 tellectum
2489 5267 2916 5356 rimabatur,vox
2933 5296 3110 5344 autem
3131 5297 3186 5341 et
3211 5287 3386 5357 lingua
3407 5284 3768 5356 quiescebant.

2190 5381 2346 5456 Saepe
2375 5399 2496 5438 eum
2521 5383 2854 5448 adessemus,
2882 5397 2985 5434 non
3014 5381 3156 5434 enim
3183 5379 3459 5434 vetabatur
3494 5378 3770 5449 quisquam

2187 5475 2416 5544 ingredi,
2439 5485 2529 5530 aut
2547 5474 2597 5529 ei
2616 5473 2918 5528 venientem
2957 5472 3183 5526 nuntiari
3222 5486 3340 5526 mos
3367 5479 3514 5536 erat;
3544 5470 3623 5527 sic
3646 5481 3768 5524 eum

2250 5638 2265 5668 ί
2288 5642 2385 5684 Am.
2411 5642 2461 5684 et
2481 5642 2574 5692 7'2,
2595 5629 2857 5697 potillum.‘
3565 5686 3578 5700 α

2481 5691 3117 5772 Are-Paetis.-.etttead:
3139 5687 3765 5772 οςεφξεεξέἑὲνῐωπτκ·

2185 5758 2532 5823 tepidisde
2553 5770 2570 5818 ;
2587 5756 2706 5806 alias
2725 5771 2736 5804 :
2759 5755 2888 5814 Quod
2897 5754 3007 5816 jam
3023 5766 3117 5803 non
3135 5751 3627 5824 soleanaqttatissimo.
3710 5757 3763 5799 Μ.

2218 5828 2234 5854 ³
2257 5835 2366 5873 Iov.
2382 5830 2554 5872 somm.
2575 5819 2695 5870 Blas.
2717 5818 2929 5868 habent:
2955 5826 3009 5866 m
3025 5816 3128 5879 ejus
3143 5813 3503 5877 pradicattone.
