4116 6366
417 363 514 420 721

417 484 681 555 legentem
721 483 948 541 vidimus
986 485 1162 554 tacite,
1205 494 1258 542 et
1285 487 1439 544 aliter
1462 504 1728 561 nunquam
1759 507 1774 547 :
1803 491 1993 547 seden—

417 587 598 648 tesque
621 579 672 634 in
701 578 950 634 diuturno
970 579 1179 634 silentio
1201 579 1338 651 (quis
1364 584 1503 637 enim
1527 592 1631 638 tam
1651 585 1852 640 intento
1871 601 1991 642 esse

417 670 560 723 oneri
589 670 876 742 auderet?)
905 672 1324 740 discedebamus,
1355 675 1850 745 etconjectabamus
1868 695 1989 733 eum

414 776 579 830 parvo
600 762 714 831 ipso
739 773 994 832 tempore,
1029 765 1168 835 quod
1199 767 1502 834 reparanda:
1531 769 1692 823 menti
1719 784 1825 823 sua:
1856 787 2002 826 nan-.

413 853 726 919 ciscebatur,
757 854 998 909 feriatum
1025 856 1092 911 ab
1116 859 1335 927 strepitu
1356 873 1634 914 causarum
1670 862 1984 930 alienarum,

412 947 552 1000 nolle
579 948 629 1001 in
660 949 798 1002 aliud
824 951 1068 1016 avocari;
1097 961 1151 1007 et
1175 967 1365 1008 cavere
1391 952 1619 1011 fortasse
1648 971 1714 1010 ne
1745 958 1986 1015 auditore

410 1051 669 1116 suspenso
699 1049 750 1093 et
793 1041 1016 1108 intento,
1069 1044 1113 1096 si
1162 1059 1262 1112 qua
1304 1044 1579 1100 obscurius
1611 1050 1874 1116 posuisset
1897 1051 1986 1107 ille

409 1112 564 1198 quem
593 1131 810 1200 legeret,
836 1134 992 1186 etiam
1025 1151 1294 1206 exponere
1335 1153 1550 1194 necesse
1579 1150 1752 1203 esset;
1793 1152 1882 1195 aut
1919 1142 1986 1198 de

409 1223 669 1291 aliquibus
689 1224 1075 1280 difficilioribus
1099 1227 1396 1298 disceptare
1412 1232 1807 1299 qumstionibus,
1825 1244 1984 1304 atque

409 1313 530 1367 huic
562 1315 707 1383 Operi
749 1317 1074 1385 temporibus
1113 1318 1385 1388 impensis,
1431 1322 1604 1376 minus
1642 1339 1799 1392 quam
1829 1325 1985 1380 vellet

407 1408 728 1462 voluminum
769 1410 1036 1465 evolveret
1067 1429 1080 1464 :
1113 1429 1410 1484 quanquam
1443 1426 1496 1470 et
1521 1431 1674 1471 causa
1709 1420 1982 1474 servandm

405 1501 570 1562 vocis,
611 1516 731 1570 qua:
776 1503 847 1556 illi
895 1501 1136 1558 facillime
1183 1506 1587 1573 obtundebatur,
1629 1517 1836 1580 poterat
1863 1527 1980 1568 esse

397 1593 590 1661 justior
621 1595 775 1648 tacite
806 1594 1030 1664 legendi.
1063 1596 1310 1662 Quolibet
1341 1607 1512 1654 tamen
1543 1601 1720 1656 animo
1762 1602 1814 1656 id
1858 1618 1981 1674 age-

401 1693 501 1749 ret,
535 1684 676 1738 bono
705 1686 884 1754 utique
912 1687 1000 1742 ille
1027 1689 1108 1742 vir
1136 1689 1342 1759 agebat.

468 1778 522 1832 4.
555 1777 658 1832 Sed
687 1789 833 1834 certe
874 1779 998 1833 mihi
1043 1781 1182 1834 nulla
1233 1782 1457 1837 dabatur
1483 1785 1632 1853 copia
1675 1785 1977 1841 sciscitandi

399 1886 515 1941 quae
540 1871 816 1940 cupiebam
861 1872 928 1927 de
957 1881 1060 1926 tam
1089 1884 1272 1930 sancto
1299 1877 1510 1929 oraculo
1543 1887 1629 1929 tuo
1661 1886 1874 1945 pectore
1912 1880 1977 1933 il-

397 1963 517 2028 lius,
545 1964 643 2018 nisi
661 1980 778 2018 cum
803 1965 1001 2035 aliquid
1021 1967 1252 2020 breviter
1272 1978 1414 2023 esset
1435 1969 1774 2023 audiendum.
1791 1970 1977 2027 jEstus

397 2065 574 2109 autem
608 2056 679 2109 illi
706 2057 808 2111 mei
831 2059 1055 2111 otiosum
1084 2074 1204 2113 eum
1237 2060 1406 2122 valde,
1437 2062 1520 2115 cui
1545 2063 1972 2132 refunderentur,

395 2147 750 2216 requirebant,
778 2165 876 2204 nec
905 2166 1130 2218 unquam
1155 2151 1595 2208 inveniebant.Et
1616 2170 1734 2208 eum
1764 2157 1974 2225 quidem

395 2239 448 2293 in
480 2241 676 2310 populo
703 2243 919 2297 verbum
944 2245 1178 2300 veritatis
1208 2255 1349 2301 recte
1381 2255 1692 2303 tractantem
1721 2251 1865 2305 omni
1887 2251 1975 2308 die

393 2331 661 2388 dominico
711 2335 1025 2399 audiebam;
1057 2347 1110 2390 et
1155 2337 1322 2407 magis
1370 2339 1640 2410 magisque
1681 2341 1805 2394 mihi
1847 2358 1974 2397 con-

395 2425 704 2480 firmabatur
747 2442 932 2483 omnes
979 2438 1304 2484 versutarum
1351 2431 1730 2486 calumniarum
1782 2436 1970 2505 nodos,

392 2534 526 2588 quos
573 2519 643 2573 illi
685 2520 993 2590 deceptores
1033 2524 1195 2577 nostri
1237 2523 1492 2579 adversus
1531 2526 1736 2580 divinos
1782 2527 1972 2584 Libros

393 2611 732 2666 innectebant
755 2654 770 2678 ,
802 2629 956 2682 posse
981 2614 1219 2669 dissolvi.
1252 2615 1350 2672 Ubi
1381 2633 1506 2672 vero
1535 2619 1693 2673 etiam
1734 2622 1969 2692 Comperi

389 2703 452 2758 ad
486 2705 766 2774 imaginem
800 2714 939 2760 tuam
976 2707 1242 2763 hominem
1274 2726 1302 2763 a
1335 2718 1384 2764 te
1412 2711 1624 2777 factum,
1659 2729 1686 2766 a
1717 2715 1967 2783 spiritua-

390 2795 526 2850 libus
554 2797 673 2851 filiis
703 2799 804 2852 tuis
847 2814 982 2869 quos
1019 2799 1084 2854 de
1127 2809 1293 2856 matre
1329 2800 1596 2857 Catholica
1627 2820 1721 2874 per
1747 2807 1966 2876 gratiam

388 2893 707 2960 regenerasti
736 2933 752 2959 ,
805 2909 908 2948 non
957 2894 1033 2950 sic
1084 2895 1300 2966 intelligi
1362 2907 1416 2951 ut
1469 2898 1679 2953 humani
1732 2902 1966 2972 corporis

387 2984 552 3038 forma
608 2994 658 3039 te
708 2988 1046 3042 terminatum
1095 2991 1373 3045 crederent
1421 3003 1576 3062 atque
1629 2995 1961 3066 cogitarent:

383 3095 683 3150 quanquam
712 3083 977 3152 quomodo
1005 3100 1063 3140 se
1091 3085 1309 3140 haberet
1337 3087 1624 3156 spiritualis
1645 3090 1958 3159 substantia,

383 3188 450 3228 ne
479 3175 691 3244 quidem
735 3176 964 3231 tenuiter
1001 3186 1157 3249 atque
1204 3181 1256 3234 in
1296 3181 1574 3253 aanigmate
1614 3185 1958 3256 suSpicabar;

383 3275 558 3322 tamen
607 3268 842 3340 gaudens
887 3271 1073 3326 erubui
1103 3289 1204 3327 non
1237 3289 1320 3328 me
1367 3283 1443 3328 tot
1489 3292 1657 3331 annos
1701 3276 1961 3334 adversus

382 3362 696 3417 catholicam
731 3363 909 3427 ﬁdem,
943 3365 1032 3419 sed
1055 3373 1236 3420 contra
1264 3367 1552 3422 carnalium
1580 3370 1960 3440 cogitationum

381 3456 630 3524 ﬁgmenta
679 3456 920 3511 latrasse.
969 3458 1046 3512 Eo
1082 3459 1274 3530 quippe
1316 3461 1626 3517 temerarius
1670 3471 1723 3518 et
1766 3463 1960 3534 impius

379 3545 604 3612 fueram,
643 3547 786 3617 quod
825 3564 886 3602 ea
930 3565 1044 3618 quae
1073 3549 1331 3606 debebam
1377 3554 1664 3622 quaerendo
1703 3555 1909 3612 discere
1938 3558 1956 3590 ¹

376 3639 676 3694 accusando
705 3641 961 3696 dixeram.
1007 3642 1085 3696 Tu
1121 3643 1292 3712 enim,
1321 3645 1574 3701 altissime
1605 3657 1656 3701 et
1689 3651 1951 3718 proxime,

375 3732 732 3788 secretissime
757 3742 809 3788 et
834 3737 1247 3803 praesentissime
1269 3777 1283 3802 ,
1314 3739 1396 3791 cui
1429 3741 1661 3793 membra
1693 3756 1795 3795 non
1833 3751 1956 3797 sunt

374 3825 474 3878 alia
504 3825 705 3896 majora
734 3835 786 3880 et
823 3827 922 3881 alia
955 3829 1155 3883 minora
1181 3869 1196 3896 ,
1229 3830 1322 3884 sed
1362 3831 1553 3902 ubique
1599 3843 1738 3888 totus
1767 3849 1824 3888 es
1851 3876 1864 3900 ,
1899 3844 1955 3891 et

374 3931 632 3986 nusquam
665 3918 898 3973 locorum
930 3935 1024 3982 es:
1056 3936 1158 3975 non
1187 3935 1244 3975 es
1279 3923 1457 3992 utique
1485 3923 1652 3978 forma
1694 3925 1791 3979 ista
1826 3939 1951 3982 cor-

373 4026 531 4078 porea
562 4029 574 4063 :
609 4019 781 4065 tamen
811 4012 978 4066 fet-isti
1009 4013 1275 4069 hominem
1303 4015 1366 4069 ad
1391 4016 1670 4086 imaginem
1700 4026 1873 4086 tuatn;
1897 4025 1951 4074 et

371 4116 496 4157 ecce
525 4102 640 4172 ipse
668 4118 696 4158 a
725 4105 896 4174 capite
924 4120 1092 4176 usque
1119 4107 1183 4160 ad
1215 4107 1375 4176 pedes
1402 4107 1453 4162 in
1491 4108 1610 4164 loco
1637 4117 1736 4164 est.

1035 4197 1257 4252 CAPUT
1298 4198 1384 4252 IV.

425 4284 716 4337 Doctrinam
745 4287 984 4342 iz‘cclesiw
1011 4287 1271 4342 Ambrosio
1290 4290 1612 4344 roncionanle
1639 4292 1891 4361 intelligit.

437 4378 489 4431 5.
541 4379 672 4432 Cum
723 4395 846 4451 ergo
902 4383 1163 4437 nescirem
1211 4383 1474 4453 quomodo
1526 4383 1642 4439 haec
1694 4385 1948 4442 subsiste-

366 4478 446 4522 ret
476 4469 648 4539 imago
678 4479 762 4525 tua
789 4513 801 4536 ,
835 4473 1050 4542 pulsans
1079 4476 1097 4506 ²
1141 4490 1489 4545 proponerem
1532 4477 1798 4547 quomodo
1830 4494 1946 4533 ere-

365 4559 596 4615 dendum
624 4573 783 4629 esset,
805 4581 906 4619 non
935 4566 1191 4621 insultans
1213 4582 1532 4637 opponerem
1557 4569 1701 4637 quasi
1725 4569 1794 4622 ita
1821 4583 1940 4624 ere-

363 4655 532 4707 ditum
570 4663 709 4710 esset
738 4674 749 4708 :
783 4665 925 4710 tanto
959 4659 1112 4728 igitur
1151 4660 1324 4713 acrior
1349 4675 1472 4714 cura
1511 4660 1731 4715 rodebat
1759 4661 1944 4715 intima

361 4763 480 4802 mea
514 4749 639 4817 quid
668 4751 797 4804 certi
827 4753 1110 4807 retinerem
1135 4793 1150 4818 ,
1181 4761 1379 4823 quanto
1409 4769 1494 4808 me
1520 4754 1688 4824 magis
1717 4753 1946 4824 pudebat

362 4852 469 4895 tam
497 4842 586 4896 diu
631 4843 840 4898 illusum
879 4853 932 4899 et
958 4845 1236 4913 deceptum
1273 4848 1619 4916 promissione
1652 4857 1939 4914 certorum,

358 4936 553 5004 puerili
575 4951 758 4991 errore
781 4945 835 4992 et
861 4939 1216 5003 animositate,
1242 4947 1346 4993 tam
1371 4940 1533 4994 multa
1564 4941 1761 4994 incerta
1790 4941 1938 5010 quasi

359 5037 508 5082 certa
549 5029 795 5099 garrisse.
833 5029 984 5097 Quod
1015 5031 1153 5084 enim
1199 5031 1326 5085 falsa
1357 5039 1563 5098 essent,
1599 5040 1778 5101 postea
1810 5033 1938 5087 mihi

359 5121 572 5175 claruit.
605 5120 816 5176 Certum
848 5133 1024 5177 tatnen
1052 5131 1165 5188 erat
1193 5123 1330 5192 quod
1359 5124 1556 5177 incerta
1586 5131 1796 5190 essent,
1829 5131 1884 5178 et
1909 5140 1939 5178 a

362 5227 448 5269 me
473 5212 759 5283 aliquando
788 5229 883 5284 pro
910 5215 1070 5269 certis
1111 5214 1285 5268 habita
1316 5213 1565 5280 fuissent,
1597 5229 1714 5268 cum
1742 5214 1938 5270 Catho-

361 5306 518 5360 licam
542 5313 686 5360 tuam
714 5307 870 5361 ctecis
894 5305 1317 5362 contentionibus
1338 5321 1663 5371 accusarem,
1686 5306 1783 5361 etsi
1809 5322 1940 5360 non-

361 5398 485 5452 dum
517 5409 844 5467 compertam
885 5414 1010 5454 vera
1051 5399 1326 5453 docentem
1353 5440 1367 5464 ,
1398 5413 1503 5452 non
1534 5406 1705 5452 tamen
1736 5412 1796 5452 ea
1842 5398 1928 5452 do.

361 5500 572 5545 centem
596 5507 714 5560 quae
735 5491 966 5561 graviter
993 5491 1322 5546 accusabam.
1353 5489 1531 5559 Itaque
1556 5488 1931 5555 confundebar,

365 5591 414 5637 et
445 5584 797 5638 eonvertebar
825 5600 838 5636 :
870 5592 922 5638 et
948 5583 1262 5654 gaudebam,
1293 5583 1429 5636 Deus
1458 5596 1635 5648 meus,
1666 5583 1804 5650 quod
1830 5579 1932 5635 Ec-

421 5718 438 5751 l
461 5724 550 5751 Mc:
589 5715 643 5751 Αἰ

421 5718 438 5751 ι
631 5715 643 5726 .

416 5781 438 5812 ¹
834 5791 944 5828 cum
961 5786 1068 5842 Mss.
1090 5787 1141 5827 et
1157 5787 1328 5842 somni.
1350 5784 1457 5827 Arn.
1471 5812 1488 5838 ,
1513 5790 1611 5827 non
1626 5773 1935 5840 quemadmo-

354 5841 472 5892 dum
487 5835 673 5892 tovfet
687 5843 854 5904 caeteri
873 5835 990 5891 editi
1006 5842 1206 5903 habent,
1226 5835 1527 5904 piumque.

1787 374 1984 432 LIBER
2021 373 2307 438 SEXTUS.

3575 393 3680 454 7”

2098 491 2255 548 clesia
2289 497 2302 527 ¹
2339 496 2488 553 unica
2517 514 2709 571 corpus
2739 501 2889 558 Unici
2935 503 3044 572 tui,
3076 505 3126 559 in
3157 522 3259 577 qua
3303 508 3431 565 mihi
3477 527 3672 572 nomen

2094 579 2289 639 Christi
2321 587 2500 642 infanti
2524 597 2607 646 est
2632 589 2878 660 inditum,
2914 609 3020 650 non
3045 606 3255 666 saperet
3279 598 3542 656 infantiles
3569 619 3671 660 nu-

2093 691 2220 745 gas;
2253 695 2423 750 neque
2454 681 2553 737 hoc
2601 681 2817 738 haberet
2846 684 2898 740 in
2928 686 3166 742 doctrina
3208 705 3301 745 sua
3337 706 3492 758 sana,
3527 693 3672 765 quod

2096 778 2146 823 te
2175 782 2470 829 creatorem
2501 777 2736 831 omnium
2770 779 2821 832 in
2851 781 3076 849 spatium
3107 782 3205 837 loci
3244 784 3483 853 quamvis
3524 802 3670 843 sum-

2095 877 2236 917 mum
2268 873 2321 919 et
2348 867 2579 936 amplum
2606 911 2618 932 ,
2655 879 2827 925 tamen
2856 873 3084 944 undique
3114 875 3448 931 terminatum
3494 893 3666 936 mem-

2093 954 2306 1010 brorum
2335 959 2680 1015 lmmanorum
2709 962 2872 1033 figura
2904 966 3260 1023 contruderet.

2163 1046 2214 1099 6.
2258 1048 2561 1106 Gaudebam
2606 1055 2762 1109 etiam
2805 1055 2946 1125 quod
2990 1064 3168 1112 vetera
3197 1059 3390 1130 scripta
3428 1059 3582 1132 Legis
3611 1070 3668 1120 et

2092 1135 2471 1206 PrOphetarum
2491 1142 2598 1212 jam
2631 1160 2730 1200 non
2759 1147 2846 1201 illo
2875 1148 3029 1203 oculo
3054 1150 3181 1202 mihi
3211 1137 3430 1219 legenda
3463 1167 3662 1223 propoo

2089 1239 2360 1295 uerentur,
2389 1247 2493 1302 quo
2521 1245 2670 1290 antea
2701 1236 3012 1294 videbantur
3042 1241 3289 1308 absurda,
3320 1257 3438 1297 eum
3475 1259 3664 1315 argue-

2089 1319 2206 1375 bam
2254 1331 2496 1392 tanquam
2548 1328 2614 1380 ita
2663 1331 2951 1386 sentientes
3001 1342 3213 1388 sanctos
3266 1343 3420 1400 tuos;
3475 1353 3661 1392 verum

2087 1423 2262 1468 autem
2296 1432 2398 1471 non
2431 1420 2496 1472 ita
2528 1421 2825 1476 sentiebant
2859 1444 2869 1477 :
2901 1433 2953 1478 et
2992 1432 3238 1496 tanquam
3278 1428 3512 1495 regulam
3541 1429 3660 1484 dili-

2085 1507 2391 1576 gentissime
2420 1513 2834 1579 commendaret,
2868 1529 3008 1584 saepe
3031 1517 3083 1570 in
3106 1518 3442 1586 p0pularibus
3464 1534 3660 1574 sermo-

2085 1599 2237 1652 nibus
2282 1602 2392 1655 suis
2441 1601 2701 1658 dicentem
2754 1606 3092 1661 Amhrosium
3138 1608 3288 1662 laetus
3336 1610 3612 1664 audiebam
3639 1653 3654 1677 ,

2085 1691 2271 1746 Littera
2302 1695 2510 1760 occidit;
2539 1697 2743 1767 Spiritus
2769 1709 2929 1752 autent
2959 1701 3172 1769 viviﬁcat
3197 1706 3212 1770 (
3241 1701 3280 1754 II
3306 1701 3423 1757 Cor.
3457 1719 3533 1768 ιιι,
3565 1703 3653 1776 6):

2083 1802 2200 1840 cum
2243 1805 2303 1842 ea
2335 1805 2450 1858 quae
2478 1789 2542 1843 ad
2584 1790 2816 1844 litteram
2852 1793 3250 1860 perversitatem
3281 1795 3472 1850 docere
3507 1795 3656 1850 vide-

2083 1877 2291 1942 bantur,
2319 1889 2523 1934 remoto
2553 1882 2776 1952 mystico
2804 1882 3104 1937 velamento
3123 1884 3466 1952 spiritualiter
3487 1887 3659 1955 aperi-

2082 1979 2194 2032 ret,
2242 1987 2344 2023 non
2394 1971 2572 2024 dicens
2618 1973 2755 2042 quod
2808 1990 2893 2028 me
2938 1973 3266 2038 oilettderct,
3315 1977 3554 2043 quamvis
3595 1992 3656 2032 ea

2081 2061 2313 2137 diceret,
2344 2079 2461 2133 quae
2510 2072 2686 2118 utrum
2728 2081 2849 2120 vera
2897 2074 3077 2120 essent
3121 2067 3293 2120 adhuc
3337 2067 3654 2137 ignorarem.

2080 2135 2344 2208 Tenebam
2369 2156 2506 2210 enim
2529 2170 2623 2210 cor
2648 2171 2822 2210 meum
2851 2157 2917 2212 ab
2941 2158 3086 2211 omni
3107 2158 3432 2221 assensione,
3463 2157 3657 2214 timens

2082 2248 2462 2317 praecipitium;
2502 2259 2554 2303 et
2591 2250 2876 2320 suSpendio
2913 2252 3078 2322 magis
3117 2251 3364 2306 necabar.
3401 2249 3655 2306 Volebam

2079 2341 2218 2395 enim
2247 2357 2427 2396 eorum
2450 2359 2566 2412 quae
2599 2361 2699 2397 non
2728 2345 2959 2398 viderem
2984 2345 3049 2398 ita
3085 2360 3170 2399 me
3196 2355 3400 2399 certum
3433 2345 3568 2413 fieri,
3597 2352 3656 2400 ut

2077 2442 2251 2487 certus
2284 2451 2452 2489 essem
2480 2437 2619 2506 quod
2651 2446 2852 2506 septem
2880 2447 2930 2491 et
2964 2438 3055 2491 tria
3085 2437 3267 2492 decem
3308 2439 3432 2492 sint.
3469 2438 3654 2509 Neque

2076 2525 2217 2579 enim
2246 2535 2349 2579 tam
2379 2527 2594 2582 insanus
2627 2543 2769 2582 cram
2791 2571 2806 2594 ,
2842 2536 2898 2582 ut
2925 2545 2990 2583 ne
3034 2530 3133 2584 hoc
3166 2529 3376 2599 quidem
3414 2539 3653 2600 putarem

2077 2632 2231 2686 posse
2266 2619 2675 2688 comprehendi;
2703 2620 2794 2673 sed
2827 2622 2960 2674 sicut
2987 2619 3087 2676 hoc
3109 2662 3124 2688 ,
3158 2621 3228 2674 ita
3258 2631 3448 2676 caetera
3473 2621 3654 2691 cupie-

2074 2709 2192 2764 bam
2220 2752 2233 2773 ,
2267 2711 2377 2764 sive
2407 2712 2702 2781 corporalia
2741 2728 2856 2780 qme
2883 2727 3061 2766 coram
3101 2713 3344 2775 sensibus
3383 2714 3514 2767 meis
3542 2728 3650 2768 non

2073 2801 2353 2867 adessent;
2401 2801 2511 2856 sive
2554 2802 2842 2872 spiritualia
2867 2845 2879 2869 ,
2927 2804 2992 2857 de
3033 2803 3224 2873 quibus
3265 2805 3497 2876 cogitare
3548 2804 3651 2862 nisi

2071 2895 2415 2963 corporaliter
2445 2895 2765 2948 nesciebam.
2801 2895 2864 2949 Et
2891 2896 3062 2949 sanari
3090 2896 3357 2950 credendo
3383 2905 3644 2966 poteram,

2071 2995 2127 3041 ut
2149 2988 2418 3058 purgatior
2433 2988 2573 3042 acies
2597 2988 2788 3043 mentis
2811 3003 2940 3042 mea:
2959 2988 3273 3060 dirigeretur
3292 2990 3468 3060 aliquo
3487 2989 3647 3048 modo

2070 3080 2120 3133 in
2153 3079 2427 3135 veritatem
2479 3090 2617 3134 tuam
2664 3095 2874 3149 semper
2914 3090 3249 3146 manentem,
3291 3092 3344 3136 et
3384 3096 3453 3138 ex
3503 3080 3648 3138 nullo

2068 3174 2418 3230 deficientem.
2450 3175 2552 3231 Sed
2582 3177 2717 3230 sicut
2747 3177 2961 3232 evenire
2993 3178 3190 3232 assolet
3219 3188 3275 3232 ut
3309 3179 3502 3233 malum
3533 3193 3647 3235 me-

2065 3267 2241 3323 dicum
2293 3279 2576 3339 expertus,
2605 3270 2763 3324 etiam
2793 3270 2934 3326 bono
2963 3271 3143 3326 timeat
3179 3288 3237 3328 se
3275 3273 3640 3342 committere;

2066 3359 2132 3412 ita
2161 3367 2280 3415 erat
2304 3359 2549 3414 valetudo
2575 3361 2764 3416 animm
2795 3377 2927 3416 mete
2951 3405 2964 3429 ,
3010 3378 3127 3432 quze
3165 3364 3346 3433 utique
3381 3364 3479 3419 nisi
3521 3379 3644 3421 cre-

2028 3445 2031 3447 ’
2063 3452 2237 3508 dendo
2258 3455 2430 3508 sanari
2461 3469 2564 3508 non
2595 3463 2819 3525 poterat,
2851 3465 2904 3511 et
2933 3472 2999 3512 ne
3027 3456 3153 3512 falsa
3181 3459 3441 3528 crederet,
3463 3460 3642 3517 curari

2063 3544 2371 3610 recusabat;
2401 3546 2656 3601 resistens
2695 3547 2939 3602 manibus
2963 3548 3096 3613 tuis,
3127 3550 3213 3618 qui
3254 3549 3641 3609 medicamenta

2064 3635 2180 3690 fidei
2208 3637 2500 3704 confecisti,
2529 3647 2582 3693 et
2606 3639 2846 3708 sparsisti
2871 3655 3030 3710 super
3056 3640 3270 3695 morbos
3297 3642 3440 3699 orbis
3467 3652 3638 3700 terra-

2060 3745 2199 3796 rum,
2228 3739 2282 3785 et
2311 3740 2508 3786 tantam
2541 3731 2644 3786 illis
2664 3732 3028 3786 auctoritatem
3053 3732 3300 3788 tribuisti.

2723 3863 2952 3923 CAPUT
2993 3863 3057 3922 ν.

2093 3979 2171 4035 De
2197 3997 2454 4035 sacrorum
2483 3978 2750 4034 Librorum
2787 3981 3082 4035 auctoritate
3107 3987 3152 4034 et
3178 3980 3456 4036 necessario
3482 3996 3596 4036 uel.

2129 4097 2181 4151 7.
2211 4098 2287 4152 Ex
2316 4098 2416 4153 hoc
2441 4105 2614 4152 tamen
2639 4111 2849 4168 quoque
2864 4097 2973 4168 jam
3002 4111 3318 4167 praeponens
3333 4095 3634 4156 doctrinam

2055 4188 2390 4255 catholicam,
2432 4189 2721 4244 modestius
2749 4190 2816 4245 ibi
2860 4188 3182 4258 minimeque
3222 4187 3479 4244 fallaciter
3503 4203 3632 4246 sel-

2053 4280 2246 4336 tiebam
2273 4280 2441 4351 juberi
2464 4289 2522 4335 ut
2548 4281 2854 4335 crederetur
2875 4279 3017 4350 quod
3037 4294 3142 4334 non
3167 4279 3634 4336 demonstrabatur

2055 4371 2206 4444 (sive
2234 4380 2373 4426 esset
2399 4371 2524 4442 quid
2548 4413 2562 4439 ,
2594 4371 2686 4426 sed
2732 4372 2818 4426 cui
2861 4372 2996 4426 forte
3033 4387 3135 4426 non
3173 4380 3352 4436 esset;
3391 4373 3503 4428 sive
3532 4386 3634 4430 nec

2053 4462 2182 4533 quid
2245 4461 2480 4534 esset),
2541 4478 2697 4532 quam
2753 4463 2858 4518 illic
2917 4463 3195 4518 temeraria
3254 4464 3632 4533 pollicitatione
3698 4525 3710 4543 ε,

2051 4555 2285 4611 scientiae
2334 4554 2696 4610 credulitatem
2740 4554 2986 4622 irrideri;
3015 4561 3072 4611 et
3123 4564 3303 4626 postea
3334 4565 3438 4612 tam
3464 4558 3631 4614 multa
3698 4557 3708 4590 ‘-

2052 4645 2436 4702 fabulosissima
2465 4655 2514 4701 et
2552 4647 2925 4702 absurdissima
2945 4690 2961 4715 ,
2991 4648 3113 4718 quia
3140 4647 3491 4704 demonstrari
3520 4665 3628 4706 non

2049 4749 2311 4812 poterant,
2331 4740 2590 4796 credenda
2621 4740 2887 4811 imperari.
2909 4741 3109 4797 Deinde
3139 4743 3386 4812 paulatim
3416 4750 3491 4808 tu,
3515 4742 3624 4796 Do-

2050 4837 2211 4903 mine,
2229 4850 2388 4889 manu
2411 4834 2686 4889 mitissima
2713 4843 2767 4890 et
2787 4834 3273 4890 misericordissima
3298 4823 3626 4906 pertractans

2047 4941 2100 4988 et
2126 4946 2451 5001 componens
2477 4945 2570 4986 cor
2595 4946 2794 4998 meum,
2817 4930 3171 4986 consideranti
3192 4945 3348 5001 quam
3381 4930 3622 4985 innume-

2047 5026 2232 5080 rabilia
2273 5024 2545 5079 crederem
2591 5039 2710 5094 quas
2736 5039 2841 5077 non
2895 5021 3128 5077 viderem
3178 5024 3234 5090 ³,
3282 5037 3455 5092 neque
3501 5036 3622 5077 cum

2047 5126 2358 5189 gererentur
2402 5115 2727 5181 adfuissem;
2774 5115 2910 5169 sicut
2947 5121 3052 5166 tam
3093 5113 3257 5167 multa
3305 5113 3356 5167 in
3403 5111 3622 5168 historia

2044 5211 2278 5283 gentium
2299 5253 2313 5278 ,
2345 5219 2450 5264 tam
2478 5209 2644 5264 multa
2674 5207 2741 5263 de
2769 5207 2899 5262 locis
2925 5214 3086 5275 atque
3112 5205 3331 5261 urbibus
3359 5221 3476 5276 quae
3513 5220 3620 5262 non

2045 5301 2276 5357 videram
2296 5344 2310 5366 ,
2344 5310 2448 5356 tam
2473 5300 2637 5354 multa
2657 5299 2841 5353 amicis
2859 5340 2873 5362 ,
2906 5306 3010 5351 tam
3037 5297 3200 5352 multa
3228 5297 3449 5354 medicis
3467 5341 3484 5366 ,
3512 5305 3618 5354 tam

2045 5393 2208 5448 multa
2236 5391 2539 5446 hominibus
2563 5390 2680 5444 aliis
2705 5397 2862 5458 atque
2888 5387 3036 5453 aliis;
3064 5403 3181 5458 qua)
3211 5388 3312 5442 nisi
3336 5387 3622 5444 crederen-

2044 5495 2162 5552 tur,
2191 5483 2409 5539 omnino
2446 5483 2495 5536 in
2525 5482 2623 5537 hac
2650 5483 2753 5535 vita
2788 5479 2920 5535 nihil
2959 5495 3268 5550 ageremus;
3311 5491 3617 5551 postremo,

2042 5591 2202 5648 quam
2230 5576 2543 5630 inconcusse
2568 5573 2725 5627 fixum
2754 5573 2856 5628 flde
2884 5573 3186 5637 retinerem,
3217 5573 3282 5628 de
3307 5573 3498 5645 quibus
3524 5587 3618 5644 pa-

2104 5715 2120 5744 ί
2141 5716 2248 5761 Post
2264 5719 2450 5768 vocem,
2467 5705 2692 5766 Ecclesia,
2712 5707 2965 5770 additurln
2979 5707 3090 5758 Edd.
3109 5711 3218 5770 tua,
3238 5721 3347 5772 quae
3365 5721 3458 5758 vox
3476 5706 3616 5757 abest

2041 5787 2070 5824 a
2085 5780 2392 5893 1ﬁsus/idenim,
2417 5833 2554 5894 juxta
2571 5838 2697 5882 man.
2765 5839 2817 5878 M-
