4116 6366
461 370 564 427 725

459 487 697 550 rentibus
722 497 872 547 ortus
906 502 1084 545 essem
1103 528 1119 554 ,
1149 486 1289 559 quod
1334 484 1472 541 seire
1513 498 1616 538 non
1658 496 1867 553 possem
1890 521 1907 550 ,
1937 478 2039 535 nisi

457 579 724 641 audiendo
752 579 1133 644 credidissem:
1164 577 1471 650 persuasisti
1496 576 1649 642 mihi,
1675 589 1781 631 non
1810 573 1899 644 qui
1923 587 2040 628 cre-

457 672 644 735 derant
676 672 850 735 Libris
881 673 985 729 tuis
1003 714 1018 737 ,
1047 688 1180 743 quos
1204 679 1350 727 tanta
1378 671 1430 726 in
1458 667 1703 725 omnibus
1729 667 1840 723 fere
1863 666 2037 739 genti-

458 764 556 827 bus
584 764 898 825 auctoritate
935 762 1205 831 fundasti;
1235 763 1327 819 sed
1351 762 1441 837 qui
1472 777 1573 817 non
1613 761 1894 817 crederent
1919 775 2039 816 esse

457 855 769 928 culpandos,
799 870 898 910 nec
924 854 1215 911 audiendos
1239 870 1372 916 esse.
1404 854 1447 910 si
1475 853 1565 925 qui
1592 852 1724 908 forte
1750 852 1877 908 mihi
1904 852 2039 908 dice-

455 962 577 1013 rent
607 950 797 1015 :llnde
822 950 928 1013 scis
951 950 1068 1009 illos
1098 948 1285 1011 Libros
1311 949 1469 1005 unius
1497 949 1607 1003 veri
1634 955 1689 1003 et
1712 946 2037 1003 veracissimi

454 1042 552 1103 Dei
578 1041 769 1115 Spiritu
797 1056 917 1101 esse
951 1041 1181 1103 humano
1206 1040 1386 1115 generi
1414 1039 1777 1096 ministratus?
1806 1039 2035 1108 ldipsum

455 1134 597 1195 enim
622 1135 857 1197 maxime
877 1133 1200 1195 credendum
1226 1143 1361 1201 erat,
1388 1132 1637 1205 quoniam
1666 1131 1808 1186 nulla
1834 1146 2035 1202 pugna-

453 1226 588 1287 citas
611 1227 1054 1287 calumniosarum
1084 1226 1455 1297 qureStionum,
1478 1242 1575 1294 per
1598 1233 1705 1279 tam
1738 1224 1897 1278 multa
1918 1238 2036 1294 quae

451 1317 682 1391 legeram
707 1318 847 1374 inter
873 1333 929 1373 se
953 1302 1344 1388 confligentium
1373 1315 1829 1388 pliilOSOphorum,
1860 1323 2036 1369 extor-

417 1458 421 1463 .
451 1424 617 1478 quere
635 1409 767 1467 mihi
792 1411 962 1481 potuit
988 1418 1045 1471 ut
1070 1410 1356 1481 aliquando
1379 1426 1484 1466 non
1510 1411 1806 1475 crederem,
1837 1418 1888 1465 te
1916 1424 2035 1464 esse

451 1500 706 1577 quidquid
724 1516 871 1559 esses
899 1501 1039 1575 quod
1067 1518 1166 1575 ego
1188 1503 1447 1559 nescirem
1471 1520 1485 1568 ;
1509 1511 1599 1556 aut
1623 1501 2031 1558 administratio-

420 1572 429 1617 ⁷
452 1608 577 1649 nem
607 1610 785 1652 rerum
810 1595 1158 1652 humanarum
1186 1595 1253 1650 ad
1281 1604 1333 1651 te
1360 1596 1645 1666 pertinere.

420 1680 433 1759 ἱ
521 1685 576 1745 8.
607 1685 714 1745 Sed
739 1686 793 1749 id
813 1685 1094 1749 credebam
1125 1686 1407 1756 aliquando
1433 1686 1720 1750 robustius,
1752 1684 2034 1755 aliquando

414 1774 668 1843 ferinus;
703 1793 915 1852 semper
955 1786 1128 1841 tamen
1167 1776 1369 1842 credidi
1410 1786 1459 1834 et
1503 1792 1621 1834 esse
1651 1787 1732 1841 te,
1766 1784 1819 1831 et
1854 1791 2031 1829 curam

448 1872 618 1927 nostri
641 1886 861 1942 gerere;
889 1871 1097 1927 etiamsi
1117 1869 1424 1943 ignorabam
1449 1870 1532 1924 vel
1553 1869 1677 1939 quid
1701 1866 2031 1923 sentiendum

448 1972 594 2021 esset
620 1964 688 2025 de
706 1965 999 2027 substantia
1027 1972 1138 2031 tua,
1160 1963 1242 2021 vel
1268 1978 1387 2037 quae
1412 1963 1495 2017 via
1518 1960 1734 2019 duceret
1762 1969 1851 2014 aut
1878 1959 2031 2015 redu-

449 2064 595 2117 ceret
612 2054 680 2115 ad
705 2064 776 2117 te.
805 2055 1033 2125 ideoque
1053 2070 1172 2113 cum
1198 2067 1436 2110 essemus
1450 2052 1646 2117 inﬁrmi
1668 2050 1734 2106 ad
1759 2051 2032 2105 invenien-

447 2146 569 2207 dam
599 2147 796 2223 liquida
836 2147 1038 2205 ratione
1067 2148 1370 2213 veritatem,
1400 2154 1453 2200 et
1492 2144 1561 2197 ob
1589 2143 1690 2198 hoc
1720 2142 1869 2197 nobis
1898 2158 2031 2213 opus

446 2247 590 2297 esset
612 2238 929 2301 auctoritate
964 2246 1265 2297 sanctarum
1290 2236 1607 2293 Litterarum
1626 2278 1639 2304 ,
1679 2235 1783 2304 jam
1812 2234 2030 2290 credere

340 2370 343 2373 -
444 2346 710 2402 caperem
743 2332 885 2388 nullo
910 2331 1068 2387 modo
1094 2340 1147 2387 te
1184 2329 1347 2387 fuisse
1378 2329 1692 2391 tributurum
1722 2339 1826 2383 tam
1854 2329 2030 2383 excel-

445 2422 644 2487 lentem
664 2423 738 2483 illi
767 2422 1051 2495 Scripturm
1078 2438 1171 2501 per
1195 2436 1384 2483 omnes
1409 2420 1517 2495 jam
1546 2430 1712 2475 terras
1739 2420 2027 2475 auctorita-

446 2521 590 2582 tem,
636 2514 739 2577 nisi
785 2521 839 2571 et
869 2530 961 2583 per
988 2513 1154 2582 ipsam
1197 2512 1290 2569 tibi
1333 2511 1515 2580 credi,
1561 2521 1614 2567 et
1659 2528 1752 2589 per
1780 2512 1946 2582 ipsam
1979 2521 2029 2567 te

446 2605 613 2677 qtueri
652 2604 935 2673 voluisses.
966 2603 1083 2667 Jam
1110 2604 1251 2660 enim
1288 2603 1670 2679 absurditatem
1699 2618 1817 2674 quae
1846 2618 1932 2658 me
1975 2602 2025 2657 in

446 2696 553 2755 illis
577 2695 791 2759 Litteris
816 2695 1020 2753 solebat
1043 2694 1336 2761 offendere,
1360 2709 1481 2750 cum
1520 2695 1684 2749 multa
1709 2710 1773 2750 ex
1809 2695 1887 2749 eis
1908 2710 2027 2773 pro-

446 2786 695 2849 habiliter
723 2786 960 2859 exposita
991 2786 1260 2843 audissem
1279 2824 1293 2851 ,
1326 2784 1393 2840 ad
1423 2793 1873 2840 sacramentorum
1906 2784 2023 2840 alti-

449 2875 688 2939 tudinem
737 2860 1028 2939 referebam
1055 2894 1069 2933 :
1092 2890 1263 2947 eoque
1302 2873 1430 2930 mihi
1472 2875 1562 2929 illa
1597 2875 1950 2931 venerabilior
1975 2885 2029 2931 et

446 2975 783 3029 sacrosancta
812 2964 916 3021 fide
943 2966 1149 3039 dignior
1182 2966 1467 3041 apparebat
1493 2966 1779 3022 auctoritas
1798 3009 1814 3035 ,
1843 2982 1947 3037 quo
1975 2975 2029 3022 et

447 3059 693 3115 omnibus
719 3058 785 3113 ad
806 3059 1087 3131 legendum
1116 3068 1256 3113 esset
1282 3060 1333 3114 in
1366 3070 1637 3133 promptu,
1660 3070 1714 3115 et
1732 3060 1922 3117 secreti
1946 3061 2024 3117 sui

447 3150 756 3223 dignitatem
794 3152 847 3207 in
876 3151 1145 3208 intellectu
1172 3150 1516 3224 profundiore
1545 3162 1782 3209 servaret
1806 3171 1819 3221 ;
1851 3154 2026 3215 verbis

446 3243 793 3320 apertissimis
817 3251 872 3299 et
899 3242 1199 3300 humillimo
1234 3260 1429 3323 genere
1462 3244 1712 3316 loquendi
1740 3261 1797 3301 se
1823 3248 2027 3302 cunctis

444 3337 718 3407 prtebens,
769 3346 821 3390 ct
862 3351 1116 3392 exercens
1152 3336 1498 3392 intentionem
1542 3352 1760 3407 eorum,
1790 3338 1879 3410 qui
1920 3356 2024 3394 non

445 3436 569 3489 sunt
598 3427 740 3483 leves
770 3428 928 3483 corde
954 3446 966 3481 :
998 3437 1053 3483 ut
1092 3428 1361 3501 exciperet
1390 3444 1575 3483 omnes
1609 3431 1842 3500 populari
1882 3432 2021 3497 sinu,

443 3528 496 3575 et
516 3536 611 3592 per
630 3531 851 3593 angusta
878 3521 1132 3577 foramina
1155 3536 1349 3599 paucos
1369 3520 1435 3575 ad
1460 3526 1512 3577 te
1532 3521 1796 3592 trajiceret
1814 3565 1827 3588 ,
1858 3523 2039 3583 multo

443 3620 621 3667 tamen
668 3610 882 3683 plures,
926 3627 1082 3691 quam
1125 3610 1171 3666 si
1202 3627 1298 3667 nec
1338 3619 1484 3666 tanto
1512 3613 1660 3683 apice
1699 3613 2025 3669 auctoritatis

442 3703 738 3769 emineret,
768 3719 866 3758 nec
895 3702 1073 3758 turbas
1098 3704 1303 3773 gremio
1331 3710 1528 3759 sanctae
1557 3703 1867 3759 humilitatis
1891 3706 2023 3761 hau-

442 3795 594 3850 riret.
617 3794 923 3866 Cogitabam
943 3794 1079 3860 haec,
1112 3803 1169 3851 et
1192 3795 1380 3851 aderas
1402 3796 1529 3851 mihi
1549 3814 1563 3863 ;
1592 3799 1940 3868 suspirabam,
1970 3810 2023 3854 et

442 3886 697 3949 audiebas
732 3902 823 3949 me
850 3904 864 3950 ε
897 3886 1213 3949 auctitabant
1233 3928 1250 3955 .
1276 3897 1331 3945 et
1357 3888 1692 3960 gubernabas
1718 3904 1840 3957 me;
1881 3890 2020 3955 ibam

444 3995 538 4050 per
561 3979 703 4043 viam
718 3978 898 4045 ,πριιιὶ
926 3980 1105 4047 latam,
1137 3995 1233 4034 nec
1256 3979 1559 4036 deserebas.

1112 4092 1340 4157 CAPUT
1379 4093 1467 4159 VI-

436 4181 443 4186 ·
489 4160 568 4226 De
592 4163 793 4229 nuper-ia
818 4163 1195 4287 ambitiosonlm:
1212 4205 1227 4230 ,
1258 4164 1477 4288 (tridducio
1506 4166 1731 4238 exemplo
1759 4166 1972 4229 mendici

1132 4250 1177 4288 aa
1196 4252 1260 4288 an
1302 4252 1345 4288 ε.

1132 4250 1345 4290 manus.

512 4322 564 4379 9.
592 4323 859 4379 lnhiabam
888 4322 1200 4394 honoribus,
1228 4325 1404 4392 lucris,
1434 4326 1718 4397 conjugio;
1749 4335 1804 4384 et
1827 4336 1879 4384 tu
1907 4329 2019 4385 irri-

441 4416 623 4471 debas.
655 4416 898 4473 Patiebar
938 4418 993 4472 in
1020 4417 1097 4473 eis
1126 4417 1499 4488 cupiditatibus
1527 4420 1887 4478 amarissimas
1911 4421 2015 4476 dif-

435 4508 736 4579 ficultates,
794 4518 843 4565 te
892 4509 1117 4581 prepitio
1167 4517 1312 4565 tanto
1360 4510 1559 4582 magis,
1604 4521 1800 4583 quanto
1842 4512 2017 4568 minus

435 4602 647 4659 sinebas
675 4600 803 4659 mihi
832 4600 1136 4659 dulcescere
1169 4602 1308 4674 quod
1342 4618 1447 4659 non
1490 4619 1612 4660 eras
1642 4614 1715 4659 tu.
1757 4603 1891 4662 Vide
1924 4620 2017 4661 cor

435 4709 649 4760 meum,
702 4693 955 4758 Domine,
999 4695 1085 4764 qui
1133 4694 1340 4749 voluisti
1389 4702 1447 4748 ut
1480 4693 1584 4750 hoc
1610 4696 1922 4752 recordarer
1962 4705 2014 4751 et

434 4789 718 4845 confiterer
742 4789 856 4844 tibi.
884 4787 1035 4844 Nunc
1063 4787 1159 4842 tibi
1187 4787 1442 4843 inhzereat
1475 4789 1649 4843 anima
1687 4804 1822 4855 mea,
1853 4804 2011 4860 quam

432 4880 501 4937 de
526 4881 672 4937 visco
692 4890 797 4937 tam
820 4882 990 4937 tenaci
1015 4881 1200 4936 mortis
1226 4881 1436 4937 exuisti.
1456 4882 1621 4949 Quam
1649 4883 1841 4938 misera
1866 4885 2006 4938 erat!

412 4958 486 5027 et
512 4988 727 5028 sensum
754 4973 992 5029 vulneris
1018 4979 1077 5028 tu
1105 4973 1404 5043 pungebas,
1437 4980 1495 5028 ut
1528 4973 1727 5029 relictis
1763 4975 2010 5030 erunibus

429 5072 829 5118 converteretur
854 5062 921 5118 ad
957 5071 1008 5118 te
1032 5065 1121 5135 qui
1148 5080 1206 5120 es
1234 5079 1394 5135 super
1421 5065 1598 5120 omnia
1615 5107 1628 5130 ,
1671 5075 1724 5120 et
1762 5081 1877 5121 stne
1902 5082 2010 5137 quo

431 5155 570 5209 nulla
593 5162 773 5211 essent
786 5155 992 5222 omnia;
1012 5140 1425 5223 converteretur,
1447 5166 1499 5211 et
1520 5169 1811 5213 sanaretur.
1836 5159 2004 5228 Quam

427 5259 555 5314 ergo
582 5243 746 5300 miser
769 5259 913 5299 eram
936 5287 950 5312 ,
992 5254 1046 5301 et
1074 5247 1341 5317 quomodo
1365 5247 1517 5317 egisti
1544 5256 1603 5302 ut
1626 5250 1876 5304 sentirem
1904 5252 2004 5303 mi-

352 5367 357 5372 -
426 5337 621 5392 seriam
650 5353 821 5394 meam
840 5381 858 5407 ,
881 5337 969 5394 die
994 5339 1087 5394 illo
1116 5354 1220 5409 quo
1248 5354 1367 5395 cum
1395 5354 1635 5410 pararem
1660 5342 1884 5403 recitare
1904 5341 2005 5397 lm-

424 5430 657 5501 peratori
692 5429 874 5488 laudes
911 5432 985 5505 (a)
1007 5473 1021 5495 .
1051 5432 1241 5503 quibus
1268 5433 1416 5504 plura
1459 5434 1732 5503 mentirer,
1763 5443 1817 5491 et
1849 5451 2000 5491 meno

375 5586 387 5612 ,_
488 5543 780 5612 (a)._Fortean
795 5543 1131 5612 Valentiniano
1141 5546 1328 5612 minori,
1346 5560 1455 5609 qma
1468 5548 1574 5611 ejus
1591 5547 1871 5598 «comitatus
1878 5549 2003 5612 apud

382 5606 387 5613 ‘
432 5622 454 5651 α
473 5604 852 5677 Mediolanum.)
879 5620 943 5657 ex
1183 5621 1288 5677 cap.
1312 5604 1403 5677 ἰὴ
1422 5604 1521 5677 ιυιῄ
1540 5618 1643 5660 erat
1653 5604 1954 5677 constitutus,
1973 5628 1995 5657 ι

423 5668 623 5735 ςᾳηι-ίιή
646 5667 945 5735 rhetoricam
957 5730 968 5735 _
980 5667 1163 5735 promet
1174 5667 1295 5735 ιθὼς
1309 5667 1632 5735 Augustinus;
1666 5673 1747 5735 qui
1767 5667 2001 5734 praeterea

422 5726 506 5776 lib.
528 5730 558 5778 5
574 5739 740 5793 contra
757 5726 1114 5793 Petiliani'Litt.,
1133 5746 1236 5793 cap.
1256 5733 1317 5782 25
1330 5768 1343 5791 ,
1362 5726 1527 5785 scribit
1541 5748 1596 5785 se
1615 5726 1664 5785 in
1685 5726 1862 5783 eadem
1879 5726 2001 5785 urbe

428 5808 451 5836 α
470 5791 663 5859 itautoni
681 5790 865 5859 consuli
882 5790 1095 5859 calendis
1109 5790 1309 5853 janitarii
1334 5790 1533 5845 laudem
1551 5810 1635 5859 pro
1654 5810 1738 5844 sua
1756 5806 1868 5845 tunc
1884 5795 1999 5847 rhe-

425 5868 450 5899 ι
467 5852 614 5903 torica
631 5850 929 5916 professione
945 5850 1192 5908 recitaSse.
1209 5872 1230 5901 υ

1593 356 2101 423 CUNFESSIONUM
2139 359 2196 415 S.
2240 358 2602 417 AUGUS'l‘lNl

3626 361 3727 419 724

2149 477 2293 532 tienti
2331 477 2592 532 faveretnr
2625 474 2690 531 ab
2724 468 3045 541 scientibus,
3074 488 3270 547 eaSque
3308 490 3464 533 curas
3501 476 3720 535 anhela-

2145 580 2228 626 ret
2256 586 2348 625 cor
2386 586 2593 639 meum,
2625 578 2677 625 et
2705 569 3078 640 cogitationum
3114 570 3443 627 tabificarum
3488 574 3724 633 febribus

2144 668 2432 729 mstuaret,‘
2455 662 2717 718 transiens
2739 678 2833 733 per
2860 662 3143 733 quemdam
3172 664 3345 719 vicum
3368 664 3724 723 Mediolanen-

2143 770 2256 811 sem
2282 797 2295 821 ,
2321 755 2668 811 animadverti
2709 762 2997 828 pauperem
3041 755 3339 812 mendicum
3360 800 3375 825 ,
3421 758 3530 828 jam
3561 760 3721 815 credo

2142 857 2377 901 saturum
2402 888 2417 915 ,
2451 846 2718 918 jocantem
2760 855 2917 916 atque
2961 846 3227 903 leuantem
3260 858 3353 904 :et
3376 849 3605 922 ingemui
3628 894 3643 919 ,
3669 861 3724 909 et

2141 938 2347 993 locutus
2374 953 2491 994 sum
2518 954 2638 994 cum
2689 938 2874 993 amicis
2917 938 3006 1010 qui
3051 954 3259 995 mecum
3290 952 3482 1010 erant,
3528 943 3720 1000 multos

2139 1030 2350 1087 dolores
2392 1032 2715 1087 insaniamm
2744 1041 3040 1087 nostrarum
3060 1074 3076 1101 ,
3105 1035 3228 1104 quia
3257 1035 3503 1091 omnibus
3531 1036 3720 1094 talibus

2140 1124 2413 1180 conatibus
2437 1124 2633 1180 nostris
2654 1168 2667 1191 ,
2714 1126 2956 1195 qualibus
2987 1137 3108 1182 tunc
3136 1128 3443 1185 laborabam
3462 1172 3477 1199 ,
3506 1132 3605 1187 sub
3628 1134 3721 1188 sti-

2139 1217 2295 1271 mulis
2320 1217 2665 1287 cupiditatum
2692 1216 2907 1273 trahens
2928 1217 3248 1274 infelicitatis
3278 1236 3412 1275 meae
3437 1223 3715 1290 sarcinam,

2138 1318 2192 1365 et
2218 1309 2478 1365 trahendo
2504 1326 2827 1382 exaggerans
2851 1354 2865 1379 ,
2898 1310 3026 1366 nihil
3071 1313 3323 1368 vellemus
3353 1315 3494 1369 aliud
3522 1317 3621 1371 nisi
3654 1318 3716 1373 ad

2138 1420 2379 1459 securam
2421 1404 2651 1459 laetitiam
2696 1404 2972 1475 pervenire
2995 1447 3008 1471 ,
3043 1421 3146 1476 quo
3176 1422 3271 1462 nos
3317 1407 3593 1463 mendicus
3631 1409 3718 1465 ille

2133 1497 2241 1567 jam
2285 1498 2685 1568 praecessisset,
2718 1509 2983 1568 nunquam
3028 1496 3249 1552 fortasse
3280 1499 3401 1554 illuc
3428 1503 3713 1558 venturos!

2056 1596 2061 1599 ‘
2136 1589 2284 1655 Quod
2315 1590 2455 1644 enim
2480 1588 2588 1660 jam
2612 1591 2698 1646 ille
2720 1591 2955 1661 pauculis
2980 1599 3034 1646 et
3060 1590 3404 1649 emendicatis
3431 1597 3716 1653 nummulis

2134 1682 2356 1752 adeptus
2384 1691 2516 1748 erat,
2548 1683 2611 1737 ad
2653 1682 2753 1737 hoc
2779 1699 2877 1754 ego
2908 1693 3016 1740 tam
3046 1684 3358 1739 aerumnosis
3392 1684 3715 1743 anfractibus

2136 1784 2189 1830 et
2213 1774 2517 1830 circuitihus
2538 1775 2855 1842 ambiebam,
2886 1775 2952 1830 ad
2976 1775 3208 1830 laetitiam
3236 1776 3436 1831 scilicet
3462 1786 3717 1848 tempora-

2135 1865 2199 1921 lis
2224 1866 2509 1923 felicitatis.
2541 1866 2654 1922 Non
2685 1868 2829 1923 enim
2857 1883 3042 1922 verum
3068 1868 3315 1937 gaudium
3346 1867 3589 1934 habebat,
3622 1871 3714 1925 sed

2134 1962 2189 2011 et
2221 1972 2318 2026 ego
2348 1956 2450 2012 illis
2479 1957 2854 2013 ambitionibus
2880 1958 3048 2013 multo
3079 1957 3261 2013 falsius
3299 1959 3619 2028 quzrrebam.
3648 1960 3717 2015 Et

2055 2057 2072 2068 ‘
2133 2057 2279 2104 certe
2304 2048 2390 2103 ille
2430 2048 2739 2118 laetabatur,
2783 2065 2881 2120 ego
2923 2049 3111 2104 anxius
3140 2064 3323 2116 eram;
3355 2065 3575 2108 securus
3603 2051 3711 2118 ille,

2134 2155 2233 2211 ego
2256 2141 2509 2211 trepidus.
2543 2140 2610 2195 Et
2638 2142 2679 2195 si
2706 2141 2981 2214 quisquam
3004 2149 3400 2212 percontaretur
3416 2158 3520 2210 me,
3539 2154 3712 2197 utrum

2136 2233 2343 2287 mallem
2374 2232 2639 2288 exsultare
2672 2218 3041 2299 animetuere;
3074 2232 3488 2304 resiionderem,
3525 2232 3714 2289 Exsul-

2133 2331 2264 2378 tare.
2298 2323 2499 2380 Rursus
2527 2326 2574 2380 si
2602 2326 2968 2395 interrogaret,
3002 2334 3175 2380 utrum
3201 2341 3286 2380 me
3311 2326 3471 2381 talem
3504 2327 3713 2382 mallem

2132 2417 2301 2488 qualis
2329 2417 2433 2483 ille,
2467 2433 2533 2472 an
2564 2418 2736 2489 qualis
2762 2434 2861 2490 ego
2891 2427 3013 2474 tunc
3039 2434 3244 2484 essem;
3276 2417 3537 2488 meipsum
3572 2419 3715 2475 curis

2133 2510 2515 2582 timoribusque
2538 2502 2843 2571 confectum
2880 2512 3131 2584 eligerem
3159 2531 3172 2567 :
3201 2511 3294 2567 sed
3328 2513 3709 2582 perversitate;

2131 2603 2384 2672 numquid
2409 2604 2665 2659 veritate?
2689 2603 2867 2673 Neque
2910 2605 3048 2659 enim
3088 2620 3153 2659 eo
3180 2618 3265 2658 me
3297 2619 3605 2674 przeponere
3640 2605 3713 2661 illi

2130 2693 2387 2749 debebam
2413 2735 2428 2761 ,
2466 2710 2572 2765 quo
2600 2695 2805 2751 doctior
2838 2711 3006 2761 eram,
3028 2696 3276 2766 quoniam
3304 2711 3411 2750 non
3435 2694 3557 2751 inde
3581 2711 3711 2767 gau-

2130 2783 2320 2840 debam
2341 2828 2354 2852 ,
2384 2785 2476 2841 sed
2504 2787 2712 2855 placere
2740 2786 2863 2841 inde
2900 2785 3202 2857 quaerebam
3243 2786 3579 2853 hominibus;
3609 2803 3712 2842 non

2129 2888 2189 2933 ut
2216 2894 2309 2933 eos
2336 2878 2581 2933 docerem
2603 2920 2617 2945 ,
2647 2878 2743 2934 sed
2786 2886 2989 2933 tantum
3020 2887 3076 2932 ut
3105 2878 3386 2947 placerem.
3427 2877 3713 2948 Propterea

2129 2978 2183 3024 et
2210 2980 2263 3024 ut
2296 2970 2484 3024 baculo
2509 2969 2802 3042 disciplina:
2833 2980 2933 3024 tute
2959 2967 3331 3040 confringebas
3349 2984 3469 3024 ossa
3495 2984 3638 3023 mea.

2201 3063 2286 3119 10.
2336 3063 2605 3118 Recedant
2643 3078 2768 3135 ergo
2806 3062 2872 3117 ab
2912 3062 3085 3119 anima
3122 3076 3240 3117 mea
3281 3062 3372 3132 qui
3413 3061 3592 3116 dicunt
3619 3062 3708 3118 ei:
3762 3055 3768 3061 ’

2128 3154 2352 3210 Interest
2389 3155 2527 3209 unde
2563 3154 2681 3225 quis
2716 3154 2959 3225 gaudeat.
3002 3153 3281 3209 Gaudebat
3322 3153 3594 3208 mendicus
3622 3152 3711 3208 ille

2129 3244 2447 3311 vinolentia;
2497 3253 2551 3300 tu
2578 3244 2808 3317 gaudere
2844 3244 3096 3315 cupiebas
3136 3245 3321 3315 gloria.
3354 3246 3468 3311 Qua
3507 3244 3708 3314 gloria,

2130 3339 2390 3395 Domine?
2417 3339 2547 3408 Quae
2592 3356 2697 3395 non
2725 3344 2806 3395 est
2832 3340 2886 3395 in
2916 3349 2985 3395 te.
3024 3340 3154 3394 Nam
3197 3340 3334 3394 sicut
3368 3340 3496 3395 illud
3526 3356 3711 3397 verum

2126 3432 2373 3503 gaudium
2406 3448 2513 3487 non
2539 3440 2671 3499 erat,
2704 3432 2775 3486 ita
2796 3447 2895 3488 nec
2920 3432 3006 3486 illa
3034 3447 3155 3487 vera
3182 3431 3383 3503 gloria;
3407 3441 3461 3488 et
3484 3433 3710 3503 arnpiius

2128 3524 2365 3579 vertebat
2395 3532 2625 3579 mentem
2655 3539 2849 3579 meam.
2879 3523 2947 3579 Et
2973 3522 3061 3579 ille
3091 3524 3201 3593 ipsn
3231 3533 3384 3579 nocte
3404 3525 3706 3596 digestarus

2128 3624 2243 3669 erat
2270 3616 2578 3671 ebrietatem
2617 3629 2801 3682 suam;
2834 3631 2933 3686 ego
2972 3631 3093 3670 cum
3134 3630 3248 3671 mea
3288 3616 3607 3672 dormieram
3653 3625 3710 3673 et

2129 3722 2489 3775 surrexeram,
2519 3716 2572 3763 et
2596 3708 2917 3763 dormiturus
2938 3718 2992 3764 et
3016 3716 3351 3764 surrecturus
3377 3724 3523 3765 eram
3548 3728 3563 3777 ;
3591 3710 3709 3767 vide

2129 3809 2256 3871 quot
2278 3800 2483 3856 diebus.
2515 3801 2737 3858 Interest
2778 3817 2903 3857 vero
2932 3802 3072 3858 unde
3114 3802 3232 3873 quis
3271 3802 3515 3873 gaudeat,
3559 3804 3704 3869 scio,

2128 3902 2182 3950 et
2209 3894 2454 3965 gaudium
2485 3894 2595 3965 spei
2625 3895 2793 3952 fidelis
2822 3895 3309 3967 incomparabiliter
3338 3895 3495 3951 distat
3527 3895 3595 3952 ab
3620 3896 3708 3951 illa

2127 3987 2390 4052 vanitate;
2436 3986 2528 4043 sed
2576 3997 2631 4043 et
2674 3995 2797 4043 tunc
2839 3987 3067 4043 distabat
3109 3988 3248 4043 inter
3287 4003 3406 4043 nos.
3447 3987 3706 4045 Nimirum

2125 4080 2320 4150 quippe
2352 4079 2437 4135 ille
2466 4080 2668 4137 felicior
2694 4089 2841 4146 erat,
2884 4095 2989 4137 non
3029 4089 3232 4136 tantum
3269 4081 3411 4153 quod
3442 4082 3706 4138 hilaritate

2125 4171 2569 4243 perfundebatur,
2610 4188 2729 4228 cum
2779 4187 2878 4244 ego
2919 4174 3061 4228 curis
3107 4174 3462 4241 cviscerarer;
3518 4190 3703 4229 verum

2125 4264 2320 4332 etiam,
2352 4263 2489 4334 quod
2521 4264 2609 4319 ille
2648 4263 2782 4319 bene
2817 4264 3049 4336 Optando
3091 4266 3445 4336 acquisiverat
3484 4266 3661 4321 vinum
3685 4308 3701 4333 ,

2125 4373 2223 4429 ego
2252 4356 2557 4413 mentiendo
2596 4358 2896 4428 qurereham
2938 4359 3178 4431 typlium.
3217 4360 3333 4415 Dixi
3370 4370 3495 4415 tunc
3536 4359 3701 4416 multa

2124 4450 2175 4504 in
2204 4448 2302 4502 hac
2331 4450 2591 4505 sententia
2619 4450 2793 4505 charis
2822 4451 2957 4507 meis
2976 4493 2990 4517 ,
3017 4459 3071 4506 et
3097 4467 3240 4521 saepe
3276 4451 3612 4506 advertebant
3646 4452 3699 4506 in

2122 4539 2206 4595 his
2248 4540 2514 4611 quomodo
2558 4541 2687 4597 mihi
2714 4552 2889 4609 esset;
2935 4552 2987 4598 et
3029 4544 3355 4599 inveniebam
3389 4545 3526 4599 male
3569 4545 3699 4599 mihi

2120 4649 2272 4700 esse,
2308 4643 2361 4689 et
2402 4633 2645 4706 dolebam
2681 4644 2734 4691 et
2759 4635 3192 4706 conduplieabam
3228 4637 3397 4707 ipsum
3442 4637 3599 4693 male.
3633 4636 3697 4693 Et

2119 4723 2161 4779 si
2193 4722 2317 4793 quid
2348 4723 2614 4780 arrisisset
2642 4740 2985 4796 prosperum,
3020 4726 3250 4782 Ledebat
3276 4727 3694 4797 apprehendere,

2118 4815 2240 4886 quia
2270 4830 2403 4887 pene
2433 4815 2740 4888 priusquam
2766 4825 3066 4885 teneretur,
3098 4818 3361 4874 avolabat.

2786 4931 3013 4989 CAPUT
3052 4932 3164 4991 VII.

2328 5022 2567 5096 Alypium
2596 5040 2628 5077 a
2665 5022 2971 5079 Circensium
2995 5025 3193 5079 insania
3221 5025 3481 5080 convertit.

2185 5114 2271 5179 ii.
2304 5114 2838 5186 Congemiscebamus
2872 5116 2924 5171 in
2952 5117 3016 5172 iis
3044 5117 3133 5191 qui
3165 5117 3320 5172 simul
3350 5119 3521 5174 amice
3546 5117 3683 5174 viveo

2111 5205 2301 5261 bamus
2323 5246 2338 5271 ,
2366 5216 2421 5261 et
2449 5208 2677 5262 maxime
2719 5223 2782 5262 ac
2816 5205 3229 5263 familiarissime
3267 5224 3387 5264 cum
3416 5208 3605 5281 Alypio
3637 5216 3689 5264 et

2110 5295 2362 5351 Nebridio
2387 5297 2485 5352 ista
2506 5296 2878 5375 colloquebar;
2902 5313 3129 5368 quorum
3150 5299 3370 5368 Alypius
3391 5315 3456 5353 ex
3476 5298 3686 5365 eodem,

2108 5403 2217 5459 quo
2244 5403 2372 5460 ego,
2411 5398 2560 5444 ortus
2586 5398 2700 5444 erat
2737 5388 3060 5459 municipio,
3091 5388 3399 5459 parentibus
3441 5390 3683 5461 primati-

2111 5478 2213 5535 bus
2236 5479 2677 5553 municipalibus,
2705 5496 2791 5537 me
2819 5482 2995 5536 minor
3028 5492 3173 5536 natu.
3203 5480 3335 5536 Nam
3372 5489 3425 5536 et
3465 5480 3685 5536 studue-

2109 5585 2193 5629 rat
2219 5573 2355 5644 apnd
2392 5588 2512 5642 me,
2542 5588 2662 5628 eum
2692 5573 2747 5629 in
2776 5582 2961 5629 nostro
2988 5574 3180 5630 docere
3208 5574 3346 5643 coepi
3366 5571 3596 5643 oppido,
3631 5579 3686 5627 et

2110 5674 2289 5735 postea
2317 5664 2621 5736 Carthagini
2662 5683 2677 5721 :
2708 5673 2763 5721 et
2789 5663 3041 5736 diligebat
3068 5680 3153 5720 me
3183 5665 3437 5729 multum.
3469 5661 3611 5733 quod
3635 5665 3685 5717 ei

2109 5756 2276 5812 bonus
2303 5767 2357 5811 et
2397 5757 2584 5813 doetus
2621 5757 2860 5824 viderer;
2889 5766 2944 5814 et
2985 5772 3083 5837 ego
3112 5756 3296 5831 illum,
3331 5764 3548 5833 prepter
3572 5770 3687 5810 ma-

2105 5865 2264 5922 gnam
2293 5849 2500 5907 virtutis
2524 5850 2752 5907 indolem
2774 5891 2789 5915 ,
2811 5865 2930 5921 qua:
2950 5850 3003 5906 in
3023 5864 3127 5907 non
3158 5864 3347 5923 magna
3374 5857 3531 5907 aetate
3553 5845 3683 5905 satis
