4116 6366
456 271 557 327 725

450 388 737 444 eminebat.
780 384 985 456 Gurges
1028 389 1204 438 tamen
1245 394 1451 435 morum
1495 378 1985 449 Carthaginensium
2012 420 2025 443 ,

451 480 642 550 quibus
697 475 971 548 nugatoria
1030 470 1237 529 fervent
1296 470 1629 541 spectacula,
1686 470 2029 525 absorbuerat

448 588 567 626 cum
608 572 659 624 in
702 568 961 623 insaniam
990 564 1316 622 Circensium
1355 584 1365 618 :
1399 556 1492 619 sed
1525 580 1643 618 cum
1676 564 1725 617 in
1770 580 1833 617 eo
1872 564 2029 617 mise-

447 660 683 719 rabiliter
724 659 1056 726 volveretur,
1085 672 1183 727 ego
1221 668 1393 711 autem
1438 654 1757 711 rhetoricam
1791 655 1861 711 ibi
1902 671 2025 724 prec

448 757 621 811 fessus
643 746 852 826 publica
884 748 1063 806 schola
1096 760 1290 814 uterer,
1323 748 1558 802 nondum
1588 763 1672 802 me
1701 745 1943 801 audiebat
1970 753 2026 800 ut

446 851 755 920 magistrum
777 890 791 914 ,
820 854 1036 916 prOpter
1073 842 1351 914 quamdam
1399 840 1713 895 simultatem
1744 857 1857 910 quae
1887 838 2024 893 inter

446 960 531 998 me
558 950 609 996 et
638 947 843 1012 patrem
874 938 987 1008 ejus
1017 945 1130 991 erat
1153 942 1363 1000 exorta,
1405 942 1457 987 et
1481 948 1843 1003 compereram
1881 930 2019 1002 quod

445 1036 642 1090 circum
695 1030 1031 1086 exitiabiliter
1077 1033 1312 1091 amaret,
1364 1033 1417 1079 et
1476 1025 1704 1094 graviter
1749 1023 2016 1094 angebar,

443 1127 579 1199 quod
613 1136 806 1180 tantam
849 1139 997 1193 Spem
1038 1119 1369 1191 perditurus,
1406 1116 1489 1171 vel
1534 1118 1687 1172 etiam
1726 1116 2017 1187 perdidisse

443 1222 571 1277 mihi
601 1218 896 1274 videbatur.
934 1214 1038 1271 Sed
1071 1212 1317 1269 monendi
1354 1228 1472 1267 eum
1512 1222 1563 1266 et
1602 1212 1773 1281 aliqua
1812 1213 2013 1266 coerci-

442 1314 585 1369 tione
612 1308 891 1367 revocandi
920 1308 1057 1361 nulla
1085 1315 1200 1361 erat
1244 1305 1392 1373 copia
1414 1346 1426 1370 ,
1472 1304 1551 1356 vel
1579 1301 1819 1355 amicitie
1851 1300 2014 1358 bene-

439 1406 665 1459 volentia
691 1445 706 1471 ,
739 1403 817 1455 vel
842 1402 959 1472 jure
1000 1398 1304 1468 magisterii.
1336 1395 1586 1449 Putabam
1619 1394 1759 1450 enim
1791 1411 1908 1447 eum
1948 1393 2015 1450 de

439 1486 524 1552 me
567 1512 685 1550 cum
714 1502 859 1565 patre
898 1492 1122 1555 sentire;
1155 1490 1243 1544 ille
1274 1503 1398 1542 vero
1430 1503 1532 1541 non
1565 1487 1641 1541 sic
1670 1495 1801 1540 erat.
1836 1484 2015 1557 Itaque

439 1589 726 1660 postposita
760 1587 809 1639 in
854 1585 951 1637 hac
996 1598 1051 1637 re
1098 1582 1260 1651 patris
1299 1578 1606 1645 voluntate,
1658 1578 1886 1633 salutare
1931 1594 2013 1634 me

437 1689 694 1749 cmperat,
730 1678 943 1731 veniens
976 1676 1026 1729 in
1058 1674 1370 1728 auditorium
1402 1688 1599 1737 meum,
1628 1678 1681 1726 et
1706 1672 1887 1726 audire
1912 1672 2007 1726 ali-

436 1772 559 1844 quid
590 1782 744 1841 atque
772 1768 934 1823 abire.

510 1863 595 1918 1‘2.
635 1862 739 1917 Sed
766 1861 903 1914 enim
940 1858 1005 1913 de
1036 1855 1286 1911 memoria
1314 1854 1441 1908 mibi
1480 1854 1684 1925 lapsum
1715 1863 1826 1909 erat
1852 1871 2009 1925 agere

436 1972 553 2011 cum
585 1948 693 2017 illo,
724 1966 791 2008 ne
814 1962 1065 2006 vanorum
1094 1949 1336 2003 ludorum
1369 1962 1508 2003 cmco
1536 1954 1589 2002 et
1616 1947 1865 2017 praecipiti
1898 1956 2007 2003 stu-

435 2049 521 2104 dio
554 2058 657 2103 tam
688 2048 882 2102 bonum
914 2043 1243 2097 interimeret
1270 2040 1559 2109 ingenium.
1590 2039 1781 2093 Verum
1809 2046 2002 2105 autem,

436 2140 673 2204 Domine,
725 2148 776 2191 tu
813 2136 899 2207 Qui
930 2132 1182 2204 prmsides
1210 2131 1578 2204 gubernaculis
1613 2132 1845 2184 omnium
1890 2147 2007 2201 qua:

435 2230 646 2296 creasti,
676 2242 778 2283 non
807 2241 924 2281 eum
956 2225 1146 2278 oblitus
1171 2238 1290 2277 eras
1314 2220 1543 2274 futurum
1568 2221 1703 2275 lutet“
1725 2214 1857 2274 ﬁlios
1890 2228 2007 2275 tuos

436 2326 720 2380 antistitem
760 2319 1071 2375 sacramenti
1103 2318 1177 2371 tui
1205 2335 1217 2383 ;
1250 2323 1303 2369 et
1336 2325 1389 2369 ut
1419 2323 1599 2384 aperte
1626 2315 1719 2368 tibi
1752 2315 2005 2369 tribuere-

435 2427 519 2471 tur
559 2416 673 2485 ejus
718 2413 974 2468 correctio
1000 2452 1013 2473 ,
1054 2425 1148 2480 per
1193 2424 1276 2461 me
1315 2406 1525 2477 quidem
1559 2406 1730 2473 illam,
1776 2405 1867 2461 sed
1914 2423 2006 2460 ne-

432 2509 685 2564 scientem
716 2515 964 2575 operatus
989 2498 1060 2557 cs.
1096 2501 1225 2555 Nam
1252 2498 1476 2569 qundam
1508 2490 1593 2552 die
1620 2513 1737 2551 cum
1766 2496 2002 2552 sederem

432 2602 548 2655 ioco
576 2596 732 2654 solito
759 2639 772 2662 ,
804 2594 856 2649 et
898 2608 1075 2647 coram
1106 2604 1191 2647 me
1219 2590 1465 2645 adessent
1504 2588 1742 2658 discipuli
1768 2631 1781 2655 ,
1827 2589 2002 2653 venit,

430 2692 692 2757 salutavit,
732 2688 888 2747 sedit.
917 2698 1072 2757 atque
1112 2686 1164 2739 in
1205 2699 1265 2739 ea
1297 2694 1413 2753 qum
1460 2682 1747 2753 agebantur
1775 2684 2003 2735 animum

430 2782 693 2841 intendit:
723 2790 776 2836 et
806 2782 939 2835 forte
968 2778 1123 2834 lectio
1154 2778 1203 2831 in
1236 2775 1475 2829 manibus
1514 2780 1627 2828 erat
1649 2816 1662 2841 ,
1691 2788 1844 2842 quam
1881 2771 2004 2826 dum

431 2886 747 2949 exponerem
774 2918 787 2942 ,
831 2882 882 2928 et
926 2876 1221 2943 opportune
1248 2869 1374 2923 mihi
1413 2866 1707 2921 adhibenda
1742 2865 2008 2919 videretur

430 2970 720 3026 similitudo
748 2966 1104 3028 Circensium,
1140 2979 1242 3033 quo
1270 2958 1397 3015 illud
1432 2958 1573 3029 qdod
1602 2956 1927 3011 insinuabant
1954 2962 2008 3011 et

424 3059 707 3132 jucundius
746 3066 799 3113 et
840 3050 1043 3127 planius
1087 3054 1266 3118 ﬁeret,
1316 3056 1434 3105 eum
1480 3050 1722 3104 irrisione
1773 3047 2005 3102 mordaci

429 3168 615 3209 eorum
661 3158 793 3222 quos
839 3149 921 3203 illa
961 3148 1278 3218 captivasset
1318 3143 1552 3207 insania;
1602 3152 1655 3198 tu
1694 3157 1826 3209 SCIS,
1868 3142 2006 3197 Deus

428 3252 647 3309 noster,
690 3240 830 3311 quod
876 3248 997 3293 tunc
1024 3238 1089 3293 de
1126 3237 1311 3307 Alypio
1348 3235 1412 3289 ab
1454 3236 1540 3289 illa
1583 3240 1728 3305 peste
1772 3232 2005 3289 Sanando

428 3348 534 3389 non
564 3331 928 3402 cogitaverim.
970 3329 1038 3382 At
1076 3328 1163 3382 ille
1202 3328 1253 3380 in
1298 3341 1355 3380 se
1394 3327 1602 3395 rapuit,
1652 3338 1839 3395 meque
1879 3324 2004 3379 illud

430 3440 537 3480 non
581 3420 684 3477 nisi
732 3428 947 3492 propter
988 3432 1045 3473 se
1076 3420 1273 3474 dixisse
1314 3415 1555 3471 credidit.
1598 3417 1662 3471 Et
1700 3415 1841 3486 quod
1873 3417 2004 3471 alius

429 3518 695 3587 acciperet
731 3515 794 3569 ad
836 3512 1253 3569 succensendum
1293 3510 1421 3564 mihi
1446 3553 1459 3575 ,
1507 3512 1707 3579 accepit
1751 3510 2004 3564 honestus

428 3610 739 3665 adolescens
762 3606 831 3659 ad
857 3603 1270 3660 succensendum
1302 3603 1432 3670 sibi,
1466 3608 1517 3656 e‘t
1543 3602 1606 3655 ad
1630 3617 1712 3655 me
1736 3602 2003 3656 ardentius

431 3702 772 3774 diligendum.
799 3701 1017 3755 Dixeras
1042 3699 1180 3753 enim
1204 3706 1256 3750 tu
1278 3699 1386 3767 jam
1420 3698 1545 3750 olim
1564 3740 1578 3764 ,
1620 3704 1671 3750 et
1694 3698 2003 3752 innexueras

430 3796 643 3852 Litten's‘
671 3792 1027 3862 tuistCorrtpe
1052 3792 1343 3861 sapientem,
1373 3799 1416 3843 et
1444 3790 1628 3843 natabit
1655 3801 1699 3843 te
1726 3789 1902 3859 (Prov.
1927 3806 1999 3857 rx,

429 3888 509 3961 8).
537 3888 603 3942 Αι
631 3894 730 3958 ego
758 3886 905 3940 illum
938 3886 1044 3954 jam
1077 3898 1181 3938 non
1223 3883 1610 3952 corripueram;
1650 3882 1741 3936 sed
1772 3888 1923 3937 utens
1948 3886 2001 3936 tu

429 3980 675 4035 omnibus
698 4021 712 4045 ,
752 3987 803 4032 et
848 3976 1134 4031 scientibus
1173 3983 1225 4029 et
1257 3975 1639 4042 nescientibus,
1672 3974 1856 4029 Ordine
1898 3990 2003 4045 quo

429 4071 605 4137 nosti,
645 4078 702 4126 et
731 4070 822 4125 ille
846 4068 979 4123 Ordo
998 4067 1170 4138 justus
1196 4072 1297 4132 est,
1324 4066 1389 4120 de
1413 4066 1573 4121 corde
1601 4073 1655 4119 et
1683 4066 1855 4133 lingua
1885 4080 2001 4120 mea

427 4162 688 4217 carbones
712 4160 960 4215 ardentes
996 4168 1243 4228 operatus
1270 4171 1360 4222 es,
1406 4158 1597 4228 quibus
1629 4166 1860 4212 mentem
1890 4159 2001 4227 spei

425 4251 583 4307 bonae
608 4251 861 4307 adurens
887 4250 1241 4304 tabescentem
1271 4288 1286 4314 ,
1330 4263 1391 4303 ac
1415 4262 1650 4305 sanares.
1675 4249 1868 4306 Taceat
1894 4251 2003 4305 lau-

427 4345 523 4400 des
554 4354 671 4399 tuas
698 4343 788 4415 qui
825 4342 1191 4398 miserationes
1223 4350 1339 4396 tuas
1365 4357 1471 4395 non
1508 4342 1838 4408 considerat,
1883 4359 2000 4413 qua)

426 4436 520 4491 tibi
550 4436 617 4491 de
645 4435 893 4489 medullis
914 4434 1047 4489 meis
1066 4434 1401 4488 conﬁtentur.
1431 4433 1637 4488 Etenim
1662 4435 1749 4489 ille
1773 4445 1891 4505 post
1915 4437 1999 4491 illa

423 4528 586 4582 verba
629 4526 890 4596 proripuit
928 4540 987 4580 se
1015 4539 1076 4579 ex
1119 4523 1269 4578 fores
1301 4535 1404 4577 tam
1445 4525 1583 4591 alta,
1631 4532 1731 4595 qua
1775 4525 2002 4581 libenter

425 4618 863 4689 demergebatur,
891 4625 946 4671 et
967 4626 1087 4671 eum
1118 4615 1405 4669 miserabili
1430 4615 1698 4683 voluptate
1723 4617 1741 4647 *
1767 4614 2001 4670 caecaba-

426 4720 545 4774 tur;
583 4718 637 4763 et
670 4708 904 4763 excussit
929 4707 1160 4761 animum
1190 4705 1311 4760 forti
1339 4708 1704 4775 temperantis,
1734 4716 1787 4762 et
1810 4708 1998 4763 resilu-

428 4810 582 4858 erunt
630 4814 817 4857 omnes
852 4799 1177 4856 Circensium
1218 4800 1403 4855 sordes
1437 4800 1505 4854 ab
1538 4812 1603 4855 eo
1626 4841 1639 4865 ,
1672 4801 2000 4871 ampliusque

425 4896 552 4950 illuc
580 4910 688 4949 non
714 4894 954 4950 accessit.
998 4892 1195 4947 Deinde
1222 4901 1423 4962 patrem
1451 4895 1792 4949 reluctantem
1822 4896 1995 4962 evicit,

423 4996 481 5040 ut
517 5001 603 5040 me
631 4985 884 5054 magistro
909 4993 1150 5039 uteretur
1176 5000 1189 5037 :
1221 4985 1379 5038 cessit
1418 4984 1503 5038 ille
1532 4994 1687 5054 atque
1717 4987 1995 5040 concessit.

422 5079 491 5135 Et
516 5078 700 5133 audire
722 5092 807 5132 me
842 5092 1031 5131 rursus
1058 5076 1343 5145 incipiens,
1375 5076 1462 5129 illa
1507 5091 1711 5131 mecum
1744 5079 1997 5146 supersti-

421 5171 567 5224 tione
598 5168 863 5224 invoiutus
898 5177 1016 5234 est,
1060 5181 1245 5220 amans
1279 5167 1333 5235 in
1378 5166 1679 5221 Manichreis
1721 5170 1999 5222 ostentati-

423 5277 582 5315 onem
624 5259 995 5322 continentiae,
1024 5273 1183 5328 quam
1210 5272 1389 5313 veram
1422 5266 1478 5311 et
1512 5274 1814 5329 germanam
1846 5269 1995 5329 puta-

424 5357 535 5409 bat.
571 5355 699 5408 Erat
739 5361 913 5407 autem
958 5352 1043 5406 illa
1078 5365 1261 5405 vecors
1288 5361 1340 5405 et
1366 5350 1662 5407 sednetoria
1686 5394 1700 5419 ,
1742 5354 1998 5421 pretiosas

425 5448 631 5501 animas
654 5454 873 5515 captans
891 5486 906 5512 ,
934 5444 1164 5499 nondum
1193 5444 1402 5499 virtutis
1424 5442 1751 5498 altitudinem
1773 5446 1999 5499 scientes

422 5547 663 5607 tangere,
694 5544 750 5591 et
776 5534 1053 5606 superﬁcie
1073 5535 1242 5605 decipi
1269 5535 1471 5605 faciles,
1492 5535 1588 5593 sed
1610 5544 1786 5592 tamen
1812 5535 1999 5590 adum-

421 5630 591 5686 bruta:
618 5628 988 5699 simulatatqne
1014 5629 1237 5684 virtutis.

490 5743 509 5774 ³
529 5748 651 5793 παι
665 5745 771 5793 Mss.
793 5739 925 5804 Ausi.
949 5754 961 5789 :
982 5748 1101 5791 Cum
1114 5739 1239 5792 mira
1254 5739 1505 5807 voluptate.

1822 264 2024 323 LIBER
2052 263 2348 331 SEXTUS.

3615 295 3716 351 796

2806 390 3028 450 CAPUT
3071 395 3199 451 Vill.

2194 476 2403 547 Alypius
2430 480 2626 550 capitur
2654 482 2853 536 insania
2882 485 3115 541 ludorum
3142 490 3587 563 gladiatoriorum,
3615 515 3647 551 α

2553 573 2729 642 quibus
2759 586 2905 629 antea
2941 579 3284 635 tib/torruerat.

2205 657 2288 712 15.
2332 646 2450 716 Non
2479 677 2607 719 sane
2636 666 2938 737 relinquens
2981 669 3298 728 incantatam
3330 676 3428 730 sibi
3458 692 3486 731 a
3516 693 3709 749 paren-

2131 746 2270 805 tibus
2300 760 2563 810 terrenam
2608 758 2744 812 viam
2771 802 2786 828 ,
2833 761 3052 818 Romam
3098 781 3483 840 pratcesserat,
3518 746 3581 827 ut
3620 776 3710 845 jus

2128 840 2391 909 disceret;
2425 855 2477 901 et
2502 847 2577 902 ibi
2602 850 2897 920 gladiatorii
2926 859 3211 924 spectaculi
3241 858 3385 915 hiatu
3414 840 3707 924 incredibili

2126 943 2178 989 et
2208 936 2584 995 incredibiliter
2611 944 2859 1017 abreptus
2899 958 2999 1003 est.
3031 950 3161 1005 Cum
3192 955 3330 1008 enim
3371 970 3707 1017 aversaretur

2124 1033 2175 1078 et
2201 1025 2553 1085 detestaretur
2586 1036 2725 1102 talia,
2755 1039 2965 1107 quidam
3009 1043 3123 1110 ejus
3150 1046 3302 1100 amici
3347 1056 3401 1103 et
3439 1052 3703 1108 condisci-

2124 1116 2264 1184 puli,
2297 1134 2414 1173 cum
2441 1119 2576 1178 forte
2614 1124 2677 1180 de
2726 1130 2944 1197 prandio
2992 1132 3333 1191 redeuntibus
3374 1143 3584 1209 pervius
3614 1160 3701 1199 cs-

2121 1217 2203 1263 set
2230 1210 2244 1241 ¹
2269 1254 2281 1273 ,
2312 1227 2641 1271 recusantem
2672 1220 3011 1278 vehementer
3036 1236 3087 1279 et
3126 1230 3496 1302 resistentem,
3544 1236 3699 1290 fami-

2120 1299 2235 1355 liari
2264 1303 2507 1359 violentia
2541 1305 2801 1365 duxerunt
2834 1314 2883 1367 in
2915 1317 3383 1387 amphitheatrum,
3408 1299 3699 1381 crudelium

2119 1402 2172 1447 et
2209 1394 2535 1451 funestorum
2577 1399 2819 1457 ludorum
2864 1406 3078 1476 diebus,
3128 1409 3239 1464 inec
3287 1412 3588 1469 dicentem:
3640 1418 3700 1472 Si

2118 1500 2299 1555 corpus
2326 1505 2483 1542 meum
2515 1490 2567 1543 in
2592 1491 2737 1545 illum
2766 1496 2927 1549 locum
2956 1499 3174 1567 trahitis,
3208 1511 3252 1555 et
3281 1501 3347 1555 ibi
3367 1507 3699 1572 constituitis;

2118 1581 2356 1649 numquid
2391 1594 2435 1635 et
2479 1584 2701 1639 animum
2742 1599 2785 1641 et
2827 1590 2999 1644 oculos
3040 1609 3171 1645 meos
3211 1594 3263 1646 in
3291 1593 3380 1648 illa
3414 1600 3697 1667 spectacula

2116 1674 2319 1739 potestis
2346 1675 2640 1731 intendere?
2681 1679 2846 1733 Adero
2876 1688 3040 1753 itaque
3068 1684 3245 1739 absens
3267 1728 3281 1752 ,
3326 1704 3384 1740 ac
3426 1689 3497 1741 sic
3526 1700 3571 1743 et
3613 1708 3697 1745 vos

2115 1770 2158 1815 et
2184 1762 2272 1815 illa
2301 1766 2565 1834 superabo.
2600 1767 2800 1834 Quibus
2825 1772 3018 1825 auditis
3041 1817 3052 1835 ,
3079 1775 3153 1828 illi
3182 1775 3344 1829 nihilo
3376 1779 3547 1833 secius
3575 1796 3696 1835 eum

2114 1851 2443 1909 adduxerunt
2485 1874 2683 1925 secum,
2730 1860 2955 1931 ldipsum
3000 1862 3133 1919 forte
3162 1867 3438 1936 explorare
3474 1872 3695 1941 cupien-

2115 1952 2211 2011 tes,
2240 1956 2413 2001 utrum
2446 1959 2620 2017 posset
2644 1944 2875 2008 efficere.
2902 1955 3017 2023 Quo
3043 1958 3129 2011 ubi
3158 1970 3369 2014 ventum
3402 1970 3503 2027 est,
3530 1972 3583 2017 et
3607 1979 3693 2017 se-

2111 2038 2261 2091 dibus
2290 2041 2477 2108 quibus
2512 2053 2796 2112 potuerunt
2824 2046 2979 2101 locati
3021 2058 3173 2117 sunt,
3215 2048 3493 2107 fervebant
3518 2054 3694 2109 omnia

2111 2128 2509 2186 immanissimis
2536 2135 2909 2204 voluptatibus.
2942 2137 3033 2193 Ille
3063 2140 3256 2197 clausis
3286 2140 3485 2199 foribus
3514 2146 3695 2200 oculo-

2110 2235 2259 2286 rum,
2290 2222 2562 2277 interdixit
2600 2227 2776 2279 animo
2803 2244 2871 2281 ne
2910 2228 2958 2282 in
3002 2239 3146 2285 tanta
3182 2233 3317 2286 mala
3352 2234 3692 2304 procederet;

2110 2324 2267 2383 atque
2315 2317 2513 2369 utinam
2560 2327 2611 2372 et
2650 2334 2804 2373 aures
2844 2308 3237 2379 obituravissetl
3284 2323 3415 2380 Nam
3464 2325 3692 2396 quodam

2110 2419 2299 2475 pugna:
2329 2421 2451 2461 casu
2480 2451 2493 2475 ,
2527 2422 2645 2462 cum
2674 2410 2874 2464 clamor
2904 2411 3089 2481 ingens
3122 2414 3280 2470 totius
3311 2416 3488 2486 populi
3533 2417 3693 2472 vehe-

2111 2509 2314 2554 menter
2341 2516 2458 2555 eum
2488 2502 2750 2569 puisasset
2770 2547 2782 2568 ,
2809 2505 3112 2560 curiositate
3138 2506 3306 2563 vietus
3331 2520 3384 2563 et
3413 2510 3557 2579 quasi
3600 2526 3691 2579 pa-

2110 2600 2255 2645 ratus
2283 2592 2535 2662 quidquid
2573 2593 2699 2648 illud
2728 2605 2897 2664 esset,
2939 2598 3096 2651 etiam
3140 2599 3308 2654 visum
3347 2611 3690 2657 contemnere

2110 2692 2162 2739 et
2182 2685 2425 2752 vincere,
2456 2688 2661 2756 aperuit
2701 2688 2914 2754 oculos;
2945 2694 2994 2743 et
3038 2706 3317 2760 percussus
3339 2702 3419 2747 est
3451 2694 3692 2763 graviore

2110 2776 2328 2831 vulnere
2358 2778 2407 2830 in
2436 2779 2610 2831 anima
2634 2821 2648 2845 ,
2678 2794 2833 2849 quam
2884 2778 2971 2835 ille
3014 2784 3064 2835 in
3095 2798 3317 2852 corpore
3340 2824 3354 2851 ,
3386 2800 3541 2855 quem
3573 2800 3691 2841 cer-

2111 2880 2239 2923 nere
2276 2868 2613 2938 concupivit,
2664 2870 2957 2941 ceciditque
3010 2873 3363 2929 miserabilius
3405 2891 3559 2944 quam
3604 2876 3693 2929 ille

2111 2976 2214 3030 quo
2240 2961 2458 3016 cadente
2489 2962 2656 3016 factus
2673 2971 2753 3017 est
2772 2964 2970 3018 clamor
2996 2964 3084 3035 qui
3108 2982 3201 3035 per
3216 2967 3332 3037 ejus
3353 2983 3506 3021 aures
3531 2967 3694 3022 intra-

2112 3052 2215 3112 vit,
2248 3062 2300 3107 et
2328 3053 2579 3107 reseravit
2607 3055 2721 3124 ejus
2760 3048 2990 3119 lumina,
3038 3066 3093 3110 ut
3133 3068 3277 3112 esset
3314 3074 3413 3128 qua
3448 3060 3693 3115 feriretur

2112 3151 2164 3196 et
2190 3142 2509 3213 dijeceretur
2547 3144 2717 3198 audax
2756 3142 2928 3200 adhuc
2974 3149 3150 3215 potius
3187 3164 3341 3217 quam
3383 3148 3534 3203 fortis
3576 3152 3687 3204 ani-

2111 3251 2260 3302 mus,
2299 3246 2350 3290 et
2388 3253 2452 3291 eo
2488 3237 2746 3291 inﬁrmior
2773 3254 2875 3307 quo
2915 3238 2983 3294 de
3017 3252 3075 3294 se
3105 3250 3511 3311 prmsumpscrat
3535 3285 3548 3310 ,
3593 3245 3680 3313 qui

2111 3329 2289 3384 debuit
2330 3329 2395 3384 de
2426 3339 2495 3384 te.
2533 3330 2600 3384 Ut
2624 3333 2763 3383 enim
2796 3331 2921 3385 vidit
2946 3331 3090 3385 illum
3130 3336 3460 3403 sanguinem,
3503 3333 3691 3388 imma-

2110 3419 2327 3473 nitatem
2375 3420 2530 3474 slmul
2578 3420 2774 3489 ebibit,
2821 3430 2873 3477 et
2918 3438 3022 3476 non
3066 3437 3121 3477 se
3165 3424 3387 3489 avertit,
3435 3422 3526 3479 sed
3577 3423 3691 3479 ﬁxit

2110 3512 2413 3579 aspectum;
2450 3522 2502 3565 et
2527 3509 2802 3566 hauriebat
2828 3513 3017 3577 furias,
3048 3522 3100 3568 et
3126 3515 3423 3583 nesciebat,
3451 3524 3506 3570 et
3545 3514 3688 3570 deie-

2109 3602 2349 3656 ctabatur
2375 3602 2576 3658 scelere
2603 3605 2941 3673 certaminis,
2975 3614 3027 3659 et
3056 3613 3272 3661 cruenta
3299 3604 3567 3676 voluptate
3603 3606 3687 3661 in-

2110 3692 2427 3749 ebriabatur.
2454 3694 2517 3749 Et
2544 3711 2647 3748 non
2668 3706 2781 3750 erat
2803 3697 2909 3766 jam
2933 3695 3021 3751 ille
3051 3698 3138 3767 qui
3168 3702 3401 3763 venerat,
3433 3698 3525 3752 sed
3548 3710 3685 3753 unus

2108 3784 2175 3839 de
2212 3786 2360 3839 turba
2400 3786 2465 3840 ad
2498 3802 2654 3855 quam
2681 3797 2916 3852 venerat,
2964 3794 3018 3842 et
3054 3804 3211 3843 verus
3249 3802 3432 3844 eorum
3472 3790 3683 3857 socius,

2109 3892 2137 3929 a
2177 3878 2367 3949 quibus
2400 3876 2658 3933 adductus
2697 3887 2828 3933 erat.
2874 3878 3009 3947 Quid
3040 3879 3220 3950 plura?
3260 3880 3546 3952 Spectavit,
3581 3881 3686 3937 cla-

2108 3973 2286 4037 mavit,
2336 3973 2567 4037 exarsit,
2620 3972 2835 4026 abstulit
2884 3972 3008 4029 inde
3057 3982 3236 4028 secum
3276 3974 3533 4028 insaniam
3583 3988 3684 4043 qua

2108 4064 2467 4119 stimularetur
2496 4065 2703 4131 redire,
2742 4080 2849 4119 non
2895 4069 3097 4120 tantum
3124 4072 3242 4121 cum
3286 4066 3388 4120 illis
3426 4080 3456 4121 a
3495 4066 3683 4137 quibus

2107 4155 2254 4223 prius
2299 4155 2595 4210 abstractus
2636 4166 2748 4221 est;
2796 4154 2887 4210 sed
2931 4157 3088 4211 etiam
3128 4170 3236 4226 prae
3280 4157 3414 4223 illis,
3460 4166 3513 4212 et
3551 4158 3684 4213 alios

2106 4246 2344 4301 trahens.
2377 4247 2445 4301 Et
2475 4248 2598 4301 inde
2638 4256 2812 4303 tamen
2845 4260 3002 4303 manu
3029 4248 3350 4303 validissima
3386 4258 3439 4304 et
3478 4250 3684 4304 miseri-

2106 4337 2417 4391 cordissima
2448 4339 2630 4393 eruisti
2658 4352 2779 4393 eum
2802 4348 2877 4404 tu,
2902 4347 2953 4394 et
2974 4339 3197 4394 docuisti
3222 4352 3329 4395 non
3354 4340 3434 4395 sui
3464 4339 3678 4406 habere,

2107 4429 2199 4483 sed
2231 4428 2302 4483 tui
2331 4429 2612 4496 ﬁduciam;
2644 4431 2736 4486 sed
2768 4431 2922 4501 longe
2952 4440 3153 4500 postea.

2770 4534 2991 4599 CAPUT
3030 4541 3120 4598 1X.

2466 4633 2683 4704 Alypius
2712 4647 2766 4687 ut
2792 4639 2875 4705 fur
2898 4636 3306 4705 apprehenditur.

2175 4718 2260 4779 14.
2293 4723 2668 4781 Verumtamen
2704 4727 2814 4797 jam
2859 4726 2959 4782 hoc
2998 4726 3063 4782 ad
3100 4728 3411 4785 medicinam
3448 4729 3678 4785 futuram

2106 4816 2157 4870 in
2196 4815 2309 4886 ejus
2352 4821 2606 4872 memoria
2648 4820 3023 4888 reponebatur.
3069 4816 3197 4875 Nam
3239 4824 3291 4877 et
3332 4822 3501 4889 illud,
3538 4824 3677 4893 quod

2103 4922 2221 4961 cum
2251 4906 2423 4962 adhuc
2460 4908 2699 4964 studeret
2720 4910 2827 4980 jam
2856 4925 2939 4965 me
2979 4912 3197 4966 audiens
3237 4913 3374 4981 apud
3404 4913 3676 4985 Carthagi~

2102 5013 2243 5063 nem,
2276 5008 2327 5053 et
2355 4998 2531 5054 medio
2558 4999 2644 5055 die
2669 5002 2921 5071 cogitaret
2946 4998 2997 5055 in
3038 5000 3153 5056 fero
3187 5004 3327 5073 quod
3361 5004 3674 5061 recitaturus

2102 5102 2248 5159 erat,
2283 5092 2433 5146 sicuti
2472 5095 2711 5149 exerceri
2755 5093 3055 5150 scholastici
3100 5098 3308 5163 solent,
3347 5096 3513 5153 sivisti
3555 5116 3675 5155 eum

2103 5184 2478 5252 comprehendi
2522 5185 2589 5239 ab
2632 5184 2876 5241 teditimis
2917 5184 3013 5241 fori
3050 5192 3297 5258 tanquam
3324 5184 3515 5244 furem.
3562 5186 3676 5247 Non

2102 5274 2329 5329 arbitror
2354 5276 2510 5329 aliam
2534 5276 2602 5330 ob
2625 5292 2835 5331 causam
2860 5285 2912 5331 te
2936 5278 3240 5346 permisisse
3259 5322 3273 5346 ,
3302 5279 3439 5335 Deus
3459 5292 3640 5339 nOSter
3658 5323 3675 5352 ,

2103 5365 2201 5419 nisi
2232 5376 2289 5419 ut
2324 5366 2413 5420 ille
2443 5367 2521 5419 vir
2564 5375 2739 5423 tantus
2766 5364 2971 5423 futurus
3002 5368 3110 5440 jam
3152 5372 3406 5444 inciperet
3439 5373 3674 5443 discere,

2102 5473 2257 5526 quam
2286 5471 2391 5512 non
2417 5458 2570 5514 facile
2597 5459 2650 5513 in
2689 5460 3060 5530 dignoscendis
3088 5463 3260 5518 causis
3287 5464 3447 5521 homo
3481 5466 3548 5521 ab
3577 5466 3675 5522 ho-

2101 5548 2243 5602 mine
2270 5548 2600 5603 damnancius
2624 5560 2766 5605 esset
2788 5553 3067 5607 temeraria
3096 5554 3425 5611 credulitate.
3466 5556 3673 5628 Quippe

2165 5682 2181 5713 ι
2202 5679 2536 5753 obdus‘esset,
2568 5683 2707 5753 juxta
2721 5683 3101 5753 Er.tugd._ven.
3119 5692 3230 5740 Lor.
3257 5696 3387 5741 Mart.
3424 5699 3517 5744 Per
3547 5690 3671 5744 ciam

2101 5742 2417 5807 obrutum,
2433 5742 2760 5808 mta'Somm.
2783 5752 2834 5796 et
2850 5742 2992 5798 «and.
3088 5756 3143 5799 ιι.
