4116 6366
369 335 467 395 139

363 449 620 522 agendam
645 446 808 504 vitam
833 445 970 503 certi
991 445 1373 519 comprehendi
1396 455 1592 520 potest.
1616 448 1728 505 lmo
1750 466 1953 521 quaera-

361 559 482 598 mus
526 541 864 612 diligentius,
907 547 1095 594 etnon
1140 540 1504 610 deSperemus.
1534 542 1669 598 Ecce
1693 542 1801 613 jam
1845 559 1951 600 non

361 643 487 690 sunt
508 633 737 689 absurda
760 633 812 687 in
837 632 1010 687 Libris
1031 633 1403 688 ecclesiasticis
1421 649 1539 704 quae
1559 635 1784 690 absurda
1810 636 1951 692 vide-

360 729 576 793 bantur,
617 737 667 782 et
711 728 932 796 possunt
957 725 1109 780 aliter
1135 733 1293 796 atque
1320 725 1544 782 honeste
1581 728 1825 799 intelligi.
1855 728 1944 782 Fi-

356 836 478 890 gam
527 818 690 889 pedes
743 819 795 872 in
839 833 904 873 eo
946 817 1112 888 gradu
1155 817 1207 872 in
1245 833 1351 888 quo
1398 833 1528 888 puer
1573 834 1602 872 a
1646 815 1950 889 parentibus

360 913 566 982 positus
609 926 754 967 eram
786 952 801 976 ,
851 909 1024 965 donec
1069 908 1368 964 inveniatur
1414 911 1689 981 perspicua
1731 912 1946 968 veritas.

357 1005 461 1060 Sed
489 1005 577 1059 ubi
605 1003 912 1076 quaeretur?
941 1003 1151 1072 quando
1176 1004 1478 1072 quaeretur?
1502 1003 1615 1059 Non
1642 1015 1794 1060 vacat
1817 1007 1949 1060 Am-

355 1098 559 1162 brosio,
584 1113 691 1152 non
711 1105 863 1151 vacat
883 1097 1076 1167 legere.
1102 1095 1207 1152 Ubi
1231 1095 1375 1166 ipsos
1394 1097 1606 1152 codices
1625 1099 1950 1169 quaerimus?

353 1190 524 1256 unde,
558 1198 650 1244 aut
677 1189 890 1259 quando
929 1189 1332 1259 comparamus?
1370 1204 1400 1242 a
1436 1190 1627 1260 quibus
1654 1191 1948 1248 sumimus?

354 1281 688 1350 Deputentur
731 1289 968 1349 tempora
994 1321 1010 1347 ,
1049 1279 1432 1334 distribuantur
1465 1280 1610 1336 hora:
1647 1297 1745 1352 pro
1778 1283 1947 1338 salute

351 1375 568 1426 animm.
601 1373 785 1442 Magna
817 1387 941 1440 spes
981 1370 1166 1426 oborta
1196 1380 1277 1426 est
1308 1387 1320 1426 :
1353 1387 1459 1426 non
1492 1372 1648 1428 docet
1687 1374 1944 1430 catholica

353 1464 488 1516 fides
533 1463 674 1533 quod
709 1463 1057 1531 [uitabamus,
1089 1471 1143 1518 et
1186 1463 1305 1518 vani
1347 1465 1756 1531 accusabamus;
1798 1467 1945 1524 nefas

352 1555 553 1608 habent
578 1554 720 1608 docti
742 1554 857 1624 ejus
886 1554 1108 1611 credere
1131 1556 1293 1610 Deum
1323 1555 1488 1626 figura
1515 1557 1728 1613 humani
1756 1574 1946 1629 corpo—

352 1649 425 1699 ris
453 1648 794 1701 terminatum
821 1665 836 1700 :
867 1657 920 1701 et
949 1646 1251 1702 dubitamus
1276 1649 1485 1718 pulsare
1512 1665 1618 1720 quo
1641 1651 1946 1721 aperiantur

347 1740 584 1792 ert-tera?
621 1738 1068 1794 Antemeridianis
1109 1739 1256 1794 horis
1292 1742 1308 1772 ³
1347 1740 1592 1812 discipuli
1632 1753 1889 1813 occupant
1925 1761 1940 1800 :

346 1832 562 1885 czrleris
586 1831 711 1901 quid
744 1831 998 1886 facimus?
1023 1846 1120 1886 cur
1142 1847 1248 1886 non
1271 1831 1320 1887 id
1343 1834 1546 1904 agimus
1564 1833 1588 1888 ?
1606 1833 1708 1889 Sed
1734 1835 1943 1904 quando

347 1923 642 1976 salutamus
671 1923 871 1977 amicos
918 1922 1188 1992 majores,
1235 1939 1460 1994 quorum
1507 1924 1768 1996 suffragiis
1810 1942 1943 1997 opus

344 2011 648 2067 habemus?
673 2013 884 2084 quando
913 2029 1274 2085 praeparemus
1298 2015 1435 2086 quod
1458 2025 1636 2071 emant
1661 2018 1941 2074 scholasti-

351 2105 444 2159 ci?
469 2104 682 2175 quando
710 2120 1020 2175 reparamus
1061 2121 1158 2161 nos
1184 2107 1350 2177 ipsos,
1378 2107 1616 2162 animum
1656 2110 1942 2167 relaxando

346 2197 417 2250 ab
438 2195 732 2251 intentione
750 2198 1036 2252 curarum?

427 2289 514 2344 l9.
547 2290 773 2345 Pereant
801 2292 1002 2359 omnia,
1032 2301 1085 2348 et
1105 2293 1431 2350 dimittamus
1450 2294 1564 2349 haec
1591 2311 1721 2351 vana
1747 2304 1801 2352 et
1830 2297 1944 2353 ina-

351 2383 439 2436 nia
469 2400 484 2435 :
517 2382 855 2439 conferamus
891 2400 988 2439 nos
1017 2386 1082 2440 ad
1113 2387 1279 2441 solam
1324 2389 1716 2458 inquisitionem
1744 2393 1942 2446 verita-

348 2474 441 2529 tis.
468 2474 585 2528 Vita
615 2474 729 2529 bare
759 2477 953 2532 misera
986 2485 1099 2544 est;
1129 2495 1274 2534 mors
1309 2481 1526 2537 incerta.
1559 2483 1613 2538 Si
1644 2485 1817 2540 subito
1842 2486 1940 2542 ob-

347 2575 519 2634 repat,
553 2567 820 2635 quomodo
847 2567 972 2622 hinc
997 2571 1298 2626 exibimus?
1319 2581 1373 2627 et
1400 2575 1483 2627 ubi
1512 2576 1663 2630 nobis
1689 2577 1941 2634 discenda

345 2667 475 2712 sunt
499 2673 618 2726 quae
648 2657 731 2712 hic
755 2659 1127 2729 negleximus?
1153 2663 1232 2716 An
1266 2680 1368 2718 non
1399 2667 1572 2736 potius
1600 2668 1755 2738 hujus
1779 2671 1943 2740 negli-

345 2749 542 2818 gentia:
566 2750 819 2821 supplicia
848 2751 1040 2807 luenda
1070 2756 1233 2809 sunt?
1260 2756 1418 2826 Quid,
1447 2759 1489 2812 si
1517 2776 1660 2816 mors
1688 2763 1799 2832 ipsa
1829 2779 1940 2818 om-

347 2856 473 2896 nem
505 2858 683 2897 curam
715 2859 838 2899 cum
873 2861 1035 2901 sensu
1080 2850 1371 2918 amputabit
1409 2860 1462 2906 et
1493 2853 1672 2908 finiet?
1709 2853 1848 2926 Ergo
1887 2865 1943 2914 et

346 2932 452 2991 hoc
479 2937 844 3004 quaerendum.
875 2937 980 2993 Sed
1007 2940 1146 2995 absit
1180 2952 1235 2996 ut
1264 2943 1335 2998 ita
1375 2944 1463 2998 sit.
1489 2945 1602 3001 Non
1632 2958 1802 3016 vacat,
1833 2967 1939 3007 non

347 3036 432 3081 est
460 3027 618 3083 inane
645 3030 786 3099 quod
816 3039 923 3087 tam
948 3033 1192 3090 eminens
1216 3037 1423 3092 culmen
1447 3042 1773 3099 auctoritatis
1799 3045 1943 3101 chri-

345 3119 532 3174 stiante
567 3121 687 3176 ﬁdei
723 3131 831 3177 toto
866 3125 995 3180 orbe
1034 3125 1364 3182 diffunditur.
1404 3130 1680 3202 Nunquam
1714 3143 1856 3192 tanta
1888 3147 1943 3194 et

347 3212 470 3266 talia
504 3228 598 3282 pro
623 3214 776 3269 nobis
799 3215 1052 3272 divinitus
1093 3230 1393 3288 agerentur,
1427 3224 1472 3277 si
1506 3234 1676 3280 morte
1703 3231 1942 3297 corporis

347 3305 509 3358 etiam
535 3306 640 3360 vita
662 3306 852 3362 animae
883 3319 1306 3366 consumeretur.
1341 3314 1474 3382 Quid
1503 3329 1814 3373 cunctamur
1843 3321 1940 3391 igi-

351 3403 441 3450 tur
469 3397 653 3452 relieta
683 3412 777 3468 spe
807 3400 1006 3466 saeculi,
1039 3401 1284 3458 conferre
1312 3421 1408 3458 nos
1439 3415 1575 3462 totos
1605 3409 1670 3463 ad
1701 3427 1943 3480 quzeren-

343 3489 472 3544 dum
502 3489 665 3544 Deum
699 3503 751 3546 et
786 3493 944 3546 vitam
974 3495 1221 3550 beatam?
1253 3499 1356 3553 Sed
1383 3513 1627 3570 exspecta
1661 3522 1674 3558 :
1708 3505 1939 3574 jucunda

346 3590 474 3637 sunt
492 3583 649 3637 etiam
673 3584 802 3650 ista;
825 3585 1022 3642 habent
1042 3605 1144 3642 non
1164 3606 1377 3660 parvam
1400 3593 1728 3651 dulcedinem
1749 3615 1897 3656 suam
1911 3616 1938 3656 ιε

344 3691 451 3729 non
499 3675 650 3731 facile
679 3677 746 3731 ab
783 3678 860 3732 eis
890 3680 1222 3748 prmcidenda
1252 3695 1332 3738 est
1363 3686 1603 3752 intentio,
1637 3692 1755 3760 quia
1785 3699 1941 3762 turpe

347 3775 428 3819 est
461 3765 528 3820 ad
569 3782 630 3822 ea
670 3784 881 3823 rursum
924 3771 1118 3828 redire.
1164 3775 1302 3831 Ecce
1327 3777 1434 3847 jam
1465 3791 1718 3850 quantum
1743 3795 1854 3854 est,
1885 3796 1940 3844 ut

343 3859 664 3929 impetretur
692 3861 881 3932 aliquis
910 3863 1124 3920 honor?
1153 3877 1205 3921 ct
1239 3870 1621 3944 quid-amplius
1651 3877 1700 3929 in
1733 3876 1818 3932 his
1841 3878 1938 3934 de-

343 3950 738 4006 siderandum?
767 3952 1010 4025 Suppetit
1049 3959 1338 4014 amicorum
1368 3964 1625 4032 majorum
1668 3971 1816 4038 copia
1846 3989 1859 4025 :
1884 3979 1940 4027 ut

342 4044 476 4098 nihil
509 4045 672 4111 aliud,
694 4055 748 4101 et
768 4049 990 4103 multum
1017 4051 1342 4117 festinemus,
1367 4055 1450 4109 vel
1482 4059 1795 4125 praesidatus
1823 4062 1937 4118 dari

340 4143 555 4206 potest;
581 4146 634 4191 et
658 4138 897 4193 ducenda
927 4155 1061 4194 uxor
1094 4157 1212 4196 cum
1235 4143 1406 4214 aliqua
1433 4149 1678 4216 pecunia,
1709 4167 1775 4204 ne
1795 4167 1941 4208 sum-

344 4237 495 4296 ptum
539 4237 778 4282 nostrum
808 4239 1024 4300 gravet;
1056 4241 1110 4286 et
1149 4233 1232 4287 ille
1260 4235 1361 4288 erit
1389 4237 1578 4293 modus
1612 4242 1934 4310 cupiditatis.

340 4318 489 4372 Multi
525 4320 697 4390 magni
746 4321 844 4376 viri
888 4332 939 4377 et
985 4323 1278 4381 imitatione
1310 4326 1635 4400 dignissimi,
1667 4335 1938 4404 sapientia

337 4412 517 4466 studio
543 4427 665 4466 cum
695 4415 1008 4484 conjugibus
1027 4417 1192 4474 dediti
1219 4418 1450 4477 fuerunt.

406 4503 499 4559 20.
531 4503 662 4559 Cum
698 4504 814 4561 hzec
848 4507 1120 4578 dicebam,
1150 4521 1203 4567 et
1241 4514 1579 4574 alternabant
1614 4519 1666 4576 hi
1710 4526 1855 4580 venti
1883 4534 1937 4582 et

347 4594 692 4664 impellebant
716 4596 818 4650 huc
835 4607 993 4668 atque
1013 4601 1137 4656 illuc
1153 4618 1246 4658 cor
1266 4621 1465 4672 meum,
1492 4613 1782 4669 transibant
1806 4626 1938 4671 tem-

342 4700 495 4755 pora,
529 4696 583 4740 et
614 4688 885 4743 tardabam
934 4694 1170 4748 converti
1200 4696 1265 4750 ad
1307 4699 1609 4770 Dominum,
1642 4714 1695 4761 et
1723 4707 1934 4766 differe-

345 4777 470 4830 bam
499 4776 567 4831 de
607 4777 694 4833 die
729 4780 784 4834 in
813 4779 953 4836 diem
985 4784 1163 4838 vivere
1203 4786 1255 4841 in
1285 4795 1364 4857 te,
1406 4799 1461 4846 et
1498 4809 1602 4848 non
1630 4796 1935 4857 differebam

334 4869 574 4938 quotidie
617 4871 668 4924 in
712 4875 1025 4944 memetipso
1069 4879 1222 4933 mori.
1262 4881 1464 4939 Amans
1504 4887 1708 4944 beatam
1750 4894 1931 4960 vitam,

340 4961 596 5016 timebam
626 4962 766 5017 illam
797 4965 847 5019 in
888 4966 1013 5021 sede
1039 4983 1169 5035 sua;
1197 4978 1252 5025 et
1277 4972 1344 5027 ab
1371 4989 1433 5030 ea
1472 4975 1693 5047 fugiens,
1724 4997 1934 5052 quaere-

345 5052 470 5106 ham
497 5067 637 5107 eam.
674 5053 930 5110 Putabam
961 5059 1101 5114 enim
1131 5077 1217 5116 me
1247 5064 1499 5122 miserum
1539 5070 1652 5126 fore
1681 5074 1856 5143 nimis,
1889 5077 1932 5132 si

337 5144 552 5199 feminae
574 5147 812 5215 privarer
832 5151 1184 5221 amplexibus,
1211 5166 1264 5209 et
1292 5157 1604 5216 medicinam
1635 5165 1934 5224 misericor-

331 5235 437 5289 dia:
471 5245 573 5290 tua:
598 5235 664 5290 ad
691 5237 932 5294 eamdem
962 5241 1319 5300 infirmitatem
1346 5251 1634 5306 sanandam
1658 5270 1761 5310 non
1791 5260 1934 5330 cogi-

338 5327 538 5393 tabam,
563 5330 684 5398 quia
713 5339 963 5400 expertus
983 5349 1086 5388 non
1113 5350 1257 5390 eram
1279 5355 1292 5402 ;
1317 5347 1370 5394 et
1389 5344 1720 5411 propriamm
1742 5327 1932 5406 virium

335 5418 624 5474 credebam
666 5435 790 5476 esse
815 5423 1216 5494 continentiam,
1248 5444 1468 5499 quarum
1497 5435 1625 5491 mihi
1657 5454 1760 5494 non
1785 5457 1931 5498 eram

335 5511 606 5577 conscius,
652 5523 908 5583 cumtam
950 5517 1139 5574 stultus
1175 5535 1346 5576 essem
1374 5533 1431 5578 ut
1471 5529 1752 5598 nescirem,
1797 5535 1934 5592 sicut

331 5605 590 5674 scriptum
620 5615 720 5670 est,
768 5609 1038 5664 neminem
1069 5626 1227 5680 posse
1253 5629 1376 5670 esse
1406 5619 1784 5691 continentem,
1829 5629 1930 5683 nisi

333 5705 388 5752 tu
419 5696 635 5752 dederis
666 5697 829 5772 (Sap.
854 5715 970 5766 vm,
991 5701 1114 5774 21).
1141 5702 1333 5775 Utique
1351 5707 1528 5779 dares,
1557 5712 1599 5766 si
1626 5717 1826 5784 gemitu
1850 5718 1932 5774 in-

397 5831 416 5862 ί
434 5832 582 5883 nam
591 5863 606 5896 ,
623 5833 764 5896 juxta
777 5839 854 5887 Er.
873 5836 1022 5902 Lugd.
1041 5845 1160 5891 Ven.
1173 5845 1283 5896 Im.
1302 5849 1475 5897 80mm.
1495 5847 1617 5902 Flor.
1639 5860 1691 5906 et
1706 5855 1851 5909 ttond.
1872 5865 1930 5910 at.

1740 333 1941 392 LIBER
1975 335 2262 401 SEXTUS.

3536 357 3641 415 730

2065 462 2212 508 terno
2240 456 2504 525 pulsarem
2532 475 2687 519 aures
2716 470 2853 532 tuas,
2881 473 2936 523 et
2968 465 3073 523 fide
3107 467 3275 524 solida
3310 469 3366 526 in
3393 476 3444 528 te
3467 471 3636 543 jacta-

2057 560 2170 601 rem
2200 562 2380 604 curam
2409 566 2600 607 meam.

2656 624 2884 682 CAPUT
2923 627 3038 685 XII.

2061 708 2320 768 Contentio
2347 715 2476 769 inter
2503 716 2742 788 Alypium
2769 728 2814 773 et
2842 720 3180 793 Augustinum
3219 726 3282 780 de
3316 729 3635 788 matrimonio

2683 821 2731 866 et
2759 815 3006 872 caelibatu.

2124 895 2213 950 21.
2241 896 2561 956 Prohibebat
2588 919 2673 959 me
2698 919 2826 960 sane
2850 907 3071 979 Alypius
3095 910 3163 965 ab
3187 927 3351 969 uxore
3369 913 3631 984 ducenda,

2055 1001 2280 1044 causans
2308 992 2324 1022 ¹
2355 993 2498 1048 nullo
2527 995 2686 1049 modo
2715 1012 2814 1052 nos
2839 1014 2996 1068 posse
3027 1017 3215 1058 securo
3242 1006 3351 1061 otio
3380 1007 3534 1062 simul
3579 1009 3631 1063 in

2053 1093 2236 1135 amore
2255 1083 2526 1152 sapientiae
2545 1086 2744 1156 vivere,
2765 1089 3023 1161 sicutjam
3041 1092 3132 1149 diu
3151 1094 3575 1152 desideraremus
3588 1100 3628 1161 ³,

2052 1171 2095 1224 si
2125 1171 2174 1226 id
2203 1171 2466 1230 fecissem.
2497 1177 2627 1232 Erat
2647 1180 2787 1234 enim
2821 1182 2933 1252 ipse
2964 1183 3015 1236 in
3042 1200 3103 1239 ea
3129 1201 3190 1240 re
3218 1187 3373 1240 etiam
3403 1198 3525 1243 tunc
3544 1205 3627 1244 ca-

2052 1265 2347 1332 stissimus,
2381 1269 2451 1323 ita
2481 1279 2538 1351 ut
2567 1271 2756 1326 mirum
2783 1285 2958 1340 esset;
2991 1278 3110 1346 quia
3139 1279 3222 1333 vel
3252 1281 3626 1348 experientiam

2051 1361 2360 1415 concubitus
2387 1374 2600 1433 ceperat
2623 1367 2675 1420 in
2706 1368 2943 1438 ingressu
2970 1372 3342 1429 adolescentiae
3373 1391 3503 1441 sum,
3535 1377 3628 1432 sed

2050 1464 2156 1504 non
2176 1451 2428 1519 haeserat;
2449 1456 2720 1526 magisque
2735 1459 2973 1514 doluerat
2991 1471 3039 1516 et
3059 1474 3348 1532 spreverat,
3368 1475 3419 1518 ct
3436 1466 3627 1522 deinde

2045 1540 2152 1608 jam
2195 1545 2648 1603 continentissime
2685 1551 2912 1606 vivebat.
2946 1553 3058 1624 Ego
3095 1565 3268 1611 autem
3315 1558 3625 1614 resistebant

2049 1634 2157 1702 illi,
2190 1639 2448 1708 exemplis
2475 1655 2657 1704 eorum
2683 1643 2770 1712 qui
2801 1644 3067 1716 conjugati
3095 1648 3384 1704 coluissent
3413 1652 3623 1720 sapien-

2049 1727 2174 1781 tiam
2195 1769 2209 1793 ,
2239 1738 2293 1784 et
2318 1733 2736 1798 promeruissent
2762 1734 2928 1790 Deum
2947 1779 2961 1803 ,
2989 1746 3044 1792 et
3070 1737 3374 1796 habuissent
3403 1741 3627 1798 fideliter

2047 1833 2110 1872 ac
2133 1821 2446 1878 dilexissem
2469 1825 2687 1880 amicos.
2715 1828 2759 1882 Α
2786 1843 3011 1898 quorum
3041 1846 3139 1901 ego
3168 1833 3379 1902 quidem
3409 1836 3624 1904 grandi-

2050 1920 2154 1966 tate
2181 1914 2342 1969 animi
2371 1917 2526 1986 longe
2557 1919 2770 1975 aberam
2795 1938 2807 1974 :
2833 1931 2886 1976 et
2910 1922 3169 1993 deligatus
3196 1925 3216 1956 ³
3245 1929 3426 1983 morbo
3450 1932 3624 1987 carnis

2047 2005 2318 2060 mortifera
2351 2009 2639 2077 suavitate,
2675 2013 2950 2069 trahebam
2986 2026 3225 2071 catenam
3264 2035 3464 2084 meam,
3492 2023 3625 2078 solvi

2048 2094 2272 2163 timens,
2313 2107 2366 2152 et
2413 2102 2562 2170 quasi
2605 2117 2862 2159 concusso
2901 2105 3119 2163 vulnere
3162 2109 3427 2177 repellens
3465 2111 3626 2169 verba

2047 2185 2184 2243 bene
2213 2189 2511 2256 suadentis,
2550 2202 3051 2264 tanquammanum
3094 2200 3369 2256 solventis.
3410 2202 3627 2274 Insuper

2046 2280 2205 2334 etiam
2236 2297 2332 2351 per
2358 2299 2442 2338 me
2469 2285 2568 2354 ipsi
2595 2303 2802 2358 quoque
2824 2289 3014 2360 Alypio
3042 2292 3354 2360 loquebatur
3381 2311 3622 2366 serpens,

2046 2382 2099 2429 et
2127 2374 2429 2430 innectebat
2452 2387 2609 2449 atque
2633 2382 2912 2452 spargebat
2937 2399 3028 2452 per
3055 2385 3282 2455 linguam
3315 2403 3486 2442 meam
3508 2388 3625 2444 dul-

2025 2479 2136 2521 ces
2164 2467 2378 2538 laqueos
2404 2469 2455 2524 in
2479 2470 2560 2524 via
2585 2472 2730 2541 ejus,
2755 2475 2944 2544 quibus
2973 2477 3048 2531 illi
3077 2477 3283 2534 honesti
3313 2490 3365 2535 et
3391 2482 3626 2552 expediti

2047 2557 2208 2627 pedes
2236 2560 2648 2629 implicarentur.

2116 2651 2207 2704 22.
2250 2651 2379 2707 Cum
2411 2654 2552 2708 enim
2576 2671 2662 2710 me
2691 2657 2780 2712 ille
2808 2658 3111 2728 miraretur,
3134 2678 3291 2733 quem
3319 2680 3423 2720 non
3454 2667 3625 2737 parvi-

2046 2744 2332 2814 penderet,
2363 2747 2434 2800 ita
2463 2747 2666 2803 haerere
2691 2749 2835 2806 visco
2863 2753 3001 2807 illius
3025 2756 3327 2826 voluptatis,
3351 2768 3410 2813 ut
3433 2776 3520 2816 me
3545 2763 3625 2815 af-

2049 2835 2338 2900 firmarem,
2363 2843 2798 2912 quotiescumque
2819 2845 2942 2901 inde
2965 2847 3101 2902 inter
3127 2865 3222 2904 nos
3243 2866 3622 2924 qumreremus,

2047 2929 2284 2983 caelibem
2315 2930 2474 2984 vitam
2515 2933 2658 2986 nullo
2700 2934 2858 2989 modo
2899 2952 3054 3006 posse
3094 2939 3322 3010 degere;
3353 2951 3510 3013 atque
3554 2946 3622 3001 ita

2048 3036 2132 3075 me
2173 3021 2552 3090 defenderem,
2595 3041 2716 3080 cum
2757 3027 2903 3082 illum
2943 3030 3221 3088 mirantem
3270 3035 3538 3104 viderem,
3573 3046 3628 3095 ut

2045 3112 2280 3168 dicerem
2304 3115 2523 3168 multum
2554 3116 2811 3173 interesse
2837 3120 2973 3177 inter
2995 3123 3122 3177 illud
3137 3126 3277 3196 quod
3301 3127 3414 3196 ipse
3436 3131 3625 3199 raptim

2045 3212 2098 3258 et
2125 3201 2303 3257 furtim
2335 3215 2584 3274 expertus
2611 3216 2774 3276 esset,
2797 3212 2935 3279 quod
2963 3227 3098 3282 pene
3123 3215 3233 3284 jam
3260 3231 3325 3270 ne
3351 3220 3624 3275 meminiso

2045 3303 2126 3348 set
2155 3296 2370 3364 quidem
2391 3339 2404 3362 ,
2437 3308 2592 3368 atque
2643 3300 2760 3354 ideo
2808 3302 2949 3356 nulla
2989 3306 3232 3361 molestia
3261 3307 3412 3364 facile
3437 3322 3624 3366 conte-

2046 3397 2272 3453 mneret,
2287 3396 2341 3441 et
2363 3387 2743 3446 delectationes
2759 3394 3158 3450 consuetudinis
3182 3413 3334 3465 mem,
3350 3399 3414 3453 ad
3433 3416 3565 3470 quas
3581 3403 3627 3459 si

2045 3479 2363 3534 accessisset
2407 3479 2689 3536 honestum
2729 3498 2923 3541 nomen
2965 3491 3320 3558 matrimonii,
3362 3508 3464 3546 non
3503 3510 3624 3550 eum

2044 3573 2225 3627 mirari
2257 3582 2535 3644 oportere,
2566 3590 2661 3631 cur
2688 3592 2786 3648 ego
2813 3579 2958 3634 illam
2985 3582 3146 3636 vitam
3177 3587 3448 3654 nequirem
3476 3602 3626 3657 sper-

2044 3678 2175 3717 nere
2201 3682 2213 3716 :
2241 3673 2478 3732 coeperat
2505 3674 2559 3720 et
2590 3666 2702 3735 ipse
2729 3668 3032 3730 desiderare
3060 3673 3359 3745 conjugium
3378 3717 3392 3742 ,
3426 3692 3624 3747 nequa-

2044 3769 2201 3823 quam
2232 3756 2402 3808 victus
2433 3756 2652 3812 libidine
2684 3760 2800 3813 talis
2826 3761 3136 3831 voluptatis,
3162 3765 3253 3820 sed
3283 3767 3622 3826 curiositatis.

2045 3845 2264 3900 Dicebat
2293 3848 2434 3900 enim
2479 3848 2618 3904 scire
2654 3866 2712 3905 se
2752 3866 2946 3920 cupere
2984 3855 3235 3924 quidnam
3273 3869 3414 3914 esset
3461 3861 3620 3927 illud,

2043 3936 2159 3992 sine
2187 3953 2292 4007 quo
2313 3939 2417 3992 vita
2444 3955 2562 3995 mea
2589 3956 2707 4010 qua:
2734 3943 2808 3997 illi
2834 3944 2912 3998 sic
2933 3946 3190 4014 placebat,
3214 3964 3317 4004 non
3345 3951 3476 4006 mihi
3497 3954 3623 4021 vita,

2043 4029 2136 4085 sed
2168 4045 2323 4100 ptena
2356 4031 2643 4088 videretur.
2674 4033 2934 4105 Stupebat
2961 4039 3102 4093 enim
3134 4041 3269 4096 liber
3295 4043 3362 4097 ab
3391 4037 3624 4101 illo'vin-

2043 4122 2162 4178 culo
2176 4123 2384 4178 animus
2401 4125 2710 4181 servitutem
2739 4143 2935 4196 meam,
2956 4138 3011 4184 et
3030 4133 3293 4200 stupendo
3315 4134 3421 4189 ibat
3449 4135 3500 4190 in
3528 4151 3624 4192 ex-

2042 4215 2281 4284 periendi
2308 4216 2632 4285 cupidinem,
2660 4227 2914 4275 venturus
2941 4221 2992 4275 in
3023 4222 3192 4292 ipsam
3221 4227 3621 4294 experientiam,

2043 4313 2199 4374 atque
2240 4305 2362 4360 inde
2407 4305 2631 4362 fortasse
2675 4309 2918 4379 lapsurus
2959 4312 3010 4368 in
3047 4329 3163 4368 eam
3194 4331 3349 4386 quam
3381 4319 3625 4388 stupebat

2041 4398 2382 4464 servitutem;
2416 4401 2664 4469 quoniam
2695 4407 3035 4472 sponsionem
3064 4407 3276 4462 volebat
3306 4410 3476 4466 facere
3504 4427 3624 4468 cum

2042 4499 2247 4556 morte;
2274 4501 2328 4546 et
2353 4492 2441 4562 qui
2471 4501 2613 4546 amat
2634 4495 2926 4565 periculum
2948 4538 2963 4562 ,
2995 4499 3189 4554 incidet
3219 4501 3269 4555 in
3299 4503 3447 4557 illud.
3481 4503 3623 4560 Neu-

2044 4590 2181 4636 trum
2213 4584 2350 4637 enim
2384 4592 2646 4653 nostrum,
2675 4586 2720 4640 si
2749 4588 2890 4656 quod
2929 4597 3010 4644 est
3051 4592 3324 4663 conjugale
3365 4595 3528 4651 decus
3571 4599 3622 4652 in

2042 4673 2217 4728 officio
2254 4675 2469 4747 regendi
2509 4679 2831 4734 matrimonii
2862 4690 2915 4738 et
2945 4685 3399 4753 suscipiendorum
3430 4689 3624 4744 libero-

2039 4783 2180 4834 rum,
2204 4768 2447 4834 ducebat,
2475 4771 2574 4825 nisi
2605 4773 2851 4828 tenuiter.
2879 4774 3063 4845 Magna
3086 4789 3259 4834 autem
3287 4797 3350 4834 ex
3372 4790 3523 4851 parte
3543 4793 3624 4836 at-

2041 4875 2142 4929 que
2165 4860 2510 4917 vehementer
2531 4865 2860 4921 consuetudo
2885 4869 3137 4922 satianda:
3166 4871 3474 4926 insatiabilis
3497 4888 3625 4928 con-

2039 4953 2381 5024 cupiscentiae
2430 4971 2515 5011 me
2570 4965 2780 5022 captum
2835 4961 3391 5016 excruciabatzillum
3446 4973 3620 5020 autem

2038 5044 2319 5100 admiratio
2343 5047 2656 5116 capiendum
2685 5049 2946 5105 trahebat.
2973 5051 3061 5107 Sic
3086 5068 3318 5118 eramus,
3348 5054 3517 5111 donec
3543 5065 3617 5123 tu,

2038 5136 2309 5193 Altissime
2335 5178 2348 5202 ,
2376 5153 2479 5192 non
2510 5139 2762 5195 deserens
2793 5141 3009 5196 humum
3041 5155 3272 5199 nostram
3295 5187 3310 5212 ,
3343 5148 3620 5205 miseratus

2037 5230 2283 5299 miseros,
2315 5231 2626 5288 subvenires
2657 5234 2805 5289 miris
2835 5246 2887 5290 et
2915 5238 3138 5292 occultis
3168 5239 3357 5295 modis.

2643 5344 2868 5402 CAPUT
2910 5349 3048 5403 XIII.

2465 5414 2610 5470 Uxor
2632 5420 2875 5487 quaeritur
2897 5421 3196 5491 Augustino.

2107 5503 2198 5559 25.
2224 5504 2293 5560 Et
2320 5505 2613 5561 instabatnr
2639 5509 2863 5582 impigre
2889 5523 2941 5566 ut
2968 5513 3212 5570 ducerem
3243 5531 3481 5573 uxorem.
3499 5517 3616 5576 Jam

2098 5618 2117 5649 ί
2136 5622 2366 5681 Cantqns,
2383 5618 2522 5681 juxta
2539 5625 2649 5670 Arn.
2670 5619 2789 5672 Flor.
2814 5631 2865 5674 et
2881 5631 3009 5676 Hart.
3033 5639 3096 5676 ex
3115 5627 3146 5677 6
3161 5635 3267 5679 Mss.
3337 5636 3392 5679 M.

2034 5679 2619 5790 M15:gIJesi‘t‘temaeremus,
2661 5685 2800 5747 juxta
2841 5693 3014 5738 Somm.
3050 5691 3194 5741 Bond.
3241 5698 3292 5742 et
3324 5699 3453 5744 Mart.
3491 5706 3556 5744 ex
3586 5695 3620 5747 3

2100 5778 2387 5874 Ξὶονίῖίιαβ.
2421 5816 2532 5854 cum
2550 5805 2731 5870 aliquot
2745 5816 2874 5874 Mss,
2893 5811 3141 5874 delicatus.
3173 5823 3346 5866 50mm.
3364 5824 3474 5867 Arn.
3495 5818 3622 5874 delo-
3647 5783 3660 5792 .

2036 5865 2210 5917 ιωω.
2229 5872 2364 5916 Stant
2379 5879 2500 5917 vero
2517 5881 2606 5931 pro
2621 5865 2784 5923 nostra
2800 5865 3012 5927 lectione
3028 5865 3245 5931 melioris
3258 5865 3509 5932 notia
