4116 6366
531 318 630 376 751

533 432 814 504 petebam,
847 431 960 504 jam
1005 433 1440 504 promittebatur,
1469 434 1698 490 marinae
1742 439 1912 488 matre
1951 433 2112 488 dante

536 539 774 594 operam,
803 539 908 596 quo
934 541 1019 580 me
1041 526 1148 595 jam
1181 526 1518 596 conjugatum
1541 525 1840 595 Baptismus
1859 525 2110 580 salutatis

537 619 792 684 ablueret,
822 633 926 688 quo
953 633 1037 674 me
1063 617 1249 672 indies
1273 617 1534 688 gaudebat
1558 618 1759 687 aptari,
1793 627 1845 673 et
1869 627 1986 671 vota
2015 631 2108 671 sua

533 721 598 764 se
615 710 878 780 promissa
903 711 990 764 tua
1005 710 1064 764 in
1085 719 1207 764 mea
1227 709 1330 765 ﬁde
1353 709 1608 780 compleri
1630 707 2104 766 animadvertebat.

535 802 664 856 Cum
687 817 812 856 sane
828 811 881 858 et
901 812 1084 872 rogatu
1107 817 1226 856 meo
1245 809 1301 856 et
1319 801 1582 856 desiderio
1602 817 1718 868 suo,
1733 802 1854 857 forti
1876 803 2108 857 clamore

533 893 712 948 cordis
738 893 832 948 abs
859 901 914 948 te
939 894 1313 963 deprecaretur
1343 893 1602 962 quotidie,
1639 901 1698 948 ut
1737 894 1785 948 ei
1815 897 1913 964 per
1937 893 2104 948 visum

533 985 846 1040 ostenderes
881 984 1076 1054 aliquid
1121 985 1188 1039 de
1231 983 1406 1038 futuro
1435 983 1770 1039 matrimonio
1794 997 1943 1050 meo;
1973 999 2106 1039 nun-

533 1093 690 1148 quam
729 1078 955 1132 voluisti.
997 1079 1059 1132 Et
1097 1077 1304 1132 videbat
1339 1079 1578 1147 quaedam
1615 1093 1748 1132 vana
1789 1083 1842 1133 et
1879 1079 2104 1149 phanta-

531 1168 683 1232 stica,
701 1183 806 1236 quo
825 1167 1044 1236 cogebat
1065 1167 1292 1236 impetus
1305 1167 1374 1222 de
1397 1167 1494 1222 hac
1513 1183 1571 1222 re
1591 1169 1874 1238 salagentis
1889 1169 2104 1224 humani

529 1261 764 1327 spiritus,
791 1267 844 1314 et
865 1259 1114 1314 narrabat
1139 1261 1296 1326 mihi,
1329 1273 1433 1314 non
1464 1273 1584 1316 cum
1615 1261 1802 1316 ﬁducia
1829 1275 1930 1332 qua
1959 1263 2100 1317 sole-

529 1353 640 1420 bat,
657 1369 777 1407 cum
799 1363 851 1408 tu
867 1354 1265 1410 demonstrares
1279 1357 1348 1419 ei,
1368 1356 1460 1410 sed
1479 1365 1823 1411 contemnens
1845 1371 1928 1412 ea.
1949 1357 2102 1412 Dice-

528 1445 618 1498 bat
647 1447 788 1500 enim
810 1447 1112 1501 discernere
1133 1464 1190 1501 se
1213 1451 1393 1502 nescio
1409 1463 1512 1518 quo
1529 1465 1736 1518 sapore,
1753 1463 1907 1520 quem
1927 1439 2101 1506 verbis

527 1537 792 1605 explicare
809 1553 911 1592 non
933 1547 1159 1608 poterat,
1183 1540 1306 1608 quid
1325 1539 1604 1594 interesset
1627 1542 1765 1596 inter
1781 1543 2100 1598 revelantem

527 1636 578 1680 te
599 1666 612 1691 ,
645 1637 700 1681 et
729 1629 964 1682 animam
991 1643 1140 1682 suam
1167 1629 1537 1684 somniantem.
1567 1631 1862 1686 lnstabatur
1885 1641 2062 1688 tamen
2081 1677 2094 1702 ,

528 1733 580 1774 et
611 1723 782 1791 [ntella
815 1725 1110 1793 petebatur,
1143 1725 1293 1796 cujus
1320 1733 1448 1780 mtas
1478 1725 1645 1780 ferme
1685 1725 1898 1781 biennio
1925 1729 2098 1784 minus

527 1829 684 1884 quam
706 1817 897 1870 nubilis
923 1825 1070 1884 erat;
1095 1828 1148 1872 et
1173 1820 1292 1888 quia
1315 1835 1376 1874 ea
1401 1819 1655 1888 placebat,
1677 1821 2095 1891 exspectabatur.

1120 1929 1342 1986 CAPUT
1378 1929 1443 1984 XI
1455 1931 1511 1985 ν.

649 1995 730 2050 De
755 1997 856 2051 vita
883 2001 1135 2054 communi
1157 1999 1351 2071 agenda
1379 2019 1489 2055 cum
1519 2005 1694 2060 amicis
1719 2005 1974 2060 deliberat.

591 2084 682 2138 24.
717 2087 783 2140 Et
813 2089 960 2142 militi
1003 2091 1152 2145 amici
1193 2091 1581 2160 agitaveramus
1618 2097 1812 2162 animo,
1845 2105 1898 2152 et
1931 2097 2095 2153 collo-

525 2184 746 2243 quentes
770 2193 831 2232 ac
857 2179 1180 2236 detestantes
1207 2183 1536 2238 turbulentas
1562 2185 1803 2241 humanae
1831 2189 1954 2242 vita:
1979 2205 2094 2243 mo;

522 2264 722 2333 lestias,
749 2283 882 2337 pene
907 2269 1010 2339 iam
1039 2271 1436 2328 ﬁrmaveramus
1463 2277 1652 2330 remoti
1679 2293 1708 2330 a
1737 2278 1903 2333 turbis
1928 2281 2094 2334 otiose

519 2359 698 2414 vivere
729 2377 744 2413 :
777 2361 826 2415 id
857 2363 1020 2418 otium
1052 2363 1128 2418 sic
1155 2361 1351 2430 moliti,
1383 2375 1442 2421 ut
1467 2369 1510 2422 si
1539 2369 1662 2439 quid
1693 2372 1886 2427 habere
1915 2389 2095 2442 pessu-

517 2463 668 2517 mus,
691 2453 1052 2510 conferremus
1079 2457 1132 2510 in
1161 2457 1390 2511 medium
1409 2499 1424 2524 ,
1448 2475 1709 2530 unamque
1735 2477 1846 2516 rem
1877 2464 2095 2518 familias

519 2555 632 2596 rem
659 2543 1010 2600 conflaremus
1041 2562 1105 2600 ex
1140 2549 1418 2614 omnibus;
1449 2561 1505 2604 ut
1531 2565 1624 2620 per
1647 2555 1888 2608 amicitize
1918 2557 2092 2612 since-

516 2635 728 2691 ritatem
773 2654 881 2693 non
935 2649 1080 2696 esset
1121 2641 1261 2695 aliud
1308 2642 1464 2713 hujus
1505 2653 1560 2700 et
1606 2647 1746 2700 aliud
1794 2649 1966 2714 illius;
2001 2651 2092 2706 sed

515 2729 660 2798 quod
675 2745 740 2784 ex
761 2733 965 2786 cunctis
987 2732 1137 2788 fieret
1159 2749 1342 2802 unum,
1361 2747 1416 2791 et
1437 2737 1738 2793 universum
1766 2742 2092 2811 singulorum

516 2829 694 2888 esset,
723 2831 776 2876 et
801 2825 977 2878 omnia
1009 2826 1244 2880 omnium
1274 2845 1287 2881 :
1313 2843 1438 2884 eum
1468 2831 1769 2888 videremur
1794 2835 1946 2890 nobis
1973 2851 2092 2891 esse

517 2926 678 2982 posse
704 2911 888 2968 decem
923 2913 1092 2970 ferme
1117 2916 1359 2973 homines
1387 2920 1438 2974 in
1469 2922 1652 2976 eadem
1693 2925 1973 2992 societate,
2001 2941 2090 2980 es-

518 3011 744 3072 sentque
785 3003 924 3058 inter
949 3021 1060 3061 nos
1101 3008 1432 3076 praedivites,
1472 3011 1828 3069 ilomauianus
1865 3019 2090 3072 maxime

517 3096 912 3166 communiceps
941 3107 1152 3167 noster,
1183 3115 1341 3169 quem
1375 3111 1498 3158 tunc
1525 3119 1712 3174 graves
1739 3115 1898 3180 :estus
1927 3123 2090 3178 nego-

517 3185 712 3240 tiorum
741 3201 958 3242 suorum
989 3189 1055 3244 ad
1083 3191 1392 3248 comitatum
1415 3201 1758 3266 attraxerant,
1782 3201 1848 3254 ab
1877 3201 2090 3258 ineunte

517 3287 674 3334 aetate
699 3279 826 3334 mihi
853 3279 1324 3351 familiarissims;
1354 3287 1442 3355 qui
1463 3290 1690 3344 maxime
1721 3292 1948 3348 instabat
1971 3293 2092 3350 huic

514 3371 624 3438 rei,
653 3381 708 3426 et
749 3388 993 3444 magnam
1025 3375 1078 3430 in
1117 3375 1390 3432 suadendo
1427 3379 1652 3436 habebat
1686 3387 2086 3454 auctoritatem,

513 3461 654 3530 quod
685 3465 856 3532 ampla
883 3481 970 3520 res
999 3467 1112 3536 ejus
1133 3468 1356 3523 multum
1381 3473 1590 3527 caeteris
1615 3476 1846 3530 anteibat
1871 3495 1882 3529 :
1907 3485 1954 3532 et
1979 3479 2090 3548 pla-

513 3565 696 3607 cuerat
717 3555 868 3610 nobis
891 3567 948 3610 ut
969 3557 1074 3611 bini
1101 3559 1260 3613 ataui
1285 3565 1532 3631 tanquam
1554 3567 1892 3635 magistratus
1913 3571 2088 3626 omnia

513 3646 812 3699 Itectessaria
841 3656 1119 3716 curarent,
1142 3652 1348 3705 caeteris
1377 3653 1584 3721 quietis.
1615 3655 1720 3711 Sed
1749 3665 2088 3731 posteaquam

513 3735 676 3802 cepit
711 3736 929 3806 cogitari
959 3747 1136 3792 utrum
1171 3739 1274 3795 hoc
1309 3743 1633 3798 mulierculae
1662 3747 1930 3815 sinerent,
1960 3767 2088 3821 quas

512 3833 565 3879 ct
591 3826 680 3880 alii
710 3837 946 3882 nostrum
973 3829 1082 3898 jam
1113 3829 1412 3900 habebant,
1439 3845 1494 3888 et
1521 3851 1616 3890 nos
1647 3837 1840 3894 habere
1871 3843 2084 3898 voleba-

515 3933 666 3984 mus,
697 3925 863 3973 totum
891 3921 1020 3975 illud
1046 3921 1296 3992 placitum
1322 3925 1462 3994 quod
1493 3925 1626 3982 bene
1661 3927 2016 3988 furmabamus
2045 3935 2082 4003 ί,

510 4006 740 4063 dissiluit
777 4009 830 4064 in
868 4013 1138 4080 manibus,
1173 4021 1332 4085 atque
1363 4018 1690 4073 confractum
1731 4029 1784 4075 et
1823 4023 2083 4092 abjectum

511 4107 612 4154 est.
647 4100 772 4155 Inde
797 4102 864 4156 ad
893 4104 1120 4174 suspiria
1157 4113 1210 4160 et
1245 4108 1471 4176 gemitus
1495 4111 1536 4176 ⁸,
1567 4119 1618 4166 et
1645 4127 1857 4182 gressns
1899 4117 1964 4171 ad
2001 4133 2085 4174 se<

509 4193 746 4260 querulas
785 4193 917 4248 latas
957 4204 1012 4250 et
1049 4196 1200 4251 tritas
1235 4199 1348 4254 vias
1387 4202 1598 4269 saeculi,
1629 4206 1876 4274 quoniam
1905 4211 2084 4265 multa;

509 4287 860 4358 cogitationes
885 4301 1037 4346 erant
1067 4291 1122 4346 in
1149 4294 1312 4348 corde
1343 4303 1556 4362 nostro;
1585 4300 1864 4354 consilium
1907 4311 2080 4359 autem

507 4387 656 4434 tuum
683 4391 862 4436 manet
887 4383 938 4437 in
960 4391 1216 4440 auersum
1245 4383 1414 4458 (Paul.
1437 4403 1611 4455 xxxu,
1629 4391 1708 4461 2).
1731 4393 1808 4448 Ex
1835 4407 1940 4464 quo
1955 4411 2083 4452 con-

507 4469 627 4525 silio
655 4471 932 4528 deridebas
959 4483 1138 4530 nostra
1157 4515 1173 4544 ,
1203 4483 1258 4531 et
1287 4487 1372 4532 tua
1405 4484 1736 4550 praaparabas
1755 4525 1770 4550 ,
1803 4486 1954 4542 nobis
1982 4487 2078 4542 da-

508 4570 658 4616 turus
669 4577 844 4618 escam
862 4565 914 4620 in
927 4568 1341 4636 opportunitate,
1355 4578 1412 4626 et
1423 4579 1699 4640 aperturus
1712 4589 1921 4630 manum
1937 4585 2078 4633 tuam

506 4661 662 4725 atque
686 4655 1002 4726 impleturus
1025 4661 1232 4716 animas
1265 4673 1475 4719 nostras
1509 4665 1876 4725 benedictione
1905 4668 2074 4743 (Psal.

505 4761 686 4818 cxuv,
715 4749 940 4822 {5,16).
1191 4823 1415 4882 CAPUT
1443 4825 1538 4882 xv

645 4909 714 4966 In
737 4913 900 4968 locum
929 4914 1226 4972 discedenti:
1253 4920 1543 4976 concubium
1569 4921 1673 4976 alia
1695 4923 1934 4978 succedit.

571 5025 664 5083 25.
685 5026 888 5084 Interea
915 5041 1130 5100 peccata
1155 5047 1274 5088 mea
1299 5035 1798 5106 multiplicabautur,
1823 5045 1876 5094 et
1895 5043 2073 5097 avulsa

567 5161 584 5193 ¹
605 5159 960 5238 Mantus,
993 5163 1131 5227 juxta
1162 5169 1512 5238 vetustissimas
1544 5169 1781 5220 editiones
1815 5179 1865 5222 et
1896 5173 2076 5238 aliquot

503 5227 610 5290 Mss.
631 5232 755 5290 rene
769 5222 1144 5290 timueramus,
1159 5230 1296 5290 juxta
1313 5227 1432 5280 Flor.
1498 5239 1552 5281 Μ.

562 5285 780 5360 Codex,
799 5287 900 5360 Alb:
921 5295 971 5340 et
985 5285 1282 5360 alitiquidres
1299 5292 1408 5342 ΕΜ.
1429 5307 1444 5344 :
1469 5293 1586 5346 Inde
1601 5291 1668 5344 ad
1689 5294 1897 5360 suspiria
1919 5302 1964 5347 ct
1987 5309 2037 5348 σς

505 5349 646 5397 alitus
663 5349 1065 5412 convertebatur,
1082 5349 1128 5404 e't
1145 5363 1350 5420 gressus.

1681 317 2194 378 CONFESSIUNUI
2231 321 2290 374 ts.
2331 319 2470 380 AUC
2479 325 2698 382 USTINI

3688 337 3786 402 ηε

2217 449 2246 488 a
2267 435 2432 492 latere
2449 453 2572 494 mm
2599 447 2848 512 tanun
2875 446 3252 515 impedimento
3271 453 3518 525 coniugii,
3543 467 3664 514 eum
3687 477 3782 531 qua

2211 529 2409 584 cubare
2435 533 2620 588 snt-itas
2650 549 2814 604 eram,
2847 551 2942 594 cor
2969 541 3056 595 ubi
3085 543 3404 614 adhazrebat,
3434 529 3713 607 concisum
3731 567 3782 610 et

2213 619 2545 677 vulneratum
2575 627 2704 684 mihi
2735 637 2867 694 erat,
2896 637 2950 684 et
2981 631 3220 690 trahebat
3246 640 3574 708 sanguinem.
3601 641 3666 697 Et
3697 645 3778 701 illa

2213 711 2266 765 in
2287 712 2516 768 Africam
2539 717 2787 785 redierat,
2809 735 3008 776 verens
3035 724 3124 778 tibi
3149 725 3318 782 alium
3337 743 3397 784 se
3419 731 3586 787 virum
3613 737 3780 790 uesci-

2213 809 2384 858 turam
2403 845 2418 872 ,
2449 807 2632 862 relicto
2659 811 2798 878 apud
2823 825 2908 866 me
2935 816 3160 870 naturali
3183 829 3250 872 ex
3279 819 3368 874 illa
3405 821 3516 877 tilio
3541 835 3680 879 meo.
3715 830 3778 882 At

2211 910 2312 966 ego
2335 897 2514 953 infelix
2544 915 2642 956 nec
2669 902 2880 958 feminae
2909 903 3162 974 imitator,
3187 909 3452 968 dilationis
3477 915 3776 986 impatiens,

2211 993 2458 1056 tanquam
2511 999 2633 1060 post
2683 989 2951 1049 biennium
3001 1009 3314 1068 accepturus
3355 1011 3472 1058 eam
3501 1021 3658 1076 quam
3691 1021 3780 1078 pe-

2209 1077 2414 1144 tebam,
2443 1082 2565 1150 quia
2597 1099 2700 1138 non
2729 1095 2934 1142 amator
2955 1091 3184 1162 conjugii
3211 1093 3304 1148 sed
3333 1095 3566 1153 libidinis
3591 1077 3780 1160 servus

2209 1183 2388 1237 eram;
2417 1178 2694 1243 procuravi
2737 1179 2892 1234 aliam
2913 1221 2926 1245 ,
2969 1197 3072 1238 non
3117 1187 3298 1256 utique
3335 1190 3645 1260 coniugem;
3675 1211 3780 1264 quo

2208 1271 2458 1334 tanquam
2497 1279 2886 1328 sustentaretur
2901 1281 2960 1328 et
2987 1276 3365 1346 perduceretur
3379 1284 3461 1336 vel
3479 1284 3682 1356 integer
3697 1289 3776 1342 vel

2206 1357 2410 1411 auctior
2445 1361 2664 1416 morbus
2703 1366 2894 1419 animae
2939 1381 3106 1434 mete,
3153 1372 3404 1427 satellitio
3447 1377 3776 1444 perdurantis

2205 1453 2632 1522 consuetudinis,
2675 1457 2727 1511 in
2773 1473 2995 1528 regnum
3041 1463 3304 1520 uxorium.
3349 1465 3458 1521 Nec
3495 1472 3779 1526 satiabatur

2205 1542 2393 1598 vulnus
2433 1545 2560 1601 illud
2599 1561 2776 1604 meum
2819 1553 2960 1621 quod
2999 1555 3190 1624 prioris
3229 1559 3540 1627 przecisione
3579 1561 3776 1618 factum

2203 1633 2394 1702 fuerat,
2421 1639 2513 1694 sed
2539 1651 2662 1709 post
2685 1643 2944 1700 fervorem
2969 1645 3311 1719 doloremque
3340 1653 3653 1719 acerrimum
3683 1671 3778 1724 pu-

2201 1730 2486 1798 trescebat,
2511 1744 2568 1788 et
2595 1737 2744 1806 quasi
2773 1737 3030 1808 frigidius,
3065 1741 3158 1795 sed
3185 1741 3512 1814 desperatius
3541 1747 3772 1805 dolebat.

2785 1894 3010 1952 CAPUT
3049 1897 3186 1954 XVI.

2375 2023 2554 2081 Mortis
2583 2035 2628 2082 et
2647 2021 2831 2100 judicii
2861 2039 3046 2085 metum
3075 2045 3330 2104 nunquam
3359 2033 3604 2108 deposuit.

2269 2163 2357 2219 26.
2398 2163 2516 2220 Tibi
2557 2167 2672 2222 laus
2694 2209 2710 2234 ,
2761 2169 2852 2225 tibi
2889 2170 3086 2240 gloria,
3123 2171 3244 2228 fons
3271 2175 3770 2236 misericordiamm.

2199 2256 2311 2327 Ego
2339 2257 2523 2314 fiebam
2555 2261 2828 2330 miserior,
2865 2273 2918 2318 et
2959 2273 3010 2318 tu
3053 2268 3412 2338 propiuquior.
3439 2269 3636 2326 Aderat
3657 2273 3764 2342 jam

2193 2347 2410 2418 jamque
2436 2349 2651 2405 dextera
2685 2363 2772 2408 tua
2797 2363 3012 2424 raptura
3043 2372 3126 2412 me
3155 2357 3222 2412 de
3249 2373 3424 2426 emno,
3451 2369 3506 2414 et
3529 2361 3772 2418 ablutura

2198 2455 2318 2504 me;
2349 2450 2418 2496 et'
2443 2443 2768 2513 ignorabam.
2805 2445 2912 2502 Nec
2949 2463 3035 2503 me
3073 2453 3354 2506 revocabat
3375 2469 3404 2506 a
3435 2452 3775 2524 profundiore

2197 2533 2526 2604 voluptatum
2567 2539 2854 2594 carnalium
2889 2542 3126 2611 gurgite,
3165 2543 3264 2598 nisi
3305 2555 3478 2600 metus
3506 2548 3692 2603 mortis
3719 2559 3774 2604 ct

2197 2623 2356 2680 futuri
2395 2626 2578 2697 judicii
2621 2630 2730 2696 tui,
2774 2631 2864 2700 qui
2893 2647 2988 2700 per
3014 2634 3186 2688 varias
3215 2636 3428 2705 quidem
3459 2639 3768 2708 opiniones,

2196 2732 2463 2788 nunquam
2495 2729 2668 2776 tamen
2696 2724 2920 2778 recessit
2943 2723 3010 2781 de
3039 2735 3252 2796 pectore
3277 2743 3416 2784 nico.
3445 2729 3512 2785 Et
3537 2731 3772 2800 disputa-

2197 2807 2316 2862 bam
2347 2825 2466 2866 eum
2495 2813 2682 2868 amicis
2713 2817 2845 2870 meis
2875 2817 3064 2890 Alypio
3107 2831 3160 2874 et
3197 2821 3449 2876 Nebridio
3475 2823 3542 2878 de
3579 2824 3770 2880 ﬁnibus

2194 2899 2454 2956 bonorum
2499 2912 2552 2959 et
2595 2906 2883 2974 malorum,
2911 2910 3195 2979 Epicurum
3239 2907 3582 2982 accepturum
3607 2915 3768 2970 fuisse

2195 2995 2422 3064 palmam
2471 2996 2521 3050 in
2567 2998 2745 3052 animo
2785 3015 2933 3068 meo,
2975 3002 3076 3056 nisi
3117 3018 3216 3072 ego
3258 3005 3600 3060 credidissem
3651 3019 3770 3077 post

2194 3097 2420 3142 mortem
2453 3097 2652 3144 restare
2681 3091 2868 3145 animm
2907 3093 3104 3160 vitam,
3133 3103 3184 3150 ct
3211 3104 3406 3151 tractus
3433 3099 3763 3166 meritorum,
3797 3090 3803 3095 ’

2194 3176 2332 3246 quod
2359 3176 2620 3246 Epicurus
2647 3180 2864 3237 credere
2893 3183 3076 3238 noluit.
3105 3185 3171 3240 Et
3197 3187 3518 3256 quaerebam,
3549 3190 3594 3244 si
3617 3206 3764 3245 esse-

2195 3283 2312 3320 mus
2337 3267 2661 3325 immortales
2685 3281 2738 3326 et
2763 3271 2814 3326 in
2835 3285 3086 3342 perpetua
3109 3279 3346 3346 corporis
3367 3279 3630 3348 voluptate
3649 3281 3765 3336 sine

2193 3351 2302 3405 ullo
2331 3355 2630 3410 omissionis
2669 3364 2870 3412 terrore
2906 3350 3232 3434 viveremus,
3271 3379 3366 3418 cur
3393 3380 3498 3422 non
3525 3381 3766 3425 essemus

2193 3441 2330 3496 beati
2353 3483 2368 3510 ,
2400 3453 2490 3498 aut
2513 3448 2637 3516 quid
2665 3449 2804 3504 aliud
2833 3453 3231 3522 qumrcrcn'tus?
3255 3454 3512 3512 Nescicns
3537 3457 3764 3530 idipsum

2193 3533 2256 3588 ad
2298 3551 2536 3606 magnam
2575 3541 2840 3598 miseriam
2884 3547 3150 3614 pertinere
3170 3589 3184 3612 ,
3215 3549 3357 3618 quod
3385 3549 3458 3604 ita
3487 3550 3766 3610 demersus

2192 3635 2243 3680 ct
2284 3643 2456 3683 czrcus
2499 3633 2730 3702 engilare
2775 3652 2876 3690 non
2921 3653 3124 3706 possem
3165 3640 3341 3696 lumen
3385 3641 3675 3701 honestatis
3709 3657 3766 3702 et

2191 3721 2355 3792 gratis
2393 3725 2769 3793 :nnplectendze
2805 3730 3236 3798 pulcln-itudinis,
3279 3749 3436 3803 quam
3477 3751 3584 3792 non
3623 3739 3766 3792 videt

2193 3813 2377 3868 oculus
2397 3815 2590 3884 carnis,
2615 3825 2666 3870 ct
2686 3817 2892 3873 videtur
2913 3837 2974 3874 cx
3007 3823 3209 3878 intimo.
3229 3823 3337 3880 Nec
3361 3827 3762 3886 considerabam

2191 3907 2372 3972 miser,
2404 3924 2470 3962 ex
2495 3925 2595 3978 qua
2635 3926 2761 3966 vena
2809 3912 2934 3966 mihi
2981 3925 3246 3986 manaret,
3290 3919 3433 3988 quod
3479 3920 3575 3974 ista
3625 3921 3756 3992 ipsa,

2191 3993 2326 4050 fmda
2361 4009 2563 4062 tmncn,
2601 4017 2720 4054 cum
2770 4003 2952 4058 amicis
2997 4005 3220 4062 dulciter
3261 4011 3630 4078 ccul'erebam;
3661 4029 3762 4068 nec

2190 4108 2308 4146 esse
2352 4092 2466 4146 sine
2508 4093 2689 4148 amicis
2729 4105 2966 4166 poteram
3005 4097 3219 4166 beatus,
3263 4103 3421 4156 etiam
3469 4105 3758 4160 secundum

2189 4197 2401 4236 sensum
2429 4198 2582 4252 quem
2629 4195 2746 4239 tunc
2779 4185 3034 4242 habebam
3061 4189 3112 4244 in
3140 4192 3464 4260 quantalibet
3491 4193 3756 4250 affluentia

2187 4263 2474 4328 carnalium
2506 4275 2848 4346 voluptatum.
2879 4277 3020 4347 Quos
3050 4281 3230 4352 utique
3257 4287 3454 4339 amicos
3482 4287 3644 4356 gratis
3671 4288 3756 4342 di-

2186 4363 2434 4433 ligebam,
2458 4359 2792 4438 vicissimque
2815 4369 2880 4426 ab
2897 4371 2977 4426 eis
2999 4388 3082 4427 me
3098 4373 3238 4444 diligi
3257 4376 3421 4446 gratis
3441 4379 3754 4432 sentiebam.

2183 4457 2229 4513 0
2247 4466 2510 4512 tortuosas
2531 4459 2670 4514 vias!
2698 4460 2783 4514 Vm
2804 4463 2993 4516 anima:
3022 4465 3207 4536 audaci
3237 4482 3352 4536 quae
3377 4468 3623 4536 speravit,
3649 4470 3696 4522 si
3723 4485 3752 4523 a

2185 4559 2236 4606 te
2265 4553 2589 4618 recessisset,
2622 4569 2678 4607 se
2706 4555 2902 4626 aliquid
2933 4557 3122 4612 melius
3149 4557 3472 4614 habituram!
3505 4559 3668 4616 Versa
3700 4571 3754 4618 ct

2183 4661 2390 4701 reversa
2413 4643 2464 4700 in
2489 4656 2713 4718 tergum,
2741 4657 2794 4704 et
2819 4650 2872 4705 in
2905 4651 3085 4716 latera,
3111 4663 3162 4708 ct
3187 4653 3238 4706 in
3260 4665 3518 4720 ventrem,
3543 4665 3600 4712 ct
3620 4655 3752 4712 dura

2181 4747 2306 4794 sunt
2334 4737 2508 4792 omnia
2545 4757 2557 4794 :
2589 4749 2641 4794 et
2673 4749 2726 4795 tu
2759 4741 2902 4796 solus
2929 4744 3156 4814 requies.
3188 4745 3252 4800 Et
3281 4761 3406 4802 ecce
3433 4747 3580 4814 ades,
3607 4757 3662 4804 ct
3689 4749 3756 4802 li-

2179 4828 2333 4884 beras
2357 4845 2385 4883 a
2410 4831 2795 4888 miserabilibus
2824 4835 3122 4904 erroribus,
3161 4845 3214 4890 et
3253 4839 3532 4894 constituis
3565 4855 3662 4894 nos
3697 4840 3750 4894 in

2179 4921 2261 4975 via
2289 4931 2375 4976 tua
2400 4964 2412 4988 ,
2446 4932 2499 4977 et
2523 4926 2812 4982 consolaris
2831 4968 2846 4992 ,
2877 4935 2928 4982 et
2957 4927 3084 4982 dicis
3116 4948 3128 4984 :
3159 4929 3396 4986 Currite:
3425 4948 3522 5002 ego
3545 4931 3708 4988 feram
3729 4971 3746 4998 ,

2179 5023 2232 5070 ct
2256 5030 2354 5086 ego
2381 5015 2686 5086 perducam,
2720 5027 2772 5074 et
2799 5019 2870 5074 ibi
2897 5036 2994 5092 ego
3024 5022 3186 5078 feram
3217 5025 3256 5078 ί.

2241 5195 2257 5228 ί
2277 5201 2326 5244 In
2343 5197 2532 5260 Lyrensi
2552 5198 2628 5244 (ιιι.
2645 5231 2659 5257 ,
2685 5201 2731 5248 et
2761 5210 2848 5263 ego
2867 5197 2932 5252 ibi
2955 5197 3182 5252 ltbcrabo.
