4116 6366
348 379 451 437 733

1738 354 1936 414 LIBER
1970 344 2325 413 SEW.

1171 480 3612 516 Μ

1288 592 1771 707 LIBER
1852 582 2134 697 SEP
2158 586 2459 695 TIM
2476 578 2683 695 US.

411 799 667 851 Exordium
690 806 793 845 suae
812 788 1099 856 iuventutis,
1124 786 1173 835 id
1198 791 1279 856 est.
1295 797 1471 856 annum
1495 780 1649 856 artatis
1677 772 2225 856 trigesimumqmimum,
2251 769 2513 841 ob_mentis
2535 765 2702 817 oculos
2725 764 2933 836 reducit.
2965 764 3132 813 Narrat
3150 774 3207 811 se
3228 757 3310 810 illa
3333 765 3479 856 atate
3501 759 3621 809 dens

1579 855 1585 856 ,
1666 851 1686 856 -
1719 850 1808 856 -_--.t
1840 847 1974 856 una-“
2004 846 2077 856 mm
2103 845 2222 856 MM...
2248 839 2331 856 nn.
2368 840 2583 856 unum...“
2638 842 2824 856 ηηηηηιι
2851 839 2974 856 ηιινιηη
3000 827 3236 856 Λπὶινίηοιῃ
3260 836 3334 856 una
3358 824 3369 856 ἰ
3414 824 3461 856 in
3483 824 3621 856 mninn

347 843 735 927 similius-adhuc
773 843 1057 927 ignorantiae
1087 843 1312 927 teqebris
1344 843 1638 927 impiatum,
1663 846 1745 907 atq

1748 822 1811 886 ue
1837 822 2079 883 errantem
2102 822 2227 881 circa
2244 834 2333 880 Dei
2368 840 2604 889 naturam,
2638 842 2828 879 necnon
2850 828 2977 877 circa
3000 827 3238 887 originem
3260 822 3390 889 mali,
3404 824 3464 889 _i_n
3480 824 3622 889 unus

469 884 498 911 ll
551 884 625 909 ‘ut
659 884 735 907 nuc
774 884 785 904 1
827 884 1057 903 πυιωιιιω
1092 884 1312 899 suus"...
1346 884 1638 900 ....ν-...-..---,
1666 884 1710 887 __

348 884 668 988 ambitioni;
692 933 750 969 se
772 884 947 988 tiiirum
964 915 1035 988 _in
1064 912 1260 965 modum
1290 908 1519 973 angebat,
1544 884 1828 968 pervenisse
1853 896 2046 948 tandem
2069 894 2129 943 ad
2149 894 2474 957 cognitionem
2511 884 2602 942 Dei
2619 894 2889 951 sinceram;
2914 884 3133 953 quamvis
3154 884 3364 936 nonduin
3386 885 3534 947 digne
3548 884 3620 934 de

347 980 547 1038 Doinino
567 986 749 1035 Christo
771 980 996 1031 sentiret.

1796 1066 1939 1118 θέθ-Ξὲ
1949 1060 2157 1117 Ὠιέεήϐι

828 1178 1079 1271 ὀΑΡυΤ
1117 1204 1402 1265 PRIMUM.

354 1342 520 1397 Deum
546 1337 733 1410 cogitat
770 1344 1005 1401 tanquam
1048 1324 1241 1394 aliquid
1276 1332 1569 1391 corporeum
1608 1331 1696 1386 per
1736 1310 1934 1383 inﬁnita

914 1422 1079 1494 spatia
1109 1416 1370 1485 di/fusum.

424 1551 473 1603 1.
512 1545 626 1601 Jam
662 1549 867 1597 mortua
902 1547 1015 1593 erat
1042 1529 1397 1589 adolescentia
1435 1541 1550 1580 mea
1577 1522 1713 1578 mala
1748 1528 1801 1576 et
1838 1535 1931 1573 ne—

350 1640 538 1703 fanda,
579 1648 633 1691 et
669 1636 806 1689 ibam
846 1633 894 1685 in
922 1630 1287 1699 jnventutem,
1329 1628 1526 1691 quanto
1563 1624 1716 1669 {elate
1746 1612 1930 1680 major,

352 1741 499 1785 tanto
524 1727 753 1783 vanitate
780 1721 1002 1791 turpior.
1028 1718 1125 1784 Qui
1148 1715 1383 1784 cogitare
1413 1707 1605 1778 aliquid
1628 1703 1933 1759 substantize

350 1827 451 1880 nisi
498 1824 601 1877 tale
630 1836 733 1874 non
774 1816 1047 1888 poteram,
1084 1810 1238 1879 quale
1280 1822 1373 1876 per
1415 1804 1511 1855 hos
1541 1800 1722 1853 oculos
1769 1794 1934 1850 videri

351 1918 521 1979 solet;
568 1930 670 1968 non
704 1921 752 1964 te
778 1906 1072 1976 cogitabam
1106 1904 1144 1967 ί,
1179 1902 1317 1954 Dens
1341 1940 1353 1961 ,
1396 1896 1447 1949 in
1495 1895 1654 1963 lignra
1698 1887 1935 1958 corporis

353 2008 608 2073 immani,
655 2020 714 2057 ex
758 2018 861 2071 quo
893 1998 1073 2053 audire
1099 1991 1296 2063 aliquid
1347 1992 1414 2043 de
1461 1984 1716 2058 sapientia
1762 1981 1934 2050 cmpi;

352 2114 566 2167 semper
607 2096 703 2149 hoc
742 2092 882 2161 fugi:
918 2098 969 2143 et
1008 2086 1296 2156 gaudebam
1331 2097 1413 2134 me
1456 2079 1555 2131 hoc
1584 2074 1848 2144 reperisse
1888 2072 1936 2125 in

357 2163 775 2259 lide—spiritualis
801 2183 982 2237 matris
1011 2188 1203 2233 nostrze
1230 2172 1513 2228 Catholica:
1539 2180 1658 2222 ιιιιιξ.
1684 2164 1787 2219 Sed
1815 2163 1938 2233 quid

358 2294 410 2339 te
435 2281 576 2336 aliud
617 2278 906 2349 COgitarem
940 2291 1043 2328 non
1076 2268 1418 2331 occurrebat;
1453 2274 1505 2319 et
1533 2262 1763 2317 conabar
1793 2250 1935 2328 cogi—

355 2387 470 2432 tare
494 2388 543 2430 te
568 2374 749 2437 homo,
780 2379 833 2424 et
864 2369 977 2422 talis
1002 2367 1181 2431 homo,
1214 2375 1477 2416 snnunum
1504 2366 1557 2412 et
1579 2356 1747 2409 solum
1774 2362 1827 2407 et
1852 2367 1942 2405 ve-

356 2485 475 2523 rum
508 2468 675 2521 Deum
702 2483 713 2517 :
745 2472 797 2519 et
823 2471 872 2515 te
899 2454 1375 2525 incorruptibilem,
1406 2460 1459 2505 et
1486 2445 1861 2511 inviolabilem,
1892 2452 1944 2498 et

356 2558 845 2617 incommutabilem
865 2597 879 2622 ,
908 2554 1029 2608 totis
1060 2549 1303 2605 medullis
1333 2544 1643 2608 credebam;
1669 2542 1785 2611 quia
1805 2580 1818 2604 ,
1848 2554 1942 2593 nc-

358 2652 537 2707 sciens
572 2649 712 2707 unde
755 2655 809 2703 et
847 2643 1132 2717 quomodo,
1174 2642 1329 2711 plane
1384 2648 1561 2692 tamen
1607 2633 1845 2689 videbam
1894 2640 1945 2685 ct

358 2752 542 2799 certus
567 2758 751 2807 eram,
778 2740 826 2793 id
860 2737 1000 2808 quod
1034 2733 1300 2803 corrumpi
1337 2740 1538 2802 potest,
1567 2726 1800 2781 deterius
1828 2739 1948 2779 esse

360 2853 517 2907 quam
546 2835 597 2891 id
622 2834 759 2903 quod
793 2848 896 2887 non
924 2838 1125 2903 potest;
1157 2837 1205 2881 et
1236 2825 1373 2896 quod
1408 2822 1593 2877 violari
1618 2837 1722 2875 non
1753 2826 1946 2889 potest,

360 2931 733 2985 incunctanter
772 2922 1146 2996 prmponebam
1186 2917 1449 2981 violabili;
1483 2924 1537 2969 et
1577 2912 1716 2986 quod
1754 2912 1949 2965 nullam

362 3022 563 3093 patitur
604 3018 985 3082 mutationem,
1031 3014 1217 3067 melius
1248 3026 1364 3063 esse
1394 3023 1550 3078 quam
1582 3006 1633 3059 id
1662 3004 1801 3075 quod
1833 3019 1949 3056 mu-

363 3113 465 3171 tari
508 3119 721 3181 potest.-
751 3108 1024 3162 Clamabat
1056 3104 1315 3159 violenter
1353 3115 1445 3154 cor
1488 3114 1663 3151 meum
1702 3096 1954 3149 adversus

366 3204 547 3259 omnia
573 3202 942 3271 phantasmata
970 3214 1105 3260 mea,
1124 3206 1176 3247 et
1202 3195 1303 3247 hoc
1329 3207 1435 3245 uno
1455 3191 1559 3244 ictu
1580 3187 1811 3242 conabar
1839 3186 1955 3239 abi-

373 3311 503 3367 gere
554 3292 1020 3349 cireumvolantcm
1080 3286 1287 3340 turbam
1342 3280 1689 3337 immnndilim
1722 3278 1787 3331 ab
1844 3276 1958 3330 acie

369 3388 566 3443 mentis
594 3401 760 3447 mete;
800 3391 854 3436 et
894 3382 977 3434 \ix
1012 3380 1209 3434 dimota
1254 3379 1302 3428 in
1338 3376 1442 3428 ictu
1470 3373 1638 3438 oculi,
1672 3386 1797 3424 ecce
1826 3384 1955 3421 con-

369 3482 581 3551 globata
612 3491 793 3532 rursus
816 3474 1017 3536 aderat,
1049 3482 1097 3523 et
1131 3469 1362 3523 irruebat
1390 3467 1441 3519 in
1471 3472 1738 3533 aSpectum
1762 3476 1955 3524 meum,

371 3583 427 3628 ct
465 3570 808 3627 obnubilabat
838 3584 995 3625 cum:
1032 3571 1089 3616 ut
1118 3562 1354 3632 quamvis
1398 3574 1501 3612 non
1536 3557 1701 3609 forma
1745 3552 1961 3609 humani

372 3664 645 3733 corporis,
697 3673 1010 3729 corporeum
1057 3663 1229 3709 tamen
1279 3650 1476 3719 aliquid
1525 3648 1757 3717 cogitare
1799 3660 1962 3713 coge-

375 3772 463 3815 rer
512 3770 604 3824 per
648 3752 816 3823 spatia
849 3751 1116 3810 locorum,
1165 3747 1276 3798 sive
1312 3742 1535 3794 infusum
1590 3736 1805 3803 mundo,
1853 3734 1964 3789 sive

378 3848 537 3902 etiam
581 3853 731 3898 extra
790 3840 1043 3897 mundum
1093 3853 1188 3909 per
1238 3834 1436 3888 intinita
1477 3831 1761 3895 ditiusum,
1807 3828 1965 3880 etiam

378 3940 550 4010 ipsum
583 3934 982 4004 incorruptibile
1014 3939 1066 3986 et
1094 3928 1397 3984 inuiolabile
1432 3936 1484 3981 et
1514 3921 1962 3985 incommutabile,

380 4032 525 4102 quod
553 4028 883 4098 corruptibili
915 4037 967 4080 et
1007 4023 1233 4077 violabili
1267 4032 1318 4075 et
1362 4016 1721 4072 commutabili
1764 4027 1970 4083 purpo—

382 4126 609 4189 nebam;
654 4121 902 4194 quoniam
934 4114 1184 4186 quidquid
1226 4112 1493 4181 privabant
1533 4107 1717 4175 spatiis
1750 4104 1966 4166 talibus,

385 4219 521 4272 nihil
549 4216 680 4271 mihi
707 4229 824 4269 esse
845 4211 1123 4271 videbatur
1148 4228 1159 4261 :
1191 4206 1282 4261 sed
1310 4220 1524 4273 prorsus
1545 4202 1697 4265 nihil,
1728 4216 1793 4252 ne
1817 4199 1972 4252 inane

385 4309 634 4381 quidem;
664 4316 909 4374 tanquam
942 4304 982 4355 si
1016 4314 1209 4368 corpus
1234 4296 1501 4351 auferatur
1523 4293 1661 4356 loco,
1693 4299 1745 4344 et
1768 4296 1974 4343 maneat

388 4405 541 4459 locus
569 4401 710 4455 onmi
738 4414 961 4467 corpore
992 4402 1262 4453 νιιιτυιιιιιε,
1289 4400 1342 4445 et
1371 4399 1581 4442 terreno
1606 4395 1659 4439 et
1684 4382 1898 4437 humido
1924 4392 1975 4437 et

389 4512 552 4554 aereo
581 4502 633 4549 et
660 4491 892 4554 caelesti,
924 4488 1015 4543 sed
1055 4496 1227 4539 tamen
1259 4482 1326 4541 sit
1352 4481 1501 4535 locus
1529 4477 1700 4533 inanis
1727 4485 1977 4547 tanquam

391 4590 685 4661 spatiemur
711 4584 860 4640 nihil.

467 4685 523 4738 2.
552 4683 662 4751 Ego
688 4681 865 4749 itaque
896 4676 1217 4729 incrassatns
1252 4665 1448 4731 corde,
1496 4678 1595 4719 nec
1636 4660 1978 4730 mihimetipsi

394 4775 486 4831 vel
508 4774 621 4841 ipse
643 4769 978 4837 conspicuus,
1003 4760 1257 4833 quidquid
1284 4774 1391 4813 non
1414 4773 1507 4826 per
1529 4756 1791 4824 aliquanta
1814 4750 1981 4820 spatia

398 4865 726 4927 tenderetur,
762 4859 844 4913 vel
875 4854 1279 4916 ditlunderctur,
1316 4850 1401 4904 vel
1442 4846 1867 4915 eonglobaretur,
1900 4843 1983 4897 vel

397 4963 664 5020 tumeret,
695 4953 775 5006 vel
808 4951 909 5004 tale
937 4944 1131 5015 aliquid
1161 4950 1405 5019 caperet,
1438 4948 1527 4992 aut
1554 4952 1745 5005 capere
1770 4943 1982 5005 posset,

400 5047 535 5103 nihil
568 5058 784 5115 prorsus
810 5055 926 5096 esse
948 5036 1260 5092 arbitrabar.
1292 5032 1393 5088 Per
1416 5030 1600 5103 quales
1627 5028 1767 5082 enim
1792 5026 1988 5080 formas

404 5140 487 5196 ire
506 5139 677 5193 solent
694 5133 835 5189 oculi
851 5132 971 5194 inci,
994 5145 1083 5201 per
1108 5126 1235 5180 tales
1257 5123 1513 5193 imagines
1536 5120 1642 5173 ibat
1661 5134 1753 5173 cor
1775 5134 1947 5171 meum
1974 5135 1987 5172 :

404 5248 511 5291 nec
556 5230 797 5285 videbam
835 5225 973 5281 hanc
1016 5219 1255 5275 eamdem
1306 5217 1685 5279 intentionem,
1732 5226 1835 5281 qua
1874 5210 1990 5265 illas

409 5326 555 5395 ipsas
582 5322 837 5390 imagines
864 5314 1177 5377 formabant,
1205 5324 1308 5365 non
1332 5323 1451 5362 esse
1480 5306 1581 5359 tale
1611 5302 1843 5371 aliquid;
1874 5318 1991 5370 qua:

410 5426 589 5471 tamen
624 5414 763 5483 ipSas
791 5424 892 5464 non
920 5408 1191 5467 lormaret,
1217 5400 1315 5454 nisi
1338 5406 1477 5452 esset
1502 5410 1744 5464 magnum
1773 5392 1989 5462 aliquid.

412 5508 490 5564 Ita
519 5507 676 5560 etiam
705 5514 775 5566 te,
797 5502 902 5555 vita
932 5499 1051 5551 vita:
1078 5511 1229 5556 mete,
1254 5490 1506 5561 grandem
1537 5503 1629 5556 per
1649 5487 1849 5541 inlinita
1875 5499 1995 5554 Spa-

416 5602 489 5655 tia
518 5598 749 5667 undique
775 5591 1070 5663 cogitabam
1093 5596 1371 5658 penetrare
1394 5592 1554 5636 totam
1578 5578 1755 5633 mundi
1780 5578 1995 5643 molem,

417 5700 473 5745 et
512 5700 660 5745 extra
698 5702 815 5741 eam
863 5692 1283 5755 quaquaversum
1331 5690 1423 5745 per
1453 5673 1710 5729 immensa
1749 5670 1865 5727 sine
1892 5677 1999 5723 ter-

391 5795 406 5902 i
486 5850 503 5880 ¹
522 5844 634 5897 uad.
654 5854 754 5894 Am.
777 5845 919 5894 etEr.
941 5850 955 5888 :
974 5844 1075 5889 Non
1089 5839 1247 5889 totum
1261 5836 1306 5884 te
1322 5827 1604 5896 cogitabam.

2040 1188 2215 1253 mino;
2249 1196 2305 1240 ut
2331 1186 2549 1241 haberet
2577 1194 2630 1240 te
2653 1194 2791 1241 terra
2810 1226 2827 1252 ,
2863 1183 3083 1239 haberet
3106 1182 3332 1246 coelum,
3362 1181 3621 1235 haberent

2044 1280 2240 1345 omnia,
2258 1287 2303 1332 et
2331 1279 2417 1332 illa
2448 1278 2723 1333 [inirentur
2747 1277 2802 1332 in
2826 1285 2898 1341 te,
2916 1286 2969 1330 tu
2988 1285 3166 1331 autem
3186 1290 3465 1344 nusquam.
3498 1271 3616 1327 Sic-

2042 1380 2098 1425 ut
2126 1379 2300 1427 antem
2328 1370 2433 1425 luci
2474 1370 2601 1423 solis
2648 1384 2751 1422 non
2783 1369 3065 1422 obsisteret
3090 1381 3281 1436 corpus
3304 1365 3441 1419 aeris
3466 1363 3623 1433 hujus

2041 1464 2129 1534 qui
2158 1479 2316 1532 supra
2349 1472 2544 1517 terram
2573 1471 2673 1527 est,
2706 1461 2988 1531 quominus
3024 1476 3117 1529 per
3146 1475 3264 1512 eum
3297 1460 3625 1526 trajiceretnr

2042 1566 2324 1627 penetrans
2355 1573 2497 1620 eum,
2533 1571 2634 1609 non
2664 1553 3011 1623 dirtnnpcndo
3032 1561 3119 1607 aut
3143 1551 3492 1616 concidendo,
3526 1549 3619 1604 sed

2044 1650 2311 1720 implendo
2339 1664 2461 1704 eum
2513 1656 2719 1701 totum:
2762 1646 2841 1700 sic
2883 1646 2972 1699 tibi
3004 1645 3254 1713 putabam
3297 1658 3405 1696 non
3452 1640 3625 1695 solum
3662 1692 3663 1697 η

2043 1742 2162 1797 C(eli
2192 1752 2244 1796 et
2270 1741 2407 1796 aeris
2435 1750 2487 1795 et
2528 1738 2689 1793 maris
2710 1778 2723 1800 ,
2760 1736 2854 1791 sed
2890 1737 3047 1790 etiam
3083 1745 3238 1789 terra:
3282 1748 3477 1803 corpus
3508 1747 3628 1800 per-

2044 1836 2220 1897 vium,
2266 1843 2319 1888 ct
2345 1850 2407 1887 ex
2442 1833 2683 1885 omnibus
2728 1828 2974 1885 maximis
3014 1826 3354 1895 minimisque
3394 1823 3628 1894 partibus

2047 1927 2371 1999 penetrabile
2406 1926 2470 1980 ad
2512 1924 2821 1993 capiendam
2857 1920 3191 1991 praesentiam
3220 1927 3394 1983 tuam,
3427 1917 3627 1969 occulta

2045 2020 2392 2089 inspiratione
2413 2017 2734 2070 intrinsecus
2755 2024 2808 2069 et
2825 2014 3154 2067 extrinsecus
3175 2009 3629 2063 administrantem

2047 2113 2221 2167 omnia
2245 2128 2362 2181 quze
2384 2108 2599 2164 creasti.
2630 2108 2705 2162 lla
2734 2105 3063 2175 suSpicabar,
3087 2103 3207 2172 quia
3225 2101 3459 2171 cogitare
3485 2096 3626 2151 aliud

2046 2220 2151 2259 non
2174 2215 2446 2273 poteram;
2475 2216 2594 2254 nam
2618 2199 2805 2254 falsum
2832 2207 2963 2251 erat.
2992 2196 3086 2251 lllo
3108 2194 3247 2250 enim
3274 2192 3433 2249 modo
3456 2190 3629 2259 major

2048 2310 2170 2366 pars
2202 2303 2357 2347 terra:
2384 2292 2642 2361 majorem
2674 2290 2744 2343 tui
2776 2296 2975 2357 partem
3005 2287 3263 2352 haberet,
3296 2293 3349 2339 et
3374 2284 3633 2339 minorem

2049 2390 2258 2444 minor:
2288 2396 2447 2456 atque
2476 2386 2544 2439 ita
2574 2393 2623 2438 te
2652 2382 2805 2453 plena
2846 2388 3026 2437 essent
3060 2378 3237 2434 omnia
3258 2420 3272 2444 ,
3316 2386 3374 2431 ut
3407 2374 3633 2443 amplius

2050 2480 2122 2535 tui
2151 2488 2365 2548 caperet
2387 2474 2655 2545 elephanti
2682 2488 2875 2542 corpus
2899 2485 3057 2542 quam
3087 2468 3337 2539 passeris,
3369 2481 3471 2537 quo
3497 2472 3634 2518 esset

2052 2572 2151 2626 isto
2178 2570 2445 2641 grandius,
2474 2566 2923 2638 grandioremque
2946 2569 3228 2632 occuparet
3250 2560 3453 2623 locum;
3481 2565 3635 2626 atque

2054 2664 2123 2719 ita
2154 2662 2417 2719 frustatim
2447 2660 2684 2730 partibus
2712 2656 2895 2712 mundi
2915 2698 2927 2720 ,
2957 2655 3160 2726 magnis
3192 2666 3428 2723 magnas,
3461 2649 3635 2705 brevi-

2054 2760 2154 2814 bus
2173 2759 2360 2812 breves
2392 2763 2568 2825 partes
2600 2762 2715 2807 tuas
2744 2757 3035 2824 praesentes
3062 2747 3286 2802 faceres.
3317 2745 3429 2799 Non
3460 2758 3518 2797 es
3542 2758 3635 2797 au-

2056 2862 2163 2905 tem
2196 2850 2287 2904 ita.
2319 2846 2425 2904 Sed
2453 2845 2683 2900 nondum
2708 2843 3102 2898 illuminaveras
3133 2837 3377 2893 tenebras
3399 2850 3562 2891 meas.

2676 2959 2901 3017 CAPUT
2942 2958 3005 3013 ll.
3040 2996 3043 2997 ν

2152 3076 2463 3135 Momentum
2489 3094 2586 3148 quo
2616 3073 2888 3129 Nebridius
2907 3073 3194 3142 confutarat
3222 3066 3554 3122 Manichwos.

2133 3199 2183 3252 5.
2216 3198 2309 3252 Sat
2338 3203 2451 3249 erat
2477 3192 2606 3248 mihi
2630 3234 2644 3255 ,
2677 3187 2927 3252 Domine,
2961 3184 3217 3240 adversus
3253 3182 3500 3253 deceptos
3530 3177 3648 3233 illos

2064 3299 2119 3347 et
2146 3289 2485 3356 deeeptores,
2515 3295 2566 3339 et
2592 3283 2840 3351 loquaces
2878 3286 3053 3331 mutos
3083 3276 3121 3340 ¹,
3165 3271 3413 3344 quoniam
3446 3286 3549 3326 non
3584 3286 3647 3323 ex

2066 3382 2145 3437 eis
2170 3379 2395 3435 senabat
2434 3376 2653 3431 verbum
2701 3382 2845 3425 tuum
2873 3388 2885 3423 :
2915 3378 2996 3422 sat
3039 3373 3153 3420 erat
3198 3379 3324 3433 ergo
3352 3361 3477 3416 illud
3507 3359 3647 3430 quod

2063 3472 2264 3543 jamdiu
2294 3472 2360 3525 ab
2392 3484 2557 3538 usque
2587 3462 2904 3531 Carthagine
2946 3474 2973 3512 a
3014 3454 3266 3512 Nebridio
3294 3451 3516 3522 proponi
3560 3464 3650 3503 so-

2069 3564 2229 3625 lebat,
2263 3571 2313 3615 et
2340 3574 2526 3613 omnes
2554 3555 2643 3627 qni
2665 3554 3002 3608 audieramus
3028 3546 3269 3603 concussi
3288 3558 3489 3605 sumus.
3513 3540 3648 3607 Quid

2071 3664 2185 3711 erat
2214 3652 2305 3707 tibi
2337 3651 2537 3704 factura
2570 3646 2748 3701 nescio
2777 3660 2893 3714 quae
2923 3654 3054 3711 gens
3090 3637 3424 3692 tenebrarum
3447 3677 3460 3699 ,
3492 3647 3650 3704 quam

2071 3764 2135 3804 ex
2165 3747 2385 3801 adversa
2415 3742 2555 3797 mole
2584 3741 2757 3795 solent
2777 3750 3045 3807 opponere
3067 3775 3079 3797 ,
3121 3733 3163 3786 si
3207 3736 3261 3784 tn
3302 3745 3421 3783 cum
3449 3742 3507 3781 ea
3552 3741 3653 3795 pn-

2073 3856 2234 3910 gnarc
2284 3832 2621 3890 noluisses’?
2665 3830 2721 3885 Si
2770 3829 2911 3884 enim
2965 3822 3396 3894 responderetur,
3457 3815 3655 3887 aliquid

2078 3933 2239 3987 fuisse
2266 3930 2560 3984 nocituram
2579 3968 2591 3990 ,
2612 3922 2873 3978 violabilis
2888 3928 2939 3974 tn
2958 3927 3012 3974 et
3037 3914 3396 3985 corruptibilis
3421 3911 3581 3966 fores.
3596 3908 3653 3965 Si

2076 4033 2253 4079 autem
2286 4021 2415 4075 nihil
2445 4035 2505 4073 ea
2537 4032 2729 4072 nocere
2760 4013 2992 4084 potuisse
3022 4010 3303 4071 diceretur,
3330 4006 3476 4060 nulla
3505 4003 3661 4057 affer-

2077 4126 2224 4172 retur
2248 4130 2403 4169 causa
2435 4108 2733 4181 pugnandi,
2783 4116 2835 4159 et
2878 4105 2949 4157 ita
2979 4097 3275 4172 pugnandi,
3318 4110 3375 4152 ut
3417 4095 3659 4166 quaedam

2080 4209 2254 4280 portio
2282 4215 2367 4261 tua
2396 4215 2447 4259 et
2478 4202 2769 4258 membrum
2794 4210 2962 4261 tuum,
2993 4193 3080 4249 vel
3103 4192 3280 4264 proles
3309 4189 3374 4244 de
3403 4189 3513 4258 ipsa
3537 4186 3664 4243 sub-

2044 4371 2053 4379 .
2082 4299 2271 4355 stantia
2305 4307 2425 4360 tua,
2469 4295 2782 4347 misceretur
2811 4286 3049 4342 adversis
3080 4282 3426 4354 potestatibus
3464 4287 3519 4333 et
3558 4293 3661 4332 non

2082 4407 2113 4446 a
2154 4401 2203 4445 te
2230 4386 2422 4444 creatis
2452 4384 2683 4447 naturis,
2716 4392 2872 4450 atque
2900 4379 2950 4431 in
2983 4386 3183 4431 tantum
3214 4374 3279 4427 ab
3306 4374 3382 4427 eis
3418 4384 3661 4425 corrum-

2085 4490 2302 4554 peretur
2330 4488 2379 4532 et
2411 4480 2827 4531 commutaretur
2848 4470 2901 4523 in
2923 4467 3176 4533 deterius,
3202 4473 3261 4519 ut
3284 4480 3311 4517 a
3341 4462 3668 4517 beatitudine

2086 4578 2142 4631 in
2174 4573 2440 4628 miseriam
2468 4574 2784 4629 verteretur,
2817 4570 2873 4618 et
2901 4560 3161 4631 indigeret
3199 4557 3393 4611 auxilio
3420 4571 3526 4625 quo
3554 4557 3669 4610 erui

2088 4666 2406 4739 purgarique
2451 4667 2668 4732 posset:
2703 4665 2757 4712 et
2798 4655 2932 4709 hanc
2969 4666 3088 4707 esse
3131 4649 3389 4712 animam,
3423 4644 3508 4701 cui
3550 4655 3670 4700 tuus

2091 4772 2285 4821 sermo,
2321 4751 2571 4808 servienti
2597 4750 2752 4813 liber,
2783 4754 2835 4801 et
2863 4742 3235 4800 contaminatze
3264 4755 3445 4810 purus,
3477 4748 3524 4792 et
3554 4752 3671 4791 cor-

2092 4857 2261 4918 rupta:
2293 4846 2493 4914 integer
2540 4839 2874 4901 subveniret;
2920 4835 3013 4889 sed
3038 4842 3088 4889 et
3131 4833 3241 4902 ipse
3280 4828 3668 4899 corruptibilis,

2092 4940 2214 5011 quia
2242 4955 2307 4993 ex
2335 4952 2437 4991 una
2465 4933 2757 5001 eademque
2787 4927 3099 4984 substantia.
3126 4924 3326 4995 Itaque,
3355 4921 3398 4977 si
3423 4931 3492 4987 te,
3525 4921 3676 4991 quid-

2094 5030 2221 5102 quid
2245 5045 2321 5093 es,
2357 5027 2406 5082 id
2436 5036 2539 5093 est,
2572 5023 2919 5079 substantiam
2953 5027 3094 5071 tuam
3126 5031 3225 5086 qua
3254 5029 3330 5072 es,
3362 5012 3677 5081 incorrupti-

2096 5125 2256 5181 bilem
2284 5121 2554 5183 dicerent;
2589 5114 2719 5170 falsa
2751 5128 2869 5169 esse
2894 5111 2981 5164 illa
3011 5108 3185 5163 omnia
3211 5114 3265 5161 et
3292 5103 3635 5163 exsecrabilia
3661 5122 3675 5160 :

2098 5218 2141 5270 si
2168 5224 2344 5269 autem
2370 5206 2795 5278 corruptibilem;
2824 5203 3050 5271 idipsum
3074 5199 3181 5268 jam
3210 5198 3396 5251 falsum
3428 5201 3482 5250 et
3512 5196 3678 5264 prima

2100 5324 2230 5363 voce
2260 5300 2692 5359 abominandum.
2722 5298 2815 5352 Sat
2844 5309 2971 5365 ergo
2996 5300 3109 5348 erat
3139 5288 3281 5345 istud
3310 5288 3565 5344 adversus
3589 5304 3681 5342 eos

2102 5395 2411 5456 omnimodo
2450 5388 2775 5447 evomendos
2802 5402 2830 5440 a
2864 5398 3109 5456 pressura
3137 5380 3394 5453 pectoris;
3425 5378 3546 5451 quia
3576 5392 3681 5434 non

2103 5491 2371 5549 habebant
2398 5502 2500 5557 qua
2533 5484 2743 5540 exirent
2780 5480 2896 5535 sine
2938 5475 3178 5531 horribili
3202 5473 3483 5545 sacrilegio
3508 5472 3687 5529 cordis

2108 5596 2162 5644 et
2190 5586 2401 5654 linguae,
2429 5575 2706 5636 sentiendo
2733 5575 2802 5631 de
2827 5583 2879 5633 te
2902 5571 3004 5628 ista
3028 5578 3082 5628 et
3106 5567 3390 5643 loquendo.

2174 5760 2195 5795 ι
2215 5765 2323 5821 Am.
2334 5760 2409 5803 Er.
2430 5765 2443 5802 :
2466 5760 2698 5821 loquaces
2713 5754 2883 5821 mtas,
2900 5745 3038 5821 _et_ob
3047 5744 3142 5821 [Ioc

2175 5822 2196 5853 ¹
2216 5805 2407 5883 Legitur
2432 5805 2655 5868 voluisses
2680 5812 2807 5876 apud
2822 5805 2933 5863 Bad.
2950 5816 3025 5860 Er.
3044 5816 3220 5861 50mm.
3246 5814 3300 5860 et
3313 5805 3431 5859 mea
