4116 6366
500 326 606 388 138

1122 446 1348 505 CAPUT
1387 445 1474 502 Ill.

815 539 1048 595 Liberum
1069 539 1332 593 arbitrium
1356 554 1510 592 causa
1535 539 1742 608 peccati.

567 633 620 688 ι.
648 631 752 689 Sed
777 642 833 688 et
856 647 956 703 ego
984 631 1177 698 adhuc,
1206 630 1445 701 quamvis
1473 629 1988 684 incontaminabilem
2020 638 2075 684 et

495 722 970 790 inconvertibilem,
997 734 1049 778 et
1069 723 1212 778 nulla
1233 739 1294 778 ex
1319 730 1466 791 parte
1488 721 1793 777 mutabilem
1815 721 2068 788 dicerem,

493 817 747 889 ﬁrmeque
777 817 1026 872 sentirem
1071 816 1351 869 Dominum
1377 824 1615 868 nostrum
1656 814 1822 868 Deum
1863 828 2066 880 verum,

492 912 582 984 qui
609 911 778 967 fecisti
800 927 903 966 non
935 911 1103 965 solum
1138 909 1343 963 animas
1367 916 1605 973 nostras,
1636 907 1728 962 sed
1756 906 1913 962 etiam
1946 921 2067 961 cor-
2099 949 2102 954 .

490 1017 643 1074 pora,
671 1018 770 1057 nec
795 1010 995 1056 tantum
1023 1001 1225 1054 animas
1252 1007 1457 1054 nostras
1483 1007 1536 1052 et
1562 1012 1804 1068 corpora.
1834 996 1930 1053 sed
1953 1012 2070 1053 om-

490 1111 586 1151 nes
611 1104 666 1152 et
696 1095 905 1158 omnia;
954 1108 1057 1147 non
1089 1092 1330 1148 tenebam
1370 1091 1668 1160 explicitam
1700 1099 1753 1143 et
1785 1090 2065 1144 enodatam

489 1203 698 1244 causam
728 1187 848 1240 mali
873 1203 886 1239 :
915 1199 1256 1255 quaecumque
1285 1191 1456 1236 tamen
1486 1191 1648 1248 esset,
1681 1182 1756 1236 sic
1778 1197 1894 1235 eam
1917 1197 2064 1250 quae-

486 1279 704 1334 rendam
723 1277 983 1340 videbam,
1003 1284 1063 1329 ut
1084 1290 1187 1328 non
1210 1290 1307 1344 per
1328 1273 1467 1327 illam
1485 1272 1876 1342 constringerer
1901 1273 2062 1326 Deum

485 1369 968 1426 incommutabilem
1001 1365 1306 1421 mutabilem
1337 1366 1586 1432 credere,
1629 1380 1693 1418 ne
1725 1366 1836 1434 ipse
1881 1364 2061 1418 ﬁerem

426 1530 428 1532 _
483 1463 621 1534 quod
661 1461 980 1533 quaerebam.
1022 1459 1202 1530 Itaque
1245 1473 1465 1514 securus
1493 1474 1610 1513 eam
1650 1458 1979 1527 quaerebam,
2009 1466 2064 1512 et

481 1565 658 1612 certus
699 1571 804 1610 non
829 1570 948 1610 esse
974 1570 1155 1610 verum
1183 1553 1322 1622 quod
1363 1553 1433 1606 illi
1473 1552 1744 1618 dicerent,
1791 1566 1923 1621 quos
1950 1560 2061 1606 toto

483 1649 661 1701 animo
686 1646 981 1715 fugiebam;
1013 1645 1133 1716 quia
1156 1644 1427 1708 videbam,
1459 1642 1744 1714 qurercndo
1774 1643 1913 1696 unde
1943 1658 2058 1697 ma-

480 1741 588 1794 lum
610 1782 624 1806 ,
665 1739 899 1808 repletos
929 1739 1157 1805 malitia,
1191 1753 1290 1808 qua
1329 1738 1673 1807 opinarentur
1703 1745 1844 1791 tuam
1888 1737 2059 1806 potius

479 1831 827 1885 substantiam
863 1830 1002 1885 male
1029 1830 1135 1900 pati
1155 1871 1167 1891 ,
1197 1845 1353 1899 quam
1381 1845 1530 1884 suam
1560 1829 1696 1884 male
1721 1828 1912 1882 facere.

551 1924 601 1978 5.
635 1924 696 1976 Et
724 1923 1058 1976 intendebam
1090 1931 1145 1975 ut
1169 1937 1442 1977 cernerem
1481 1921 1620 1991 qtmd
1649 1921 1957 1986 audiebam,
1990 1922 2054 1976 li-

479 2013 664 2068 berum
688 2012 972 2067 voluntatis
998 2013 1272 2067 arbitrium
1298 2027 1509 2068 causam
1535 2027 1650 2067 esse
1679 2001 1896 2067 ut'male
1916 2011 2056 2068 face-

478 2122 675 2170 remus,
707 2115 761 2161 et
817 2115 1019 2161 rectum
1068 2105 1324 2175 judicium
1375 2115 1516 2158 tuum
1550 2113 1606 2159 ut
1639 2114 1974 2174 pateremur;
2003 2115 2056 2162 et

477 2214 597 2254 eam
631 2199 876 2269 liquidam
911 2201 926 2232 ⁸
958 2214 1178 2254 cernere
1221 2215 1323 2253 non
1366 2197 1630 2253 valebam.
1677 2200 1856 2268 Itaque
1887 2200 2054 2256 aciem

477 2292 670 2348 mentis
705 2291 773 2346 de
814 2291 1076 2361 profundo
1104 2293 1328 2347 educere
1357 2301 1576 2346 conatus
1597 2335 1612 2358 ,
1645 2293 1923 2364 mergebar
1953 2293 2052 2349 ite-

476 2402 592 2441 rum
614 2403 627 2450 ;
647 2393 702 2440 et
720 2401 862 2456 saepe
883 2392 1124 2452 conatus,
1149 2386 1426 2455 margebar
1448 2387 1637 2440 iterum
1661 2394 1818 2456 atque
1839 2387 2050 2441 iterum.

475 2477 795 2533 Sublevabat
817 2477 958 2532 enim
988 2491 1073 2532 me
1090 2477 1140 2530 in
1163 2477 1333 2532 lucem
1359 2486 1498 2531 tuam
1519 2478 1659 2548 quod
1683 2487 1786 2532 tam
1810 2494 1896 2535 me
1919 2479 2056 2535 scie-

474 2570 594 2625 bam
623 2569 819 2625 habere
842 2569 1186 2636 voluntatem,
1217 2585 1372 2640 quam
1397 2585 1481 2625 me
1504 2571 1699 2624 vivere.
1724 2571 1906 2641 Itaque
1931 2587 2051 2627 eum

475 2662 672 2734 aliquid
698 2663 887 2717 vellem
912 2670 1002 2717 aut
1025 2663 1220 2717 nollem
1240 2705 1255 2728 ,
1286 2677 1389 2717 non
1419 2664 1578 2718 alium
1611 2679 1766 2734 quam
1807 2681 1892 2720 me
1917 2665 2054 2720 velle

475 2769 540 2810 ac
567 2755 710 2809 nolle
737 2755 1067 2809 certissimus
1095 2769 1261 2818 eram,
1292 2763 1345 2810 et
1373 2755 1441 2810 ibi
1473 2771 1592 2811 esse
1617 2772 1828 2811 causam
1853 2757 2052 2826 peccati

477 2848 581 2901 mei
601 2847 711 2916 jam
730 2847 942 2917 jamque
962 2847 1463 2903 animadvertebam.
1489 2849 1638 2916 Quod
1660 2860 1833 2905 autem
1858 2851 2052 2908 invitus

475 2936 704 2994 facerem
724 2979 740 3005 ,
775 2938 882 3008 pati
909 2954 996 2994 me
1025 2940 1195 3009 potius
1225 2956 1382 3010 quam
1411 2940 1582 2996 facere
1612 2941 1888 3009 videbam;
1919 2953 1968 2998 et
1999 2942 2052 2998 id

475 3043 581 3084 non
607 3031 836 3100 culpam,
867 3029 958 3085 sed
983 3045 1194 3100 ptenam
1223 3032 1676 3102 essejudicabam,
1709 3051 1810 3104 qua
1841 3051 1926 3091 me
1944 3052 2051 3091 non

473 3121 669 3190 injuste
704 3121 890 3192 plecti,
931 3129 984 3178 te
1013 3123 1212 3192 justum
1241 3123 1512 3192 cogitans,
1555 3126 1660 3180 cito
1690 3126 1911 3182 fatebar.
1946 3127 2050 3182 Sed

473 3227 657 3269 rursus
685 3213 962 3268 dicebam:
1003 3215 1130 3280 Quis
1171 3215 1290 3270 fecit
1318 3218 1437 3271 me?
1464 3216 1650 3272 Nonne
1703 3221 1837 3275 Deus
1868 3237 2046 3287 meus,

473 3320 576 3358 non
615 3313 813 3359 tantum
855 3305 1053 3373 bonus,
1097 3307 1191 3361 sed
1233 3308 1400 3377 ipsum
1429 3307 1666 3364 bonum?
1705 3311 1857 3368 Undc
1894 3313 2052 3383 igitur

471 3395 597 3451 mihi
619 3397 755 3450 male
775 3397 912 3453 velle
932 3406 986 3451 et
1011 3398 1145 3452 bene
1171 3399 1328 3466 nolle,
1357 3408 1413 3454 ut
1430 3411 1569 3455 esset
1591 3417 1687 3456 cur
1702 3403 1844 3471 juste
1865 3419 2051 3473 pasnas

471 3490 853 3558 luerem?Quis
881 3491 932 3546 in
961 3507 1046 3547 me
1072 3491 1171 3547 hoc
1198 3494 1391 3562 posuit,
1416 3502 1468 3548 et
1492 3495 1681 3549 insevit
1704 3497 1829 3550 mihi
1850 3499 2049 3567 planta-

471 3585 608 3639 rium
636 3586 1022 3651 amaritudinis,
1050 3603 1168 3642 cum
1199 3596 1338 3643 totus
1359 3588 1538 3645 ﬁerem
1565 3607 1593 3643 a
1613 3590 1920 3648 dulcissimo
1942 3594 2049 3649 Deo

471 3679 630 3732 meo?
661 3677 714 3733 Si
742 3678 983 3734 diabolus
1019 3689 1222 3746 auctor,
1257 3681 1396 3737 unde
1440 3683 1553 3751 ipse
1587 3681 1867 3740 diabolus?
1895 3685 2048 3754 Quod

469 3771 513 3826 si
540 3779 594 3825 et
631 3771 742 3840 ipse
770 3786 1015 3840 perversa
1041 3773 1310 3828 voluntate
1333 3789 1400 3830 ex
1433 3774 1571 3829 bono
1592 3776 1780 3846 angelo
1805 3777 2047 3833 diabolus

467 3862 637 3918 factus
667 3871 781 3928 est;
823 3863 962 3918 unde
991 3873 1043 3919 et
1073 3865 1125 3919 in
1159 3865 1272 3935 ipso
1301 3866 1543 3922 voluntas
1570 3868 1705 3921 mala
1733 3884 1833 3938 qua
1859 3870 2045 3925 diabo-

468 3954 550 4008 lus
581 3953 764 4020 ticret,
805 3955 1015 4024 quando
1045 3963 1186 4010 totus
1214 3957 1431 4028 angelus
1470 3974 1499 4012 a
1536 3943 1809 4015 conditore
1847 3965 2048 4032 optimo

469 4044 637 4100 {actus
666 4052 807 4099 esset
838 4045 1008 4100 bonus
1033 4046 1090 4100 ’ἲ
1130 4047 1223 4102 llis
1263 4048 1671 4117 cogitationibus
1713 4051 2049 4121 deprimebar

467 4133 656 4188 iterum
697 4143 751 4190 et
775 4135 1108 4190 suﬂ'ocabar:
1141 4137 1233 4191 sed
1263 4151 1366 4192 non
1402 4154 1567 4208 usque
1595 4140 1660 4194 ad
1699 4141 1842 4196 illum
1878 4143 2045 4198 infer-

470 4242 594 4280 num
636 4226 969 4282 subducebar
994 4228 1226 4295 erroris,
1263 4229 1352 4286 ubi
1394 4247 1550 4286 nemo
1591 4233 1874 4289 conﬁtetur
1915 4236 2040 4303 tibi,

467 4316 591 4372 dum
621 4325 678 4372 tu
706 4319 882 4390 potius
907 4319 1044 4374 mala
1075 4320 1202 4390 pati,
1232 4335 1387 4391 quam
1421 4323 1580 4378 homo
1606 4324 1780 4381 facere
1809 4335 2042 4398 putatur.

1098 4433 1323 4492 CAPUT
1361 4435 1446 4492 iV.

758 4501 921 4558 Deum
946 4505 1373 4576 incorruptibilem
1401 4525 1508 4564 esse
1532 4520 1746 4582 oportet.

537 4592 589 4648 6.
618 4591 705 4650 Sic
733 4594 874 4650 enim
902 4596 1108 4652 nitebar
1144 4611 1335 4654 caetera
1374 4602 1645 4670 invenire,
1683 4614 1742 4660 ut
1760 4604 1871 4677 jam
1896 4607 2046 4665 inve-

467 4699 646 4741 neram
680 4686 868 4741 melius
892 4702 1010 4743 esse
1030 4689 1449 4761 incorruptibile,
1482 4712 1638 4766 quam
1665 4700 2038 4769 corruptibile;

465 4785 518 4830 et
542 4776 662 4832 ideo
690 4785 762 4843 te,
791 4779 1044 4850 quidquid
1074 4797 1219 4837 esses
1241 4824 1253 4846 ,
1283 4800 1400 4838 esse
1429 4785 1880 4857 incorruptibilem
1913 4807 2040 4846 con-

467 4869 672 4925 ﬁtebar.
699 4870 880 4941 Neque
908 4874 1050 4928 enim
1077 4875 1182 4929 ulla
1209 4876 1383 4931 anima
1413 4893 1643 4949 unquam
1671 4883 1860 4952 potuit,
1888 4892 2040 4954 pote-

462 4961 598 5016 ritve
617 4963 851 5032 cogitare
872 4965 1069 5035 aliquid
1092 4966 1228 5037 quod
1250 4967 1320 5024 sit
1345 4976 1397 5024 te
1422 4971 1631 5039 melius,
1658 4973 1746 5042 qui
1774 4990 2039 5034 summum

460 5063 513 5110 et
555 5056 812 5126 optimum
851 5057 1048 5111 bonum
1085 5073 1163 5113 es.
1207 5058 1335 5114 Cum
1365 5070 1540 5117 autem
1571 5064 1843 5122 verissime
1882 5077 2040 5140 atque

467 5148 761 5204 certissime
783 5147 1180 5219 incorruptibile
1197 5154 1520 5222 corruptibili
1553 5168 1908 5228 praeponatur,
1931 5164 2038 5219 sic-

463 5245 523 5292 ut
559 5240 667 5306 jam
706 5253 805 5309 ego
844 5242 1251 5310 prazponebam,
1297 5254 1533 5312 poteram
1565 5248 1674 5316 jam
1718 5253 2038 5322 cogitatione

459 5330 660 5402 aliquid
698 5341 956 5402 attingere
983 5335 1121 5403 quod
1149 5345 1290 5391 esset
1315 5337 1505 5393 melius
1544 5341 1652 5397 Deo
1678 5358 1823 5410 meo,
1855 5347 1951 5400 nisi
1983 5357 2034 5403 tu

530 5463 986 5546 temaeste!
1003 5469 1155 5546 9959i
1167 5483 1326 5546 more
1343 5484 1514 5524 omnes
1529 5480 1636 5525 Mss-
1657 5478 1867 5546 apaon
1900 5490 2034 5546 post.

457 5537 553 5575 non
569 5525 719 5578 alium
734 5525 878 5593 quam
893 5543 985 5580 me.
1004 5531 1141 5603 [liam
1161 5525 1341 5642 [iguide
1363 5547 1615 5588 cernere...
1635 5525 1877 5594 natura—liud

458 5591 746 5642 meJ—arn.
763 5599 890 5641 atart.
906 5591 1026 5642 Flor.
1041 5601 1196 5642 ettton
1234 5632 1245 5642 .
1259 5609 1366 5642 cum
1377 5599 1756 5642 n()nnnllisMg¢,,-
1779 5615 1871 5642 am
1891 5607 2034 5642 unum

458 5591 755 5652 ’πελ-ΑΜ(
763 5599 890 5702 augt.
906 5591 1026 5642 Flor.
1041 5601 1092 5644 et
1103 5591 1245 5643 l’tond.
1259 5609 1366 5645 eum
1377 5599 1616 5650 nonnullis
1624 5609 1730 5653 Mss.
1746 5618 1756 5652 :
1774 5591 1873 5656 amt
1891 5591 2036 5658 alii};

461 5662 607 5702 quam
621 5665 713 5702 me.
859 5691 869 5702 .

461 5662 607 5714 quam
621 5665 713 5702 me.
812 5662 869 5703 Μ.

453 5713 797 5822 ιῆὲοωίιῑὶωι·
839 5715 986 5769 bonus
1012 5718 1063 5768 in
1089 5724 1196 5768 uss.
1219 5721 1416 5784 Benign.
1437 5723 1733 5777 Theoderim
1771 5736 1824 5780 et
1855 5730 2037 5795 aliquot

1622 321 2136 384 CONFESSIONUM
2172 320 2230 381 Β.
2270 323 2635 384 AUGUSTINI

3664 335 3766 394 736

2183 458 2330 500 esses
2369 445 2801 518 incorruptibilis.
2837 450 2936 506 Ubi
2978 453 3135 523 igitur
3160 455 3406 511 videbam
3443 455 3762 527 incorrupti-

2178 533 2286 590 bile
2305 540 2634 608 corruptibili
2659 555 2775 596 esse
2802 543 3206 613 prteferendum,
3235 547 3304 603 ibi
3329 556 3378 602 te
3405 563 3645 618 quzcrere
3670 548 3761 604 de-

2178 630 2366 686 bebam
2388 673 2402 694 ,
2443 643 2602 703 atque
2636 634 2756 689 inde
2795 635 3074 694 advertere
3104 639 3242 694 unde
3275 641 3292 672 ¹
3323 641 3391 694 sit
3434 642 3661 707 malum,
3705 643 3756 699 id

2177 734 2280 788 est,
2309 724 2451 781 unde
2475 726 2547 782 sit
2574 729 2685 797 ipsa
2708 731 2997 800 corruptio,
3020 747 3122 802 qua
3145 735 3328 790 violari
3353 735 3642 791 substantia
3670 746 3754 793 tua

2177 817 2322 872 nullo
2357 818 2516 873 modo
2562 829 2753 890 potest.
2800 821 2954 876 Nullo
2983 825 3124 879 enim
3167 842 3381 896 prorsus
3407 829 3565 882 modo
3594 828 3756 885 violat

2174 911 2443 978 corruptio
2470 911 2633 966 Deum
2680 922 2954 975 nostrum;
2989 916 3128 970 nulla
3155 918 3456 984 voluntate,
3490 920 3634 974 nulla
3660 936 3754 976 ne-

2174 1001 2446 1066 cessitate,
2495 1004 2638 1060 nullo
2685 1005 2972 1074 improviso
3015 1023 3175 1076 casu;
3217 1012 3466 1080 quoniam
3519 1012 3629 1081 ipse
3671 1024 3753 1069 est

2173 1091 2342 1157 Deus,
2371 1102 2423 1147 et
2449 1095 2589 1164 quod
2633 1097 2732 1152 sibi
2762 1099 2870 1152 vult
2895 1099 3091 1154 bonum
3121 1110 3235 1167 est,
3279 1111 3333 1158 et
3360 1103 3473 1173 ipse
3500 1115 3581 1159 est
3612 1106 3749 1160 idem

2172 1181 2368 1237 bonum
2397 1202 2409 1238 :
2439 1188 2704 1257 corrumpi
2727 1197 2902 1243 autem
2932 1206 3038 1244 non
3065 1201 3147 1246 est
3168 1193 3386 1248 bonum.
3415 1194 3522 1250 Nec
3543 1197 3751 1265 cogeris

2170 1273 2364 1329 invitus
2399 1275 2465 1329 ad
2503 1277 2696 1347 aliquid
2719 1320 2732 1343 ,
2775 1281 2896 1349 quia
2935 1282 3179 1338 voluntas
3210 1293 3295 1339 tua
3323 1301 3428 1341 non
3468 1298 3548 1341 est
3581 1289 3751 1358 major

2168 1380 2324 1432 quam
2355 1368 2586 1434 potentia
2617 1377 2725 1422 tua.
2768 1371 2921 1426 Esset
2946 1385 3122 1428 autem
3165 1376 3352 1446 major,
3381 1378 3425 1433 si
3454 1387 3505 1433 te
3541 1381 3654 1448 ipso
3693 1389 3748 1436 tu

2167 1453 2280 1523 ipse
2301 1456 2472 1524 major
2489 1472 2636 1513 esses
2661 1478 2674 1515 :
2705 1461 2946 1517 voluntas
2971 1465 3112 1519 enim
3141 1476 3194 1521 et
3214 1471 3446 1536 potentia
3471 1471 3583 1537 Dei,
3609 1473 3748 1528 Deus

2167 1543 2279 1613 ipse
2308 1555 2409 1600 est.
2436 1548 2502 1602 Et
2531 1551 2654 1619 quid
2685 1553 3026 1622 improvisum
3068 1557 3160 1612 tibi
3185 1561 3270 1628 qui
3302 1562 3438 1614 nosti
3468 1564 3663 1627 omnia,
3694 1575 3747 1619 et

2165 1637 2307 1690 nulla
2331 1650 2514 1693 natura
2540 1652 2643 1707 est,
2680 1645 2776 1697 uisi
2799 1646 2918 1716 quia
2944 1648 3078 1701 nosti
3101 1650 3256 1702 eam?
3286 1652 3349 1705 Et
3375 1653 3554 1721 utquid
3582 1654 3744 1709 multa

2164 1726 2412 1793 dicimus,
2436 1746 2530 1785 cur
2551 1747 2656 1787 non
2685 1735 2752 1788 sit
2773 1739 3130 1807 corruptibilis
3154 1741 3445 1797 substantia
3466 1760 3583 1814 qua!
3607 1745 3745 1800 Deus

2164 1827 2264 1884 est,
2293 1823 2503 1891 quando
2533 1825 2576 1880 si
2605 1825 2706 1881 hoc
2729 1839 2890 1895 esset,
2921 1846 3026 1885 non
3053 1841 3195 1888 esset
3219 1835 3391 1889 Deus?

2798 1943 3025 1999 CAPUT
3064 1945 3128 1999 ν.

2284 2006 2477 2070 Quwrit
2502 2008 2680 2063 iterum
2703 2013 2835 2067 unde
2860 2016 3065 2078 malum,
3097 2027 3142 2070 et
3171 2034 3286 2088 qum
3313 2020 3464 2073 radix
3490 2022 3620 2091 ejus.

2234 2097 2279 2150 7.
2319 2098 2384 2152 Et
2416 2101 2715 2168 quaerebam
2749 2104 2889 2159 unde
2915 2108 3128 2172 malum,
3155 2118 3209 2163 et
3240 2109 3378 2165 male
3401 2114 3734 2181 quzerebam;

2161 2199 2213 2244 et
2241 2189 2290 2243 in
2320 2191 2429 2260 ipsa
2462 2193 2801 2263 inquisitione
2830 2213 2948 2252 mea
2991 2214 3095 2254 non
3127 2201 3368 2256 videbam
3424 2205 3639 2259 malum.
3674 2207 3740 2260 Et

2159 2283 2542 2337 Constituebam
2590 2285 2642 2339 in
2698 2298 2986 2358 conspectu
3017 2291 3231 2360 spiritus
3282 2295 3386 2347 mei
3439 2296 3740 2352 universam

2159 2381 2481 2444 creaturam,
2512 2377 2765 2448 quidquid
2792 2380 2844 2434 in
2883 2396 2945 2436 ea
2970 2397 3195 2438 cernere
3243 2400 3556 2454 possumus;
3589 2389 3742 2444 sicuti

2158 2475 2237 2520 est
2259 2476 2415 2534 terra,
2446 2477 2500 2522 et
2522 2485 2688 2537 mare,
2721 2482 2896 2539 etaer,
2927 2483 2981 2528 et
3007 2475 3199 2542 sidera,
3223 2487 3276 2532 et
3305 2481 3537 2545 arbores,
3560 2483 3743 2536 etaui-

2159 2558 2313 2611 malia
2338 2561 2616 2627 mortalia;
2653 2572 2705 2617 et
2741 2564 2993 2634 quidquid
3018 2566 3072 2621 in
3096 2583 3157 2621 ea
3182 2584 3283 2623 non
3316 2570 3577 2638 videmus,
3605 2573 3742 2627 sicut

2159 2649 2548 2708 firmamentum
2575 2656 2716 2723 cceli,
2737 2657 2954 2729 insuper
2975 2669 3027 2714 et
3053 2676 3238 2716 omnes
3253 2662 3481 2733 Angelos
3527 2676 3579 2719 et
3611 2681 3744 2722 cun-

2157 2753 2239 2798 cta
2272 2746 2562 2815 Spiritualia
2610 2749 2756 2818 ejus;
2789 2751 2881 2804 sed
2936 2753 3094 2807 etiam
3147 2755 3276 2823 ipsa,
3318 2758 3467 2826 quasi
3516 2773 3741 2828 corpora

2156 2847 2356 2903 essent,
2379 2839 2508 2894 locis
2527 2848 2582 2894 et
2605 2842 2733 2896 locis
2759 2844 3340 2917 ordinavitimaginatio
3371 2865 3485 2904 mea
3517 2870 3528 2907 :
3557 2863 3609 2907 et
3641 2853 3741 2910 feci

2157 2945 2314 2983 unam
2344 2946 2570 2987 massam
2601 2935 2853 3002 grandem
2894 2937 3193 2994 distinctam
3221 2943 3506 3010 generibus
3546 2961 3737 3015 corpo-

2156 3037 2271 3074 rum
2301 3031 2594 3078 creaturam
2622 3034 2762 3079 tuam
2794 3028 2813 3058 ²
2847 3045 2860 3092 ;
2891 3029 3000 3082 sive
3023 3046 3140 3099 quas
3165 3047 3286 3086 vera
3313 3048 3532 3104 corpora
3561 3046 3737 3105 erant,
3796 3090 3802 3095 .

2155 3115 2266 3168 sive
2288 3131 2406 3184 qua:
2458 3116 2569 3186 ipse
2612 3133 2706 3188 pro
2752 3119 3023 3188 spiritibus
3062 3121 3315 3201 ﬁnxeram
3344 3145 3355 3178 :
3389 3135 3441 3180 et
3487 3142 3602 3181 eam
3634 3129 3736 3185 feci

2154 3208 2428 3276 grandem,
2457 3224 2560 3264 non
2589 3221 2839 3279 quantum
2859 3224 2992 3276 erat,
3017 3217 3156 3284 quod
3175 3218 3310 3272 scire
3337 3235 3442 3273 non
3464 3230 3733 3289 poteram;

2154 3300 2245 3352 sed
2276 3309 2525 3368 quantum
2558 3302 2725 3370 libuit,
2757 3305 3200 3375 undiqueversum
3247 3324 3374 3365 sane
3402 3311 3624 3366 finitam.
3658 3314 3734 3370 Te

2153 3399 2351 3457 autem,
2401 3393 2640 3457 Domine,
2688 3412 2751 3448 ex
2783 3397 2927 3450 omni
2978 3408 3126 3466 parte
3167 3400 3486 3456 ambientem
3527 3419 3642 3458 eam
3684 3413 3737 3462 et
3811 3442 3816 3448 -

2155 3494 2539 3552 penetrantem,
2569 3487 2662 3542 sed
2690 3491 3342 3560 usquequaqueinﬂnitum
3376 3513 3385 3547 ε
3417 3503 3662 3566 tanquam
3689 3498 3734 3554 si

2154 3588 2297 3628 mare
2325 3584 2467 3630 esset
2489 3577 2702 3647 ubique,
2735 3589 2789 3634 et
2817 3581 3047 3652 undique
3073 3599 3166 3652 per
3191 3582 3448 3640 immensa
3466 3589 3632 3657 spatia
3656 3591 3736 3643 in-

2155 3665 2357 3722 ﬁnitum
2401 3669 2572 3724 solum
2615 3687 2781 3738 mare,
2815 3682 2868 3728 et
2898 3674 3117 3731 haberet
3156 3678 3297 3733 intra
3345 3695 3405 3735 se
3457 3685 3730 3753 Spongiam

2153 3759 2441 3827 quamlibet
2482 3777 2748 3832 magnam,
2782 3766 2874 3820 sed
2923 3766 3120 3822 finitam
3166 3777 3371 3836 tamen;
3405 3773 3559 3841 plena
3588 3784 3734 3832 esset

2153 3851 2331 3919 utique
2356 3854 2572 3923 spongia
2595 3855 2680 3909 illa
2703 3873 2766 3910 ex
2795 3860 2938 3912 omni
2959 3875 3050 3912 sua
3076 3869 3222 3929 parte
3243 3879 3306 3917 ex
3327 3865 3585 3922 immenso
3618 3885 3732 3924 ma-

2151 3939 2193 3993 ri
2225 3958 2239 3994 :
2267 3941 2342 3996 sic
2368 3954 2661 3999 creaturam
2692 3955 2830 4001 tuam
2863 3950 3060 4004 tinitam
3094 3958 3147 4006 te
3177 3952 3381 4009 inﬁnito
3409 3958 3613 4025 [lenam
3637 3976 3733 4030 pu-

2153 4031 2347 4097 tabam,
2379 4043 2432 4088 et
2460 4035 2699 4091 dicebam
2727 4057 2738 4089 :
2769 4040 2909 4095 Ecce
2959 4043 3111 4105 Deus.
3143 4055 3194 4099 et
3224 4061 3353 4101 ecce
3381 4065 3496 4119 qua:
3527 4055 3726 4108 creavit

2153 4121 2310 4190 Deus,
2341 4132 2393 4178 et
2419 4125 2588 4180 bonus
2613 4137 2696 4182 est
2737 4129 2899 4197 Deus,
2953 4143 3110 4204 atque
3146 4135 3224 4190 his
3255 4139 3585 4195 validissime
3616 4143 3731 4197 lon-

2148 4215 2467 4287 gissimeque
2497 4223 2864 4290 praestantior;
2898 4226 2989 4279 sed
3022 4235 3195 4282 tamen
3219 4229 3388 4284 bonus
3417 4232 3547 4286 bona
3578 4250 3728 4290 crea-

2150 4306 2243 4371 vit,
2271 4317 2325 4361 et
2354 4325 2476 4364 ecce
2507 4311 2774 4380 quenme
2792 4316 2955 4370 ambit
2976 4326 3133 4386 atque
3163 4319 3443 4389 impletea.
3475 4324 3572 4379 Ubi
3599 4339 3728 4396 ergo

2149 4399 2368 4466 malum,
2397 4411 2449 4455 et
2470 4403 2625 4467 unde,
2661 4412 2712 4458 et
2740 4420 2840 4475 qua
2871 4406 2974 4462 huc
2994 4408 3241 4480 irrepsit?
3266 4411 3392 4478 Qua:
3416 4414 3559 4468 radix
3587 4416 3722 4485 ejus,

2147 4498 2204 4547 et
2225 4492 2367 4562 quod
2412 4509 2595 4548 semen
2644 4497 2796 4565 ejus?
2823 4499 2902 4552 An
2945 4502 3160 4556 omnino
3189 4519 3292 4558 non
3319 4505 3435 4559 est?
3461 4507 3565 4559 Cur
3593 4522 3725 4578 ergo

2147 4584 2398 4641 timemus
2438 4595 2488 4640 et
2517 4602 2765 4643 cavemus
2809 4591 2949 4660 quod
2977 4609 3081 4646 non
3128 4595 3244 4648 est?
3275 4596 3380 4651 Aut
3419 4597 3464 4650 si
3493 4597 3725 4654 inaniter

2149 4674 2415 4742 timemus,
2448 4686 2591 4733 certe
2612 4680 2694 4733 vel
2722 4682 2879 4736 timor
2908 4683 3020 4753 ipse
3040 4685 3234 4739 malum
3266 4698 3366 4754 est,
3391 4705 3497 4759 quo
3545 4690 3724 4744 ineas-

2146 4783 2262 4822 sum
2302 4769 2602 4824 stimulatur
2631 4781 2680 4826 ct
2727 4775 3067 4830 excruciatur
3093 4791 3186 4831 cor
3215 4796 3228 4831 :
3260 4789 3314 4832 et
3345 4788 3490 4833 tanto
3516 4783 3724 4851 gravius

2145 4862 2362 4926 malum,
2380 4873 2576 4932 quanto
2594 4880 2697 4919 non
2717 4875 2798 4920 est
2813 4868 2952 4937 quod
2974 4870 3270 4937 timeamus,
3293 4881 3344 4926 et
3367 4874 3633 4928 timemus.
3649 4873 3725 4929 ld-

2144 4954 2286 5008 circo
2315 4964 2402 5009 aut
2417 4965 2499 5012 est
2518 4959 2713 5011 malum
2740 4960 2878 5030 quod
2911 4961 3175 5029 timemus,
3195 4973 3284 5017 aut
3311 4965 3411 5020 hoc
3431 4969 3624 5021 malum
3642 4979 3722 5024 est

2145 5042 2265 5112 quia
2293 5046 2558 5102 timemus.
2590 5047 2741 5105 Unde
2769 5059 2852 5105 est
2892 5051 3069 5121 igitur,
3119 5055 3367 5123 quoniam
3415 5057 3554 5113 Deus
3597 5057 3721 5114 fecit

2143 5135 2259 5191 bzec
2304 5138 2500 5204 omnia,
2532 5139 2701 5194 bonus
2729 5140 2901 5195 bona?
2924 5141 3089 5213 Majus
3119 5145 3330 5215 quidem
3355 5155 3408 5201 et
3452 5164 3717 5204 summum

2143 5227 2337 5283 bonum
2365 5230 2565 5284 minora
2585 5230 2710 5286 fecit
2729 5231 2884 5298 bona,
2909 5234 2999 5288 sed
3028 5243 3201 5291 tamen
3225 5245 3479 5293 ctcreans
3496 5248 3550 5294 et
3571 5255 3723 5295 crea-

2144 5328 2193 5374 ta
2222 5320 2360 5376 bona
2390 5325 2723 5378 suntomnia.
2757 5324 2909 5381 Unde
2929 5336 3012 5381 est
3041 5329 3274 5382 malum?
3305 5331 3383 5384 An
3415 5331 3554 5387 unde
3599 5332 3722 5388 fecit

2143 5425 2204 5464 ea
2230 5410 2280 5478 ³,
2319 5414 2571 5469 materies
2615 5415 2788 5485 aliqua
2820 5418 2956 5471 mala
3002 5429 3138 5485 erat,
3173 5428 3226 5475 et
3266 5420 3505 5476 formavit
3559 5435 3720 5493 atque

2205 5549 2221 5613 ξ
2243 5553 2291 5597 in
2308 5554 2355 5596 Β.
2364 5581 2378 5608 ,
2396 5547 2493 5599 ubi.
2515 5547 2736 5613 Plerique
2754 5551 2864 5600 Md.
2886 5552 3029 5603 unde.
3132 5562 3187 5605 Μ.

2203 5611 2223 5640 ¹
2242 5617 2450 5667 Quatuor
2468 5619 2572 5661 Mss.
2594 5611 2928 5664 creaturarum
2950 5623 3159 5666 tuarum.

2203 5672 2224 5703 ³
2242 5679 2309 5748 Ita
2325 5680 2430 5724 Mss.
2443 5687 2559 5748 cum
2579 5676 2687 5748 Bad.
2711 5684 2764 5748 et
2779 5684 2917 5748 Arnz;
2939 5685 3213 5748 _at__Am.nEr.
3233 5685 3363 5748 Lov..,
3376 5683 3555 5748 mutata
3571 5680 3726 5748 inter-

2137 5736 2396 5804 punctione
2409 5770 2424 5796 ,
2443 5736 2624 5788 habent
2642 5751 2654 5787 :
2677 5744 2765 5787 aut
2786 5736 2914 5789 unde
2927 5739 3038 5803 fecit
3053 5754 3111 5790 ea
3127 5738 3150 5790 ἱ)
3165 5736 3387 5791 materies
3409 5739 3572 5804 aliqua
3594 5739 3725 5792 mata

2136 5802 2255 5845 erat.
