4116 6366
372 382 475 440 ’157

368 495 634 555 ordinavit
661 508 800 557 eam,
828 492 920 547 sed
948 490 1161 560 reliquit
1186 487 1380 559 aliquid
1403 487 1453 542 in
1482 488 1591 551 illa,
1611 484 1751 556 quod
1779 484 1830 537 in
1856 484 1947 537 bo-

366 608 498 648 num
528 606 632 645 non
662 586 1029 644 converteret?
1058 584 1165 639 Cur
1190 592 1243 639 et
1269 582 1404 636 hoc?
1432 583 1510 636 An
1541 582 1803 649 impotens
1837 586 1952 632 erat

370 695 535 740 totam
562 691 771 739 vertere
796 690 847 736 et
876 688 1222 741 commutare,
1256 686 1313 730 ut
1330 676 1459 731 nihil
1479 675 1600 729 mali
1626 680 1948 740 remaneret,

370 795 494 834 cum
526 779 594 833 sit
620 777 795 830 omnia
827 773 1049 844 potens?
1069 774 1364 833 Postremo,
1387 784 1483 823 cur
1504 769 1623 822 inde
1651 766 1845 836 aliquid
1869 765 1949 819 fa-

366 886 493 926 cere
518 870 700 935 voluit,
729 883 790 922 ac
831 882 935 921 non
969 863 1140 935 potius
1169 862 1353 917 eadem
1398 859 1777 928 omnipotentia
1825 856 1949 912 fecit

366 972 427 1018 ut
446 962 587 1018 nulla
618 968 762 1016 esset
786 957 1038 1014 omnino?
1070 957 1173 1009 Aut
1198 969 1322 1009 vero
1340 954 1567 1008 existere
1595 960 1797 1021 poterat
1820 964 1946 1003 con-

368 1064 449 1110 Ira
471 1055 585 1124 ejus
618 1049 982 1106 voluntatem?
1006 1050 1108 1102 Aut
1131 1046 1175 1099 si
1206 1055 1403 1101 aeterna
1431 1054 1563 1108 erat,
1600 1059 1694 1098 cur
1723 1051 1827 1095 tam
1856 1040 1944 1094 diu

364 1162 465 1219 per
489 1146 690 1201 infinita
720 1153 862 1199 retro
888 1142 1053 1211 spatia
1078 1150 1396 1209 temporum,
1426 1139 1502 1193 sic
1521 1153 1638 1193 eam
1668 1136 1941 1199 sivitesse,

364 1257 428 1295 ac
452 1248 596 1295 tanto
615 1248 737 1310 post
762 1237 957 1307 placuit
990 1234 1187 1305 aliquid
1212 1250 1280 1289 ex
1313 1248 1372 1288 ea
1404 1230 1608 1286 facere?
1634 1232 1737 1284 Aut
1762 1230 1868 1297 jam
1900 1227 1944 1281 si

320 1388 323 1391 ,
363 1331 563 1402 aliquid
587 1329 762 1384 subito
786 1328 947 1383 voluit
977 1342 1154 1397 agere,
1179 1326 1280 1379 hoc
1302 1324 1474 1391 potius
1505 1331 1683 1393 ageret
1700 1320 1943 1389 omnipo-

364 1432 502 1488 tens,
530 1430 586 1476 ut
614 1422 700 1475 illa
729 1436 832 1475 non
879 1426 1040 1485 esset,
1074 1427 1231 1487 atque
1268 1416 1378 1487 ipse
1408 1416 1553 1470 solus
1582 1422 1723 1469 esset
1751 1423 1937 1478 totum,

361 1531 549 1570 verum
582 1523 639 1569 et
667 1527 930 1567 summum
961 1519 1013 1565 et
1044 1510 1306 1563 infinitum
1340 1509 1557 1562 bonum.
1600 1508 1705 1562 Aut
1745 1506 1787 1560 si
1835 1522 1940 1560 non

361 1615 476 1661 erat
500 1606 636 1659 bene
658 1614 713 1657 ut
743 1618 845 1657 non
867 1601 1062 1672 aliquid
1092 1602 1215 1656 boni
1239 1600 1398 1655 etiam
1427 1599 1774 1654 fabricaretur
1807 1600 1820 1629 ¹
1846 1640 1859 1663 ,
1890 1606 1942 1651 et

360 1697 619 1751 conderet
656 1696 745 1766 qui
792 1695 960 1749 bonus
1003 1704 1153 1759 erat;
1186 1694 1272 1747 illa
1317 1694 1517 1747 sublata
1550 1702 1601 1746 et
1626 1692 1691 1746 ad
1720 1692 1939 1746 nihilum

358 1792 571 1846 redacta
601 1789 820 1845 materia
857 1804 973 1859 qua:
1002 1789 1136 1842 mala
1162 1796 1297 1853 erat,
1332 1788 1523 1841 bonam
1564 1786 1675 1855 ipse
1700 1786 1941 1839 institue-

359 1892 443 1937 ret
469 1882 609 1937 unde
630 1881 805 1935 omnia
835 1890 1057 1934 crearet.
1101 1879 1214 1933 Non
1241 1879 1380 1932 enim
1410 1886 1549 1932 esset
1581 1876 1935 1945 omnipotens,

358 1976 402 2029 si
421 1974 653 2030 condere
681 1990 785 2028 non
815 1982 994 2043 posset
1012 1972 1209 2042 aliquid
1236 1972 1378 2037 boni,
1422 1971 1521 2024 nisi
1544 1986 1625 2033 ca,
1653 1986 1807 2039 quam
1827 1969 1939 2038 ipse

357 2084 464 2122 non
498 2067 825 2133 condiderat,
866 2066 1202 2150 adjuvaretur
1222 2064 1460 2117 materia.
1492 2062 1632 2117 Talia
1666 2062 1936 2115 volvebam

355 2168 582 2228 pectore
625 2159 840 2224 misero,
875 2155 1202 2226 ingravidato
1231 2155 1371 2209 curis
1415 2152 1833 2208 mordacissimis
1871 2153 1938 2207 dc

356 2253 554 2306 timore
580 2251 785 2314 mortis,
818 2260 869 2303 et
892 2266 996 2303 non
1029 2250 1239 2303 inventa
1287 2248 1507 2301 veritate
1532 2265 1544 2301 :
1573 2247 1832 2301 stabiliter
1857 2254 1936 2300 ta-

353 2361 479 2399 men
510 2344 744 2399 hznrebat
770 2344 822 2397 in
838 2342 998 2397 corde
1026 2357 1166 2406 meo,
1194 2342 1247 2395 in
1275 2340 1531 2395 catholica
1550 2340 1786 2395 Ecclesia
1805 2338 1936 2393 ﬁdes

352 2437 558 2492 Christi
582 2437 653 2491 tui
688 2435 894 2489 Domini
920 2444 973 2489 et
992 2433 1285 2490 Salvatoris
1302 2432 1466 2486 nostri
1491 2449 1504 2497 ;
1539 2431 1591 2485 in
1619 2430 1797 2485 mullis
1818 2430 1935 2500 qui-

354 2531 476 2585 dem
506 2531 679 2585 adhuc
700 2530 959 2596 informis,
989 2538 1041 2585 et
1063 2536 1256 2598 praeter
1276 2526 1529 2581 doctrinm
1557 2540 1797 2579 normam
1822 2523 1940 2576 flui-

354 2632 477 2677 tans
505 2625 525 2654 ²
553 2666 568 2690 ,
591 2624 685 2678 sed
714 2631 888 2677 tamen
920 2637 1036 2676 eam
1065 2635 1167 2675 non
1196 2618 1526 2690 relinquebat
1567 2619 1798 2685 animus,
1829 2616 1937 2672 imo

353 2718 405 2770 in
436 2716 552 2772 dies
582 2715 749 2785 magis
770 2714 1042 2785 magisque
1066 2712 1372 2769 imbibebat.

992 2824 1219 2881 CAPUT
1256 2822 1346 2878 Vl.

629 2918 1099 2974 Mathematicorum
1140 2916 1469 2969 divinationes
1494 2916 1674 2987 rejicit.

431 3015 481 3067 8.
514 3012 628 3066 .lam
659 3012 821 3066 etiam
865 3009 1357 3063 mathematicorum
1406 3007 1619 3063 fallaces
1656 3008 1936 3063 divinatio-

354 3123 472 3171 nes,
521 3116 573 3161 et
618 3105 775 3173 impia
828 3103 1171 3157 deliramenta
1219 3101 1528 3169 rejeceram.
1574 3100 1939 3156 Confiteantur

354 3200 516 3254 etiam
540 3198 662 3252 hinc
690 3196 780 3251 tibi
810 3195 875 3251 de
897 3195 1093 3249 intimis
1118 3194 1408 3249 visceribus
1436 3194 1626 3247 animae
1668 3208 1800 3247 mea:
1833 3193 1933 3247 mi-

355 3293 654 3347 serationes
703 3297 825 3354 tute,
870 3289 1008 3343 Deus
1050 3301 1219 3341 meus.
1264 3286 1343 3340 Tu
1377 3286 1540 3351 enim,
1581 3295 1635 3339 tu
1682 3285 1935 3339 omnino:

353 3401 477 3440 nam
510 3384 630 3454 quis
672 3382 807 3436 alius
833 3396 859 3433 a
886 3388 1060 3434 morte
1104 3379 1276 3434 omnis
1303 3378 1499 3432 erroris
1552 3386 1767 3432 revocat
1816 3392 1933 3443 nos,

354 3478 459 3531 nisi
488 3476 591 3530 vita
637 3490 753 3544 qua:
780 3472 912 3527 mori
945 3471 1134 3538 nescit,
1178 3478 1231 3524 et
1272 3469 1531 3539 sapientia
1563 3476 1769 3523 mentes
1799 3467 1935 3521 indi-

354 3579 543 3641 gentes
568 3566 897 3631 illuminans,
926 3564 1073 3618 nullo
1100 3563 1341 3632 indigens
1393 3561 1610 3626 lumine,
1646 3576 1747 3629 qua
1786 3575 1939 3614 mun-

356 3664 457 3719 dus
484 3664 889 3718 administratur
918 3678 1082 3731 usque
1118 3660 1181 3713 ad
1210 3660 1454 3713 arhorum
1501 3658 1724 3711 volatica
1752 3655 1914 3710 folia?

357 3764 414 3810 tu
467 3756 759 3824 procurasti
808 3753 1117 3823 pervicacia:
1160 3767 1313 3815 meae,
1350 3766 1452 3821 qua
1497 3750 1792 3815 obluctatus
1821 3762 1937 3801 sum

358 3846 674 3901 V’indiciano
696 3855 851 3900 acuto
869 3846 1002 3912 seni,
1023 3853 1077 3899 et
1100 3843 1347 3898 Nebridio
1372 3841 1691 3897 adolescenti
1720 3840 1938 3894 mirabi-

357 3938 425 3993 lis
450 3939 641 3993 animze
670 3957 682 3989 :
715 3938 788 3991 illi
818 3937 1161 3992 vehementer
1185 3936 1486 4001 affirmanti,
1510 3934 1631 3988 huic
1647 3950 1765 3988 cum
1787 3932 1940 3987 dubi-

359 4031 557 4086 tatione
583 4029 795 4100 quidem
819 4029 1014 4099 aliqua,
1043 4028 1133 4083 sed
1162 4036 1339 4083 tamen
1367 4026 1556 4081 crebro
1584 4026 1800 4086 dicenti,
1834 4041 1937 4079 non

358 4140 478 4181 esse
531 4125 690 4179 ullam
717 4123 737 4154 ³
766 4130 933 4177 artem
998 4122 1171 4176 futura
1228 4118 1578 4191 praevidendi;
1610 4119 1941 4187 conjecturas

358 4227 538 4272 autem
567 4216 843 4269 hominum
870 4214 1065 4269 habere
1088 4228 1230 4283 saepe
1252 4214 1357 4267 vim
1380 4213 1559 4277 sortis,
1589 4220 1642 4266 et
1666 4214 1831 4266 multa
1860 4210 1940 4265 di-

361 4309 536 4363 cendo
563 4309 666 4362 dici
695 4309 942 4378 pleraque
966 4315 1208 4373 ventura,
1240 4306 1594 4360 nescientibus
1639 4306 1717 4360 eis
1742 4306 1831 4375 qui
1858 4305 1939 4361 di-

320 4385 327 4399 ’
360 4409 567 4463 cerent,
604 4399 696 4453 sed
730 4401 780 4453 in
813 4415 873 4453 ea
898 4414 1005 4453 non
1037 4398 1259 4452 tacendo
1284 4398 1672 4452 incurrentibus
1703 4416 1715 4451 :
1752 4414 1941 4467 procu-

361 4492 487 4544 rasti
525 4507 657 4559 ergo
679 4500 732 4544 tu
766 4490 1032 4543 hominem
1063 4490 1309 4555 amicum,
1342 4506 1446 4545 non
1484 4491 1695 4560 quidem
1728 4506 1942 4561 segnem

326 4655 331 4663 ν
362 4584 725 4637 consultorem
758 4582 1269 4649 mathematicorum,
1319 4597 1419 4637 nec
1464 4598 1554 4637 eas
1581 4583 1778 4637 litteras
1808 4584 1944 4638 bene

364 4679 646 4732 callentem
672 4694 687 4743 ;
720 4677 832 4740 sed,
862 4686 918 4730 ut
939 4677 1441 4739 dixi,consu|torem
1468 4678 1755 4743 curiosum,
1788 4686 1841 4730 et
1863 4687 1945 4730 ta-

363 4788 492 4827 men
524 4772 779 4827 scientem
811 4770 1005 4840 aliquid
1036 4770 1174 4839 quod
1200 4786 1228 4822 a
1261 4779 1407 4839 patre
1424 4786 1518 4824 suo
1547 4786 1605 4825 se
1634 4771 1843 4827 audisse
1867 4770 1947 4824 di-

362 4866 542 4931 cebat,
595 4864 735 4933 quod
762 4862 1051 4933 ‘quantum
1082 4864 1281 4917 valeret
1324 4862 1391 4916 ad
1430 4864 1565 4917 illius
1590 4864 1717 4917 artis
1743 4864 1948 4933 opinio-

362 4971 488 5009 nem
542 4955 880 5009 evertendam
955 4955 1254 5025 ignorabat.
1313 4953 1362 5008 ls
1409 4970 1536 5025 ergo
1604 4956 1686 5009 vir
1732 4956 1946 5011 nomine

365 5046 660 5113 Firminus,
717 5046 1003 5099 liberaliter
1045 5046 1311 5099 institutus
1339 5055 1395 5101 et
1432 5048 1669 5101 excultus
1715 5048 1945 5117 eloquio,

363 5152 487 5191 cum
522 5152 612 5191 me
658 5145 905 5205 tanquam
958 5135 1354 5198 charissimum,
1385 5136 1451 5191 de
1481 5137 1793 5205 quihusdam
1841 5138 1949 5191 suis

366 5229 553 5294 rebus,
582 5228 634 5283 in
662 5243 793 5297 quas
822 5227 1090 5281 swcularis
1121 5242 1244 5295 spes
1272 5229 1389 5297 ejus
1431 5228 1768 5294 intumuerat,
1824 5244 1951 5281 con.

372 5322 572 5376 suleret
593 5322 719 5390 quid
744 5320 872 5375 mihi
892 5320 1179 5375 secundum
1209 5336 1351 5387 suas,
1378 5338 1507 5390 quas
1523 5323 1949 5378 constellationes

372 5413 663 5483 appellant,
691 5414 992 5480 videretur;
1024 5430 1121 5483 ego
1149 5422 1344 5477 autem,
1372 5416 1458 5483 qui
1476 5415 1583 5484 jam
1606 5416 1671 5469 de
1697 5414 1796 5470 hac
1819 5433 1876 5471 re
1896 5417 1949 5471 in

372 5504 616 5562 Nebridii
649 5507 969 5561 sententiam
1004 5506 1141 5561 ﬂecti
1177 5522 1461 5576 ceperam,
1492 5523 1593 5562 non
1620 5508 1829 5579 quidem
1854 5509 1949 5563 ab-

440 5645 455 5676 ¹
478 5643 781 5702 Fabricaret,
798 5646 934 5708 juxta
950 5651 1024 5708 Er.
1044 5644 1189 5707 Lugd.
1211 5652 1326 5694 Ven.
1347 5652 1518 5695 80mm.
1540 5652 1593 5695 et
1608 5645 1750 5696 Rond.
1802 5655 1859 5698 Μ.

439 5707 586 5771 ξΒθᾱ.
609 5716 707 5755 Am.
726 5705 948 5771 Erflmg,
966 5705 1215 5771 ﬂuctuans.

442 5768 461 5839 ξ
481 5776 529 5839 tn
549 5743 879 5819 Mssnoness;

444 5834 463 5864 δ
482 5832 554 5881 δίε
572 5843 638 5880 ex
653 5838 758 5882 Mss.
785 5832 919 5894 Angl.
942 5830 1159 5893 [Dicebat
1179 5838 1406 5896 quorum):
1424 5832 1635 5896 valeret].

1694 366 1894 423 LIBER
1931 361 2285 419 SEPTIMUS.

3530 358 3632 414 738

2055 491 2273 531 nuerem
2295 476 2558 545 conjicere
2583 487 2646 529 ac
2673 471 2850 528 dict-re
2873 470 3015 542 quod
3044 471 3247 525 nutanti
3283 471 3625 538 occurrebat;

2052 567 2144 623 sed
2170 578 2344 622 tamen
2370 566 2703 634 subjicerem,
2724 577 2887 634 prope
2905 561 3014 633 jam
3036 576 3155 617 esse
3175 562 3303 616 mihi
3320 577 3626 631 persuasum

2059 660 2279 714 ridicula
2309 674 2427 714 esse
2454 659 2538 712 illa
2570 666 2624 711 et
2672 655 2847 711 inania
2881 671 2893 707 :
2930 664 3038 707 tum
3084 654 3169 708 ille
3223 652 3349 707 mihi
3396 655 3627 708 narravit

2058 762 2261 822 patrem
2282 768 2434 808 suum
2482 750 2643 804 fuisse
2674 749 2928 803 librorum
2973 746 3159 801 talium
3188 746 3623 813 curiosissimum,

2055 855 2108 899 et
2155 846 2401 901 habuisse
2445 844 2672 898 amicum
2704 856 2852 911 aeque
2882 840 2968 893 illa
3009 839 3273 908 simulque
3302 847 3622 900 sectantem;

2049 937 2137 1005 qui
2164 936 2278 1007 pari
2323 936 2498 990 studio
2525 944 2578 989 et
2618 933 2899 989 collatione
2944 930 3194 986 natabant
3243 930 3294 983 in
3323 944 3414 985 eas
3460 944 3625 999 nugas

2048 1022 2225 1094 ignem
2280 1025 2461 1080 cordis
2488 1025 2570 1081 sui
2601 1025 2616 1056 ¹
2636 1065 2651 1090 ,
2684 1024 2752 1079 ita
2802 1031 2862 1077 ut
2889 1031 3154 1079 mutorum
3182 1037 3391 1091 quoque
3419 1022 3623 1075 anima-

2048 1116 2198 1183 lium,
2249 1119 2294 1173 si
2345 1134 2461 1187 quae
2489 1118 2633 1171 domi
2664 1124 2930 1187 parerent,
2972 1114 3319 1168 observarent
3356 1121 3625 1168 momenta

2046 1210 2397 1276 nascentium,
2446 1218 2603 1279 atque
2642 1208 2707 1262 ad
2752 1223 2813 1263 ea
2841 1207 3157 1277 positionem
3201 1206 3323 1261 coeli
3354 1214 3616 1273 notarent,

2047 1299 2187 1354 unde
2210 1300 2349 1353 illius
2370 1300 2518 1368 quasi
2547 1299 2678 1354 artis
2702 1298 3064 1368 experimenta
3088 1298 3413 1367 colligerent.
3442 1296 3621 1367 Itaque

2046 1389 2253 1444 dicebat
2278 1390 2488 1443 audisse
2528 1404 2585 1444 se
2628 1398 2827 1459 apatre
2851 1404 2967 1454 suo,
3015 1388 3155 1459 quod
3208 1403 3327 1442 cum
3379 1388 3621 1443 eumdem

2045 1480 2340 1535 Firminum
2363 1482 2381 1511 ¹
2416 1496 2693 1551 praegnans
2722 1491 2890 1536 mater
2918 1490 3078 1547 esset,
3104 1480 3263 1535 etiam
3293 1480 3430 1535 illius
3448 1490 3621 1550 pater-
3696 1506 3701 1511 ν

2048 1574 2101 1626 ni
2131 1573 2283 1627 amici
2316 1572 2509 1626 famula
2538 1572 2779 1643 quaedam
2809 1572 3005 1642 pariter
3030 1581 3176 1627 utero
3202 1571 3618 1641 grandescebat;

2045 1664 2187 1732 quod
2216 1665 2381 1719 latere
2420 1680 2527 1718 non
2567 1664 2738 1733 potuit
2767 1662 3061 1729 dominum,
3091 1662 3179 1733 qui
3223 1663 3381 1716 etiam
3429 1676 3617 1716 canum

2047 1770 2264 1811 suarum
2295 1766 2474 1825 partus
2518 1755 2969 1811 examinatissima
2997 1753 3261 1824 diligentia
3290 1768 3447 1808 nosse
3467 1769 3620 1808 cura-

2042 1849 2133 1904 bat
2166 1860 2359 1919 :atque
2385 1849 2455 1903 ita
2483 1847 2681 1903 factum
2709 1862 2827 1902 esse
2877 1856 2931 1901 ut
2954 1861 3074 1902 cum
3107 1846 3206 1901 iste
3253 1845 3509 1915 conjugis,
3532 1844 3621 1900 ille

2042 1950 2217 1996 autem
2247 1940 2453 1995 ancilla:
2482 1940 2595 1995 dies
2617 1949 2672 1995 et
2693 1940 2871 2004 horas,
2913 1939 3331 2008 minutioresque
3370 1938 3616 1991 horarum

2040 2036 2295 2092 articulos
2318 2036 2622 2089 cautissima
2648 2034 3019 2089 observatione
3064 2039 3422 2095 numerarent,
3451 2030 3620 2085 enixa:

2041 2137 2222 2183 essent
2247 2128 2419 2182 amba:
2444 2128 2634 2192 simul;
2661 2127 2732 2180 ita
2754 2135 2810 2180 ut
2829 2126 3043 2181 easdem
3065 2124 3495 2180 constellationes
3534 2138 3621 2177 uso

2041 2235 2144 2290 que
2167 2221 2232 2274 ad
2258 2220 2470 2274 easdem
2501 2220 2749 2273 minutias
2770 2220 2980 2289 utrique
3005 2219 3239 2273 nascenti
3270 2217 3443 2273 facere
3465 2232 3619 2288 coge-

2040 2322 2245 2377 rentur,
2272 2312 2369 2367 iste
2400 2311 2530 2378 filio,
2562 2311 2650 2365 ille
2670 2311 2900 2365 servulo.
2918 2309 3053 2365 Nam
3080 2324 3200 2364 cum
3230 2309 3481 2363 mulieres
3504 2324 3622 2378 par-

2041 2407 2205 2460 turire
2236 2406 2546 2474 cmpissent,
2578 2404 2942 2459 indicaverunt
2970 2403 3068 2456 sibi
3098 2401 3256 2455 ambo
3292 2400 3416 2471 quid
3446 2402 3496 2455 in
3524 2415 3618 2454 sua

2042 2498 2302 2569 cujusque
2355 2499 2514 2553 domo
2552 2507 2817 2568 ageretur,
2850 2506 2905 2551 et
2944 2504 3265 2566 paraverunt
3308 2508 3440 2564 quos
3468 2494 3533 2547 ad
3562 2508 3620 2547 se

2041 2591 2266 2645 invicem
2296 2592 2586 2657 mitterent,
2636 2590 2794 2644 simul
2819 2598 2874 2641 ut
2907 2597 3087 2642 natum
3123 2585 3263 2656 quod
3290 2584 3613 2655 parturieba-

2041 2690 2127 2737 tur
2150 2692 2291 2737 esset
2321 2682 2511 2751 cuique
2536 2680 2835 2733 nuntiatum
2862 2696 2876 2744 ;
2905 2677 3046 2747 quod
3076 2685 3251 2731 tamen
3281 2684 3339 2729 ut
3365 2676 3616 2729 continuo

2040 2774 2393 2839 nuntiaretur,
2424 2782 2670 2841 tanquam
2698 2769 2751 2824 in
2802 2784 2966 2839 regno
3003 2783 3100 2822 suo
3134 2766 3289 2821 facile
3315 2766 3616 2820 effecerant.

2041 2866 2214 2935 Atque
2234 2865 2325 2930 ita,
2349 2864 2437 2933 qui
2462 2863 2529 2918 ab
2559 2863 2819 2916 alterutro
2844 2860 2992 2914 missi
3015 2867 3159 2925 sunt,
3183 2868 3286 2912 tam
3318 2872 3383 2912 ex
3406 2857 3619 2926 paribus

2041 2956 2322 3011 domorum
2354 2956 2646 3009 intervallis
2682 2955 2781 3008 sibi
2804 2954 3011 3008 obviam
3042 2950 3209 3007 factos
3250 2966 3369 3006 esse
3394 2951 3620 3016 dicebat,

2042 3057 2099 3102 ut
2118 3049 2275 3101 aliam
2302 3048 2616 3117 positionem
2648 3046 2903 3110 siderum,
2935 3045 3169 3114 aliasque
3192 3043 3476 3114 particulas
3505 3058 3617 3097 mo-

2043 3148 2369 3205 mentorum,
2404 3147 2589 3193 neuter
2615 3152 2800 3191 COI‘UID
2826 3146 3010 3190 notare
3039 3136 3339 3190 sineretur:
3366 3144 3420 3189 et
3449 3144 3621 3189 tamen

2042 3230 2311 3285 Firminus
2339 3230 2519 3299 amplo
2568 3229 2707 3299 apud
2753 3242 2877 3282 suos
2924 3228 3042 3282 loco
3072 3235 3246 3293 natus,
3275 3226 3623 3281 dealbatiores

2041 3325 2154 3379 vias
2181 3324 2359 3379 saeculi
2396 3308 2701 3387 cursitabat,
2734 3319 3023 3390 augebatur
3052 3319 3264 3381 divitiis,
3302 3318 3622 3373 sublimaba-

2043 3422 2129 3468 tur
2175 3413 2503 3476 honoribus;
2536 3427 2721 3466 servus
2773 3419 2950 3464 autem
3001 3410 3109 3475 ille,
3158 3408 3473 3463 conditionis
3498 3408 3624 3477 jugo

2043 3506 2345 3559 nullatenus
2374 3505 2632 3570 relaxato,
2663 3502 2888 3556 dominis
2907 3500 3188 3566 serviebat,
3219 3501 3335 3570 ipso
3360 3499 3624 3554 indicante

2043 3598 2131 3667 qui
2161 3608 2379 3651 noverat
2402 3611 2543 3649 eum.

2115 3686 2169 3742 9.
2202 3688 2294 3742 llis
2325 3689 2497 3756 itaque
2522 3685 2713 3739 auditis
2734 3695 2785 3739 et
2801 3684 3039 3748 creditis,
3070 3683 3189 3737 talis
3213 3683 3407 3753 quippe
3436 3698 3621 3738 narra—

2045 3788 2216 3845 verat,
2267 3779 2439 3833 omnis
2483 3779 2569 3832 illa
2610 3778 2886 3831 reiuclatio
2932 3792 3055 3831 mea
3082 3776 3313 3829 resoluta
3350 3774 3621 3830 concidit:

2045 3881 2097 3926 et
2116 3871 2286 3941 primo
2312 3869 2604 3924 Firminum
2629 3868 2800 3936 ipsum
2821 3875 3039 3921 conatus
3068 3881 3182 3921 sum
3205 3867 3271 3921 ab
3298 3866 3385 3921 illa
3405 3866 3625 3921 curiosi-

2048 3973 2154 4017 tate
2185 3977 2460 4026 revocare,
2514 3977 2630 4015 Clllll
2660 3961 2917 4027 dicerem,
2975 3960 3462 4016 constellationibus
3511 3960 3626 4030 ejus

2047 4053 2317 4123 inspectis,
2353 4062 2408 4107 ut
2436 4060 2558 4106 vera
2584 4052 2976 4121 pronuntiarem
2996 4051 3036 4116 ³,
3069 4051 3313 4106 debuisse
3346 4066 3429 4106 me
3447 4052 3625 4121 utique

2048 4147 2227 4201 videre
2261 4147 2330 4201 ibi
2381 4157 2631 4215 parentes
2664 4147 2802 4200 inter
2830 4161 2955 4200 suos
2983 4160 3101 4201 esse
3145 4146 3443 4215 primarios,
3475 4145 3628 4201 nobi-

2049 4238 2151 4293 lem
2185 4238 2435 4291 familiam
2463 4238 2689 4307 prOpria:
2717 4238 2963 4301 civitatis,
2994 4238 3195 4292 natales
3227 4238 3502 4307 ingenuos,
3533 4238 3625 4293 ho-

2048 4341 2257 4387 nestam
2311 4330 2701 4394 edurationcm,
2752 4330 3102 4399 liberalesque
3145 4330 3431 4385 docuinas.
3487 4332 3554 4384 At
3584 4331 3625 4384 si

2048 4440 2135 4479 me
2188 4424 2274 4477 ille
2296 4438 2476 4477 servus
2523 4438 2589 4476 ex
2628 4421 2827 4475 eisdem
2858 4421 3366 4488 constellationibus,
3405 4422 3526 4491 quia
3576 4434 3629 4477 et

2050 4516 2189 4569 illius
2218 4514 2344 4582 ipsa:
2370 4512 2951 4575 essent,consuluisset,
2986 4521 3042 4566 ut
3071 4511 3244 4565 cidem
3270 4528 3480 4582 quoque
3506 4527 3629 4566 vera

2058 4606 2377 4677 proferrem,
2402 4605 2646 4659 debuisse
2679 4621 2763 4658 me
2793 4620 3001 4658 rursum
3030 4604 3100 4657 ibi
3130 4605 3311 4659 videre
3336 4605 3628 4674 abjectissi-

2052 4715 2191 4753 mam
2225 4698 2496 4762 familiam,
2525 4697 2881 4751 conditionem
2913 4698 3178 4761 servilem,
3209 4707 3261 4751 et
3289 4706 3478 4751 caetera
3509 4697 3625 4751 lon-

2050 4806 2115 4859 ge
2145 4806 2172 4841 a
2200 4789 2462 4859 prioribus
2478 4788 2670 4854 aliena,
2707 4788 2964 4857 longeque
2989 4787 3257 4841 distantia.
3280 4787 3430 4843 Unde
3454 4794 3630 4839 autem

2052 4880 2201 4936 fieret
2240 4890 2297 4935 ut
2335 4880 2518 4935 eadem
2565 4880 2851 4949 inSpiciens
2879 4880 3085 4934 diversa
3130 4879 3383 4941 dicerem,
3434 4879 3476 4932 si
3506 4894 3630 4931 vera

2053 4974 2319 5038 dicerem;
2352 4973 2395 5026 si
2440 4984 2614 5027 autem
2670 4971 2855 5026 eadem
2897 4972 3152 5038 dicerem,
3188 4970 3318 5025 falsa
3349 4970 3579 5023 dicerem
3614 4986 3626 5022 :

2054 5066 2178 5121 inde
2218 5066 2513 5120 certissime
2562 5064 2735 5133 colligi
2754 5062 2795 5128 ⁸,
2824 5079 2885 5118 ea
2934 5079 3051 5133 quae
3099 5079 3242 5125 vera,
3285 5060 3633 5116 consideratis

2122 5160 2137 5189 ι
2164 5165 2211 5206 lu
2238 5158 2381 5219 editis
2398 5156 2643 5219 plerisque
2664 5170 2676 5204 :
2699 5162 2751 5204 Et
2769 5154 3013 5219 collatione
3029 5152 3293 5219 ﬂagrabant
3317 5152 3368 5203 in
3389 5166 3470 5203 eas
3485 5166 3636 5218 nugas

2057 5219 2170 5284 igne,
2183 5218 2343 5269 cordis
2376 5214 2468 5284 sui.
2505 5214 2760 5284 (astigavit
2783 5226 2889 5284 Arn.
2909 5214 3303 5284 ﬂqbom’ignem;
3337 5229 3425 5265 nos
3444 5214 3633 5284 cvitas.

2055 5276 2384 5343 r'estituimus,
2418 5276 2798 5343 ﬂlttabani:quo
2816 5279 2863 5325 in
2881 5276 3056 5336 verbo,
3090 5276 3199 5339 quia
3218 5279 3373 5343 minus
3407 5276 3639 5327 latniliare

2059 5350 2166 5392 erat
2178 5378 2192 5401 ,
2214 5342 2330 5404 lapsi
2350 5340 2463 5391 sunt
2480 5342 2657 5389 librarii
2679 5349 2729 5389 et
2746 5340 2903 5404 locum
2913 5346 3254 5404 corruperunt.
3276 5340 3320 5388 Id
3341 5354 3480 5404 porro
3498 5352 3638 5404 usurf

2056 5412 2138 5467 pat
2154 5400 2387 5467 Arnobius
2399 5439 2413 5463 ,
2432 5404 2665 5467 adversus
2680 5409 2857 5451 Gentes
2875 5401 2998 5467 libro
3014 5400 3043 5449 2
3056 5400 3075 5461 ,“
3105 5402 3230 5467 circa
3247 5400 3457 5467 medium
3477 5417 3488 5450 :
3516 5400 3638 5467 Quid

2056 5461 2303 5561 mqlgs,
2335 5461 2610 5526 hiatriancs,
2645 5470 2886 5525 cantores,
2920 5462 3058 5525 tuba,
3096 5461 3236 5524 tibia,
3267 5462 3641 5528 calaanueﬂa-

2059 5658 2089 5700 Β
2122 5593 2233 5701 ’ἐκ
2270 5588 2437 5699 l(aedem
2478 5587 2719 5649 Firmino,
2764 5590 2903 5651 juxta
2939 5595 3012 5637 Er.
3048 5588 3194 5651 Lugd.
3228 5597 3345 5637 ven.
3382 5595 3553 5637 50mm.
3590 5594 3641 5639 et

2090 5666 2153 5701 on
2191 5689 2201 5701 .
2271 5690 2278 5700 .
2313 5690 2327 5701 .

2090 5661 2201 5705 οπλα.
2270 5661 2327 5707 Μ,

2123 5713 2144 5775 ἓ
2180 5712 2577 5775 Prtemmtiarem,
2591 5714 2730 5775 juxta
2750 5720 2877 5763 Mart.
2904 5722 3013 5763 Arn.

2097 5774 2145 5845 f
2178 5778 2251 5825 sic
2270 5774 2543 5845 legendum
2567 5771 2835 5845 juxta_Mss.
2856 5776 2993 5841 Augl.
3020 5772 3313 5839 [οὖσαναηῖ
3338 5772 3453 5826 Inde
3482 5771 3645 5825 certis-

2065 5836 2183 5887 sime
2206 5836 2376 5903 collegi
2395 5852 2455 5890 ea
2469 5836 2585 5902 qua?
2600 5841 2759 5901 vero].
